3864 6366
309 445 462 514 1218

1335 441 1726 510 APPEND‘IX
1768 443 1872 506 AD
1911 439 2177 508 OPERA
2217 437 2654 510 HUMBE‘RTI.

303 587 518 640 terram
550 598 685 638 cum
714 579 1222 654 exprobationibus
1255 577 1456 634 multis
1478 578 1845 650 projecerint,
1879 581 1934 633 et
1961 578 2018 646 Α
2043 577 2440 636 indiscussum
2471 576 2804 652 relinquitis
2831 575 2988 652 quod
3019 571 3338 652 ignoratis
3363 571 3399 631 ‘P
3451 573 3592 638 Cur
3645 591 3764 634 rem

306 690 481 745 super
511 672 856 742 sanguinem
880 669 1293 740 redemptionis
1325 671 1534 722 nostrae
1567 667 1814 738 pedibus
1837 666 1941 722 im-

306 761 543 816 mundis
565 759 926 814 calcaverint.
946 759 1100 823 Quod
1123 757 1476 811 horrendum
1493 757 1717 810 facinus
1742 756 1936 826 ipsum

304 850 598 906 diabolum
633 848 830 903 debuit
850 845 1349 901 deterrerc.Minus
1371 845 1524 899 enim
1560 848 1939 914 peccaverunt

301 939 486 994 J-ndaai
530 936 959 1006 manusimpias
973 934 1028 988 in
1043 936 1243 989 Jesum
1259 934 1556 988 mittentes
1577 933 1937 988 etdzemones

302 1024 969 1097 impellentes,etmilites
999 1021 1935 1093 cruciﬁgentes.Perignorantiam

302 1115 454 1170 enim
507 1115 803 1168 fecerunt:
853 1113 898 1166 si
961 1112 1114 1166 enim
1165 1110 1586 1180 cognovissent,
1633 1125 1932 1178 nunquam

300 1203 610 1257 Dominum
642 1201 834 1272 gloriae
869 1199 1290 1254 cruciﬁxissent
1319 1201 1366 1266 (l
1415 1200 1537 1253 Cor.
1589 1214 1650 1260 Il,
1697 1199 1791 1262 8):
1835 1213 1935 1250 vos

299 1294 492 1346 autem
523 1295 578 1344 et
594 1290 819 1344 vidistis
842 1294 896 1343 et
913 1288 1548 1350 0distis,ct,secundum
1570 1285 1932 1357 prophetam,

297 1381 426 1434 odio
457 1379 768 1433 Dominum
803 1377 982 1447 gratis
1013 1375 1438 1430 habuistis.Sed
1477 1378 1622 1438 esto,
1657 1373 1782 1427 luat
1812 1389 1934 1427 ror-

297 1484 407 1537 pus
439 1467 687 1532 Domini,
723 1467 899 1536 quod,
937 1481 1066 1518 cum
1102 1465 1268 1532 punis
1299 1467 1469 1526 esset,
1523 1479 1759 1534 azymus
1789 1463 1931 1527 fuit;

298 1555 537 1626 sanguis
567 1556 695 1622 ejus
728 1554 866 1622 quid
903 1552 1115 1607 meruit
1147 1557 1208 1604 ut
1237 1553 1626 1606 effunderetur
1658 1554 1712 1604 et
1743 1549 1932 1604 calca-

299 1647 478 1708 retur,
512 1643 604 1696 cui
638 1642 894 1696 nondum
927 1640 1239 1694 auctoritas
1265 1645 1454 1694 vestra
1501 1638 1932 1692 condemnatio-

298 1731 390 1785 nis
423 1730 769 1786 sententiam
800 1730 1003 1784 dedit?

370 1820 478 1874 Sed
515 1818 751 1873 forsitan
782 1835 895 1871 non
926 1816 1444 1872 consensistis.Cur
1475 1816 1652 1886 igitur
1681 1813 1931 1870 Michae-

2047 683 2222 739 quam
2251 667 2490 724 nescitis
2519 672 2738 726 temore
2767 666 3140 728 conﬁrmatis
3159 665 3192 722 ν

2114 757 2402 812 Advortite
2432 757 2642 813 saltem
2674 757 2829 829 quod
2861 759 3248 812 accusatores
3279 770 3400 812 vos
3413 757 3485 810 et
3523 755 3766 827 judices

2044 860 2170 899 esse
2199 844 2258 899 in
2289 846 2492 901 eadem
2523 861 2701 901 causa
2729 861 2846 902 non
2875 844 3140 912 liceat,et
3157 843 3342 917 quod
3361 845 3534 899 ante
3553 845 3764 916 proba-

2043 932 2256 987 tionem
2285 933 2574 1003 judicium
2604 933 2730 1004 lege
2759 949 2876 988 non
2909 933 3033 998 ﬁat,
3077 936 3140 988 et
3189 931 3258 988 in
3325 947 3541 988 causa
3565 937 3764 989 vestra

2045 1020 2187 1075 alios
2239 1021 2498 1092 judicare
2547 1022 2893 1093 permittite,
2939 1025 3006 1077 et
3056 1019 3310 1078 Domini
3347 1037 3600 1094 corpus
3631 1027 3760 1080 ante

2036 1109 2324 1178 judicium
2359 1111 2748 1165 condemnare
2779 1109 2980 1165 nolite.

2115 1197 2262 1276 Quod
2291 1197 2567 1253 Christum
2594 1200 2656 1252 in
2672 1201 3004 1269 lamentata
3044 1197 3264 1270 pascha
3299 1197 3652 1255 celebrasse
3671 1217 3756 1254 as-

2043 1293 2242 1341 seram.
2273 1287 2590 1359 Arguimus
2617 1288 2772 1358 quod
2795 1285 3113 1343 Dominum
3163 1290 3313 1342 ante
3339 1290 3752 1360 quartamde-

2042 1373 2252 1428 oimam
2286 1373 2487 1429 lunam
2518 1375 2736 1446 pascha
2763 1379 2968 1431 contra
2995 1375 3188 1447 legem
3231 1375 3500 1442 fecisse,
3561 1377 3658 1433 vel
3691 1379 3744 1434 in

2043 1463 2476 1532 quartadecima
2508 1463 2857 1518 fermentum
2887 1463 3259 1520 oomedendo
3293 1464 3583 1522 violasse
3611 1477 3752 1522 e’on-

2042 1549 2304 1614 tenditis,
2363 1555 2422 1606 et
2468 1551 2552 1606 sic
2598 1555 3094 1624 transgressorem
3141 1551 3322 1624 legis,
3375 1557 3446 1610 et
3489 1554 3750 1611 solvisse

2041 1636 2226 1708 legem
2259 1642 2574 1710 antequam
2605 1639 2970 1710 impleretur,
3003 1639 3278 1696 astruitis
3303 1643 3516 1712 ;quod
3553 1643 3750 1700 Evan-

2041 1726 2255 1796 gelium
2288 1725 2477 1798 prima
2497 1728 2594 1782 die
2623 1743 2983 1801 azymorum,
3015 1729 3176 1800 quod
3205 1729 3454 1786 dieitur
3487 1732 3748 1804 pascha,

2040 1815 2221 1870 tuisse
2249 1819 2752 1884 commemorat,et
2771 1815 3040 1872 Christus
3071 1833 3192 1872 non
3225 1818 3304 1872 ad
3341 1815 3748 1890 solvendam,

291 1908 407 1972 lem
447 1907 832 1978 patriarcham
883 1906 1030 1960 inter
1077 1922 1239 1960 sacra
1285 1905 1598 1959 missarum
1649 1902 1933 1957 solemnia
1964 1955 2005 1978 η
2041 1904 2140 1958 sed
2173 1904 2245 1958 ad
2277 1903 2839 1976 implendamlegem
2857 1919 2920 1960 se
2937 1905 3746 1973 venisseconﬁrmat.Quod

297 1994 761 2051 commemoratis
781 1995 808 2049 ?
825 1995 936 2048 Cur
953 1995 1195 2048 Leonem
1215 1993 1568 2048 Acridanum
1591 1991 1926 2063 episcopum

295 2089 350 2140 et
379 2085 634 2139 Nicetam
665 2085 934 2138 abbatem
968 2084 1037 2137 de
1067 2083 1268 2137 Studio
1297 2083 1367 2136 de
1411 2080 1698 2152 diptychis
1747 2079 1926 2134 sacris

294 2191 408 2229 non
440 2173 642 2228 deletis
661 2171 1086 2227 ?Curadhucin
1103 2171 1384 2226 sacriﬁcio
1407 2174 1604 2224 nostro
1627 2167 1925 2224 Dominieo

293 2261 560 2334 sanguini
591 2278 706 2316 non
737 2260 1186 2315 communicatis
1207 2260 1233 2312 ‘?
1262 2261 1372 2314 Sed
1405 2275 1472 2313 ex
1503 2261 1768 2312 contactu
1801 2273 1924 2311 cor-

291 2350 449 2422 poris
469 2349 708 2420 sanguis
741 2350 982 2404 fortasse
1013 2347 1529 2418 polluitur;legitur
1553 2345 1730 2400 enim:
1763 2345 1922 2408 Quod

290 2438 664 2492 immundum
695 2435 1348 2507 tetigerit,immundum
1371 2435 1619 2489 efﬁcitur
1649 2436 1921 2502 (Levit.x1,

288 2527 400 2596 26).
433 2525 540 2580 Sed
575 2541 678 2578 nos
708 2541 970 2579 seorsum
991 2541 1198 2595 corpus
1213 2527 1267 2578 et
1298 2539 1559 2578 seorsum
1579 2521 1922 2593 sanguinem

291 2612 714 2678 sumimus,nec
733 2612 1039 2667 intinctum
1064 2627 1270 2682 panem
1285 2613 1484 2666 datum
1513 2610 1784 2680 cuiquam
1811 2608 1924 2664 nisi

288 2702 450 2757 Judm
501 2701 762 2756 traditori
812 2701 1237 2773 cognoscimus.
1290 2702 1368 2755 De
1418 2717 1654 2771 corpore
1692 2715 1922 2770 quoque

287 2790 498 2846 Christi
529 2794 752 2862 quanta
781 2791 1128 2844 sententiam
1179 2794 1429 2844 vestram
1471 2789 1800 2844 absurditas
1831 2803 1920 2842 se-

287 2883 518 2950 quatur,
565 2879 774 2933 videte.
833 2878 890 2933 Si
939 2878 1094 2934 enim
1142 2895 1351 2949 corpus
1407 2877 1638 2932 Domini
1687 2875 1920 2931 creditis

287 2967 439 3039 quod
471 2984 539 3021 ex
569 2983 766 3038 azymo
797 2983 944 3037 pane
975 2967 1407 3032 conficitur,cur
1437 2983 1550 3020 non
1602 2964 1920 3036 recipitur?

285 3073 389 3111 cur
417 3072 532 3110 non
565 3059 630 3108 ut
659 3055 1021 3109 Dominicum
1045 3056 1320 3111 adoratur
1339 3057 1366 3110 ?
1389 3073 1491 3111 cur
1511 3071 1582 3111 ne
1609 3056 1710 3110 fiat
1741 3055 1917 3109 inter-

286 3142 499 3198 dicitur
516 3142 543 3196 ?
575 3159 679 3197 cur
707 3143 938 3214 injuriis
965 3143 1239 3200 lacesitur
1257 3145 1283 3198 ?
1305 3161 1407 3198 cur
1431 3144 1843 3216 imperfectum
1863 3146 1920 3196 et

286 3229 674 3285 inanimatam
704 3235 944 3287 vocatur
963 3233 990 3286 ‘l
1012 3249 1256 3290 curcum
1280 3232 1768 3288 saeriﬁcatoribus
1793 3230 1916 3286 suis

287 3321 357 3374 ab
388 3318 641 3374 ecclesiis
670 3319 1055 3391 pellitur'lcur
1084 3321 1499 3376 etfermentum
1533 3319 1917 3393 praponitur‘?
1945 3319 1988 3385 C

286 3425 388 3464 cur
415 3408 665 3463 cultores
695 3410 823 3478 ejus
856 3427 889 3463 a
919 3410 1324 3465 communione
1363 3409 1770 3482 suspenditis?
1816 3425 1920 3464 cur

285 3497 562 3569 azymitas
617 3499 878 3552 vocatis?
933 3499 1208 3571 Nunquid
1257 3499 1460 3553 habuit
1517 3500 1632 3554 duo
1678 3513 1920 3570 corpora

283 3585 600 3640 Christus?
645 3601 828 3640 unum
875 3588 1214 3658 perfectum,
1269 3585 1424 3641 aliud
1469 3587 1918 3658 imperfectum;

287 3690 470 3728 unum
494 3673 1002 3740 animatum,aliud
1019 3674 1401 3730 inanimatum
1419 3691 1622 3742 ;unum
1649 3691 1916 3746 azymum

284 3761 440 3816 aliud
472 3762 1092 3829 fermentatum;unum
1116 3763 1537 3836 significans,et
1557 3762 1713 3818 aliud
1738 3761 1916 3835 signi-

283 3853 516 3904 ficatum
537 3851 705 3916 iQuis
729 3852 848 3906 haec
878 3853 947 3907 de
979 3869 1216 3923 corpore
1246 3851 1457 3906 Christi
1500 3852 1751 3922 cogitare
1773 3869 1914 3923 prae-

283 3939 481 4006 sumit,
515 3939 626 3993 nisi
658 3939 756 4011 qui
788 3940 1084 3996 Christum
1109 3957 1212 3996 nec
1243 3945 1531 3996 reVeretur
1561 3957 1666 3996 nec
1697 3940 1918 3996 credit?

283 4027 398 4082 nisi
429 4027 529 4098 qui
561 4027 866 4083 manifeste
897 4029 1308 4099 hlasphemat?
1345 4028 1456 4084 nisi
1490 4030 1588 4100 qui
1619 4029 1916 4084 Christum

281 4114 544 4169 scienset
569 4116 825 4186 prudens
855 4115 1208 4187 impugnat?
1255 4117 1416 4179 Quod
1467 4116 1514 4172 si
1559 4133 1769 4188 panem
1786 4135 1916 4190 azy-

283 4202 580 4256 mumfieri
595 4219 806 4274 corpus
837 4203 1049 4259 Christi
1081 4205 1330 4276 negatis,
1368 4222 1472 4260 cur
1509 4205 1914 4277 imperfectum

283 4289 505 4362 negatis
527 4291 554 4343 ‘?
583 4291 706 4346 Non
739 4291 893 4345 enim
915 4292 1316 4364 imperfectum
1335 4293 1549 4348 Christi
1565 4309 1776 4365 corpus
1805 4298 1914 4361 est,

282 4379 436 4449 quod
453 4377 610 4433 nullo
647 4381 1042 4452 modocorpus
1073 4383 1199 4452 ejus
1235 4381 1368 4435 est?
1395 4381 1508 4437 Cur
1527 4381 1780 4453 denique
1810 4399 1916 4438 nos

279 4464 530 4519 Christia
544 4483 648 4520 nos
662 4467 1029 4522 habetis‘?cur
1045 4485 1156 4523 non
1173 4467 1582 4525 utidololatras
1594 4470 1916 4526 condemno

281 4553 354 4608 tis
374 4555 401 4608 ‘?
433 4554 648 4609 idolum
676 4556 832 4612 enim
857 4561 964 4622 est,
998 4557 1046 4612 si
1073 4557 1240 4628 panis
1273 4573 1510 4632 azymus
1540 4559 1814 4614 adoretur
1849 4564 1918 4614 ut

281 4645 448 4698 Deus.
483 4645 597 4698 Cur
635 4643 786 4699 hanc
815 4643 1230 4716 impiissimam
1248 4644 1514 4700 haeresim
1547 4645 1776 4717 publice
1800 4664 1912 4703 non
1948 4683 1992 4748 D

279 4732 748 4788 confutatis‘fcur
788 4750 922 4790 cum
956 4733 1178 4790 caeteris
1217 4733 1500 4790 haereticis
1536 4735 1824 4791 Romanos
1853 4735 1914 4790 in

277 4819 535 4874 Ecclesia
563 4837 676 4876 non
707 4821 1214 4878 anathematizatis
1236 4821 1262 4875 ‘l
1304 4822 1458 4878 Nihil
1489 4823 1647 4878 enim
1676 4827 1765 4879 est
1793 4839 1914 4879 me-

279 4907 441 4961 dium
469 4923 482 4960 :
509 4913 609 4962 aut
637 4925 847 4982 corpus
877 4915 966 4965 est
993 4910 1228 4976 Christi,
1267 4915 1322 4966 et
1351 4911 1625 4968 omnibus
1669 4912 1914 4967 adoran-

277 4995 456 5061 dum;
485 5001 586 5050 aut
615 5013 824 5069 corpus
855 4999 984 5068 ejus
1015 5015 1128 5054 non
1160 5003 1267 5064 est,
1300 5005 1358 5055 et
1397 5005 1462 5054 ut
1507 4999 1728 5056 idolum
1777 5018 1912 5055 con-

277 5083 678 5140 temnendum.
713 5088 820 5140 Sed
847 5087 1000 5140 unde
1031 5087 1290 5156 probatis
1321 5090 1476 5159 quod
1527 5105 1742 5160 corpus
1786 5091 1914 5161 ejus

277 5187 394 5226 non
425 5171 545 5237 ﬁat,
573 5189 707 5227 cum
755 5172 956 5228 nullus
1001 5175 1305 5231 doctorum
1353 5177 1460 5230 hoc
1509 5179 1718 5248 sapiat,
1753 5178 1916 5233 nulla

278 5259 534 5331 synodus
564 5261 964 5316 contradicat?
984 5267 1097 5318 Cur
1125 5270 1327 5319 contra
1347 5279 1596 5320 canones
1609 5265 1914 5322 ecclesias-

275 5348 421 5404 ticos
453 5349 794 5406 traditiones
825 5353 1195 5407 contemnitis
1215 5353 1360 5407 ?Cur
1390 5351 1624 5423 synodis
1659 5355 1812 5425 quod
1842 5355 1912 5410 de

276 5453 512 5506 corpore
541 5437 753 5494 Christi
784 5457 898 5495 non
929 5440 1146 5496 habent
1177 5439 1468 5512 apponitis
1488 5439 1678 5505 ?Quid
1714 5459 1912 5514 azymo

277 5522 364 5575 vel
394 5523 670 5580 fermento
701 5543 834 5582 cum
865 5545 1101 5598 corpore
1132 5527 1342 5582 Christi
1369 5533 1390 5582 Ξ)
1435 5527 1704 5599 Nunquid
1743 5533 1910 5602 panis

283 5609 392 5672 est,
435 5611 502 5658 ut
543 5625 778 5682 azymus
811 5615 894 5668 sic
929 5613 1358 5670 fermentatus?
1399 5615 1515 5670 Cur
1559 5631 1672 5670 non
1727 5619 1913 5691 magis

1961 1955 2007 2020 B

2038 1991 2240 2063 utique
2269 2009 2386 2048 non
2417 1992 2664 2058 fecisset,
2713 1992 2762 2047 si
2807 1996 3130 2065 antequam
3181 1977 3596 2067 impleretur,
3633 1999 3746 2056 fer-

2037 2083 2300 2135 mentum
2343 2079 2700 2137 comedenda
2743 2079 3036 2137 solvisset.
3089 2081 3258 2138 Undo
3322 2087 3748 2158 consequitur

2035 2169 2188 2238 quod
2221 2172 2523 2240 peccatum
2554 2168 2840 2224 Dominus
2869 2167 3094 2238 fecerit,
3123 2174 3188 2226 et
3219 2169 3284 2225 in
3319 2187 3434 2228 ore
3459 2174 3614 2244 ejus
3645 2176 3748 2232 do-

2034 2255 2126 2312 lus
2156 2256 2346 2326 fuerit,
2371 2258 2541 2328 juxta
2569 2255 2923 2314 sententiam
2947 2273 3150 2326 suam,
3183 2263 3252 2315 nt
3281 2263 3736 2336 transgresso:-

2035 2343 2180 2416 legis
2211 2346 2465 2417 perierit.

2105 2435 2266 2505 Quod
2312 2437 2699 2506 fermentatum
2748 2437 3060 2492 anhelum
3099 2435 3322 2491 dicant.
3385 2439 3744 2512 Arguimus

2032 2525 2184 2594 quod
2217 2524 2632 2580 fermentatum
2663 2539 2874 2596 panem
2915 2524 3256 2580 animatum
3285 2527 3642 2596 asseritis;
3679 2530 3740 2583 in

2033 2627 2149 2681 qua
2177 2611 2465 2667 sententia
2494 2627 2599 2667 nec
2620 2612 2802 2668 Vetus
2830 2612 3018 2680 vobis,
3049 2627 3161 2668 nec
3211 2613 3466 2670 Novum
3527 2618 3740 2673 Testa-

2031 2703 2292 2754 mentum
2321 2700 2644 2768 consentit;
2675 2716 2784 2756 nec
2813 2699 3031 2772 aliquis
3053 2701 3460 2773 physicorum
3499 2721 3738 2762 novum

2030 2788 2138 2843 hoc
2167 2789 2405 2854 animal,
2438 2788 2558 2844 imo
2601 2803 2820 2848 novum
2869 2793 3240 2861 portentum,
3273 2796 3516 2862 praeter
3567 2793 3736 2851 solos

2030 2877 2398 2945 Manichaeos,
2429 2876 2878 2941 conﬁxit.0uam
2895 2877 3331 2950 inopinabilem
3349 2881 3732 2952 opinionem

2028 2965 2178 3022 inter
2197 2965 2445 3024 haereses
2465 2965 2919 3022 Manichaeorum
2950 2971 3156 3023 sancta
3163 2968 3298 3038 jam
3315 2969 3734 3028 dudumcon-

2027 3053 2322 3110 damnavit
2343 3051 2620 3110 Ecclesia.

2095 3143 2246 3210 Quod
2273 3145 2524 3200 animam
2545 3143 2710 3214 panis
2731 3143 3012 3200 Christum
3029 3135 3324 3214 uiuiﬁcae
3339 3147 3730 3206 contendant.

2025 3230 2345 3302 Arguimus
2375 3229 2530 3303 quod
2563 3229 2822 3286 animam
2853 3231 3026 3303 panis
3043 3231 3276 3288 Christi
3303 3247 3562 3306 corpus
3581 3237 3730 3294 vivi-

2029 3320 2200 3374 ﬁcare
2248 3318 2618 3376 contenditis.
2667 3317 2948 3391 Nunquid
2993 3319 3151 3374 duas
3213 3319 3474 3378 animas
3537 3324 3734 3384 habet

2026 3407 2312 3475 Christus,
2345 3407 2585 3464 alteram
2614 3406 2874 3464 hominis
2913 3411 2974 3463 et
3007 3405 3262 3466 alteram
3315 3412 3566 3481 panis?
3625 3418 3734 3470 aut

2025 3497 2180 3552 sicut
2207 3495 2376 3568 panis
2403 3497 2462 3552 in
2495 3509 2730 3552 carnem
2753 3493 2976 3552 Christi
3007 3501 3302 3564 mutatur,
3345 3499 3446 3554 sie
3507 3503 3729 3558 anima

2025 3585 2195 3656 panis
2215 3583 2273 3640 in
2301 3585 2563 3640 animam
2589 3583 2802 3641 Christi
2834 3584 3247 3640 convertitur?
3293 3601 3372 3641 an
3427 3589 3728 3646 animam

2026 3689 2194 3730 suam
2225 3673 2492 3729 Christus
2523 3671 2787 3741 dimittit,
2822 3675 2880 3728 et
2907 3671 3168 3730 animam
3203 3674 3388 3745 panis
3407 3677 3732 3735 admittit?

2027 3761 2310 3834 nunquid,
2343 3761 2392 3818 si
2425 3762 2594 3834 panis
2621 3761 2821 3822 animo
2845 3759 3292 3828 deerit,Christi
3319 3779 3568 3837 corpus
3587 3769 3730 3824 ani-

2025 3855 2249 3907 matum
2271 3867 2386 3908 non
2417 3851 2527 3906 erit
2545 3852 2686 3922 Pjeur
2715 3865 2830 3905 non
2852 3849 3726 3928 advertitisquod,antequam

2025 3939 2279 3996 offeratis
2307 3956 2463 4007 eum,
2497 3939 2805 4004 occiditur,
2837 3937 3044 3994 lancea
3085 3939 3458 4010 perforatur,
3519 3961 3562 4000 a
3595 3951 3732 4002 toto

2024 4044 2130 4083 suo
2163 4027 2448 4099 particula
2475 4043 2605 4099 quos
2635 4027 2966 4084 consecrari
2995 4027 3170 4084 debet
3201 4027 3634 4100 abscinditur,
3675 4039 3734 4092 et

2023 4117 2401 4172 detruncatus
2424 4117 2550 4187 jam
2575 4120 2633 4172 et
2661 4115 3036 4172 exanimatus
3065 4117 3138 4172 ad
3161 4115 3357 4174 altare
3383 4125 3732 4191 portatur?

2025 4221 2140 4259 non
2169 4203 2325 4260 enim
2357 4205 2554 4261 anima
2583 4204 2762 4260 dividi
2785 4207 3071 4276 potest,ut
3093 4205 3294 4261 divisae
3327 4213 3553 4280 partes
3575 4213 3740 4268 divi-

2025 4293 2218 4348 siones
2247 4309 2478 4364 quoque
2507 4293 2799 4348 retineant
2838 4293 3070 4349 animle.
3123 4294 3236 4350 Sed
3279 4299 3444 4364 esto,
3507 4305 3734 4370 partes

2025 4381 2198 4437 etiam
2229 4385 2464 4453 prepter
2491 4382 2844 4438 fermentum
2877 4381 3136 4438 habeant
3175 4383 3478 4440 animam.
3535 4389 3730 4456 Quid,

2025 4486 2156 4525 cum
2185 4469 2352 4541 panis
2381 4475 2696 4526 evacuatus
2729 4470 2923 4538 fuerit,
2951 4471 3010 4526 ei
3041 4471 3290 4527 omnino
3321 4473 3732 4534 fermentum

2023 4559 2232 4614 anima:
2261 4557 2791 4629 desierit,nunquid
2815 4557 3000 4614 etiam
3021 4563 3168 4616 tunc
3197 4561 3409 4618 anima
3441 4579 3574 4621 sua
3599 4585 3740 4624 ma-

2025 4647 2206 4716 nebit,
2239 4651 2299 4701 et
2331 4661 2544 4718 corpus
2571 4646 2804 4702 Domini
2835 4645 3280 4704 viviﬁcabitur?
3325 4653 3520 4722 panis
3554 4657 3734 4714 enim

2023 4733 2220 4790 altaris
2251 4738 2406 4790 totus
2433 4734 2493 4789 in
2524 4749 2758 4790 carnem
2789 4735 3004 4794 Christi
3029 4738 3430 4807 convertitur,
3467 4759 3598 4801 nec
3619 4747 3736 4802 ali-

2025 4823 2162 4895 quid
2197 4826 2415 4878 naturae
2448 4823 2612 4895 panis
2645 4825 2854 4895 prator
2881 4825 3142 4897 speciem
3167 4823 3367 4883 solam
3403 4828 3736 4906 relinqui-

2021 4911 2259 4968 tur.Cur
2269 4927 2384 4966 non
2415 4909 2716 4968 attenditis
2727 4912 3012 4985 quoniam
3021 4913 3316 4971 Dominus
3331 4919 3508 4988 quod
3525 4921 3732 4994 dedit,

2023 4999 2211 5072 fregit,
2245 5015 2456 5072 corpus
2485 5015 2658 5058 suum
2679 5001 2925 5072 vocavit,
2945 5001 3226 5076 discipuli
3259 5006 3429 5076 quod
3457 5023 3734 5086 accepe-

2023 5095 2159 5144 runt
2187 5089 2730 5144 manducaverunt?
2755 5089 3036 5163 Nunquid
3069 5091 3272 5148 anima
3299 5109 3552 5168 corpus
3575 5099 3736 5158 diei-

2023 5183 2120 5233 tur
2145 5180 2168 5232 Ρ
2191 5173 2454 5247 nunquid
2479 5176 2769 5250 frangitur
2787 5179 2816 5232 ?
2843 5173 3117 5252 nunquid
3147 5181 3734 5262 comeditnr?quod

2023 5265 2398 5338 Evangelium
2425 5265 2590 5320 dedit
2624 5265 2774 5322 hanc
2821 5267 2998 5324 ﬁdem
3025 5272 3050 5324 ?
3087 5269 3232 5334 Quis
3278 5277 3734 5344 apostolorum

2023 5355 2220 5410 docuit
2245 5351 2397 5410 hanc
2427 5353 2714 5414 Dominici
2741 5357 3006 5429 corporis
3033 5357 3518 5422 viv‘iﬂcationem
3543 5372 3572 5424 Ρ
3595 5369 3736 5427 Ori-

2021 5443 2308 5516 genianus
2335 5447 2444 5512 est,
2487 5459 2604 5500 non
2649 5443 2974 5502 catholicus
3021 5463 3260 5517 sensus,
3313 5455 3388 5506 ut
3447 5453 3734 5516 alid'mm

2022 5531 2227 5588 anima:
2257 5532 2318 5587 in
2349 5532 2597 5588 aliorum
2626 5535 2932 5590 transeant
2953 5551 3222 5609 corpora,
3257 5542 3319 5594 et
3351 5553 3472 5612 pro
3513 5549 3736 5606 meriti

2021 5619 2303 5692 qualitate
2329 5619 2418 5677 vel
2447 5621 2690 5679 meliora
2717 5623 3042 5681 sortiantur
3067 5624 3160 5682 vel
3181 5626 3538 5690 deteriora.
