3922 6390
206 434 360 502 4217

1100 436 1329 504 FRAG.
1371 435 1977 504 DiSPUl'l‘A'I‘IONIS
2017 438 2330 503 CONTRA
2375 440 2728 505 GRIECOS.

3458 442 3615 509 {2&8

277 571 431 642 Quod
448 572 644 628 lancea
688 588 885 646 corpus
912 575 1115 631 Christi
1150 577 1485 647 percutiant.
1528 574 1855 648 Arguimus
1887 573 1941 640 Α
1969 572 2337 629 vulneratum
2371 579 2479 644 est,
2513 593 2648 631 cum
2680 575 2883 631 lancea
2910 575 3065 632 latus
3095 579 3224 647 ejus
3257 580 3617 649 perforatum

209 661 363 733 quod
398 659 605 717 lancea
660 678 873 735 corpus
920 663 1137 720 Christi
1180 664 1505 737 percutitis,
1528 664 1639 720 hoc
1691 663 1850 719 enim

207 747 478 805 Christus
508 766 625 806 non
644 751 798 821 fecit,
831 750 941 808 hoc
967 751 1028 808 in
1052 752 1648 809 commemorationem
1680 768 1857 808 suam

206 837 528 910 discipulos
559 840 746 896 facere
777 856 1152 914 nequaquam
1182 841 1478 898 instituit:
1509 864 1538 892 «
1572 840 1851 913 Accipite,

207 926 370 995 dixit,
420 932 479 983 et
534 928 841 996 comedite,
864 950 894 979 »
945 946 1061 985 non
1088 928 1354 998 occidite,
1381 929 1469 986 vel
1499 929 1701 986 lancea
1729 946 1854 1003 per-

204 1017 405 1072 cutite.
428 1016 700 1073 Christus
732 1034 836 1073 nec
867 1018 1129 1091 seipsum
1145 1017 1380 1087 occidit,
1404 1034 1510 1075 nec
1530 1017 1853 1090 discipulos

205 1106 467 1162 occidere
479 1106 685 1179 jussit.
711 1105 946 1174 Milites,
962 1124 1077 1163 non
1092 1106 1686 1179 apostoli,Dominum
1709 1107 1855 1162 occi-

204 1195 456 1252 derunt:
510 1194 751 1264 milites,
804 1212 927 1252 non-
977 1195 1247 1269 apostoli,
1280 1195 1485 1251 lancea
1524 1195 1687 1251 latus
1723 1197 1857 1267 ejus

205 1285 665 1358 perforaverunt.
688 1290 805 1341 Nec
823 1284 1052 1341 vivebat
1080 1284 1366 1341 Dominus
1412 1284 1566 1340 sicut
1602 1284 1853 1341 fermen-

207 1379 334 1430 tum
364 1379 648 1441 vestrum,
682 1390 816 1429 cum
841 1373 997 1430 latus
1027 1374 1156 1445 ejus
1188 1373 1553 1446 perforatur;
1577 1373 1680 1429 sed
1706 1388 1855 1429 mor-

203 1467 344 1520 tuus
364 1467 508 1530 erat,
532 1480 622 1531 ne,
656 1463 928 1519 cruribus
968 1463 1168 1519 fractis
1217 1462 1534 1530 latronum,
1563 1479 1628 1518 os
1682 1479 1752 1518 ex
1790 1479 1856 1518 eo

206 1569 322 1609 non
371 1552 889 1609 comminueretur.
922 1551 1203 1620 Quamvis
1247 1551 1452 1609 lancea
1478 1558 1672 1608 vestra
1717 1568 1857 1620 non,

206 1643 360 1699 sicut
370 1641 630 1714 jactatis,
664 1658 859 1714 usque
886 1641 958 1698 ad
999 1639 1351 1699 occisionem
1400 1641 1617 1698 Christi
1657 1657 1856 1714 perve—

209 1730 367 1799 niat;
390 1746 496 1786 nec
525 1747 741 1804 corpus
771 1730 1010 1799 Christi,
1037 1731 1138 1786 sed
1171 1730 1364 1788 solum
1396 1746 1610 1803 panem
1651 1747 1856 1803 percu-

209 1818 320 1875 tiat
342 1837 356 1887 ;
382 1819 645 1876 nondum
674 1820 832 1877 enim
862 1823 951 1875 est
980 1836 1135 1889 caro,
1160 1819 1263 1876 sed
1294 1835 1479 1892 purus
1500 1820 1857 1893 panis,quod

209 1908 529 1978 lanceatis;
580 1912 638 1964 et
683 1908 1100 1966 fermentatum
1160 1909 1470 1977 viventem,
1541 1913 1858 1982 antequam

213 1996 508 2052 Christum
541 1997 833 2053 vivificare
864 1998 1073 2071 possit,
1105 1997 1392 2055 occiditis.

286 2086 433 2155 Quod
464 2088 523 2142 in
556 2091 707 2143 terra
734 2103 931 2159 corpus
962 2088 1167 2144 Christi
1212 2089 1497 2159 sepeliant.
1542 2088 1861 2162 Arguimus

213 2176 366 2248 quod
400 2176 460 2231 in
487 2178 643 2231 terra
678 2191 892 2248 corpus
929 2175 1161 2232 Domini
1211 2175 1492 2249 sepelitis,
1544 2180 1603 2232 et
1659 2182 1863 2232 contra

213 2264 575 2336 Scripturam
605 2265 1039 2337 corruptionem
1068 2265 1263 2322 videre
1318 2265 1705 2338 compellitis:
1758 2266 1864 2321 Do-

214 2354 412 2409 minus
457 2353 614 2410 enim
664 2371 876 2427 corpus
919 2371 1095 2411 suum
1137 2355 1440 2411 comedere
1483 2354 1688 2427 jussit,
1747 2372 1861 2412 non

215 2442 495 2516 sepelire;
518 2447 577 2499 et
606 2442 880 2515 discipuli
906 2444 1306 2512 comederunt,
1338 2461 1453 2499 non
1477 2443 1858 2517 sepelierunt.

213 2531 330 2589 Vos
359 2535 578 2599 autem,
607 2549 722 2589 non
755 2536 1065 2605 sequentes
1086 2532 1400 2604 apostolos,
1421 2535 1480 2589 in
1512 2532 1705 2590 lacum
1736 2550 1862 2590 cor-

216 2621 510 2693 ruptionis
532 2621 852 2694 projicitis;
885 2626 943 2677 et
964 2621 1248 2695 Spiritum
1278 2626 1550 2678 sanctum
1601 2622 1702 2695 qui
1760 2640 1865 2695 per

216 2710 562 2783 prophetam
583 2710 761 2767 dixit:
795 2733 824 2761 «
850 2710 975 2767 Non
992 2710 1163 2768 dabis
1180 2715 1453 2771 sanctum
1479 2715 1647 2768 tuum
1671 2712 1866 2768 videre

215 2798 649 2872 corruptionem
682 2800 854 2872 (Psat.
881 2815 975 2868 xv,
1004 2800 1115 2872 10),
1150 2823 1180 2850 ››
1212 2800 1444 2857 mentiri
1488 2800 1864 2874 compellitis,

217 2888 320 2962 qui
349 2888 782 2963 corruptionem
812 2905 949 2947 eum
988 2889 1205 2962 videre,
1263 2893 1553 2963 quantum
1591 2891 1653 2946 in
1701 2891 1866 2949 vobis

220 2982 330 3046 est,
364 2977 573 3034 facitis.

288 3067 440 3137 Quod
468 3066 612 3124 illud
637 3083 764 3123 cum
810 3085 959 3147 aqua
1011 3067 1201 3124 calida
1253 3072 1494 3126 sumant.
1554 3070 1868 3143 Arguimus

216 3157 374 3230 quod
404 3172 619 3229 corpus
650 3157 879 3213 Domini
901 3172 1034 3213 cum
1058 3157 1186 3215 cibo
1207 3159 1529 3229 communi,
1548 3159 1606 3215 id
1625 3163 1714 3216 est
1733 3178 1868 3219 cum

215 3263 371 3319 aqua
395 3244 603 3315 calida,
632 3245 870 3303 sumitis
897 3263 911 3303 :
945 3244 1072 3303 Non
1104 3246 1263 3303 enim
1288 3248 1555 3305 Christus
1577 3249 1869 3306 hocinsti-

1962 666 2068 716 est.
2098 662 2373 735 Nunquid
2407 664 2584 719 habet
2605 669 2815 720 natura
2838 669 2903 720 ut
2923 681 3136 738 corpus
3167 667 3295 737 ejus
3318 673 3615 723 mortuum

1963 749 2170 818 caleat,
2198 768 2335 807 cum
2365 752 2425 807 in
2449 769 2514 808 eo
2542 752 2661 808 vita
2692 771 2805 808 non
2844 754 3037 824 fuerit,
3062 771 3198 810 cum
3239 757 3368 826 jam
3425 756 3619 813 vitalis

1963 839 2120 895 calor
2132 841 2434 897 recesserit
2448 842 2594 897 ?Sed
2613 843 2857 898 forsitan
2872 843 2982 898 hoc
3017 843 3389 916 privilegium
3414 845 3622 901 habuit

1963 929 2334 985 Dominicum
2369 946 2601 1002 corpus.
2638 931 2799 987 Unde
2845 931 3105 1004 probatis
3130 932 3159 987 ?
3209 933 3314 988 Ubi
3373 933 3619 1007 legitis?

1963 1018 2097 1083 Qum
2120 1017 2420 1090 Scriptura
2441 1020 2644 1075 docet?
2663 1021 2823 1085 Quod
2848 1020 3227 1092 Evangelium
3259 1022 3485 1078 habet?
3505 1027 3623 1079 Aut

1963 1105 2034 1160 de
2059 1106 2359 1180 Scriptura
2389 1109 2545 1180 quod
2573 1108 2849 1180 profertis
2882 1110 3151 1181 probate,
3183 1115 3285 1165 aut
3333 1129 3618 1184 praesum-

1966 1193 2149 1267 ptioni
2181 1196 2365 1251 solitze
2393 1198 2548 1267 quod
2582 1197 2885 1269 Scriptura
2918 1215 3033 1257 non
3066 1198 3243 1254 habet
3283 1201 3577 1257 ascribite.

2038 1283 2188 1352 Quod
2209 1287 2393 1356 pueris
2422 1295 2546 1340 ante
2603 1287 2746 1341 diem
2803 1290 3096 1357 septimum
3142 1288 3473 1359 baptismum
3528 1308 3622 1345 nc-

1963 1374 2429 1445 gent.Arguimns
2462 1375 2618 1445 quod
2649 1392 2827 1446 puero
2857 1393 3058 1432 recens
3090 1380 3227 1432 nato
3254 1378 3616 1449 baptismum

1966 1467 2101 1517 ante
2131 1462 2450 1534 septimum
2474 1463 2627 1518 diem
2662 1464 2888 1536 negatis
2925 1481 2938 1531 ;
2972 1481 3088 1519 non
3119 1465 3277 1520 enim
3335 1466 3621 1523 Dominus

1966 1554 2191 1607 certum
2221 1551 2375 1606 diem
2402 1552 2459 1606 in
2488 1552 2778 1624 baptismo
2803 1553 3126 1620 constituit,
3161 1570 3266 1610 nec
3302 1556 3620 1627 septimum

1968 1640 2122 1695 diem
2138 1640 2222 1711 pri
2233 1640 2449 1696 modiei
2479 1642 2796 1713 praeposuit
2815 1659 2828 1710 ;
2845 1643 2944 1696 sed
2964 1640 3312 1714 simpliciter
3329 1649 3385 1699 et
3401 1645 3625 1716 absque

1968 1727 2197 1783 fallacia
2223 1729 2462 1784 mittens
2493 1729 2565 1784 ad
2600 1731 3017 1801 baptizandum
3050 1731 3393 1804 discipulos,
3428 1733 3574 1788 dixit
3603 1752 3616 1790 :

1974 1817 2467 1881 .Quicrediderit
2523 1823 2580 1873 et
2637 1820 2967 1890 baptizatus
3019 1820 3213 1888 fuerit,
3259 1820 3459 1878 salvus
3513 1824 3627 1879 erit

1968 1906 2154 1977 (Marc.
2188 1923 2302 1973 xvx,
2334 1908 2439 1975 16).
2466 1906 2738 1977 Nunquid
2762 1907 2919 1962 enim
2943 1909 3225 1965 Dominus
3247 1910 3339 1966 die
3370 1911 3625 1983 septimo

1969 1995 2329 2067 baptizatum
2360 1995 2587 2051 salvum
2622 1997 2806 2052 facere
2840 2002 3049 2068 potest,
3077 2003 3133 2053 et
3155 1998 3344 2070 primo
3377 2016 3492 2055 non
3520 2017 3623 2072 po-

1968 2085 2125 2140 test?
2145 2085 2525 2156 Omnipotens
2550 2085 2706 2139 enim
2722 2090 2811 2141 est
2832 2088 3006 2153 Deus,
3029 2091 3085 2142 et
3106 2087 3305 2143 omnia
3346 2104 3622 2160 quaecun-

1969 2168 2083 2245 que
2111 2174 2295 2230 voluit
2326 2175 2479 2245 fecit,
2505 2178 2562 2230 et
2593 2192 2708 2230 non
2742 2181 2829 2230 est
2860 2176 2961 2247 qui
2994 2176 3179 2247 possit
3202 2176 3475 2233 resistere
3523 2196 3622 2235 vo-

1968 2263 2180 2318 luntati
2211 2280 2350 2319 sua}.
2382 2265 2496 2318 Aut
2528 2269 2720 2335 potest
2751 2264 3010 2336 quidem,
3044 2266 3145 2320 sed
3178 2283 3291 2321 non
3314 2266 3438 2322 vult
3466 2269 3621 2339 quod

1970 2356 2179 2426 potest,
2213 2353 2314 2424 qui
2352 2352 2476 2407 vult
2522 2369 2727 2408 omnes
2762 2354 3029 2409 homines
3052 2353 3244 2410 salvos
3276 2348 3424 2426 ﬁeri,
3463 2360 3520 2411 et
3548 2359 3621 2413 ad

1973 2441 2331 2514 agnitionem
2388 2440 2648 2497 veritatis
2705 2442 2941 2497 venire?
2997 2442 3103 2498 Ubi
3148 2443 3342 2499 omnis
3389 2444 3622 2515 dicitur,

1972 2530 2170 2585 nullus
2192 2530 2494 2602 excipitur,
2528 2547 2633 2586 nec
2664 2530 2860 2587 infans
2898 2532 3069 2602 cujus
3118 2536 3208 2587 est
3264 2531 3384 2588 vita
3450 2533 3626 2590 unius

1974 2619 2279 2692 dieisuper
2310 2624 2544 2675 terram.
2567 2619 2838 2676 Christus
2860 2637 3094 2676 omnem
3148 2621 3450 2678 hominem
3509 2624 3621 2679 sal-

1972 2713 2087 2774 vat,
2110 2724 2211 2765 vos
2243 2708 2541 2764 hominem
2572 2709 2959 2781 curexcipitis
2977 2709 3004 2764 ’ἰ
3028 2708 3302 2766 Christus
3325 2712 3622 2769 neminem

1973 2797 2133 2868 ejicit
2157 2798 2332 2865 foras,
2365 2814 2468 2853 vos
2496 2796 2730 2869 longius
2752 2797 2908 2853 hunc
2939 2814 2974 2854 a
3002 2797 3234 2854 Christo
3302 2799 3627 2872 repellitis?

1974 2885 2241 2942 Christus
2272 2885 2433 2941 solus
2456 2886 2730 2958 baptizat,
2771 2903 2873 2943 vos
2903 2903 3118 2960 aquam
3149 2904 3255 2943 cur
3299 2888 3623 2960 prohibetis

1974 2975 2242 3031 Christus
2267 2974 2428 3031 solus
2468 2981 2707 3046 peccata
2760 2975 3024 3043 dimittit,
3083 2993 3185 3032 vos
3244 2983 3481 3050 peccata
3519 2997 3625 3036 cur

1978 3064 2284 3120 retinetis?
2316 3065 2362 3118 si
2396 3064 2599 3120 sordes
2619 3066 2932 3122 exteriores
2953 3065 3256 3123 offendunt
3278 3066 3482 3125 oculos
3503 3086 3627 3125 ves-

1975 3157 2118 3221 tros,
2144 3153 2411 3225 nunquid
2433 3158 2490 3208 et
2509 3153 2809 3210 Christum
2830 3155 3051 3227 putatis
3073 3155 3285 3212 offendi
3316 3158 3344 3211 ‘I
3362 3158 3409 3212 si
3435 3159 3628 3215 carnis

1980 3241 2418 3297 immunditiam
2452 3246 2640 3298 tactus
2672 3247 2863 3299 vester
2892 3243 3198 3311 horrescit,
3247 3247 3514 3319 nunquid
3573 3253 3631 3304 et

218 3312 353 3404 aut,
387 3351 492 3391 nec
522 3312 597 3391 ini
613 3339 980 3392 sacramento
1002 3335 1312 3409 sanguinis
1333 3353 1489 3410 aqua
1518 3336 1707 3394 calida
1724 3339 1868 3410 fuit;
1901 3312 1944 3379 (ἶ
1984 3332 2282 3389 Christum
2314 3333 2532 3406 putatis
2564 3333 2897 3390 horrescere
2917 3335 2945 3388 ?
2973 3334 3081 3398 Qui
3113 3333 3626 3391 carnisinﬁrmita-

222 3423 493 3481 Christus
511 3422 734 3493 vinum,
767 3441 884 3481 non
933 3440 1172 3496 aquam,
1218 3426 1467 3483 mutavit
1512 3426 1572 3481 in
1631 3429 1870 3500 sangui-

222 3526 386 3581 nem,
416 3528 523 3569 nec
540 3512 703 3568 aliud
733 3511 978 3584 aliquid,
1011 3513 1113 3569 sed
1143 3512 1417 3585 genimen
1437 3514 1573 3570 vitis
1603 3516 1873 3589 prOpina-

218 3600 306 3658 vit
334 3601 393 3657 in
416 3599 678 3658 calicem.
696 3601 812 3658 Vos
836 3605 1033 3657 autem
1055 3602 1211 3674 quod
1230 3602 1304 3657 ad
1328 3618 1594 3659 mensam
1610 3620 1871 3660 commu-

218 3704 355 3746 nem
376 3706 443 3746 ex
467 3706 579 3746 usu
636 3689 957 3763 percipitis,
992 3706 1097 3746 nec
1160 3692 1234 3747 ad
1283 3707 1551 3749 mensam
1610 3691 1869 3751 divinam

218 3777 512 3835 abstinere
541 3778 807 3853 potestis,
836 3782 896 3836 et
924 3779 1223 3836 ascribitis
1279 3779 1549 3854 religioni
1585 3782 1741 3854 quod
1794 3782 1867 3839 ad

218 3871 594 3940 peccatorum
614 3867 1050 3925 excusationem
1081 3867 1333 3926 habetis.

291 3956 443 4026 Quod
471 3959 805 4031 sanguinem
826 3957 892 4014 de
922 3956 1135 4013 Christi
1164 3958 1334 4015 latere
1363 3959 1605 4015 calidum
1640 3961 1870 4031 ﬂuxisse

215 4046 420 4103 dicunt.
455 4046 775 4120 Arguimus
797 4047 954 4121 quod
984 4047 1339 4121 sanguinem
1357 4047 1431 4104 de
1450 4047 1632 4107 latere
1651 4049 1869 4106 Christi

214 4134 479 4192 calidum
508 4134 749 4192 ﬂuxisse
793 4138 998 4192 contra
1053 4140 1325 4194 naturam
1385 4140 1444 4194 et
1487 4137 1866 4212 Evangelium

213 4224 411 4282 dicitis
442 4241 459 4281 :
496 4224 639 4282 dicit
655 4223 813 4281 enim
841 4223 1146 4298 Scriptum
1173 4224 1329 4299 quod
1339 4226 1467 4298 jam
1488 4226 1729 4297 obierat,
1738 4229 1866 4300 jam

213 4313 633 4390 exspiraverat,
658 4313 786 4386 jam
817 4316 1089 4373 mortuus
1117 4318 1263 4388 erat,
1282 4330 1421 4373 cum
1466 4331 1681 4390 corpus
1735 4317 1865 4390 ejus

1980 3427 2068 3477 tes
2099 3440 2202 3494 pro
2235 3422 2403 3478 nobis
2422 3422 2727 3487 sustinuit,
2762 3422 3064 3477 inﬁrmum
3097 3422 3396 3479 hominem
3431 3424 3620 3496 magis

1981 3515 2275 3567 sustentat
2298 3527 2477 3583 quam
2508 3510 2724 3579 dejicit.
2758 3510 2865 3576 Qui
2900 3510 3102 3565 sordes
3127 3511 3335 3566 animae
3385 3529 3535 3589 quas
3559 3529 3629 3569 ex

1979 3599 2153 3673 culpa
2183 3599 2599 3660 contraximus.
2631 3598 3022 3664 lavat,sordes
3053 3600 3315 3673 corporis
3341 3616 3490 3673 quas
3522 3619 3624 3658 no-

1979 3688 2338 3762 bisimponit
2368 3689 2685 3745 necessitas
2718 3688 3177 3745 misericorditer
3223 3694 3438 3762 portat.
3491 3692 3618 3747 Non

1977 3779 2136 3835 enim
2167 3779 2455 3835 habemus
2486 3778 2819 3851 pontiﬁcem
2851 3777 2952 3849 qui
2982 3795 3098 3834 non
3130 3779 3317 3851 possit
3366 3782 3619 3853 compati

1976 3868 2422 3925 infirmitatibus
2450 3868 2688 3924 nostris.
2720 3868 2832 3923 Vos
2862 3871 3054 3923 autem
3075 3868 3400 3924 homicidas
3420 3885 3626 3927 omnes

1977 3956 2513 4031 incomparabiliter
2533 3956 2784 4027 vincitis,
2817 3956 2918 4029 qui
2968 3961 3275 4028 pereuntes
3323 3959 3395 4014 de
3445 3976 3624 4015 manu

1977 4047 2290 4104 Sulvatoris
2312 4045 2607 4113 excutitis,
2636 4049 2694 4101 et
2724 4045 3038 4102 morientes
3059 4046 3131 4101 ad
3180 4046 3359 4102 vitam
3408 4046 3628 4105 intrare

1977 4155 2093 4195 non
2126 4136 2341 4208 sinitis,
2363 4139 2420 4192 et
2447 4135 2507 4191 in
2555 4134 2907 4209 gehennam,
2946 4152 3106 4193 more
3165 4135 3381 4194 Christi
3436 4137 3625 4196 recla-

1978 4231 2201 4297 mante,
2228 4226 2586 4299 demergitis.
