  <div class='ocr_page' id='page_1' title='image "/cluster/home/n/w/nwhite01/storage/ocr_20150623/142-143/uc1.31175018423130/1352.png"; bbox 0 0 3864 6406; ppageno 0'>
   <div class='ocr_carea' id='block_1_1' title="bbox 132 442 286 505">
    <p class='ocr_par' dir='ltr' id='par_1_1' title="bbox 132 442 286 505">
     <span class='ocr_line' id='line_1_1' title="bbox 132 442 286 505; baseline 0.019 -3"><span class='ocrx_word' id='word_1_1' title='bbox 132 442 286 505; x_wconf 69' lang='grc'>1225</span> 
     </span>
    </p>
   </div>
   <div class='ocr_carea' id='block_1_2' title="bbox 1096 436 2561 513">
    <p class='ocr_par' dir='ltr' id='par_1_2' title="bbox 1096 436 2561 513">
     <span class='ocr_line' id='line_1_2' title="bbox 1096 436 2561 513; baseline -0.005 -8"><span class='ocrx_word' id='word_1_2' title='bbox 1096 438 1559 505; x_wconf 85' lang='lat' dir='ltr'>MABILLONII</span> <span class='ocrx_word' id='word_1_3' title='bbox 1601 436 2076 513; x_wconf 87' lang='lat' dir='ltr'>DISQUISITIO</span> <span class='ocrx_word' id='word_1_4' title='bbox 2120 436 2223 501; x_wconf 89' lang='lat' dir='ltr'>DE</span> <span class='ocrx_word' id='word_1_5' title='bbox 2266 436 2561 501; x_wconf 86' lang='lat' dir='ltr'>AZYMO.</span> 
     </span>
    </p>
   </div>
   <div class='ocr_carea' id='block_1_3' title="bbox 3367 435 3525 500">
    <p class='ocr_par' dir='ltr' id='par_1_3' title="bbox 3367 435 3525 500">
     <span class='ocr_line' id='line_1_3' title="bbox 3367 435 3525 500; baseline 0.013 -4"><span class='ocrx_word' id='word_1_6' title='bbox 3367 435 3525 500; x_wconf 73' lang='lat'><strong>1226</strong></span> 
     </span>
    </p>
   </div>
   <div class='ocr_carea' id='block_1_4' title="bbox 126 568 3525 648">
    <p class='ocr_par' dir='ltr' id='par_1_4' title="bbox 126 568 3525 648">
     <span class='ocr_line' id='line_1_4' title="bbox 126 568 3525 648; baseline -0.002 -17"><span class='ocrx_word' id='word_1_7' title='bbox 126 592 432 631; x_wconf 85' lang='lat' dir='ltr'>summum</span> <span class='ocrx_word' id='word_1_8' title='bbox 481 576 885 648; x_wconf 84' lang='lat' dir='ltr'>pontiﬁcatum</span> <span class='ocrx_word' id='word_1_9' title='bbox 942 581 1228 643; x_wconf 82' lang='lat' dir='ltr'>evectum,</span> <span class='ocrx_word' id='word_1_10' title='bbox 1285 591 1558 647; x_wconf 83' lang='lat' dir='ltr'>azymum</span> <span class='ocrx_word' id='word_1_11' title='bbox 1616 574 1774 630; x_wconf 89' lang='lat' dir='ltr'>Lati-</span> <span class='ocrx_word' id='word_1_12' title='bbox 1802 576 1858 641; x_wconf 79' lang='grc' dir='ltr'><strong>Α</strong></span> <span class='ocrx_word' id='word_1_13' title='bbox 1886 588 2092 628; x_wconf 90' lang='lat' dir='ltr'>meone</span> <span class='ocrx_word' id='word_1_14' title='bbox 2122 571 2646 648; x_wconf 77' lang='lat' dir='ltr'>Hierosolymitano</span> <span class='ocrx_word' id='word_1_15' title='bbox 2673 572 2951 648; x_wconf 81' lang='lat' dir='ltr'>recenset.</span> <span class='ocrx_word' id='word_1_16' title='bbox 2985 569 3199 648; x_wconf 82' lang='lat' dir='ltr'>Omitto</span> <span class='ocrx_word' id='word_1_17' title='bbox 3235 568 3349 648; x_wconf 77' lang='lat' dir='ltr'>alia</span> <span class='ocrx_word' id='word_1_18' title='bbox 3374 573 3525 648; x_wconf 69' lang='lat' dir='ltr'>Grae-</span> 
     </span>
    </p>
   </div>
   <div class='ocr_carea' id='block_1_5' title="bbox 128 648 1771 719">
    <p class='ocr_par' dir='ltr' id='par_1_5' title="bbox 128 648 1771 719">
     <span class='ocr_line' id='line_1_5' title="bbox 128 648 1771 719; baseline -0.001 -17"><span class='ocrx_word' id='word_1_19' title='bbox 128 665 236 702; x_wconf 87' lang='lat' dir='ltr'>nos</span> <span class='ocrx_word' id='word_1_20' title='bbox 270 649 677 703; x_wconf 84' lang='lat' dir='ltr'>introduxisee.</span> <span class='ocrx_word' id='word_1_21' title='bbox 712 649 969 719; x_wconf 83' lang='lat' dir='ltr'>Scriptor</span> <span class='ocrx_word' id='word_1_22' title='bbox 998 648 1173 703; x_wconf 89' lang='lat' dir='ltr'>etiam</span> <span class='ocrx_word' id='word_1_23' title='bbox 1208 664 1557 719; x_wconf 74' lang='lat' dir='ltr'>anonymus,</span> <span class='ocrx_word' id='word_1_24' title='bbox 1596 664 1771 717; x_wconf 88' lang='lat' dir='ltr'>quem</span> 
     </span>
    </p>
   </div>
   <div class='ocr_carea' id='block_1_6' title="bbox 124 719 1768 774">
    <p class='ocr_par' dir='ltr' id='par_1_6' title="bbox 124 719 1768 774">
     <span class='ocr_line' id='line_1_6' title="bbox 124 719 1768 774; baseline -0.001 -2"><span class='ocrx_word' id='word_1_25' title='bbox 124 720 238 774; x_wconf 88' lang='lat' dir='ltr'>vidi</span> <span class='ocrx_word' id='word_1_26' title='bbox 273 719 328 773; x_wconf 90' lang='lat' dir='ltr'>in</span> <span class='ocrx_word' id='word_1_27' title='bbox 368 719 721 773; x_wconf 68' lang='lat' dir='ltr'>Bibliotheca</span> <span class='ocrx_word' id='word_1_28' title='bbox 750 720 1062 773; x_wconf 81' lang='lat' dir='ltr'>Barberina</span> <span class='ocrx_word' id='word_1_29' title='bbox 1094 720 1245 773; x_wconf 72' lang='lat' dir='ltr'>inter</span> <span class='ocrx_word' id='word_1_30' title='bbox 1280 719 1509 773; x_wconf 84' lang='lat' dir='ltr'>codices</span> <span class='ocrx_word' id='word_1_31' title='bbox 1540 720 1768 772; x_wconf 79' lang='lat' dir='ltr'>Graecos</span> 
     </span>
    </p>
   </div>
   <div class='ocr_carea' id='block_1_7' title="bbox 127 790 1766 859">
    <p class='ocr_par' dir='ltr' id='par_1_7' title="bbox 127 790 1766 859">
     <span class='ocr_line' id='line_1_7' title="bbox 127 790 1766 859; baseline -0.001 -15"><span class='ocrx_word' id='word_1_32' title='bbox 127 807 295 857; x_wconf 87' lang='lat' dir='ltr'>mss.,</span> <span class='ocrx_word' id='word_1_33' title='bbox 330 807 492 845; x_wconf 92' lang='lat' dir='ltr'>num.</span> <span class='ocrx_word' id='word_1_34' title='bbox 526 792 615 855; x_wconf 81' lang='lat'>75,</span> <span class='ocrx_word' id='word_1_35' title='bbox 636 791 716 844; x_wconf 92' lang='lat' dir='ltr'>ait</span> <span class='ocrx_word' id='word_1_36' title='bbox 736 790 1005 845; x_wconf 88' lang='lat' dir='ltr'>Carolum</span> <span class='ocrx_word' id='word_1_37' title='bbox 1038 791 1339 859; x_wconf 75' lang='lat' dir='ltr'>Magnum,</span> <span class='ocrx_word' id='word_1_38' title='bbox 1362 807 1495 844; x_wconf 91' lang='lat' dir='ltr'>cum</span> <span class='ocrx_word' id='word_1_39' title='bbox 1523 790 1766 843; x_wconf 78' lang='lat' dir='ltr'>Romam</span> 
     </span>
    </p>
   </div>
   <div class='ocr_carea' id='block_1_8' title="bbox 167 862 1768 931">
    <p class='ocr_par' dir='ltr' id='par_1_8' title="bbox 167 862 1768 931">
     <span class='ocr_line' id='line_1_8' title="bbox 167 862 1768 931; baseline -0.001 -16"><span class='ocrx_word' id='word_1_40' title='bbox 167 864 419 916; x_wconf 80' lang='lat' dir='ltr'>refectus</span> <span class='ocrx_word' id='word_1_41' title='bbox 463 867 572 927; x_wconf 88' lang='lat' dir='ltr'>est,</span> <span class='ocrx_word' id='word_1_42' title='bbox 623 865 883 931; x_wconf 90' lang='lat' dir='ltr'>tempore</span> <span class='ocrx_word' id='word_1_43' title='bbox 929 862 1139 915; x_wconf 85' lang='lat' dir='ltr'>Leonis</span> <span class='ocrx_word' id='word_1_44' title='bbox 1187 863 1361 926; x_wconf 77' lang='lat' dir='ltr'>tertii,</span> <span class='ocrx_word' id='word_1_45' title='bbox 1391 862 1493 913; x_wconf 71' lang='lat' dir='ltr'>viae</span> <span class='ocrx_word' id='word_1_46' title='bbox 1528 862 1768 914; x_wconf 82' lang='lat' dir='ltr'>comites</span> 
     </span>
    </p>
   </div>
   <div class='ocr_carea' id='block_1_9' title="bbox 121 878 1768 1011">
    <p class='ocr_par' dir='ltr' id='par_1_9' title="bbox 121 878 1768 1011">
     <span class='ocr_line' id='line_1_9' title="bbox 167 878 1768 931; baseline -0.001 -16"><span class='ocrx_word' id='word_1_47' title='bbox 167 878 419 916; x_wconf 80' lang='lat' dir='ltr'>reiectus</span> <span class='ocrx_word' id='word_1_48' title='bbox 463 878 572 927; x_wconf 80' lang='lat' dir='ltr'>est,</span> <span class='ocrx_word' id='word_1_49' title='bbox 623 878 883 931; x_wconf 82' lang='lat' dir='ltr'>tempore</span> <span class='ocrx_word' id='word_1_50' title='bbox 929 878 1139 915; x_wconf 73' lang='lat' dir='ltr'>Leonis</span> <span class='ocrx_word' id='word_1_51' title='bbox 1187 878 1361 926; x_wconf 74' lang='grc' dir='ltr'>ιρι-ιιι,</span> <span class='ocrx_word' id='word_1_52' title='bbox 1391 879 1493 913; x_wconf 68' lang='grc' dir='ltr'>νιω</span> <span class='ocrx_word' id='word_1_53' title='bbox 1528 878 1768 914; x_wconf 79' lang='lat' dir='ltr'>comites</span> 
     </span>
     <span class='ocr_line' id='line_1_10' title="bbox 121 878 1768 1011; baseline -0.001 -25"><span class='ocrx_word' id='word_1_54' title='bbox 121 878 637 1011; x_wconf 62' lang='lat' dir='ltr'>iiabuissealiquot</span> <span class='ocrx_word' id='word_1_55' title='bbox 659 934 996 1011; x_wconf 80' lang='lat' dir='ltr'>monachos,</span> <span class='ocrx_word' id='word_1_56' title='bbox 1020 934 1136 1011; x_wconf 84' lang='lat' dir='ltr'>A_rii</span> <span class='ocrx_word' id='word_1_57' title='bbox 1166 942 1219 985; x_wconf 81' lang='lat' dir='ltr'>et</span> <span class='ocrx_word' id='word_1_58' title='bbox 1240 932 1591 1011; x_wconf 84' lang='lat' dir='ltr'>Apollinaris</span> <span class='ocrx_word' id='word_1_59' title='bbox 1611 948 1768 1011; x_wconf 47' lang='lat' dir='ltr'>errof</span> 
     </span>
    </p>
   </div>
   <div class='ocr_carea' id='block_1_10' title="bbox 123 1004 1771 1075">
    <p class='ocr_par' dir='ltr' id='par_1_10' title="bbox 123 1004 1771 1075">
     <span class='ocr_line' id='line_1_11' title="bbox 123 1004 1771 1075; baseline -0.001 -18"><span class='ocrx_word' id='word_1_60' title='bbox 123 1006 285 1059; x_wconf 88' lang='lat' dir='ltr'>ribus</span> <span class='ocrx_word' id='word_1_61' title='bbox 339 1004 601 1069; x_wconf 81' lang='lat' dir='ltr'>infectos,</span> <span class='ocrx_word' id='word_1_62' title='bbox 636 1004 733 1075; x_wconf 82' lang='lat' dir='ltr'>qui</span> <span class='ocrx_word' id='word_1_63' title='bbox 794 1006 995 1058; x_wconf 82' lang='lat' dir='ltr'>urbem</span> <span class='ocrx_word' id='word_1_64' title='bbox 1056 1004 1305 1071; x_wconf 73' lang='lat' dir='ltr'>ingressi</span> <span class='ocrx_word' id='word_1_65' title='bbox 1371 1007 1771 1075; x_wconf 84' lang='lat' dir='ltr'>perverterunt</span> 
     </span>
    </p>
   </div>
   <div class='ocr_carea' id='block_1_11' title="bbox 162 1073 1768 1146">
    <p class='ocr_par' dir='ltr' id='par_1_11' title="bbox 162 1073 1768 1146">
     <span class='ocr_line' id='line_1_12' title="bbox 162 1073 1768 1146; baseline 0 -19"><span class='ocrx_word' id='word_1_66' title='bbox 162 1076 425 1146; x_wconf 79' lang='lat' dir='ltr'>epulum,</span> <span class='ocrx_word' id='word_1_67' title='bbox 461 1073 735 1129; x_wconf 77' lang='lat' dir='ltr'>docentes</span> <span class='ocrx_word' id='word_1_68' title='bbox 769 1075 1051 1145; x_wconf 84' lang='lat' dir='ltr'>Spiritum</span> <span class='ocrx_word' id='word_1_69' title='bbox 1097 1073 1511 1129; x_wconf 27' lang='lat' dir='ltr'>sanctum’non</span> <span class='ocrx_word' id='word_1_70' title='bbox 1562 1092 1595 1127; x_wconf 90' lang='lat' dir='ltr'>a</span> <span class='ocrx_word' id='word_1_71' title='bbox 1646 1073 1768 1128; x_wconf 90' lang='lat' dir='ltr'>solo</span> 
     </span>
    </p>
   </div>
   <div class='ocr_carea' id='block_1_12' title="bbox 120 1092 1767 1225">
    <p class='ocr_par' dir='ltr' id='par_1_12' title="bbox 120 1092 1767 1225">
     <span class='ocr_line' id='line_1_13' title="bbox 120 1092 1767 1200; baseline 0 -73"><span class='ocrx_word' id='word_1_72' title='bbox 120 1092 425 1200; x_wconf 59' lang='lat' dir='ltr'>populum,</span> <span class='ocrx_word' id='word_1_73' title='bbox 461 1092 735 1129; x_wconf 83' lang='lat' dir='ltr'>nocentes</span> <span class='ocrx_word' id='word_1_74' title='bbox 770 1092 1051 1145; x_wconf 50' lang='lat' dir='ltr'>spiritum</span> <span class='ocrx_word' id='word_1_75' title='bbox 1097 1092 1365 1129; x_wconf 75' lang='lat' dir='ltr'>Silnf&#39;tum</span> <span class='ocrx_word' id='word_1_76' title='bbox 1398 1092 1511 1129; x_wconf 89' lang='lat' dir='ltr'>non</span> <span class='ocrx_word' id='word_1_77' title='bbox 1562 1092 1595 1127; x_wconf 90' lang='lat' dir='ltr'>a</span> <span class='ocrx_word' id='word_1_78' title='bbox 1646 1092 1767 1128; x_wconf 85' lang='lat' dir='ltr'>seio</span> 
     </span>
     <span class='ocr_line' id='line_1_14' title="bbox 166 1145 1767 1225; baseline -0.001 -25"><span class='ocrx_word' id='word_1_79' title='bbox 166 1153 306 1225; x_wconf 79' lang='lat' dir='ltr'>atre,</span> <span class='ocrx_word' id='word_1_80' title='bbox 361 1148 460 1201; x_wconf 86' lang='lat' dir='ltr'>sed</span> <span class='ocrx_word' id='word_1_81' title='bbox 492 1149 669 1225; x_wconf 86' lang='lat' dir='ltr'>etiam</span> <span class='ocrx_word' id='word_1_82' title='bbox 703 1164 733 1201; x_wconf 87' lang='lat' dir='ltr'>a</span> <span class='ocrx_word' id='word_1_83' title='bbox 763 1147 927 1225; x_wconf 30' lang='lat' dir='ltr'>‘Filio‘</span> <span class='ocrx_word' id='word_1_84' title='bbox 953 1148 1369 1225; x_wconf 55' lang='lat' dir='ltr'>proceilerenet</span> <span class='ocrx_word' id='word_1_85' title='bbox 1415 1145 1767 1225; x_wconf 31' lang='lat' dir='ltr'>Oportereiin</span> 
     </span>
    </p>
   </div>
   <div class='ocr_carea' id='block_1_13' title="bbox 122 1216 1768 1288">
    <p class='ocr_par' dir='ltr' id='par_1_13' title="bbox 122 1216 1768 1288">
     <span class='ocr_line' id='line_1_15' title="bbox 122 1216 1768 1288; baseline -0.001 -16"><span class='ocrx_word' id='word_1_86' title='bbox 122 1220 341 1288; x_wconf 75' lang='lat' dir='ltr'>azymis</span> <span class='ocrx_word' id='word_1_87' title='bbox 375 1222 723 1285; x_wconf 71' lang='lat' dir='ltr'>sacriﬁcare,</span> <span class='ocrx_word' id='word_1_88' title='bbox 760 1218 840 1272; x_wconf 89' lang='lat' dir='ltr'>ita</span> <span class='ocrx_word' id='word_1_89' title='bbox 871 1221 935 1272; x_wconf 91' lang='lat' dir='ltr'>ut</span> <span class='ocrx_word' id='word_1_90' title='bbox 956 1216 1169 1288; x_wconf 75' lang='lat' dir='ltr'>azyma</span> <span class='ocrx_word' id='word_1_91' title='bbox 1208 1234 1237 1271; x_wconf 90' lang='lat' dir='ltr'>e</span> <span class='ocrx_word' id='word_1_92' title='bbox 1270 1216 1510 1271; x_wconf 78' lang='lat' dir='ltr'>Francia</span> <span class='ocrx_word' id='word_1_93' title='bbox 1542 1216 1768 1285; x_wconf 89' lang='lat' dir='ltr'>prodie-</span> 
     </span>
    </p>
   </div>
   <div class='ocr_carea' id='block_1_14' title="bbox 119 1288 1765 1357">
    <p class='ocr_par' dir='ltr' id='par_1_14' title="bbox 119 1288 1765 1357">
     <span class='ocr_line' id='line_1_16' title="bbox 119 1288 1765 1357; baseline -0.001 -14"><span class='ocrx_word' id='word_1_94' title='bbox 119 1292 257 1344; x_wconf 86' lang='lat' dir='ltr'>rint.</span> <span class='ocrx_word' id='word_1_95' title='bbox 305 1290 434 1344; x_wconf 73' lang='lat' dir='ltr'>Hszc</span> <span class='ocrx_word' id='word_1_96' title='bbox 472 1290 586 1355; x_wconf 92' lang='lat' dir='ltr'>ille,</span> <span class='ocrx_word' id='word_1_97' title='bbox 630 1291 722 1344; x_wconf 91' lang='lat' dir='ltr'>cui</span> <span class='ocrx_word' id='word_1_98' title='bbox 772 1295 1097 1344; x_wconf 86' lang='lat' dir='ltr'>consonant</span> <span class='ocrx_word' id='word_1_99' title='bbox 1154 1288 1268 1343; x_wconf 90' lang='lat' dir='ltr'>alia</span> <span class='ocrx_word' id='word_1_100' title='bbox 1324 1289 1475 1357; x_wconf 88' lang='lat' dir='ltr'>apud</span> <span class='ocrx_word' id='word_1_101' title='bbox 1521 1288 1765 1341; x_wconf 84' lang='lat' dir='ltr'>Leonem</span> 
     </span>
    </p>
   </div>
   <div class='ocr_carea' id='block_1_15' title="bbox 115 1358 1765 1431">
    <p class='ocr_par' dir='ltr' id='par_1_15' title="bbox 115 1358 1765 1431">
     <span class='ocr_line' id='line_1_17' title="bbox 115 1358 1765 1431; baseline -0.002 -16"><span class='ocrx_word' id='word_1_102' title='bbox 115 1360 417 1426; x_wconf 82' lang='lat' dir='ltr'>Allatium,</span> <span class='ocrx_word' id='word_1_103' title='bbox 463 1361 609 1416; x_wconf 91' lang='lat' dir='ltr'>libro</span> <span class='ocrx_word' id='word_1_104' title='bbox 642 1361 837 1427; x_wconf 87' lang='lat' dir='ltr'>citato,</span> <span class='ocrx_word' id='word_1_105' title='bbox 888 1378 942 1431; x_wconf 92' lang='lat' dir='ltr'>p.</span> <span class='ocrx_word' id='word_1_106' title='bbox 976 1362 1168 1431; x_wconf 11' lang='lat' dir='ltr'>57tget</span> <span class='ocrx_word' id='word_1_107' title='bbox 1217 1360 1617 1430; x_wconf 84' lang='lat' dir='ltr'>sequentibus,</span> <span class='ocrx_word' id='word_1_108' title='bbox 1666 1358 1765 1431; x_wconf 79' lang='lat' dir='ltr'>ubi</span> 
     </span>
    </p>
   </div>
   <div class='ocr_carea' id='block_1_16' title="bbox 117 1428 1768 1505">
    <p class='ocr_par' dir='ltr' id='par_1_16' title="bbox 117 1428 1768 1505">
     <span class='ocr_line' id='line_1_18' title="bbox 117 1428 1768 1505; baseline -0.002 -18"><span class='ocrx_word' id='word_1_109' title='bbox 117 1434 291 1488; x_wconf 91' lang='lat' dir='ltr'>etiam</span> <span class='ocrx_word' id='word_1_110' title='bbox 333 1433 670 1505; x_wconf 67' lang='lat' dir='ltr'>praedictam</span> <span class='ocrx_word' id='word_1_111' title='bbox 712 1428 918 1487; x_wconf 77' lang='lat' dir='ltr'>Felicis</span> <span class='ocrx_word' id='word_1_112' title='bbox 961 1429 1233 1487; x_wconf 85' lang='lat' dir='ltr'>fabellam</span> <span class='ocrx_word' id='word_1_113' title='bbox 1286 1428 1353 1485; x_wconf 83' lang='lat' dir='ltr'>ex</span> <span class='ocrx_word' id='word_1_114' title='bbox 1397 1431 1651 1502; x_wconf 90' lang='lat' dir='ltr'>quodam</span> <span class='ocrx_word' id='word_1_115' title='bbox 1684 1428 1768 1485; x_wconf 87' lang='lat' dir='ltr'>Si-</span> 
     </span>
    </p>
   </div>
   <div class='ocr_carea' id='block_1_17' title="bbox 1886 642 3527 715">
    <p class='ocr_par' dir='ltr' id='par_1_17' title="bbox 1886 642 3527 715">
     <span class='ocr_line' id='line_1_19' title="bbox 1886 642 3527 715; baseline 0.001 -17"><span class='ocrx_word' id='word_1_116' title='bbox 1886 661 2086 699; x_wconf 88' lang='lat' dir='ltr'>corum</span> <span class='ocrx_word' id='word_1_117' title='bbox 2118 642 2511 697; x_wconf 83' lang='lat' dir='ltr'>recentiorum</span> <span class='ocrx_word' id='word_1_118' title='bbox 2554 643 2853 715; x_wconf 79' lang='lat' dir='ltr'>figmenta,</span> <span class='ocrx_word' id='word_1_119' title='bbox 2887 658 2961 699; x_wconf 89' lang='lat' dir='ltr'>ne</span> <span class='ocrx_word' id='word_1_120' title='bbox 3003 646 3236 715; x_wconf 87' lang='lat' dir='ltr'>tempus</span> <span class='ocrx_word' id='word_1_121' title='bbox 3264 642 3327 697; x_wconf 90' lang='lat' dir='ltr'>in</span> <span class='ocrx_word' id='word_1_122' title='bbox 3356 643 3527 714; x_wconf 84' lang='lat' dir='ltr'>nugis</span> 
     </span>
    </p>
   </div>
   <div class='ocr_carea' id='block_1_18' title="bbox 1882 716 2526 785">
    <p class='ocr_par' dir='ltr' id='par_1_18' title="bbox 1882 716 2526 785">
     <span class='ocr_line' id='line_1_20' title="bbox 1882 716 2526 785; baseline -0.002 -15"><span class='ocrx_word' id='word_1_123' title='bbox 1882 716 2164 770; x_wconf 86' lang='lat' dir='ltr'>inutiliter</span> <span class='ocrx_word' id='word_1_124' title='bbox 2196 716 2526 785; x_wconf 82' lang='lat' dir='ltr'>prodigam.</span> 
     </span>
    </p>
   </div>
   <div class='ocr_carea' id='block_1_19' title="bbox 1948 783 3527 866">
    <p class='ocr_par' dir='ltr' id='par_1_19' title="bbox 1948 783 3527 866">
     <span class='ocr_line' id='line_1_21' title="bbox 1948 783 3527 866; baseline -0.001 -26"><span class='ocrx_word' id='word_1_125' title='bbox 1948 791 2077 840; x_wconf 66' lang='lat' dir='ltr'>Haec</span> <span class='ocrx_word' id='word_1_126' title='bbox 2108 783 2302 866; x_wconf 76' lang='lat' dir='ltr'>autem</span> <span class='ocrx_word' id='word_1_127' title='bbox 2337 786 2568 866; x_wconf 71' lang='lat' dir='ltr'>scripsi,</span> <span class='ocrx_word' id='word_1_128' title='bbox 2604 788 2666 837; x_wconf 91' lang='lat' dir='ltr'>ut</span> <span class='ocrx_word' id='word_1_129' title='bbox 2697 785 2959 866; x_wconf 75' lang='lat' dir='ltr'>studium</span> <span class='ocrx_word' id='word_1_130' title='bbox 2994 787 3252 866; x_wconf 44' lang='lat' dir='ltr'>tuumnet</span> <span class='ocrx_word' id='word_1_131' title='bbox 3283 783 3527 866; x_wconf 41' lang='lat' dir='ltr'>diligent</span> 
     </span>
    </p>
   </div>
   <div class='ocr_carea' id='block_1_20' title="bbox 1878 856 3527 927">
    <p class='ocr_par' dir='ltr' id='par_1_20' title="bbox 1878 856 3527 927">
     <span class='ocr_line' id='line_1_22' title="bbox 1878 856 3527 927; baseline 0 -16"><span class='ocrx_word' id='word_1_132' title='bbox 1878 857 2018 913; x_wconf 85' lang='lat' dir='ltr'>tiam</span> <span class='ocrx_word' id='word_1_133' title='bbox 2049 859 2380 923; x_wconf 80' lang='lat' dir='ltr'>excitarem,</span> <span class='ocrx_word' id='word_1_134' title='bbox 2425 856 2577 910; x_wconf 89' lang='lat' dir='ltr'>sicut</span> <span class='ocrx_word' id='word_1_135' title='bbox 2607 856 2888 927; x_wconf 89' lang='lat' dir='ltr'>scriptum</span> <span class='ocrx_word' id='word_1_136' title='bbox 2923 862 3013 911; x_wconf 84' lang='lat' dir='ltr'>est</span> <span class='ocrx_word' id='word_1_137' title='bbox 3044 878 3060 911; x_wconf 92' lang='lat'><strong><em>:</em></strong></span> <span class='ocrx_word' id='word_1_138' title='bbox 3096 880 3123 906; x_wconf 89' lang='grc'>‹‹</span> <span class='ocrx_word' id='word_1_139' title='bbox 3164 857 3249 911; x_wconf 93' lang='lat' dir='ltr'>Da</span> <span class='ocrx_word' id='word_1_140' title='bbox 3279 856 3527 926; x_wconf 85' lang='lat' dir='ltr'>sapienti</span> 
     </span>
    </p>
   </div>
   <div class='ocr_carea' id='block_1_21' title="bbox 1879 928 3524 998">
    <p class='ocr_par' dir='ltr' id='par_1_21' title="bbox 1879 928 3524 998">
     <span class='ocr_line' id='line_1_23' title="bbox 1879 928 3524 998; baseline -0.002 -16"><span class='ocrx_word' id='word_1_141' title='bbox 1879 930 2264 989; x_wconf 69' lang='lat' dir='ltr'>occasionem,</span> <span class='ocrx_word' id='word_1_142' title='bbox 2298 934 2354 982; x_wconf 90' lang='lat' dir='ltr'>et</span> <span class='ocrx_word' id='word_1_143' title='bbox 2386 929 2631 982; x_wconf 88' lang='lat' dir='ltr'>addetur</span> <span class='ocrx_word' id='word_1_144' title='bbox 2660 928 2710 981; x_wconf 94' lang='lat' dir='ltr'>ei</span> <span class='ocrx_word' id='word_1_145' title='bbox 2744 929 3033 998; x_wconf 84' lang='lat' dir='ltr'>sapientia</span> <span class='ocrx_word' id='word_1_146' title='bbox 3065 931 3248 997; x_wconf 82' lang='lat' dir='ltr'>(Prov.</span> <span class='ocrx_word' id='word_1_147' title='bbox 3285 945 3366 993; x_wconf 85' lang='lat' dir='ltr'>ix,</span> <span class='ocrx_word' id='word_1_148' title='bbox 3393 928 3524 998; x_wconf 83' lang='lat'>9).»</span> 
     </span>
    </p>
   </div>
   <div class='ocr_carea' id='block_1_22' title="bbox 1878 998 3527 1070">
    <p class='ocr_par' dir='ltr' id='par_1_22' title="bbox 1878 998 3527 1070">
     <span class='ocr_line' id='line_1_24' title="bbox 1878 998 3527 1070; baseline 0.001 -19"><span class='ocrx_word' id='word_1_149' title='bbox 1878 1006 2156 1054; x_wconf 64' lang='lat' dir='ltr'>(lictorum</span> <span class='ocrx_word' id='word_1_150' title='bbox 2210 1002 2386 1054; x_wconf 78' lang='lat' dir='ltr'>Deum</span> <span class='ocrx_word' id='word_1_151' title='bbox 2437 1017 2556 1063; x_wconf 91' lang='lat' dir='ltr'>oro,</span> <span class='ocrx_word' id='word_1_152' title='bbox 2598 1004 2661 1051; x_wconf 88' lang='lat' dir='ltr'>ut</span> <span class='ocrx_word' id='word_1_153' title='bbox 2701 1000 2917 1053; x_wconf 84' lang='lat' dir='ltr'>incerta</span> <span class='ocrx_word' id='word_1_154' title='bbox 2947 1006 3003 1055; x_wconf 90' lang='lat' dir='ltr'>et</span> <span class='ocrx_word' id='word_1_155' title='bbox 3034 1000 3265 1053; x_wconf 87' lang='lat' dir='ltr'>occulta</span> <span class='ocrx_word' id='word_1_156' title='bbox 3295 998 3527 1070; x_wconf 87' lang='lat' dir='ltr'>sapien-</span> 
     </span>
    </p>
   </div>
   <div class='ocr_carea' id='block_1_23' title="bbox 1879 1070 3527 1142">
    <p class='ocr_par' dir='ltr' id='par_1_23' title="bbox 1879 1070 3527 1142">
     <span class='ocr_line' id='line_1_25' title="bbox 1879 1070 3527 1142; baseline 0.001 -18"><span class='ocrx_word' id='word_1_157' title='bbox 1879 1073 1970 1125; x_wconf 64' lang='lat' dir='ltr'>tize</span> <span class='ocrx_word' id='word_1_158' title='bbox 2004 1090 2117 1125; x_wconf 71' lang='lat' dir='ltr'>sure</span> <span class='ocrx_word' id='word_1_159' title='bbox 2153 1074 2485 1125; x_wconf 77' lang='lat' dir='ltr'>manii‘estet</span> <span class='ocrx_word' id='word_1_160' title='bbox 2514 1070 2703 1136; x_wconf 80' lang='lat' dir='ltr'>nobis,</span> <span class='ocrx_word' id='word_1_161' title='bbox 2751 1072 2961 1141; x_wconf 78' lang='lat' dir='ltr'>detque</span> <span class='ocrx_word' id='word_1_162' title='bbox 3002 1071 3262 1142; x_wconf 85' lang='lat' dir='ltr'>idipsum</span> <span class='ocrx_word' id='word_1_163' title='bbox 3320 1086 3527 1142; x_wconf 81' lang='lat' dir='ltr'>sapere</span> 
     </span>
    </p>
   </div>
   <div class='ocr_carea' id='block_1_24' title="bbox 1878 1140 3524 1212">
    <p class='ocr_par' dir='ltr' id='par_1_24' title="bbox 1878 1140 3524 1212">
     <span class='ocr_line' id='line_1_26' title="bbox 1878 1140 3524 1212; baseline 0 -17"><span class='ocrx_word' id='word_1_164' title='bbox 1878 1142 1936 1196; x_wconf 92' lang='lat' dir='ltr'>in</span> <span class='ocrx_word' id='word_1_165' title='bbox 1971 1142 2318 1196; x_wconf 81' lang='lat' dir='ltr'>alterutrum</span> <span class='ocrx_word' id='word_1_166' title='bbox 2360 1142 2682 1195; x_wconf 89' lang='lat' dir='ltr'>secundum</span> <span class='ocrx_word' id='word_1_167' title='bbox 2712 1140 2913 1196; x_wconf 85' lang='lat' dir='ltr'>Jesum</span> <span class='ocrx_word' id='word_1_168' title='bbox 2956 1140 3281 1206; x_wconf 81' lang='lat' dir='ltr'>Christum,</span> <span class='ocrx_word' id='word_1_169' title='bbox 3315 1140 3410 1212; x_wconf 61' lang='lat' dir='ltr'>ut;</span> <span class='ocrx_word' id='word_1_170' title='bbox 3437 1140 3524 1196; x_wconf 87' lang='lat' dir='ltr'>si—</span> 
     </span>
    </p>
   </div>
   <div class='ocr_carea' id='block_1_25' title="bbox 1879 1212 3524 1284">
    <p class='ocr_par' dir='ltr' id='par_1_25' title="bbox 1879 1212 3524 1284">
     <span class='ocr_line' id='line_1_27' title="bbox 1879 1212 3524 1284; baseline -0.001 -16"><span class='ocrx_word' id='word_1_171' title='bbox 1879 1219 1977 1268; x_wconf 89' lang='lat' dir='ltr'>cut</span> <span class='ocrx_word' id='word_1_172' title='bbox 2026 1214 2291 1267; x_wconf 83' lang='lat' dir='ltr'>hortatur</span> <span class='ocrx_word' id='word_1_173' title='bbox 2341 1212 2654 1283; x_wconf 86' lang='lat' dir='ltr'>Apostolus</span> <span class='ocrx_word' id='word_1_174' title='bbox 2705 1228 2717 1265; x_wconf 89' lang='lat'>:</span> <span class='ocrx_word' id='word_1_175' title='bbox 2761 1236 2787 1263; x_wconf 91' lang='grc'>‹‹</span> <span class='ocrx_word' id='word_1_176' title='bbox 2840 1216 3165 1284; x_wconf 80' lang='lat' dir='ltr'>Expurgato</span> <span class='ocrx_word' id='word_1_177' title='bbox 3194 1212 3375 1284; x_wconf 83' lang='lat' dir='ltr'>veteri</span> <span class='ocrx_word' id='word_1_178' title='bbox 3408 1212 3524 1284; x_wconf 82' lang='lat' dir='ltr'>fer-</span> 
     </span>
    </p>
   </div>
   <div class='ocr_carea' id='block_1_26' title="bbox 1879 1282 3523 1411">
    <p class='ocr_par' dir='ltr' id='par_1_26' title="bbox 1879 1282 3523 1411">
     <span class='ocr_line' id='line_1_28' title="bbox 1879 1282 3523 1411; baseline -0.001 -73"><span class='ocrx_word' id='word_1_179' title='bbox 1879 1290 2075 1411; x_wconf 53' lang='lat' dir='ltr'>g.%nto</span> <span class='ocrx_word' id='word_1_180' title='bbox 2108 1284 2413 1411; x_wconf 46' lang='lat' dir='ltr'>epiégemur</span> <span class='ocrx_word' id='word_1_181' title='bbox 2443 1286 2500 1339; x_wconf 90' lang='lat' dir='ltr'>in</span> <span class='ocrx_word' id='word_1_182' title='bbox 2533 1283 2750 1355; x_wconf 78' lang='lat' dir='ltr'>azymis</span> <span class='ocrx_word' id='word_1_183' title='bbox 2792 1282 3140 1340; x_wconf 80' lang='lat' dir='ltr'>sinceritatis</span> <span class='ocrx_word' id='word_1_184' title='bbox 3170 1289 3227 1339; x_wconf 90' lang='lat' dir='ltr'>et</span> <span class='ocrx_word' id='word_1_185' title='bbox 3256 1282 3523 1339; x_wconf 83' lang='lat' dir='ltr'>veritatis</span> 
     </span>
     <span class='ocr_line' id='line_1_29' title="bbox 1994 1372 2325 1409; baseline -0.003 0"><span class='ocrx_word' id='word_1_186' title='bbox 1994 1372 2072 1409; x_wconf 86' lang='lat' dir='ltr'>or.</span> <span class='ocrx_word' id='word_1_187' title='bbox 2106 1372 2158 1409; x_wconf 86' lang='lat' dir='ltr'>v.</span> <span class='ocrx_word' id='word_1_188' title='bbox 2258 1397 2269 1408; x_wconf 98' lang='lat'>.</span> <span class='ocrx_word' id='word_1_189' title='bbox 2298 1376 2325 1404; x_wconf 84' lang='lat'><strong>»</strong></span> 
     </span>
    </p>
   </div>
   <div class='ocr_carea' id='block_1_27' title="bbox 1900 1358 2325 1421">
    <p class='ocr_par' dir='ltr' id='par_1_27' title="bbox 1900 1358 2325 1421">
     <span class='ocr_line' id='line_1_30' title="bbox 1900 1358 2325 1421; baseline -0.007 -10"><span class='ocrx_word' id='word_1_190' title='bbox 1900 1359 1922 1411; x_wconf 84' lang='grc' dir='ltr'><em>Ι</em></span> <span class='ocrx_word' id='word_1_191' title='bbox 1952 1358 2072 1411; x_wconf 87' lang='lat' dir='ltr'>Cor.</span> <span class='ocrx_word' id='word_1_192' title='bbox 2106 1372 2158 1409; x_wconf 85' lang='lat' dir='ltr'>v.</span> <span class='ocrx_word' id='word_1_193' title='bbox 2193 1358 2269 1421; x_wconf 86' lang='lat'>8).</span> <span class='ocrx_word' id='word_1_194' title='bbox 2298 1376 2325 1404; x_wconf 84' lang='lat'>»</span> 
     </span>
    </p>
   </div>
   <div class='ocr_carea' id='block_1_28' title="bbox 1878 1358 2800 1494">
    <p class='ocr_par' dir='ltr' id='par_1_28' title="bbox 1878 1358 2800 1494">
     <span class='ocr_line' id='line_1_31' title="bbox 1878 1358 2325 1428; baseline -0.016 -17"><span class='ocrx_word' id='word_1_195' title='bbox 1878 1358 1922 1428; x_wconf 83' lang='grc' dir='ltr'>(Ι</span> <span class='ocrx_word' id='word_1_196' title='bbox 1952 1358 2072 1411; x_wconf 87' lang='lat' dir='ltr'>Cor.</span> <span class='ocrx_word' id='word_1_197' title='bbox 2106 1372 2158 1409; x_wconf 85' lang='lat' dir='ltr'>v.</span> <span class='ocrx_word' id='word_1_198' title='bbox 2193 1358 2269 1421; x_wconf 87' lang='lat'>8).</span> <span class='ocrx_word' id='word_1_199' title='bbox 2298 1376 2325 1404; x_wconf 83' lang='lat'><strong>»</strong></span> 
     </span>
     <span class='ocr_line' id='line_1_32' title="bbox 1950 1425 2800 1494; baseline -0.002 -12"><span class='ocrx_word' id='word_1_200' title='bbox 1950 1428 2166 1494; x_wconf 67' lang='lat' dir='ltr'>Romae,</span> <span class='ocrx_word' id='word_1_201' title='bbox 2200 1426 2294 1482; x_wconf 92' lang='lat' dir='ltr'>die</span> <span class='ocrx_word' id='word_1_202' title='bbox 2326 1428 2386 1481; x_wconf 73' lang='grc' dir='ltr'>Η</span> <span class='ocrx_word' id='word_1_203' title='bbox 2423 1425 2613 1482; x_wconf 84' lang='lat' dir='ltr'>Martii</span> <span class='ocrx_word' id='word_1_204' title='bbox 2643 1426 2800 1482; x_wconf 68' lang='lat'>1673.</span> 
     </span>
    </p>
   </div>
   <div class='ocr_carea' id='block_1_29' title="bbox 118 1634 3527 1661">
    <p class='ocr_par' dir='ltr' id='par_1_29' title="bbox 118 1634 3527 1661">
     <span class='ocr_line' id='line_1_33' title="bbox 118 1634 3527 1661; baseline -0.001 -2"><span class='ocrx_word' id='word_1_205' title='bbox 118 1634 3527 1661; x_wconf 50' lang='grc' dir='ltr'><strong>Μ</strong></span> 
     </span>
    </p>
   </div>
   <div class='ocr_carea' id='block_1_30' title="bbox 1241 1834 2403 1971">
    <p class='ocr_par' dir='ltr' id='par_1_30' title="bbox 1241 1834 2403 1971">
     <span class='ocr_line' id='line_1_34' title="bbox 1241 1834 2403 1971; baseline 0 -1"><span class='ocrx_word' id='word_1_206' title='bbox 1241 1834 2403 1971; x_wconf 82' lang='lat' dir='ltr'>DISSEBTATIO</span> 
     </span>
    </p>
   </div>
   <div class='ocr_carea' id='block_1_31' title="bbox 776 2116 2863 2192">
    <p class='ocr_par' dir='ltr' id='par_1_31' title="bbox 776 2116 2863 2192">
     <span class='ocr_line' id='line_1_35' title="bbox 776 2116 2863 2192; baseline -0.001 -13"><span class='ocrx_word' id='word_1_207' title='bbox 776 2121 880 2180; x_wconf 88' lang='lat' dir='ltr'>DE</span> <span class='ocrx_word' id='word_1_208' title='bbox 924 2120 1133 2181; x_wconf 83' lang='lat' dir='ltr'>PANE</span> <span class='ocrx_word' id='word_1_209' title='bbox 1176 2118 1778 2192; x_wconf 81' lang='lat' dir='ltr'>EUCHABISTICO,</span> <span class='ocrx_word' id='word_1_210' title='bbox 1825 2117 2126 2191; x_wconf 83' lang='grc' dir='ltr'>ΑΖΥΜΟ,</span> <span class='ocrx_word' id='word_1_211' title='bbox 2170 2116 2266 2177; x_wconf 85' lang='lat' dir='ltr'>AC</span> <span class='ocrx_word' id='word_1_212' title='bbox 2310 2116 2863 2179; x_wconf 83' lang='lat' dir='ltr'>FERMENTATO.</span> 
     </span>
    </p>
   </div>
   <div class='ocr_carea' id='block_1_32' title="bbox 116 2478 3527 2591">
    <p class='ocr_par' dir='ltr' id='par_1_32' title="bbox 116 2478 3527 2591">
     <span class='ocr_line' id='line_1_36' title="bbox 116 2478 3527 2591; baseline 0 -17"><span class='ocrx_word' id='word_1_213' title='bbox 116 2518 705 2575; x_wconf 78' lang='lat' dir='ltr'>DlSSERTATIONIS</span> <span class='ocrx_word' id='word_1_214' title='bbox 755 2520 1047 2575; x_wconf 81' lang='lat' dir='ltr'>OCCASIO</span> <span class='ocrx_word' id='word_1_215' title='bbox 1098 2520 1187 2575; x_wconf 83' lang='lat' dir='ltr'>ET</span> <span class='ocrx_word' id='word_1_216' title='bbox 1223 2478 1766 2575; x_wconf 39' lang='lat' dir='ltr'>.ARGUMENTUM.</span> <span class='ocrx_word' id='word_1_217' title='bbox 1799 2517 1849 2585; x_wconf 89' lang='lat' dir='ltr'><strong>B</strong></span> <span class='ocrx_word' id='word_1_218' title='bbox 1883 2518 2016 2573; x_wconf 88' lang='lat' dir='ltr'>nius</span> <span class='ocrx_word' id='word_1_219' title='bbox 2048 2533 2255 2572; x_wconf 88' lang='lat' dir='ltr'>omnes</span> <span class='ocrx_word' id='word_1_220' title='bbox 2278 2518 2349 2571; x_wconf 83' lang='lat' dir='ltr'>ad</span> <span class='ocrx_word' id='word_1_221' title='bbox 2383 2517 2491 2572; x_wconf 89' lang='lat' dir='ltr'>hoc</span> <span class='ocrx_word' id='word_1_222' title='bbox 2513 2516 2708 2589; x_wconf 90' lang='lat' dir='ltr'>ipsum</span> <span class='ocrx_word' id='word_1_223' title='bbox 2734 2521 2802 2572; x_wconf 90' lang='lat' dir='ltr'>ut</span> <span class='ocrx_word' id='word_1_224' title='bbox 2831 2533 2937 2573; x_wconf 87' lang='lat' dir='ltr'>sua</span> <span class='ocrx_word' id='word_1_225' title='bbox 2965 2516 3147 2574; x_wconf 89' lang='lat' dir='ltr'>libere</span> <span class='ocrx_word' id='word_1_226' title='bbox 3174 2522 3527 2591; x_wconf 86' lang='lat' dir='ltr'>promerent,</span> 
     </span>
    </p>
   </div>
   <div class='ocr_carea' id='block_1_33' title="bbox 187 2609 1765 2665">
    <p class='ocr_par' dir='ltr' id='par_1_33' title="bbox 187 2609 1765 2665">
     <span class='ocr_line' id='line_1_37' title="bbox 187 2609 1765 2665; baseline 0 -2"><span class='ocrx_word' id='word_1_227' title='bbox 187 2612 330 2663; x_wconf 90' lang='lat' dir='ltr'>Cum</span> <span class='ocrx_word' id='word_1_228' title='bbox 364 2609 588 2663; x_wconf 86' lang='lat' dir='ltr'>edendo</span> <span class='ocrx_word' id='word_1_229' title='bbox 625 2613 761 2664; x_wconf 86' lang='lat' dir='ltr'>Acta</span> <span class='ocrx_word' id='word_1_230' title='bbox 784 2614 1121 2665; x_wconf 90' lang='lat' dir='ltr'>sanctorum</span> <span class='ocrx_word' id='word_1_231' title='bbox 1156 2614 1488 2665; x_wconf 84' lang='lat' dir='ltr'>nostrorum</span> <span class='ocrx_word' id='word_1_232' title='bbox 1525 2610 1765 2663; x_wconf 91' lang='lat' dir='ltr'>incidis-</span> 
     </span>
    </p>
   </div>
   <div class='ocr_carea' id='block_1_34' title="bbox 115 2696 1768 2770">
    <p class='ocr_par' dir='ltr' id='par_1_34' title="bbox 115 2696 1768 2770">
     <span class='ocr_line' id='line_1_38' title="bbox 115 2696 1768 2770; baseline -0.001 -17"><span class='ocrx_word' id='word_1_233' title='bbox 115 2714 240 2753; x_wconf 89' lang='lat' dir='ltr'>sem</span> <span class='ocrx_word' id='word_1_234' title='bbox 276 2698 334 2752; x_wconf 94' lang='lat' dir='ltr'>in</span> <span class='ocrx_word' id='word_1_235' title='bbox 365 2698 632 2769; x_wconf 70' lang='lat' dir='ltr'>qurcdam</span> <span class='ocrx_word' id='word_1_236' title='bbox 659 2699 781 2752; x_wconf 90' lang='lat' dir='ltr'>loca</span> <span class='ocrx_word' id='word_1_237' title='bbox 807 2716 908 2770; x_wconf 91' lang='lat' dir='ltr'>pro</span> <span class='ocrx_word' id='word_1_238' title='bbox 932 2715 1266 2769; x_wconf 79' lang='lat' dir='ltr'>azymorum</span> <span class='ocrx_word' id='word_1_239' title='bbox 1292 2716 1399 2754; x_wconf 89' lang='lat' dir='ltr'>usu</span> <span class='ocrx_word' id='word_1_240' title='bbox 1434 2699 1491 2752; x_wconf 88' lang='lat' dir='ltr'>in</span> <span class='ocrx_word' id='word_1_241' title='bbox 1518 2696 1768 2752; x_wconf 76' lang='lat' dir='ltr'>Ecclesia</span> 
     </span>
    </p>
   </div>
   <div class='ocr_carea' id='block_1_35' title="bbox 118 2786 1767 2858">
    <p class='ocr_par' dir='ltr' id='par_1_35' title="bbox 118 2786 1767 2858">
     <span class='ocr_line' id='line_1_39' title="bbox 118 2786 1767 2858; baseline -0.001 -17"><span class='ocrx_word' id='word_1_242' title='bbox 118 2786 345 2853; x_wconf 89' lang='lat' dir='ltr'>Latina,</span> <span class='ocrx_word' id='word_1_243' title='bbox 379 2802 466 2851; x_wconf 90' lang='lat' dir='ltr'>ea,</span> <span class='ocrx_word' id='word_1_244' title='bbox 502 2804 661 2841; x_wconf 92' lang='lat' dir='ltr'>more</span> <span class='ocrx_word' id='word_1_245' title='bbox 694 2803 843 2852; x_wconf 89' lang='lat' dir='ltr'>meo,</span> <span class='ocrx_word' id='word_1_246' title='bbox 876 2788 1229 2858; x_wconf 89' lang='lat' dir='ltr'>quibusdam</span> <span class='ocrx_word' id='word_1_247' title='bbox 1264 2787 1767 2842; x_wconf 85' lang='lat' dir='ltr'>observationibus</span> 
     </span>
    </p>
   </div>
   <div class='ocr_carea' id='block_1_36' title="bbox 116 2873 1766 2945">
    <p class='ocr_par' dir='ltr' id='par_1_36' title="bbox 116 2873 1766 2945">
     <span class='ocr_line' id='line_1_40' title="bbox 116 2873 1766 2945; baseline -0.002 -16"><span class='ocrx_word' id='word_1_248' title='bbox 116 2874 417 2929; x_wconf 88' lang='lat' dir='ltr'>illustrare</span> <span class='ocrx_word' id='word_1_249' title='bbox 447 2873 637 2928; x_wconf 91' lang='lat' dir='ltr'>visum</span> <span class='ocrx_word' id='word_1_250' title='bbox 671 2878 777 2937; x_wconf 91' lang='lat' dir='ltr'>est,</span> <span class='ocrx_word' id='word_1_251' title='bbox 813 2878 867 2928; x_wconf 88' lang='lat' dir='ltr'>et</span> <span class='ocrx_word' id='word_1_252' title='bbox 901 2874 1176 2943; x_wconf 85' lang='lat' dir='ltr'>conjectis</span> <span class='ocrx_word' id='word_1_253' title='bbox 1209 2874 1279 2927; x_wconf 90' lang='lat' dir='ltr'>iis</span> <span class='ocrx_word' id='word_1_254' title='bbox 1298 2891 1423 2944; x_wconf 62' lang='lat' dir='ltr'>quae</span> <span class='ocrx_word' id='word_1_255' title='bbox 1458 2873 1599 2927; x_wconf 87' lang='lat' dir='ltr'>mihi</span> <span class='ocrx_word' id='word_1_256' title='bbox 1624 2889 1766 2945; x_wconf 90' lang='lat' dir='ltr'>pene</span> 
     </span>
    </p>
   </div>
   <div class='ocr_carea' id='block_1_37' title="bbox 117 2962 1769 3034">
    <p class='ocr_par' dir='ltr' id='par_1_37' title="bbox 117 2962 1769 3034">
     <span class='ocr_line' id='line_1_41' title="bbox 117 2962 1769 3034; baseline -0.002 -15"><span class='ocrx_word' id='word_1_257' title='bbox 117 2964 288 3019; x_wconf 91' lang='lat' dir='ltr'>obvia</span> <span class='ocrx_word' id='word_1_258' title='bbox 318 2964 478 3017; x_wconf 91' lang='lat' dir='ltr'>fuere</span> <span class='ocrx_word' id='word_1_259' title='bbox 510 2963 875 3034; x_wconf 83' lang='lat' dir='ltr'>argumentis</span> <span class='ocrx_word' id='word_1_260' title='bbox 908 2963 1211 3017; x_wconf 88' lang='lat' dir='ltr'>ostendere</span> <span class='ocrx_word' id='word_1_261' title='bbox 1252 2979 1423 3017; x_wconf 90' lang='lat' dir='ltr'>usum</span> <span class='ocrx_word' id='word_1_262' title='bbox 1456 2962 1611 3015; x_wconf 91' lang='lat' dir='ltr'>hunc</span> <span class='ocrx_word' id='word_1_263' title='bbox 1641 2978 1769 3016; x_wconf 88' lang='lat' dir='ltr'>esse</span> 
     </span>
    </p>
   </div>
   <div class='ocr_carea' id='block_1_38' title="bbox 118 3049 1767 3124">
    <p class='ocr_par' dir='ltr' id='par_1_38' title="bbox 118 3049 1767 3124">
     <span class='ocr_line' id='line_1_42' title="bbox 118 3049 1767 3124; baseline -0.004 -17"><span class='ocrx_word' id='word_1_264' title='bbox 118 3053 517 3124; x_wconf 87' lang='lat' dir='ltr'>antiquiorem</span> <span class='ocrx_word' id='word_1_265' title='bbox 542 3068 721 3121; x_wconf 85' lang='lat' dir='ltr'>quam</span> <span class='ocrx_word' id='word_1_266' title='bbox 745 3050 1000 3106; x_wconf 85' lang='lat' dir='ltr'>Jacobus</span> <span class='ocrx_word' id='word_1_267' title='bbox 1029 3052 1403 3117; x_wconf 87' lang='lat' dir='ltr'>Sirmundus,</span> <span class='ocrx_word' id='word_1_268' title='bbox 1427 3051 1521 3105; x_wconf 81' lang='lat' dir='ltr'>vix</span> <span class='ocrx_word' id='word_1_269' title='bbox 1550 3049 1767 3105; x_wconf 69' lang='lat' dir='ltr'>eximia:</span> 
     </span>
    </p>
   </div>
   <div class='ocr_carea' id='block_1_39' title="bbox 117 3138 1771 3205">
    <p class='ocr_par' dir='ltr' id='par_1_39' title="bbox 117 3138 1771 3205">
     <span class='ocr_line' id='line_1_43' title="bbox 117 3138 1771 3205; baseline -0.003 -8"><span class='ocrx_word' id='word_1_270' title='bbox 117 3139 958 3205; x_wconf 74' lang='lat' dir='ltr'>eruditionis,existimaverat.</span> <span class='ocrx_word' id='word_1_271' title='bbox 994 3140 1138 3195; x_wconf 78' lang='lat' dir='ltr'>Nota</span> <span class='ocrx_word' id='word_1_272' title='bbox 1159 3146 1245 3195; x_wconf 89' lang='lat' dir='ltr'>est</span> <span class='ocrx_word' id='word_1_273' title='bbox 1276 3140 1558 3195; x_wconf 89' lang='lat' dir='ltr'>studiosis</span> <span class='ocrx_word' id='word_1_274' title='bbox 1586 3138 1771 3194; x_wconf 86' lang='lat' dir='ltr'>omni-</span> 
     </span>
    </p>
   </div>
   <div class='ocr_carea' id='block_1_40' title="bbox 118 3228 1776 3299">
    <p class='ocr_par' dir='ltr' id='par_1_40' title="bbox 118 3228 1776 3299">
     <span class='ocr_line' id='line_1_44' title="bbox 118 3228 1776 3299; baseline -0.004 -12"><span class='ocrx_word' id='word_1_275' title='bbox 118 3233 229 3287; x_wconf 83' lang='lat' dir='ltr'>bus</span> <span class='ocrx_word' id='word_1_276' title='bbox 263 3231 370 3286; x_wconf 90' lang='lat' dir='ltr'>viri</span> <span class='ocrx_word' id='word_1_277' title='bbox 407 3228 718 3283; x_wconf 85' lang='lat' dir='ltr'>clarissimi</span> <span class='ocrx_word' id='word_1_278' title='bbox 752 3230 1039 3284; x_wconf 87' lang='lat' dir='ltr'>sententia</span> <span class='ocrx_word' id='word_1_279' title='bbox 1070 3229 1126 3283; x_wconf 94' lang='lat' dir='ltr'>in</span> <span class='ocrx_word' id='word_1_280' title='bbox 1168 3228 1451 3299; x_wconf 82' lang='lat' dir='ltr'>singulari</span> <span class='ocrx_word' id='word_1_281' title='bbox 1493 3228 1776 3299; x_wconf 87' lang='lat' dir='ltr'>Disquisi-</span> 
     </span>
    </p>
   </div>
   <div class='ocr_carea' id='block_1_41' title="bbox 118 3316 1771 3389">
    <p class='ocr_par' dir='ltr' id='par_1_41' title="bbox 118 3316 1771 3389">
     <span class='ocr_line' id='line_1_45' title="bbox 118 3316 1771 3389; baseline -0.002 -15"><span class='ocrx_word' id='word_1_282' title='bbox 118 3320 278 3375; x_wconf 83' lang='lat' dir='ltr'>tione</span> <span class='ocrx_word' id='word_1_283' title='bbox 311 3319 383 3373; x_wconf 91' lang='lat' dir='ltr'>de</span> <span class='ocrx_word' id='word_1_284' title='bbox 417 3334 638 3389; x_wconf 67' lang='lat' dir='ltr'>azyma,</span> <span class='ocrx_word' id='word_1_285' title='bbox 675 3317 952 3371; x_wconf 84' lang='lat' dir='ltr'>nimirum</span> <span class='ocrx_word' id='word_1_286' title='bbox 1006 3335 1212 3388; x_wconf 88' lang='lat' dir='ltr'>panem</span> <span class='ocrx_word' id='word_1_287' title='bbox 1256 3319 1667 3372; x_wconf 85' lang='lat' dir='ltr'>fermentatum</span> <span class='ocrx_word' id='word_1_288' title='bbox 1712 3316 1771 3371; x_wconf 88' lang='lat' dir='ltr'>in</span> 
     </span>
    </p>
   </div>
   <div class='ocr_carea' id='block_1_42' title="bbox 118 3405 1774 3463">
    <p class='ocr_par' dir='ltr' id='par_1_42' title="bbox 118 3405 1774 3463">
     <span class='ocr_line' id='line_1_46' title="bbox 118 3405 1774 3463; baseline -0.002 0"><span class='ocrx_word' id='word_1_289' title='bbox 118 3408 374 3463; x_wconf 89' lang='lat' dir='ltr'>Ecclesia</span> <span class='ocrx_word' id='word_1_290' title='bbox 411 3406 615 3461; x_wconf 89' lang='lat' dir='ltr'>Latina</span> <span class='ocrx_word' id='word_1_291' title='bbox 646 3406 847 3460; x_wconf 88' lang='lat' dir='ltr'>multis</span> <span class='ocrx_word' id='word_1_292' title='bbox 879 3424 971 3460; x_wconf 64' lang='lat' dir='ltr'>san</span> <span class='ocrx_word' id='word_1_293' title='bbox 995 3406 1109 3460; x_wconf 91' lang='lat' dir='ltr'>ulis</span> <span class='ocrx_word' id='word_1_294' title='bbox 1141 3406 1467 3460; x_wconf 84' lang='lat' dir='ltr'>adhibitum</span> <span class='ocrx_word' id='word_1_295' title='bbox 1501 3407 1557 3459; x_wconf 90' lang='lat' dir='ltr'>in</span> <span class='ocrx_word' id='word_1_296' title='bbox 1593 3405 1774 3460; x_wconf 90' lang='lat' dir='ltr'>missa</span> 
     </span>
    </p>
   </div>
   <div class='ocr_carea' id='block_1_43' title="bbox 115 3494 1773 3566">
    <p class='ocr_par' dir='ltr' id='par_1_43' title="bbox 115 3494 1773 3566">
     <span class='ocr_line' id='line_1_47' title="bbox 115 3494 1773 3566; baseline -0.003 -14"><span class='ocrx_word' id='word_1_297' title='bbox 115 3498 324 3565; x_wconf 84' lang='lat' dir='ltr'>fuisse,</span> <span class='ocrx_word' id='word_1_298' title='bbox 356 3499 413 3551; x_wconf 89' lang='lat' dir='ltr'>et</span> <span class='ocrx_word' id='word_1_299' title='bbox 447 3512 669 3566; x_wconf 70' lang='lat' dir='ltr'>azyma,</span> <span class='ocrx_word' id='word_1_300' title='bbox 694 3494 957 3549; x_wconf 86' lang='lat' dir='ltr'>Photiani</span> <span class='ocrx_word' id='word_1_301' title='bbox 983 3494 1288 3549; x_wconf 87' lang='lat' dir='ltr'>chismatis</span> <span class='ocrx_word' id='word_1_302' title='bbox 1320 3499 1596 3565; x_wconf 86' lang='lat' dir='ltr'>tempore,</span> <span class='ocrx_word' id='word_1_303' title='bbox 1634 3511 1773 3547; x_wconf 90' lang='lat' dir='ltr'>non-</span> 
     </span>
    </p>
   </div>
   <div class='ocr_carea' id='block_1_44' title="bbox 117 3582 1771 3655">
    <p class='ocr_par' dir='ltr' id='par_1_44' title="bbox 117 3582 1771 3655">
     <span class='ocr_line' id='line_1_48' title="bbox 117 3582 1771 3655; baseline -0.004 -13"><span class='ocrx_word' id='word_1_304' title='bbox 117 3586 259 3642; x_wconf 91' lang='lat' dir='ltr'>dum</span> <span class='ocrx_word' id='word_1_305' title='bbox 312 3588 570 3655; x_wconf 88' lang='lat' dir='ltr'>recepta,</span> <span class='ocrx_word' id='word_1_306' title='bbox 610 3584 710 3639; x_wconf 89' lang='lat' dir='ltr'>sed</span> <span class='ocrx_word' id='word_1_307' title='bbox 763 3587 990 3638; x_wconf 91' lang='lat' dir='ltr'>tantum</span> <span class='ocrx_word' id='word_1_308' title='bbox 1052 3583 1239 3637; x_wconf 87' lang='lat' dir='ltr'>medio</span> <span class='ocrx_word' id='word_1_309' title='bbox 1298 3582 1396 3637; x_wconf 90' lang='lat' dir='ltr'>illo</span> <span class='ocrx_word' id='word_1_310' title='bbox 1448 3582 1771 3651; x_wconf 89' lang='lat' dir='ltr'>intervallo,</span> 
     </span>
    </p>
   </div>
   <div class='ocr_carea' id='block_1_45' title="bbox 116 3672 1775 3748">
    <p class='ocr_par' dir='ltr' id='par_1_45' title="bbox 116 3672 1775 3748">
     <span class='ocr_line' id='line_1_49' title="bbox 116 3672 1775 3748; baseline -0.004 -16"><span class='ocrx_word' id='word_1_311' title='bbox 116 3676 275 3748; x_wconf 89' lang='lat' dir='ltr'>quod</span> <span class='ocrx_word' id='word_1_312' title='bbox 311 3674 469 3729; x_wconf 83' lang='lat' dir='ltr'>inter</span> <span class='ocrx_word' id='word_1_313' title='bbox 499 3673 757 3727; x_wconf 72' lang='lat' dir='ltr'>schisma</span> <span class='ocrx_word' id='word_1_314' title='bbox 808 3672 993 3727; x_wconf 91' lang='lat' dir='ltr'>Photii</span> <span class='ocrx_word' id='word_1_315' title='bbox 1036 3672 1599 3743; x_wconf 69' lang='lat' dir='ltr'>pseudopatriarchze</span> <span class='ocrx_word' id='word_1_316' title='bbox 1636 3675 1775 3726; x_wconf 86' lang='lat' dir='ltr'>Con—</span> 
     </span>
    </p>
   </div>
   <div class='ocr_carea' id='block_1_46' title="bbox 116 3760 1775 3834">
    <p class='ocr_par' dir='ltr' id='par_1_46' title="bbox 116 3760 1775 3834">
     <span class='ocr_line' id='line_1_50' title="bbox 116 3760 1775 3834; baseline -0.004 -14"><span class='ocrx_word' id='word_1_317' title='bbox 116 3761 658 3834; x_wconf 87' lang='lat' dir='ltr'>stantinopolitani,</span> <span class='ocrx_word' id='word_1_318' title='bbox 693 3762 1028 3832; x_wconf 78' lang='lat' dir='ltr'>pontilicalu</span> <span class='ocrx_word' id='word_1_319' title='bbox 1051 3760 1267 3815; x_wconf 83' lang='lat' dir='ltr'>Nicolai</span> <span class='ocrx_word' id='word_1_320' title='bbox 1305 3778 1462 3831; x_wconf 61' lang='lat' dir='ltr'>papin</span> <span class='ocrx_word' id='word_1_321' title='bbox 1490 3760 1684 3831; x_wconf 90' lang='lat' dir='ltr'>primi,</span> <span class='ocrx_word' id='word_1_322' title='bbox 1720 3764 1775 3813; x_wconf 81' lang='lat' dir='ltr'>et</span> 
     </span>
    </p>
   </div>
   <div class='ocr_carea' id='block_1_47' title="bbox 119 3848 1773 3921">
    <p class='ocr_par' dir='ltr' id='par_1_47' title="bbox 119 3848 1773 3921">
     <span class='ocr_line' id='line_1_51' title="bbox 119 3848 1773 3921; baseline -0.004 -12"><span class='ocrx_word' id='word_1_323' title='bbox 119 3854 373 3911; x_wconf 89' lang='lat' dir='ltr'>alterum</span> <span class='ocrx_word' id='word_1_324' title='bbox 402 3850 662 3906; x_wconf 87' lang='lat' dir='ltr'>schisma</span> <span class='ocrx_word' id='word_1_325' title='bbox 685 3848 984 3904; x_wconf 87' lang='lat' dir='ltr'>Michaelis</span> <span class='ocrx_word' id='word_1_326' title='bbox 1006 3848 1494 3904; x_wconf 81' lang='lat' dir='ltr'>Ccrulariiitidem</span> <span class='ocrx_word' id='word_1_327' title='bbox 1530 3849 1773 3921; x_wconf 88' lang='lat' dir='ltr'>patriar-</span> 
     </span>
    </p>
   </div>
   <div class='ocr_carea' id='block_1_48' title="bbox 119 3937 1778 4009">
    <p class='ocr_par' dir='ltr' id='par_1_48' title="bbox 119 3937 1778 4009">
     <span class='ocr_line' id='line_1_52' title="bbox 119 3937 1778 4009; baseline -0.004 -11"><span class='ocrx_word' id='word_1_328' title='bbox 119 3941 268 4009; x_wconf 66' lang='lat' dir='ltr'>chae,</span> <span class='ocrx_word' id='word_1_329' title='bbox 302 3941 537 3996; x_wconf 88' lang='lat' dir='ltr'>sedente</span> <span class='ocrx_word' id='word_1_330' title='bbox 575 3942 755 3992; x_wconf 85' lang='lat' dir='ltr'>Leone</span> <span class='ocrx_word' id='word_1_331' title='bbox 788 3954 938 4009; x_wconf 90' lang='lat' dir='ltr'>papa</span> <span class='ocrx_word' id='word_1_332' title='bbox 967 3954 1139 4002; x_wconf 91' lang='lat' dir='ltr'>nono,</span> <span class='ocrx_word' id='word_1_333' title='bbox 1173 3937 1415 4001; x_wconf 80' lang='lat' dir='ltr'>efﬂuxit,</span> <span class='ocrx_word' id='word_1_334' title='bbox 1451 3938 1506 3991; x_wconf 92' lang='lat' dir='ltr'>id</span> <span class='ocrx_word' id='word_1_335' title='bbox 1540 3942 1626 3991; x_wconf 91' lang='lat' dir='ltr'>est</span> <span class='ocrx_word' id='word_1_336' title='bbox 1659 3954 1778 3991; x_wconf 85' lang='lat' dir='ltr'>me-</span> 
     </span>
    </p>
   </div>
   <div class='ocr_carea' id='block_1_49' title="bbox 120 4025 1784 4097">
    <p class='ocr_par' dir='ltr' id='par_1_49' title="bbox 120 4025 1784 4097">
     <span class='ocr_line' id='line_1_53' title="bbox 120 4025 1784 4097; baseline -0.005 -10"><span class='ocrx_word' id='word_1_337' title='bbox 120 4032 219 4087; x_wconf 90' lang='lat' dir='ltr'>dio</span> <span class='ocrx_word' id='word_1_338' title='bbox 251 4029 355 4085; x_wconf 93' lang='lat' dir='ltr'>illo</span> <span class='ocrx_word' id='word_1_339' title='bbox 387 4034 648 4097; x_wconf 90' lang='lat' dir='ltr'>tempore</span> <span class='ocrx_word' id='word_1_340' title='bbox 678 4026 833 4097; x_wconf 88' lang='lat' dir='ltr'>quod</span> <span class='ocrx_word' id='word_1_341' title='bbox 866 4027 938 4080; x_wconf 89' lang='lat' dir='ltr'>ab</span> <span class='ocrx_word' id='word_1_342' title='bbox 971 4042 1121 4080; x_wconf 85' lang='lat' dir='ltr'>anno</span> <span class='ocrx_word' id='word_1_343' title='bbox 1154 4043 1275 4079; x_wconf 59' lang='lat' dir='ltr'>terre</span> <span class='ocrx_word' id='word_1_344' title='bbox 1308 4025 1646 4081; x_wconf 67' lang='lat' dir='ltr'>Christianae</span> <span class='ocrx_word' id='word_1_345' title='bbox 1681 4026 1784 4081; x_wconf 82' lang='lat'>867</span> 
     </span>
    </p>
   </div>
   <div class='ocr_carea' id='block_1_50' title="bbox 123 4113 1783 4187">
    <p class='ocr_par' dir='ltr' id='par_1_50' title="bbox 123 4113 1783 4187">
     <span class='ocr_line' id='line_1_54' title="bbox 123 4113 1783 4187; baseline -0.004 -11"><span class='ocrx_word' id='word_1_346' title='bbox 123 4121 196 4176; x_wconf 91' lang='lat' dir='ltr'>ad</span> <span class='ocrx_word' id='word_1_347' title='bbox 230 4114 731 4175; x_wconf 74' lang='lat' dir='ltr'>105iintercessit.</span> <span class='ocrx_word' id='word_1_348' title='bbox 758 4113 897 4170; x_wconf 87' lang='lat' dir='ltr'>Mihi</span> <span class='ocrx_word' id='word_1_349' title='bbox 919 4131 1050 4169; x_wconf 92' lang='lat' dir='ltr'>vero</span> <span class='ocrx_word' id='word_1_350' title='bbox 1082 4130 1212 4169; x_wconf 92' lang='lat' dir='ltr'>cum</span> <span class='ocrx_word' id='word_1_351' title='bbox 1246 4114 1469 4182; x_wconf 87' lang='lat' dir='ltr'>multis,</span> <span class='ocrx_word' id='word_1_352' title='bbox 1494 4121 1617 4169; x_wconf 91' lang='lat' dir='ltr'>tum</span> <span class='ocrx_word' id='word_1_353' title='bbox 1633 4133 1783 4187; x_wconf 66' lang='lat' dir='ltr'>prae-</span> 
     </span>
    </p>
   </div>
   <div class='ocr_carea' id='block_1_51' title="bbox 120 4204 1787 4281">
    <p class='ocr_par' dir='ltr' id='par_1_51' title="bbox 120 4204 1787 4281">
     <span class='ocr_line' id='line_1_55' title="bbox 120 4204 1787 4281; baseline -0.002 -16"><span class='ocrx_word' id='word_1_354' title='bbox 120 4209 295 4281; x_wconf 90' lang='lat' dir='ltr'>cipue</span> <span class='ocrx_word' id='word_1_355' title='bbox 347 4204 612 4261; x_wconf 83' lang='lat' dir='ltr'>Rhabani</span> <span class='ocrx_word' id='word_1_356' title='bbox 646 4204 1014 4267; x_wconf 87' lang='lat' dir='ltr'>auctoritate,</span> <span class='ocrx_word' id='word_1_357' title='bbox 1050 4221 1400 4275; x_wconf 89' lang='lat' dir='ltr'>persuasum</span> <span class='ocrx_word' id='word_1_358' title='bbox 1428 4210 1553 4259; x_wconf 87' lang='lat' dir='ltr'>erat</span> <span class='ocrx_word' id='word_1_359' title='bbox 1584 4222 1787 4275; x_wconf 72' lang='lat' dir='ltr'>azyma</span> 
     </span>
    </p>
   </div>
   <div class='ocr_carea' id='block_1_52' title="bbox 119 4292 1789 4353">
    <p class='ocr_par' dir='ltr' id='par_1_52' title="bbox 119 4292 1789 4353">
     <span class='ocr_line' id='line_1_56' title="bbox 119 4292 1789 4353; baseline -0.003 0"><span class='ocrx_word' id='word_1_360' title='bbox 119 4298 179 4353; x_wconf 92' lang='lat' dir='ltr'>in</span> <span class='ocrx_word' id='word_1_361' title='bbox 208 4297 391 4353; x_wconf 91' lang='lat' dir='ltr'>rebus</span> <span class='ocrx_word' id='word_1_362' title='bbox 423 4293 607 4349; x_wconf 89' lang='lat' dir='ltr'>sacris</span> <span class='ocrx_word' id='word_1_363' title='bbox 639 4292 967 4347; x_wconf 87' lang='lat' dir='ltr'>obtinuisse</span> <span class='ocrx_word' id='word_1_364' title='bbox 998 4298 1130 4347; x_wconf 89' lang='lat' dir='ltr'>ante</span> <span class='ocrx_word' id='word_1_365' title='bbox 1164 4292 1306 4346; x_wconf 91' lang='lat' dir='ltr'>illud</span> <span class='ocrx_word' id='word_1_366' title='bbox 1357 4293 1616 4348; x_wconf 87' lang='lat' dir='ltr'>schisma</span> <span class='ocrx_word' id='word_1_367' title='bbox 1645 4294 1789 4349; x_wconf 88' lang='lat' dir='ltr'>Pho-</span> 
     </span>
    </p>
   </div>
   <div class='ocr_carea' id='block_1_53' title="bbox 122 4382 1789 4451">
    <p class='ocr_par' dir='ltr' id='par_1_53' title="bbox 122 4382 1789 4451">
     <span class='ocr_line' id='line_1_57' title="bbox 122 4382 1789 4451; baseline -0.002 -9"><span class='ocrx_word' id='word_1_368' title='bbox 122 4386 390 4451; x_wconf 89' lang='lat' dir='ltr'>tianum;</span> <span class='ocrx_word' id='word_1_369' title='bbox 426 4399 530 4437; x_wconf 92' lang='lat' dir='ltr'>nec</span> <span class='ocrx_word' id='word_1_370' title='bbox 564 4386 862 4437; x_wconf 90' lang='lat' dir='ltr'>momenta</span> <span class='ocrx_word' id='word_1_371' title='bbox 888 4382 1188 4436; x_wconf 87' lang='lat' dir='ltr'>Sirmundi</span> <span class='ocrx_word' id='word_1_372' title='bbox 1215 4382 1357 4436; x_wconf 89' lang='lat' dir='ltr'>adeo</span> <span class='ocrx_word' id='word_1_373' title='bbox 1384 4382 1643 4438; x_wconf 84' lang='lat' dir='ltr'>efficacia</span> <span class='ocrx_word' id='word_1_374' title='bbox 1667 4383 1789 4439; x_wconf 86' lang='lat' dir='ltr'>visa</span> 
     </span>
    </p>
   </div>
   <div class='ocr_carea' id='block_1_54' title="bbox 122 4469 1788 4542">
    <p class='ocr_par' dir='ltr' id='par_1_54' title="bbox 122 4469 1788 4542">
     <span class='ocr_line' id='line_1_58' title="bbox 122 4469 1788 4542; baseline -0.004 -11"><span class='ocrx_word' id='word_1_375' title='bbox 122 4479 266 4531; x_wconf 88' lang='lat' dir='ltr'>sunt</span> <span class='ocrx_word' id='word_1_376' title='bbox 298 4478 365 4530; x_wconf 92' lang='lat' dir='ltr'>ut</span> <span class='ocrx_word' id='word_1_377' title='bbox 398 4470 669 4527; x_wconf 82' lang='lat' dir='ltr'>fermenti</span> <span class='ocrx_word' id='word_1_378' title='bbox 702 4487 876 4526; x_wconf 92' lang='lat' dir='ltr'>usum</span> <span class='ocrx_word' id='word_1_379' title='bbox 904 4469 1221 4542; x_wconf 89' lang='lat' dir='ltr'>aliquando</span> <span class='ocrx_word' id='word_1_380' title='bbox 1251 4471 1404 4541; x_wconf 90' lang='lat' dir='ltr'>apud</span> <span class='ocrx_word' id='word_1_381' title='bbox 1440 4472 1676 4527; x_wconf 86' lang='lat' dir='ltr'>Latinos</span> <span class='ocrx_word' id='word_1_382' title='bbox 1705 4472 1788 4528; x_wconf 89' lang='lat' dir='ltr'>vi-</span> 
     </span>
    </p>
   </div>
   <div class='ocr_carea' id='block_1_55' title="bbox 122 4559 1003 4635">
    <p class='ocr_par' dir='ltr' id='par_1_55' title="bbox 122 4559 1003 4635">
     <span class='ocr_line' id='line_1_59' title="bbox 122 4559 1003 4635; baseline -0.006 -18"><span class='ocrx_word' id='word_1_383' title='bbox 122 4562 329 4635; x_wconf 88' lang='lat' dir='ltr'>guisse</span> <span class='ocrx_word' id='word_1_384' title='bbox 366 4559 539 4616; x_wconf 85' lang='lat' dir='ltr'>fateri</span> <span class='ocrx_word' id='word_1_385' title='bbox 574 4576 679 4614; x_wconf 91' lang='lat' dir='ltr'>nos</span> <span class='ocrx_word' id='word_1_386' title='bbox 712 4564 1003 4630; x_wconf 82' lang='lat' dir='ltr'>cogerent.</span> 
     </span>
    </p>
   </div>
   <div class='ocr_carea' id='block_1_56' title="bbox 198 4648 1792 4722">
    <p class='ocr_par' dir='ltr' id='par_1_56' title="bbox 198 4648 1792 4722">
     <span class='ocr_line' id='line_1_60' title="bbox 198 4648 1792 4722; baseline -0.003 -15"><span class='ocrx_word' id='word_1_387' title='bbox 198 4654 572 4722; x_wconf 88' lang='lat' dir='ltr'>Quapropter</span> <span class='ocrx_word' id='word_1_388' title='bbox 628 4649 783 4719; x_wconf 90' lang='lat' dir='ltr'>quod</span> <span class='ocrx_word' id='word_1_389' title='bbox 834 4648 1187 4704; x_wconf 81' lang='lat' dir='ltr'>Sirmundus</span> <span class='ocrx_word' id='word_1_390' title='bbox 1237 4653 1551 4721; x_wconf 85' lang='lat' dir='ltr'>optaverat,</span> <span class='ocrx_word' id='word_1_391' title='bbox 1594 4653 1659 4704; x_wconf 91' lang='lat' dir='ltr'>ut</span> <span class='ocrx_word' id='word_1_392' title='bbox 1691 4648 1792 4721; x_wconf 91' lang='lat' dir='ltr'>qui</span> 
     </span>
    </p>
   </div>
   <div class='ocr_carea' id='block_1_57' title="bbox 124 4737 1793 4809">
    <p class='ocr_par' dir='ltr' id='par_1_57' title="bbox 124 4737 1793 4809">
     <span class='ocr_line' id='line_1_61' title="bbox 124 4737 1793 4809; baseline -0.002 -12"><span class='ocrx_word' id='word_1_393' title='bbox 124 4739 443 4797; x_wconf 65' lang='lat' dir='ltr'>sententia:</span> <span class='ocrx_word' id='word_1_394' title='bbox 486 4755 603 4792; x_wconf 67' lang='lat' dir='ltr'>suae</span> <span class='ocrx_word' id='word_1_395' title='bbox 655 4737 724 4793; x_wconf 92' lang='lat' dir='ltr'>de</span> <span class='ocrx_word' id='word_1_396' title='bbox 772 4754 1109 4809; x_wconf 78' lang='lat' dir='ltr'>azymorum</span> <span class='ocrx_word' id='word_1_397' title='bbox 1156 4738 1463 4794; x_wconf 87' lang='lat' dir='ltr'>recentiori</span> <span class='ocrx_word' id='word_1_398' title='bbox 1504 4756 1613 4793; x_wconf 90' lang='lat' dir='ltr'>usu</span> <span class='ocrx_word' id='word_1_399' title='bbox 1678 4755 1793 4793; x_wconf 90' lang='lat' dir='ltr'>non</span> 
     </span>
    </p>
   </div>
   <div class='ocr_carea' id='block_1_58' title="bbox 123 4825 1795 4898">
    <p class='ocr_par' dir='ltr' id='par_1_58' title="bbox 123 4825 1795 4898">
     <span class='ocr_line' id='line_1_62' title="bbox 123 4825 1795 4898; baseline -0.002 -13"><span class='ocrx_word' id='word_1_400' title='bbox 123 4828 560 4893; x_wconf 86' lang='lat' dir='ltr'>consentirent,</span> <span class='ocrx_word' id='word_1_401' title='bbox 590 4843 688 4881; x_wconf 91' lang='lat' dir='ltr'>eos</span> <span class='ocrx_word' id='word_1_402' title='bbox 722 4825 927 4881; x_wconf 89' lang='lat' dir='ltr'>saltem</span> <span class='ocrx_word' id='word_1_403' title='bbox 962 4826 1034 4881; x_wconf 92' lang='lat' dir='ltr'>ad</span> <span class='ocrx_word' id='word_1_404' title='bbox 1067 4826 1405 4897; x_wconf 72' lang='lat' dir='ltr'>prccclaram</span> <span class='ocrx_word' id='word_1_405' title='bbox 1439 4829 1568 4898; x_wconf 85' lang='lat' dir='ltr'>ejus</span> <span class='ocrx_word' id='word_1_406' title='bbox 1600 4826 1680 4882; x_wconf 91' lang='lat' dir='ltr'>rei</span> <span class='ocrx_word' id='word_1_407' title='bbox 1706 4826 1795 4881; x_wconf 90' lang='lat' dir='ltr'>in-</span> 
     </span>
    </p>
   </div>
   <div class='ocr_carea' id='block_1_59' title="bbox 122 4914 1796 4991">
    <p class='ocr_par' dir='ltr' id='par_1_59' title="bbox 122 4914 1796 4991">
     <span class='ocr_line' id='line_1_63' title="bbox 122 4914 1796 4991; baseline -0.003 -17"><span class='ocrx_word' id='word_1_408' title='bbox 122 4916 587 4991; x_wconf 86' lang='lat' dir='ltr'>vestigationem</span> <span class='ocrx_word' id='word_1_409' title='bbox 619 4914 916 4981; x_wconf 83' lang='lat' dir='ltr'>excitaret,</span> <span class='ocrx_word' id='word_1_410' title='bbox 950 4916 1021 4971; x_wconf 92' lang='lat' dir='ltr'>ad</span> <span class='ocrx_word' id='word_1_411' title='bbox 1056 4914 1163 4971; x_wconf 90' lang='lat' dir='ltr'>hoc</span> <span class='ocrx_word' id='word_1_412' title='bbox 1198 4915 1392 4986; x_wconf 88' lang='lat' dir='ltr'>ipsum</span> <span class='ocrx_word' id='word_1_413' title='bbox 1425 4932 1517 4971; x_wconf 90' lang='lat' dir='ltr'>me</span> <span class='ocrx_word' id='word_1_414' title='bbox 1550 4914 1796 4983; x_wconf 87' lang='lat' dir='ltr'>contuli,</span> 
     </span>
    </p>
   </div>
   <div class='ocr_carea' id='block_1_60' title="bbox 126 5002 1799 5079">
    <p class='ocr_par' dir='ltr' id='par_1_60' title="bbox 126 5002 1799 5079">
     <span class='ocr_line' id='line_1_64' title="bbox 126 5002 1799 5079; baseline -0.002 -17"><span class='ocrx_word' id='word_1_415' title='bbox 126 5010 430 5079; x_wconf 88' lang='lat' dir='ltr'>quantum</span> <span class='ocrx_word' id='word_1_416' title='bbox 483 5007 539 5057; x_wconf 90' lang='lat' dir='ltr'>et</span> <span class='ocrx_word' id='word_1_417' title='bbox 586 5002 889 5058; x_wconf 88' lang='lat' dir='ltr'>tenuitatis</span> <span class='ocrx_word' id='word_1_418' title='bbox 940 5020 1079 5059; x_wconf 61' lang='lat' dir='ltr'>mea)</span> <span class='ocrx_word' id='word_1_419' title='bbox 1132 5002 1403 5067; x_wconf 79' lang='lat' dir='ltr'>facultas,</span> <span class='ocrx_word' id='word_1_420' title='bbox 1453 5009 1509 5059; x_wconf 90' lang='lat' dir='ltr'>et</span> <span class='ocrx_word' id='word_1_421' title='bbox 1548 5004 1799 5059; x_wconf 87' lang='lat' dir='ltr'>brevitas</span> 
     </span>
    </p>
   </div>
   <div class='ocr_carea' id='block_1_61' title="bbox 128 5092 1800 5165">
    <p class='ocr_par' dir='ltr' id='par_1_61' title="bbox 128 5092 1800 5165">
     <span class='ocr_line' id='line_1_65' title="bbox 128 5092 1800 5165; baseline -0.002 -15"><span class='ocrx_word' id='word_1_422' title='bbox 128 5092 643 5159; x_wconf 86' lang='lat' dir='ltr'>Observationum,</span> <span class='ocrx_word' id='word_1_423' title='bbox 676 5098 733 5147; x_wconf 90' lang='lat' dir='ltr'>et</span> <span class='ocrx_word' id='word_1_424' title='bbox 754 5092 833 5147; x_wconf 87' lang='lat' dir='ltr'>rei</span> <span class='ocrx_word' id='word_1_425' title='bbox 857 5092 1173 5147; x_wconf 81' lang='lat' dir='ltr'>difficultas</span> <span class='ocrx_word' id='word_1_426' title='bbox 1198 5093 1640 5164; x_wconf 83' lang='lat' dir='ltr'>obscuritasque</span> <span class='ocrx_word' id='word_1_427' title='bbox 1671 5111 1800 5165; x_wconf 87' lang='lat' dir='ltr'>per-</span> 
     </span>
    </p>
   </div>
   <div class='ocr_carea' id='block_1_62' title="bbox 128 5179 1804 5241">
    <p class='ocr_par' dir='ltr' id='par_1_62' title="bbox 128 5179 1804 5241">
     <span class='ocr_line' id='line_1_66' title="bbox 128 5179 1804 5241; baseline -0.003 -1"><span class='ocrx_word' id='word_1_428' title='bbox 128 5183 372 5241; x_wconf 88' lang='lat' dir='ltr'>misere.</span> <span class='ocrx_word' id='word_1_429' title='bbox 410 5180 559 5235; x_wconf 83' lang='lat' dir='ltr'>Nam</span> <span class='ocrx_word' id='word_1_430' title='bbox 578 5181 685 5235; x_wconf 89' lang='lat' dir='ltr'>etsi</span> <span class='ocrx_word' id='word_1_431' title='bbox 703 5179 1001 5235; x_wconf 89' lang='lat' dir='ltr'>hominem</span> <span class='ocrx_word' id='word_1_432' title='bbox 1022 5180 1317 5235; x_wconf 90' lang='lat' dir='ltr'>tantillum</span> <span class='ocrx_word' id='word_1_433' title='bbox 1339 5182 1804 5236; x_wconf 86' lang='lat' dir='ltr'>contraSirmun-</span> 
     </span>
    </p>
   </div>
   <div class='ocr_carea' id='block_1_63' title="bbox 1880 2606 3531 2675">
    <p class='ocr_par' dir='ltr' id='par_1_63' title="bbox 1880 2606 3531 2675">
     <span class='ocr_line' id='line_1_67' title="bbox 1880 2606 3531 2675; baseline 0.002 -16"><span class='ocrx_word' id='word_1_434' title='bbox 1880 2606 2213 2671; x_wconf 88' lang='lat' dir='ltr'>invitasset;</span> <span class='ocrx_word' id='word_1_435' title='bbox 2247 2622 2350 2661; x_wconf 89' lang='lat' dir='ltr'>nec</span> <span class='ocrx_word' id='word_1_436' title='bbox 2384 2623 2446 2661; x_wconf 91' lang='lat' dir='ltr'>se</span> <span class='ocrx_word' id='word_1_437' title='bbox 2477 2606 2550 2661; x_wconf 89' lang='lat' dir='ltr'>ab</span> <span class='ocrx_word' id='word_1_438' title='bbox 2572 2608 2698 2675; x_wconf 86' lang='lat' dir='ltr'>ejus</span> <span class='ocrx_word' id='word_1_439' title='bbox 2730 2607 3022 2662; x_wconf 88' lang='lat' dir='ltr'>sententia</span> <span class='ocrx_word' id='word_1_440' title='bbox 3052 2608 3355 2663; x_wconf 89' lang='lat' dir='ltr'>discedere</span> <span class='ocrx_word' id='word_1_441' title='bbox 3385 2608 3531 2664; x_wconf 86' lang='lat' dir='ltr'>indi-</span> 
     </span>
    </p>
   </div>
   <div class='ocr_carea' id='block_1_64' title="bbox 1878 2694 3527 2766">
    <p class='ocr_par' dir='ltr' id='par_1_64' title="bbox 1878 2694 3527 2766">
     <span class='ocr_line' id='line_1_68' title="bbox 1878 2694 3527 2766; baseline 0.003 -18"><span class='ocrx_word' id='word_1_442' title='bbox 1878 2699 2195 2765; x_wconf 88' lang='lat' dir='ltr'>gnaturum</span> <span class='ocrx_word' id='word_1_443' title='bbox 2216 2710 2571 2765; x_wconf 90' lang='lat' dir='ltr'>quemquam</span> <span class='ocrx_word' id='word_1_444' title='bbox 2593 2694 2932 2766; x_wconf 87' lang='lat' dir='ltr'>putavitqui</span> <span class='ocrx_word' id='word_1_445' title='bbox 2956 2695 3326 2751; x_wconf 88' lang='lat' dir='ltr'>meminisset</span> <span class='ocrx_word' id='word_1_446' title='bbox 3355 2696 3527 2752; x_wconf 84' lang='lat' dir='ltr'>illum</span> 
     </span>
    </p>
   </div>
   <div class='ocr_carea' id='block_1_65' title="bbox 1877 2782 3525 2855">
    <p class='ocr_par' dir='ltr' id='par_1_65' title="bbox 1877 2782 3525 2855">
     <span class='ocr_line' id='line_1_69' title="bbox 1877 2782 3525 2855; baseline 0.002 -18"><span class='ocrx_word' id='word_1_447' title='bbox 1877 2800 1981 2854; x_wconf 87' lang='lat' dir='ltr'>pro</span> <span class='ocrx_word' id='word_1_448' title='bbox 2030 2782 2311 2855; x_wconf 82' lang='lat' dir='ltr'>singulari</span> <span class='ocrx_word' id='word_1_449' title='bbox 2367 2799 2477 2837; x_wconf 88' lang='lat' dir='ltr'>sua</span> <span class='ocrx_word' id='word_1_450' title='bbox 2532 2783 2819 2838; x_wconf 88' lang='lat' dir='ltr'>modestia</span> <span class='ocrx_word' id='word_1_451' title='bbox 2860 2784 3099 2840; x_wconf 90' lang='lat' dir='ltr'>solitum</span> <span class='ocrx_word' id='word_1_452' title='bbox 3143 2782 3336 2840; x_wconf 88' lang='lat' dir='ltr'>aliena</span> <span class='ocrx_word' id='word_1_453' title='bbox 3363 2784 3525 2841; x_wconf 89' lang='lat' dir='ltr'>haud</span> 
     </span>
    </p>
   </div>
   <div class='ocr_carea' id='block_1_66' title="bbox 1878 2871 3523 2945">
    <p class='ocr_par' dir='ltr' id='par_1_66' title="bbox 1878 2871 3523 2945">
     <span class='ocr_line' id='line_1_70' title="bbox 1878 2871 3523 2945; baseline 0.002 -19"><span class='ocrx_word' id='word_1_454' title='bbox 1878 2876 2111 2944; x_wconf 80' lang='lat' dir='ltr'>gravate</span> <span class='ocrx_word' id='word_1_455' title='bbox 2140 2872 2361 2941; x_wconf 89' lang='lat' dir='ltr'>audire,</span> <span class='ocrx_word' id='word_1_456' title='bbox 2390 2876 2465 2938; x_wconf 91' lang='lat' dir='ltr'>et,</span> <span class='ocrx_word' id='word_1_457' title='bbox 2500 2871 2548 2927; x_wconf 92' lang='lat' dir='ltr'>si</span> <span class='ocrx_word' id='word_1_458' title='bbox 2579 2871 2819 2927; x_wconf 89' lang='lat' dir='ltr'>meliora</span> <span class='ocrx_word' id='word_1_459' title='bbox 2849 2873 2974 2927; x_wconf 90' lang='lat' dir='ltr'>suis</span> <span class='ocrx_word' id='word_1_460' title='bbox 3016 2876 3409 2945; x_wconf 88' lang='lat' dir='ltr'>cognosceret,</span> <span class='ocrx_word' id='word_1_461' title='bbox 3451 2872 3523 2929; x_wconf 92' lang='lat' dir='ltr'>li-</span> 
     </span>
    </p>
   </div>
   <div class='ocr_carea' id='block_1_67' title="bbox 1880 2959 3526 3031">
    <p class='ocr_par' dir='ltr' id='par_1_67' title="bbox 1880 2959 3526 3031">
     <span class='ocr_line' id='line_1_71' title="bbox 1880 2959 3526 3031; baseline 0.001 -17"><span class='ocrx_word' id='word_1_462' title='bbox 1880 2960 2081 3015; x_wconf 87' lang='lat' dir='ltr'>benter</span> <span class='ocrx_word' id='word_1_463' title='bbox 2105 2959 2397 3030; x_wconf 89' lang='lat' dir='ltr'>amplecti.</span> <span class='ocrx_word' id='word_1_464' title='bbox 2431 2961 2501 3014; x_wconf 86' lang='lat' dir='ltr'>Et</span> <span class='ocrx_word' id='word_1_465' title='bbox 2530 2960 2650 3014; x_wconf 65' lang='lat' dir='ltr'>haec</span> <span class='ocrx_word' id='word_1_466' title='bbox 2678 2960 2917 3031; x_wconf 82' lang='lat' dir='ltr'>quidem</span> <span class='ocrx_word' id='word_1_467' title='bbox 2959 2977 3090 3016; x_wconf 90' lang='lat' dir='ltr'>mea</span> <span class='ocrx_word' id='word_1_468' title='bbox 3124 2963 3195 3016; x_wconf 90' lang='lat' dir='ltr'>de</span> <span class='ocrx_word' id='word_1_469' title='bbox 3223 2961 3526 3018; x_wconf 87' lang='lat' dir='ltr'>Sirmundi</span> 
     </span>
    </p>
   </div>
   <div class='ocr_carea' id='block_1_68' title="bbox 1882 3047 3529 3120">
    <p class='ocr_par' dir='ltr' id='par_1_68' title="bbox 1882 3047 3529 3120">
     <span class='ocr_line' id='line_1_72' title="bbox 1882 3047 3529 3120; baseline 0.003 -18"><span class='ocrx_word' id='word_1_470' title='bbox 1882 3052 2094 3115; x_wconf 83' lang='lat' dir='ltr'>mente,</span> <span class='ocrx_word' id='word_1_471' title='bbox 2127 3047 2415 3101; x_wconf 87' lang='lat' dir='ltr'>modestia</span> <span class='ocrx_word' id='word_1_472' title='bbox 2458 3064 2524 3102; x_wconf 86' lang='lat' dir='ltr'>ac</span> <span class='ocrx_word' id='word_1_473' title='bbox 2555 3049 2764 3102; x_wconf 90' lang='lat' dir='ltr'>sinceri</span> <span class='ocrx_word' id='word_1_474' title='bbox 2800 3049 2994 3104; x_wconf 90' lang='lat' dir='ltr'>studio</span> <span class='ocrx_word' id='word_1_475' title='bbox 3033 3050 3335 3120; x_wconf 87' lang='lat' dir='ltr'>persuasio</span> <span class='ocrx_word' id='word_1_476' title='bbox 3381 3052 3529 3120; x_wconf 82' lang='lat' dir='ltr'>erat,</span> 
     </span>
    </p>
   </div>
   <div class='ocr_carea' id='block_1_69' title="bbox 1883 3136 2866 3207">
    <p class='ocr_par' dir='ltr' id='par_1_69' title="bbox 1883 3136 2866 3207">
     <span class='ocr_line' id='line_1_73' title="bbox 1883 3136 2866 3207; baseline -0.001 -16"><span class='ocrx_word' id='word_1_477' title='bbox 1883 3137 2206 3207; x_wconf 90' lang='lat' dir='ltr'>eademque</span> <span class='ocrx_word' id='word_1_478' title='bbox 2238 3136 2371 3191; x_wconf 86' lang='lat' dir='ltr'>facti</span> <span class='ocrx_word' id='word_1_479' title='bbox 2406 3137 2519 3192; x_wconf 89' lang='lat' dir='ltr'>mei</span> <span class='ocrx_word' id='word_1_480' title='bbox 2551 3137 2866 3192; x_wconf 82' lang='lat' dir='ltr'>excusatio.</span> 
     </span>
    </p>
   </div>
   <div class='ocr_carea' id='block_1_70' title="bbox 1954 3225 3527 3298">
    <p class='ocr_par' dir='ltr' id='par_1_70' title="bbox 1954 3225 3527 3298">
     <span class='ocr_line' id='line_1_74' title="bbox 1954 3225 3527 3298; baseline 0.003 -18"><span class='ocrx_word' id='word_1_481' title='bbox 1954 3226 2060 3280; x_wconf 87' lang='lat' dir='ltr'>Ubi</span> <span class='ocrx_word' id='word_1_482' title='bbox 2096 3226 2353 3297; x_wconf 90' lang='lat' dir='ltr'>primum</span> <span class='ocrx_word' id='word_1_483' title='bbox 2386 3225 2833 3281; x_wconf 89' lang='lat' dir='ltr'>Observationes</span> <span class='ocrx_word' id='word_1_484' title='bbox 2864 3243 3025 3282; x_wconf 90' lang='lat' dir='ltr'>meas</span> <span class='ocrx_word' id='word_1_485' title='bbox 3057 3227 3217 3298; x_wconf 89' lang='lat' dir='ltr'>prelo</span> <span class='ocrx_word' id='word_1_486' title='bbox 3249 3228 3527 3285; x_wconf 90' lang='lat' dir='ltr'>commit-</span> 
     </span>
    </p>
   </div>
   <div class='ocr_carea' id='block_1_71' title="bbox 1884 3314 3526 3385">
    <p class='ocr_par' dir='ltr' id='par_1_71' title="bbox 1884 3314 3526 3385">
     <span class='ocr_line' id='line_1_75' title="bbox 1884 3314 3526 3385; baseline 0.002 -16"><span class='ocrx_word' id='word_1_487' title='bbox 1884 3319 2003 3369; x_wconf 90' lang='lat' dir='ltr'>tere</span> <span class='ocrx_word' id='word_1_488' title='bbox 2033 3314 2337 3385; x_wconf 87' lang='lat' dir='ltr'>parabam,</span> <span class='ocrx_word' id='word_1_489' title='bbox 2378 3314 2554 3369; x_wconf 89' lang='lat' dir='ltr'>simul</span> <span class='ocrx_word' id='word_1_490' title='bbox 2586 3315 2794 3370; x_wconf 90' lang='lat' dir='ltr'>certior</span> <span class='ocrx_word' id='word_1_491' title='bbox 2841 3316 3029 3371; x_wconf 85' lang='lat' dir='ltr'>factus</span> <span class='ocrx_word' id='word_1_492' title='bbox 3074 3332 3237 3375; x_wconf 71' lang='lat' dir='ltr'>SUIIL</span> <span class='ocrx_word' id='word_1_493' title='bbox 3257 3317 3526 3372; x_wconf 90' lang='lat' dir='ltr'>eminen-</span> 
     </span>
    </p>
   </div>
   <div class='ocr_carea' id='block_1_72' title="bbox 1880 3402 3525 3475">
    <p class='ocr_par' dir='ltr' id='par_1_72' title="bbox 1880 3402 3525 3475">
     <span class='ocr_line' id='line_1_76' title="bbox 1880 3402 3525 3475; baseline 0.002 -17"><span class='ocrx_word' id='word_1_494' title='bbox 1880 3404 2181 3459; x_wconf 90' lang='lat' dir='ltr'>tissimum</span> <span class='ocrx_word' id='word_1_495' title='bbox 2221 3402 2577 3458; x_wconf 88' lang='lat' dir='ltr'>cardinalem</span> <span class='ocrx_word' id='word_1_496' title='bbox 2614 3404 2790 3471; x_wconf 90' lang='lat' dir='ltr'>Bona,</span> <span class='ocrx_word' id='word_1_497' title='bbox 2822 3405 2992 3475; x_wconf 85' lang='lat' dir='ltr'>cujus</span> <span class='ocrx_word' id='word_1_498' title='bbox 3021 3404 3225 3472; x_wconf 89' lang='lat' dir='ltr'>virtus,</span> <span class='ocrx_word' id='word_1_499' title='bbox 3257 3405 3525 3461; x_wconf 86' lang='lat' dir='ltr'>doctrina</span> 
     </span>
    </p>
   </div>
   <div class='ocr_carea' id='block_1_73' title="bbox 1882 3491 3523 3567">
    <p class='ocr_par' dir='ltr' id='par_1_73' title="bbox 1882 3491 3523 3567">
     <span class='ocr_line' id='line_1_77' title="bbox 1882 3491 3523 3567; baseline 0 -18"><span class='ocrx_word' id='word_1_500' title='bbox 1882 3497 1940 3549; x_wconf 90' lang='lat' dir='ltr'>et</span> <span class='ocrx_word' id='word_1_501' title='bbox 1986 3491 2236 3547; x_wconf 88' lang='lat' dir='ltr'>eruditio</span> <span class='ocrx_word' id='word_1_502' title='bbox 2279 3492 2552 3547; x_wconf 90' lang='lat' dir='ltr'>omnibus</span> <span class='ocrx_word' id='word_1_503' title='bbox 2592 3496 2895 3563; x_wconf 88' lang='lat' dir='ltr'>perspecta</span> <span class='ocrx_word' id='word_1_504' title='bbox 2942 3498 3101 3561; x_wconf 89' lang='lat' dir='ltr'>sunt,</span> <span class='ocrx_word' id='word_1_505' title='bbox 3151 3493 3307 3549; x_wconf 91' lang='lat' dir='ltr'>idem</span> <span class='ocrx_word' id='word_1_506' title='bbox 3348 3510 3523 3567; x_wconf 87' lang='lat' dir='ltr'>argu-</span> 
     </span>
    </p>
   </div>
   <div class='ocr_carea' id='block_1_74' title="bbox 1882 3580 3527 3655">
    <p class='ocr_par' dir='ltr' id='par_1_74' title="bbox 1882 3580 3527 3655">
     <span class='ocr_line' id='line_1_78' title="bbox 1882 3580 3527 3655; baseline 0 -18"><span class='ocrx_word' id='word_1_507' title='bbox 1882 3587 2144 3637; x_wconf 86' lang='lat' dir='ltr'>mentum</span> <span class='ocrx_word' id='word_1_508' title='bbox 2178 3584 2529 3652; x_wconf 89' lang='lat' dir='ltr'>pertractare</span> <span class='ocrx_word' id='word_1_509' title='bbox 2554 3580 2613 3634; x_wconf 92' lang='lat' dir='ltr'>in</span> <span class='ocrx_word' id='word_1_510' title='bbox 2644 3596 2815 3651; x_wconf 91' lang='lat' dir='ltr'>opere</span> <span class='ocrx_word' id='word_1_511' title='bbox 2846 3597 2953 3636; x_wconf 89' lang='lat' dir='ltr'>suo</span> <span class='ocrx_word' id='word_1_512' title='bbox 2985 3581 3065 3636; x_wconf 90' lang='lat' dir='ltr'>De</span> <span class='ocrx_word' id='word_1_513' title='bbox 3096 3582 3270 3637; x_wconf 87' lang='lat' dir='ltr'>rebus</span> <span class='ocrx_word' id='word_1_514' title='bbox 3300 3581 3527 3655; x_wconf 87' lang='lat' dir='ltr'>liturgi-</span> 
     </span>
    </p>
   </div>
   <div class='ocr_carea' id='block_1_75' title="bbox 1882 3669 3527 3740">
    <p class='ocr_par' dir='ltr' id='par_1_75' title="bbox 1882 3669 3527 3740">
     <span class='ocr_line' id='line_1_79' title="bbox 1882 3669 3527 3740; baseline 0.001 -14"><span class='ocrx_word' id='word_1_515' title='bbox 1882 3672 1988 3737; x_wconf 89' lang='lat' dir='ltr'>cis,</span> <span class='ocrx_word' id='word_1_516' title='bbox 2021 3675 2077 3725; x_wconf 88' lang='lat' dir='ltr'>et</span> <span class='ocrx_word' id='word_1_517' title='bbox 2107 3671 2177 3724; x_wconf 88' lang='lat' dir='ltr'>ab</span> <span class='ocrx_word' id='word_1_518' title='bbox 2209 3669 2506 3724; x_wconf 87' lang='lat' dir='ltr'>Sirmundi</span> <span class='ocrx_word' id='word_1_519' title='bbox 2555 3670 2852 3740; x_wconf 87' lang='lat' dir='ltr'>proposito</span> <span class='ocrx_word' id='word_1_520' title='bbox 2894 3670 3193 3727; x_wconf 88' lang='lat' dir='ltr'>tantillum</span> <span class='ocrx_word' id='word_1_521' title='bbox 3239 3673 3527 3731; x_wconf 87' lang='lat' dir='ltr'>recedere.</span> 
     </span>
    </p>
   </div>
   <div class='ocr_carea' id='block_1_76' title="bbox 1884 3758 3529 3832">
    <p class='ocr_par' dir='ltr' id='par_1_76' title="bbox 1884 3758 3529 3832">
     <span class='ocr_line' id='line_1_80' title="bbox 1884 3758 3529 3832; baseline 0.002 -17"><span class='ocrx_word' id='word_1_522' title='bbox 1884 3760 1958 3815; x_wconf 88' lang='lat' dir='ltr'>Ut</span> <span class='ocrx_word' id='word_1_523' title='bbox 1989 3777 2135 3832; x_wconf 84' lang='lat' dir='ltr'>Opus</span> <span class='ocrx_word' id='word_1_524' title='bbox 2184 3758 2329 3813; x_wconf 91' lang='lat' dir='ltr'>illud</span> <span class='ocrx_word' id='word_1_525' title='bbox 2370 3758 2647 3813; x_wconf 86' lang='lat' dir='ltr'>eximium</span> <span class='ocrx_word' id='word_1_526' title='bbox 2704 3759 2967 3829; x_wconf 82' lang='lat' dir='ltr'>pervenit</span> <span class='ocrx_word' id='word_1_527' title='bbox 3014 3760 3072 3814; x_wconf 92' lang='lat' dir='ltr'>in</span> <span class='ocrx_word' id='word_1_528' title='bbox 3105 3778 3317 3817; x_wconf 91' lang='lat' dir='ltr'>manus</span> <span class='ocrx_word' id='word_1_529' title='bbox 3348 3777 3529 3829; x_wconf 84' lang='lat' dir='ltr'>meas,</span> 
     </span>
    </p>
   </div>
   <div class='ocr_carea' id='block_1_77' title="bbox 1891 3846 3535 3919">
    <p class='ocr_par' dir='ltr' id='par_1_77' title="bbox 1891 3846 3535 3919">
     <span class='ocr_line' id='line_1_81' title="bbox 1891 3846 3535 3919; baseline 0.002 -16"><span class='ocrx_word' id='word_1_530' title='bbox 1891 3848 2034 3903; x_wconf 91' lang='lat' dir='ltr'>illud</span> <span class='ocrx_word' id='word_1_531' title='bbox 2065 3848 2177 3919; x_wconf 91' lang='lat' dir='ltr'>legi</span> <span class='ocrx_word' id='word_1_532' title='bbox 2210 3864 2423 3918; x_wconf 87' lang='lat' dir='ltr'>magna</span> <span class='ocrx_word' id='word_1_533' title='bbox 2464 3864 2597 3901; x_wconf 92' lang='lat' dir='ltr'>cum</span> <span class='ocrx_word' id='word_1_534' title='bbox 2636 3846 2949 3917; x_wconf 87' lang='lat' dir='ltr'>voluptate,</span> <span class='ocrx_word' id='word_1_535' title='bbox 2994 3854 3119 3903; x_wconf 91' lang='lat' dir='ltr'>tum</span> <span class='ocrx_word' id='word_1_536' title='bbox 3171 3849 3425 3906; x_wconf 85' lang='lat' dir='ltr'>maxime</span> <span class='ocrx_word' id='word_1_537' title='bbox 3455 3848 3535 3906; x_wconf 86' lang='lat' dir='ltr'>lo-</span> 
     </span>
    </p>
   </div>
   <div class='ocr_carea' id='block_1_78' title="bbox 1891 3936 3534 4008">
    <p class='ocr_par' dir='ltr' id='par_1_78' title="bbox 1891 3936 3534 4008">
     <span class='ocr_line' id='line_1_82' title="bbox 1891 3936 3534 4008; baseline 0.001 -16"><span class='ocrx_word' id='word_1_538' title='bbox 1891 3955 2025 3993; x_wconf 89' lang='lat' dir='ltr'>cum</span> <span class='ocrx_word' id='word_1_539' title='bbox 2049 3938 2119 3992; x_wconf 92' lang='lat' dir='ltr'>de</span> <span class='ocrx_word' id='word_1_540' title='bbox 2146 3938 2383 4008; x_wconf 80' lang='lat' dir='ltr'>azymis,</span> <span class='ocrx_word' id='word_1_541' title='bbox 2417 3936 2475 3990; x_wconf 94' lang='lat' dir='ltr'>in</span> <span class='ocrx_word' id='word_1_542' title='bbox 2510 3953 2623 4006; x_wconf 91' lang='lat' dir='ltr'>quo</span> <span class='ocrx_word' id='word_1_543' title='bbox 2653 3940 2772 3991; x_wconf 87' lang='lat' dir='ltr'>tota</span> <span class='ocrx_word' id='word_1_544' title='bbox 2802 3954 2895 3991; x_wconf 92' lang='lat' dir='ltr'>res</span> <span class='ocrx_word' id='word_1_545' title='bbox 2936 3954 3049 3992; x_wconf 91' lang='lat' dir='ltr'>non</span> <span class='ocrx_word' id='word_1_546' title='bbox 3082 3937 3281 3993; x_wconf 90' lang='lat' dir='ltr'>minus</span> <span class='ocrx_word' id='word_1_547' title='bbox 3309 3937 3534 3993; x_wconf 87' lang='lat' dir='ltr'>sincere</span> 
     </span>
    </p>
   </div>
   <div class='ocr_carea' id='block_1_79' title="bbox 1891 4025 3533 4098">
    <p class='ocr_par' dir='ltr' id='par_1_79' title="bbox 1891 4025 3533 4098">
     <span class='ocr_line' id='line_1_83' title="bbox 1891 4025 3533 4098; baseline 0.001 -18"><span class='ocrx_word' id='word_1_548' title='bbox 1891 4043 2069 4098; x_wconf 87' lang='lat' dir='ltr'>quam</span> <span class='ocrx_word' id='word_1_549' title='bbox 2102 4026 2326 4080; x_wconf 89' lang='lat' dir='ltr'>erudite</span> <span class='ocrx_word' id='word_1_550' title='bbox 2358 4025 2698 4096; x_wconf 88' lang='lat' dir='ltr'>explicatur.</span> <span class='ocrx_word' id='word_1_551' title='bbox 2730 4025 2999 4096; x_wconf 87' lang='lat' dir='ltr'>Ejusloci</span> <span class='ocrx_word' id='word_1_552' title='bbox 3021 4043 3255 4082; x_wconf 90' lang='lat' dir='ltr'>summa</span> <span class='ocrx_word' id='word_1_553' title='bbox 3277 4031 3383 4096; x_wconf 89' lang='lat' dir='ltr'>est,</span> <span class='ocrx_word' id='word_1_554' title='bbox 3408 4027 3533 4097; x_wconf 88' lang='lat' dir='ltr'>jam</span> 
     </span>
    </p>
   </div>
   <div class='ocr_carea' id='block_1_80' title="bbox 1891 4114 3537 4188">
    <p class='ocr_par' dir='ltr' id='par_1_80' title="bbox 1891 4114 3537 4188">
     <span class='ocr_line' id='line_1_84' title="bbox 1891 4114 3537 4188; baseline 0.001 -18"><span class='ocrx_word' id='word_1_555' title='bbox 1891 4116 2027 4171; x_wconf 90' lang='lat' dir='ltr'>inde</span> <span class='ocrx_word' id='word_1_556' title='bbox 2057 4115 2127 4170; x_wconf 89' lang='lat' dir='ltr'>ab</span> <span class='ocrx_word' id='word_1_557' title='bbox 2161 4114 2560 4186; x_wconf 87' lang='lat' dir='ltr'>apostolorum</span> <span class='ocrx_word' id='word_1_558' title='bbox 2593 4115 2962 4188; x_wconf 87' lang='lat' dir='ltr'>temporibus</span> <span class='ocrx_word' id='word_1_559' title='bbox 2993 4117 3064 4172; x_wconf 88' lang='lat' dir='ltr'>ad</span> <span class='ocrx_word' id='word_1_560' title='bbox 3091 4115 3353 4172; x_wconf 87' lang='lat' dir='ltr'>schisma</span> <span class='ocrx_word' id='word_1_561' title='bbox 3385 4115 3537 4172; x_wconf 88' lang='lat' dir='ltr'>Pho-</span> 
     </span>
    </p>
   </div>
   <div class='ocr_carea' id='block_1_81' title="bbox 1892 4203 3540 4275">
    <p class='ocr_par' dir='ltr' id='par_1_81' title="bbox 1892 4203 3540 4275">
     <span class='ocr_line' id='line_1_85' title="bbox 1892 4203 3540 4275; baseline 0 -15"><span class='ocrx_word' id='word_1_562' title='bbox 1892 4204 2141 4269; x_wconf 87' lang='lat' dir='ltr'>tianum,</span> <span class='ocrx_word' id='word_1_563' title='bbox 2161 4203 2220 4258; x_wconf 92' lang='lat' dir='ltr'>in</span> <span class='ocrx_word' id='word_1_564' title='bbox 2244 4203 2503 4259; x_wconf 86' lang='lat' dir='ltr'>Ecclesia</span> <span class='ocrx_word' id='word_1_565' title='bbox 2528 4204 2725 4258; x_wconf 76' lang='lat' dir='ltr'>Latina</span> <span class='ocrx_word' id='word_1_566' title='bbox 2746 4204 3149 4275; x_wconf 90' lang='lat' dir='ltr'>promiscuum</span> <span class='ocrx_word' id='word_1_567' title='bbox 3169 4205 3348 4260; x_wconf 88' lang='lat' dir='ltr'>fuisse</span> <span class='ocrx_word' id='word_1_568' title='bbox 3365 4219 3540 4260; x_wconf 90' lang='lat' dir='ltr'>usum</span> 
     </span>
    </p>
   </div>
   <div class='ocr_carea' id='block_1_82' title="bbox 1895 4292 3541 4365">
    <p class='ocr_par' dir='ltr' id='par_1_82' title="bbox 1895 4292 3541 4365">
     <span class='ocr_line' id='line_1_86' title="bbox 1895 4292 3541 4365; baseline -0.001 -16"><span class='ocrx_word' id='word_1_569' title='bbox 1895 4293 2223 4350; x_wconf 85' lang='lat' dir='ltr'>fermentati</span> <span class='ocrx_word' id='word_1_570' title='bbox 2255 4298 2312 4347; x_wconf 90' lang='lat' dir='ltr'>et</span> <span class='ocrx_word' id='word_1_571' title='bbox 2342 4292 2527 4365; x_wconf 88' lang='lat' dir='ltr'>azymi</span> <span class='ocrx_word' id='word_1_572' title='bbox 2560 4293 2750 4364; x_wconf 86' lang='lat' dir='ltr'>panis,</span> <span class='ocrx_word' id='word_1_573' title='bbox 2789 4309 2893 4348; x_wconf 90' lang='lat' dir='ltr'>nec</span> <span class='ocrx_word' id='word_1_574' title='bbox 2925 4298 3059 4349; x_wconf 88' lang='lat' dir='ltr'>ante</span> <span class='ocrx_word' id='word_1_575' title='bbox 3092 4293 3287 4350; x_wconf 81' lang='lat' dir='ltr'>saeculi</span> <span class='ocrx_word' id='word_1_576' title='bbox 3330 4292 3541 4350; x_wconf 91' lang='lat' dir='ltr'>decimi</span> 
     </span>
    </p>
   </div>
   <div class='ocr_carea' id='block_1_83' title="bbox 1897 4380 3542 4455">
    <p class='ocr_par' dir='ltr' id='par_1_83' title="bbox 1897 4380 3542 4455">
     <span class='ocr_line' id='line_1_87' title="bbox 1897 4380 3542 4455; baseline 0.001 -17"><span class='ocrx_word' id='word_1_577' title='bbox 1897 4383 2129 4438; x_wconf 90' lang='lat' dir='ltr'>initium</span> <span class='ocrx_word' id='word_1_578' title='bbox 2155 4398 2424 4453; x_wconf 81' lang='lat' dir='ltr'>azymum</span> <span class='ocrx_word' id='word_1_579' title='bbox 2465 4380 2591 4453; x_wconf 84' lang='lat' dir='ltr'>lege</span> <span class='ocrx_word' id='word_1_580' title='bbox 2625 4382 2920 4437; x_wconf 89' lang='lat' dir='ltr'>communi</span> <span class='ocrx_word' id='word_1_581' title='bbox 2955 4399 3020 4437; x_wconf 91' lang='lat' dir='ltr'>ac</span> <span class='ocrx_word' id='word_1_582' title='bbox 3050 4382 3307 4455; x_wconf 88' lang='lat' dir='ltr'>generali</span> <span class='ocrx_word' id='word_1_583' title='bbox 3353 4382 3542 4439; x_wconf 87' lang='lat' dir='ltr'>ubivis</span> 
     </span>
    </p>
   </div>
   <div class='ocr_carea' id='block_1_84' title="bbox 1899 4471 3544 4543">
    <p class='ocr_par' dir='ltr' id='par_1_84' title="bbox 1899 4471 3544 4543">
     <span class='ocr_line' id='line_1_88' title="bbox 1899 4471 3544 4543; baseline 0.001 -17"><span class='ocrx_word' id='word_1_584' title='bbox 1899 4476 2194 4543; x_wconf 86' lang='lat' dir='ltr'>receptum</span> <span class='ocrx_word' id='word_1_585' title='bbox 2226 4471 2377 4541; x_wconf 91' lang='lat' dir='ltr'>apud</span> <span class='ocrx_word' id='word_1_586' title='bbox 2402 4471 2653 4527; x_wconf 87' lang='lat' dir='ltr'>Latinos.</span> <span class='ocrx_word' id='word_1_587' title='bbox 2680 4474 2802 4535; x_wconf 89' lang='lat' dir='ltr'>Qua</span> <span class='ocrx_word' id='word_1_588' title='bbox 2824 4471 2883 4525; x_wconf 92' lang='lat' dir='ltr'>in</span> <span class='ocrx_word' id='word_1_589' title='bbox 2907 4488 2967 4527; x_wconf 91' lang='lat' dir='ltr'>re</span> <span class='ocrx_word' id='word_1_590' title='bbox 2990 4471 3290 4527; x_wconf 90' lang='lat' dir='ltr'>Sirmundi</span> <span class='ocrx_word' id='word_1_591' title='bbox 3309 4476 3544 4527; x_wconf 87' lang='lat' dir='ltr'>senten-</span> 
     </span>
    </p>
   </div>
   <div class='ocr_carea' id='block_1_85' title="bbox 1896 4557 3545 4632">
    <p class='ocr_par' dir='ltr' id='par_1_85' title="bbox 1896 4557 3545 4632">
     <span class='ocr_line' id='line_1_89' title="bbox 1896 4557 3545 4632; baseline -0.001 -16"><span class='ocrx_word' id='word_1_592' title='bbox 1896 4560 2039 4616; x_wconf 87' lang='lat' dir='ltr'>tiam</span> <span class='ocrx_word' id='word_1_593' title='bbox 2072 4559 2411 4631; x_wconf 85' lang='lat' dir='ltr'>temperavit</span> <span class='ocrx_word' id='word_1_594' title='bbox 2450 4557 2888 4615; x_wconf 89' lang='lat' dir='ltr'>illustrissimus</span> <span class='ocrx_word' id='word_1_595' title='bbox 2934 4560 3200 4631; x_wconf 85' lang='lat' dir='ltr'>scriptor,</span> <span class='ocrx_word' id='word_1_596' title='bbox 3248 4560 3403 4632; x_wconf 91' lang='lat' dir='ltr'>quod</span> <span class='ocrx_word' id='word_1_597' title='bbox 3433 4558 3545 4615; x_wconf 85' lang='lat' dir='ltr'>Sir-</span> 
     </span>
    </p>
   </div>
   <div class='ocr_carea' id='block_1_86' title="bbox 1903 4646 3545 4718">
    <p class='ocr_par' dir='ltr' id='par_1_86' title="bbox 1903 4646 3545 4718">
     <span class='ocr_line' id='line_1_90' title="bbox 1903 4646 3545 4718; baseline 0.001 -16"><span class='ocrx_word' id='word_1_598' title='bbox 1903 4647 2162 4702; x_wconf 90' lang='lat' dir='ltr'>mundus</span> <span class='ocrx_word' id='word_1_599' title='bbox 2194 4664 2305 4702; x_wconf 90' lang='lat' dir='ltr'>non</span> <span class='ocrx_word' id='word_1_600' title='bbox 2337 4647 2597 4701; x_wconf 86' lang='lat' dir='ltr'>videatur</span> <span class='ocrx_word' id='word_1_601' title='bbox 2633 4646 2945 4702; x_wconf 86' lang='lat' dir='ltr'>admisisse</span> <span class='ocrx_word' id='word_1_602' title='bbox 2975 4647 3161 4718; x_wconf 81' lang='lat' dir='ltr'>azymi</span> <span class='ocrx_word' id='word_1_603' title='bbox 3202 4664 3376 4703; x_wconf 90' lang='lat' dir='ltr'>usum</span> <span class='ocrx_word' id='word_1_604' title='bbox 3409 4650 3545 4703; x_wconf 85' lang='lat' dir='ltr'>ante</span> 
     </span>
    </p>
   </div>
   <div class='ocr_carea' id='block_1_87' title="bbox 1904 4734 3545 4805">
    <p class='ocr_par' dir='ltr' id='par_1_87' title="bbox 1904 4734 3545 4805">
     <span class='ocr_line' id='line_1_91' title="bbox 1904 4734 3545 4805; baseline 0 -14"><span class='ocrx_word' id='word_1_605' title='bbox 1904 4736 2089 4791; x_wconf 90' lang='lat' dir='ltr'>Photii</span> <span class='ocrx_word' id='word_1_606' title='bbox 2114 4736 2448 4802; x_wconf 88' lang='lat' dir='ltr'>discidium,</span> <span class='ocrx_word' id='word_1_607' title='bbox 2484 4736 2581 4790; x_wconf 89' lang='lat' dir='ltr'>sed</span> <span class='ocrx_word' id='word_1_608' title='bbox 2616 4734 2803 4790; x_wconf 90' lang='lat' dir='ltr'>solum</span> <span class='ocrx_word' id='word_1_609' title='bbox 2836 4736 3280 4805; x_wconf 85' lang='lat' dir='ltr'>fermentatum;</span> <span class='ocrx_word' id='word_1_610' title='bbox 3322 4740 3380 4791; x_wconf 91' lang='lat' dir='ltr'>at</span> <span class='ocrx_word' id='word_1_611' title='bbox 3408 4752 3545 4792; x_wconf 89' lang='lat' dir='ltr'>vero</span> 
     </span>
    </p>
   </div>
   <div class='ocr_carea' id='block_1_88' title="bbox 1905 4824 3550 4898">
    <p class='ocr_par' dir='ltr' id='par_1_88' title="bbox 1905 4824 3550 4898">
     <span class='ocr_line' id='line_1_92' title="bbox 1905 4824 3550 4898; baseline 0 -17"><span class='ocrx_word' id='word_1_612' title='bbox 1905 4825 2413 4881; x_wconf 85' lang='lat' dir='ltr'>eminentissimus</span> <span class='ocrx_word' id='word_1_613' title='bbox 2469 4824 2781 4879; x_wconf 89' lang='lat' dir='ltr'>cardinalis</span> <span class='ocrx_word' id='word_1_614' title='bbox 2842 4830 3157 4896; x_wconf 90' lang='lat' dir='ltr'>utrumque</span> <span class='ocrx_word' id='word_1_615' title='bbox 3216 4824 3550 4898; x_wconf 88' lang='lat' dir='ltr'>promiscue</span> 
     </span>
    </p>
   </div>
   <div class='ocr_carea' id='block_1_89' title="bbox 1908 4913 3555 4987">
    <p class='ocr_par' dir='ltr' id='par_1_89' title="bbox 1908 4913 3555 4987">
     <span class='ocr_line' id='line_1_93' title="bbox 1908 4913 3555 4987; baseline 0.001 -18"><span class='ocrx_word' id='word_1_616' title='bbox 1908 4918 2258 4986; x_wconf 86' lang='lat' dir='ltr'>usurpatum</span> <span class='ocrx_word' id='word_1_617' title='bbox 2292 4932 2395 4985; x_wconf 89' lang='lat' dir='ltr'>pro</span> <span class='ocrx_word' id='word_1_618' title='bbox 2428 4919 2683 4984; x_wconf 85' lang='lat' dir='ltr'>tempore</span> <span class='ocrx_word' id='word_1_619' title='bbox 2722 4919 2779 4968; x_wconf 87' lang='lat' dir='ltr'>et</span> <span class='ocrx_word' id='word_1_620' title='bbox 2816 4913 3077 4970; x_wconf 90' lang='lat' dir='ltr'>locorum</span> <span class='ocrx_word' id='word_1_621' title='bbox 3118 4916 3555 4987; x_wconf 88' lang='lat' dir='ltr'>opportunitate</span> 
     </span>
    </p>
   </div>
   <div class='ocr_carea' id='block_1_90' title="bbox 1911 5005 2180 5058">
    <p class='ocr_par' dir='ltr' id='par_1_90' title="bbox 1911 5005 2180 5058">
     <span class='ocr_line' id='line_1_94' title="bbox 1911 5005 2180 5058; baseline -0.004 0"><span class='ocrx_word' id='word_1_622' title='bbox 1911 5005 2180 5058; x_wconf 87' lang='lat' dir='ltr'>fateatur.</span> 
     </span>
    </p>
   </div>
   <div class='ocr_carea' id='block_1_91' title="bbox 1982 5092 3560 5165">
    <p class='ocr_par' dir='ltr' id='par_1_91' title="bbox 1982 5092 3560 5165">
     <span class='ocr_line' id='line_1_95' title="bbox 1982 5092 3560 5165; baseline 0.002 -20"><span class='ocrx_word' id='word_1_623' title='bbox 1982 5093 2305 5146; x_wconf 86' lang='lat' dir='ltr'>Commovit</span> <span class='ocrx_word' id='word_1_624' title='bbox 2362 5092 2482 5147; x_wconf 65' lang='lat' dir='ltr'>haec</span> <span class='ocrx_word' id='word_1_625' title='bbox 2532 5094 2824 5148; x_wconf 83' lang='lat' dir='ltr'>sententia</span> <span class='ocrx_word' id='word_1_626' title='bbox 2873 5095 3266 5165; x_wconf 87' lang='lat' dir='ltr'>quorumdam</span> <span class='ocrx_word' id='word_1_627' title='bbox 3301 5095 3361 5151; x_wconf 92' lang='lat' dir='ltr'>in</span> <span class='ocrx_word' id='word_1_628' title='bbox 3409 5093 3560 5150; x_wconf 90' lang='lat' dir='ltr'>Urbe</span> 
     </span>
    </p>
   </div>
   <div class='ocr_carea' id='block_1_92' title="bbox 1916 5180 3559 5253">
    <p class='ocr_par' dir='ltr' id='par_1_92' title="bbox 1916 5180 3559 5253">
     <span class='ocr_line' id='line_1_96' title="bbox 1916 5180 3559 5253; baseline 0.001 -17"><span class='ocrx_word' id='word_1_629' title='bbox 1916 5182 2164 5246; x_wconf 86' lang='lat' dir='ltr'>animos,</span> <span class='ocrx_word' id='word_1_630' title='bbox 2200 5181 2276 5234; x_wconf 90' lang='lat' dir='ltr'>rei</span> <span class='ocrx_word' id='word_1_631' title='bbox 2322 5180 2573 5235; x_wconf 84' lang='lat' dir='ltr'>novitate</span> <span class='ocrx_word' id='word_1_632' title='bbox 2613 5182 2699 5252; x_wconf 89' lang='lat' dir='ltr'>(ut</span> <span class='ocrx_word' id='word_1_633' title='bbox 2738 5183 2849 5237; x_wconf 85' lang='lat' dir='ltr'>sibi</span> <span class='ocrx_word' id='word_1_634' title='bbox 2895 5183 3177 5253; x_wconf 87' lang='lat' dir='ltr'>videatur)</span> <span class='ocrx_word' id='word_1_635' title='bbox 3231 5200 3301 5239; x_wconf 92' lang='lat' dir='ltr'>ne</span> <span class='ocrx_word' id='word_1_636' title='bbox 3346 5183 3559 5249; x_wconf 85' lang='lat' dir='ltr'>dicam,</span> 
     </span>
    </p>
   </div>
   <div class='ocr_carea' id='block_1_93' title="bbox 131 5254 3563 5344">
    <p class='ocr_par' dir='ltr' id='par_1_93' title="bbox 131 5254 3563 5344">
     <span class='ocr_line' id='line_1_97' title="bbox 131 5254 3563 5344; baseline -0.001 -16"><span class='ocrx_word' id='word_1_637' title='bbox 131 5273 279 5329; x_wconf 91' lang='lat' dir='ltr'>dum</span> <span class='ocrx_word' id='word_1_638' title='bbox 330 5269 442 5326; x_wconf 90' lang='lat' dir='ltr'>niti</span> <span class='ocrx_word' id='word_1_639' title='bbox 477 5269 860 5324; x_wconf 89' lang='lat' dir='ltr'>temerarium</span> <span class='ocrx_word' id='word_1_640' title='bbox 911 5270 1237 5335; x_wconf 90' lang='lat' dir='ltr'>videbatur,</span> <span class='ocrx_word' id='word_1_641' title='bbox 1273 5268 1419 5323; x_wconf 87' lang='lat' dir='ltr'>mihi</span> <span class='ocrx_word' id='word_1_642' title='bbox 1468 5270 1809 5325; x_wconf 79' lang='lat' dir='ltr'>occurrebat</span> <span class='ocrx_word' id='word_1_643' title='bbox 1838 5254 1886 5319; x_wconf 84' lang='lat' dir='ltr'><strong>D</strong></span> <span class='ocrx_word' id='word_1_644' title='bbox 1920 5270 2266 5341; x_wconf 85' lang='lat' dir='ltr'>indignitate</span> <span class='ocrx_word' id='word_1_645' title='bbox 2319 5270 2617 5341; x_wconf 86' lang='lat' dir='ltr'>attonitos,</span> <span class='ocrx_word' id='word_1_646' title='bbox 2663 5271 2833 5342; x_wconf 84' lang='lat' dir='ltr'>quasi</span> <span class='ocrx_word' id='word_1_647' title='bbox 2882 5274 3045 5328; x_wconf 83' lang='lat' dir='ltr'>nefas</span> <span class='ocrx_word' id='word_1_648' title='bbox 3087 5278 3241 5329; x_wconf 87' lang='lat' dir='ltr'>esset</span> <span class='ocrx_word' id='word_1_649' title='bbox 3276 5273 3563 5344; x_wconf 88' lang='lat' dir='ltr'>tantisper</span> 
     </span>
    </p>
   </div>
   <div class='ocr_carea' id='block_1_94' title="bbox 131 5356 1806 5431">
    <p class='ocr_par' dir='ltr' id='par_1_94' title="bbox 131 5356 1806 5431">
     <span class='ocr_line' id='line_1_98' title="bbox 131 5356 1806 5431; baseline -0.002 -14"><span class='ocrx_word' id='word_1_650' title='bbox 131 5360 284 5417; x_wconf 92' lang='lat' dir='ltr'>illud</span> <span class='ocrx_word' id='word_1_651' title='bbox 318 5356 484 5431; x_wconf 90' lang='lat' dir='ltr'>quod</span> <span class='ocrx_word' id='word_1_652' title='bbox 518 5357 871 5413; x_wconf 89' lang='lat' dir='ltr'>Sirmundus</span> <span class='ocrx_word' id='word_1_653' title='bbox 894 5358 1020 5429; x_wconf 91' lang='lat' dir='ltr'>ipse</span> <span class='ocrx_word' id='word_1_654' title='bbox 1051 5358 1108 5412; x_wconf 92' lang='lat' dir='ltr'>in</span> <span class='ocrx_word' id='word_1_655' title='bbox 1135 5357 1223 5413; x_wconf 81' lang='lat' dir='ltr'>sui</span> <span class='ocrx_word' id='word_1_656' title='bbox 1251 5358 1684 5412; x_wconf 82' lang='lat' dir='ltr'>excusationem</span> <span class='ocrx_word' id='word_1_657' title='bbox 1720 5364 1806 5414; x_wconf 89' lang='lat' dir='ltr'>at-</span> 
     </span>
    </p>
   </div>
   <div class='ocr_carea' id='block_1_95' title="bbox 130 5445 1810 5519">
    <p class='ocr_par' dir='ltr' id='par_1_95' title="bbox 130 5445 1810 5519">
     <span class='ocr_line' id='line_1_99' title="bbox 130 5445 1810 5519; baseline -0.002 -12"><span class='ocrx_word' id='word_1_658' title='bbox 130 5449 273 5506; x_wconf 86' lang='lat' dir='ltr'>tulit</span> <span class='ocrx_word' id='word_1_659' title='bbox 303 5449 365 5503; x_wconf 90' lang='lat' dir='ltr'>in</span> <span class='ocrx_word' id='word_1_660' title='bbox 404 5445 853 5516; x_wconf 86' lang='lat' dir='ltr'>Disquisitionis</span> <span class='ocrx_word' id='word_1_661' title='bbox 884 5464 1011 5519; x_wconf 91' lang='lat' dir='ltr'>cap.</span> <span class='ocrx_word' id='word_1_662' title='bbox 1044 5448 1079 5501; x_wconf 83' lang='lat'>5</span> <span class='ocrx_word' id='word_1_663' title='bbox 1109 5447 1207 5501; x_wconf 90' lang='lat' dir='ltr'>ubi</span> <span class='ocrx_word' id='word_1_664' title='bbox 1243 5447 1312 5501; x_wconf 90' lang='lat' dir='ltr'>de</span> <span class='ocrx_word' id='word_1_665' title='bbox 1359 5447 1641 5501; x_wconf 88' lang='lat' dir='ltr'>fermento</span> <span class='ocrx_word' id='word_1_666' title='bbox 1672 5448 1810 5503; x_wconf 83' lang='lat' dir='ltr'>Mel-</span> 
     </span>
    </p>
   </div>
   <div class='ocr_carea' id='block_1_96' title="bbox 132 5532 1808 5607">
    <p class='ocr_par' dir='ltr' id='par_1_96' title="bbox 132 5532 1808 5607">
     <span class='ocr_line' id='line_1_100' title="bbox 132 5532 1808 5607; baseline -0.001 -12"><span class='ocrx_word' id='word_1_667' title='bbox 132 5536 370 5595; x_wconf 89' lang='lat' dir='ltr'>cbiadis</span> <span class='ocrx_word' id='word_1_668' title='bbox 402 5549 472 5590; x_wconf 89' lang='lat' dir='ltr'>ac</span> <span class='ocrx_word' id='word_1_669' title='bbox 505 5532 700 5589; x_wconf 90' lang='lat' dir='ltr'>Siricii</span> <span class='ocrx_word' id='word_1_670' title='bbox 735 5534 903 5591; x_wconf 88' lang='lat' dir='ltr'>aliter</span> <span class='ocrx_word' id='word_1_671' title='bbox 933 5540 1107 5607; x_wconf 80' lang='lat' dir='ltr'>atque</span> <span class='ocrx_word' id='word_1_672' title='bbox 1141 5534 1424 5590; x_wconf 83' lang='lat' dir='ltr'>Baronius</span> <span class='ocrx_word' id='word_1_673' title='bbox 1458 5538 1808 5593; x_wconf 89' lang='lat' dir='ltr'>sententiam</span> 
     </span>
    </p>
   </div>
   <div class='ocr_carea' id='block_1_97' title="bbox 1920 5357 3560 5432">
    <p class='ocr_par' dir='ltr' id='par_1_97' title="bbox 1920 5357 3560 5432">
     <span class='ocr_line' id='line_1_101' title="bbox 1920 5357 3560 5432; baseline -0.001 -18"><span class='ocrx_word' id='word_1_674' title='bbox 1920 5360 2184 5415; x_wconf 78' lang='lat' dir='ltr'>recedere</span> <span class='ocrx_word' id='word_1_675' title='bbox 2222 5376 2255 5412; x_wconf 86' lang='lat' dir='ltr'>a</span> <span class='ocrx_word' id='word_1_676' title='bbox 2305 5359 2602 5413; x_wconf 88' lang='lat' dir='ltr'>communi</span> <span class='ocrx_word' id='word_1_677' title='bbox 2663 5362 3050 5416; x_wconf 87' lang='lat' dir='ltr'>recentiorum</span> <span class='ocrx_word' id='word_1_678' title='bbox 3106 5361 3394 5432; x_wconf 88' lang='lat' dir='ltr'>opinione,</span> <span class='ocrx_word' id='word_1_679' title='bbox 3455 5357 3560 5432; x_wconf 85' lang='lat' dir='ltr'>qui</span> 
     </span>
    </p>
   </div>
   <div class='ocr_carea' id='block_1_98' title="bbox 1921 5448 3560 5521">
    <p class='ocr_par' dir='ltr' id='par_1_98' title="bbox 1921 5448 3560 5521">
     <span class='ocr_line' id='line_1_102' title="bbox 1921 5448 3560 5521; baseline 0 -17"><span class='ocrx_word' id='word_1_680' title='bbox 1921 5464 2255 5520; x_wconf 78' lang='lat' dir='ltr'>azymorum</span> <span class='ocrx_word' id='word_1_681' title='bbox 2291 5448 2348 5501; x_wconf 93' lang='lat' dir='ltr'>in</span> <span class='ocrx_word' id='word_1_682' title='bbox 2378 5448 2584 5502; x_wconf 89' lang='lat' dir='ltr'>Latina</span> <span class='ocrx_word' id='word_1_683' title='bbox 2600 5449 2853 5504; x_wconf 78' lang='lat' dir='ltr'>Ecclesia</span> <span class='ocrx_word' id='word_1_684' title='bbox 2871 5454 3214 5521; x_wconf 85' lang='lat' dir='ltr'>perpetuum</span> <span class='ocrx_word' id='word_1_685' title='bbox 3235 5464 3406 5503; x_wconf 90' lang='lat' dir='ltr'>usum</span> <span class='ocrx_word' id='word_1_686' title='bbox 3439 5464 3560 5504; x_wconf 90' lang='lat' dir='ltr'>non</span> 
     </span>
    </p>
   </div>
   <div class='ocr_carea' id='block_1_99' title="bbox 1920 5537 3561 5607">
    <p class='ocr_par' dir='ltr' id='par_1_99' title="bbox 1920 5537 3561 5607">
     <span class='ocr_line' id='line_1_103' title="bbox 1920 5537 3561 5607; baseline 0 -14"><span class='ocrx_word' id='word_1_687' title='bbox 1920 5554 2087 5593; x_wconf 91' lang='lat' dir='ltr'>secus</span> <span class='ocrx_word' id='word_1_688' title='bbox 2136 5553 2203 5589; x_wconf 86' lang='lat' dir='ltr'>ac</span> <span class='ocrx_word' id='word_1_689' title='bbox 2234 5537 2447 5607; x_wconf 84' lang='lat' dir='ltr'>dogma</span> <span class='ocrx_word' id='word_1_690' title='bbox 2475 5537 2850 5605; x_wconf 83' lang='lat' dir='ltr'>catholicum,</span> <span class='ocrx_word' id='word_1_691' title='bbox 2887 5539 3226 5595; x_wconf 81' lang='lat' dir='ltr'>defendunt.</span> <span class='ocrx_word' id='word_1_692' title='bbox 3279 5537 3561 5593; x_wconf 90' lang='lat' dir='ltr'>Gliscenti</span> 
     </span>
    </p>
   </div>
   <div class='ocr_carea' id='block_1_100' title="bbox 133 5622 3563 5697">
    <p class='ocr_par' dir='ltr' id='par_1_100' title="bbox 133 5622 3563 5697">
     <span class='ocr_line' id='line_1_104' title="bbox 133 5622 3563 5697; baseline -0.001 -13"><span class='ocrx_word' id='word_1_693' title='bbox 133 5628 433 5693; x_wconf 88' lang='lat' dir='ltr'>dicturus,</span> <span class='ocrx_word' id='word_1_694' title='bbox 467 5622 694 5679; x_wconf 85' lang='lat' dir='ltr'>veritus</span> <span class='ocrx_word' id='word_1_695' title='bbox 728 5641 842 5680; x_wconf 93' lang='lat' dir='ltr'>non</span> <span class='ocrx_word' id='word_1_696' title='bbox 865 5628 1047 5680; x_wconf 90' lang='lat' dir='ltr'>estne</span> <span class='ocrx_word' id='word_1_697' title='bbox 1069 5628 1269 5680; x_wconf 88' lang='lat' dir='ltr'>contra</span> <span class='ocrx_word' id='word_1_698' title='bbox 1290 5623 1519 5679; x_wconf 88' lang='lat' dir='ltr'>Baronii</span> <span class='ocrx_word' id='word_1_699' title='bbox 1551 5630 1809 5683; x_wconf 90' lang='lat' dir='ltr'>mentem</span> <span class='ocrx_word' id='word_1_700' title='bbox 1918 5623 2289 5697; x_wconf 86' lang='lat' dir='ltr'>querelarum</span> <span class='ocrx_word' id='word_1_701' title='bbox 2327 5624 2548 5678; x_wconf 89' lang='lat' dir='ltr'>rumori</span> <span class='ocrx_word' id='word_1_702' title='bbox 2578 5626 2807 5680; x_wconf 85' lang='lat' dir='ltr'>frenum</span> <span class='ocrx_word' id='word_1_703' title='bbox 2851 5626 3149 5697; x_wconf 89' lang='lat' dir='ltr'>imponere</span> <span class='ocrx_word' id='word_1_704' title='bbox 3182 5625 3407 5683; x_wconf 88' lang='lat' dir='ltr'>curavit</span> <span class='ocrx_word' id='word_1_705' title='bbox 3434 5642 3563 5681; x_wconf 86' lang='lat' dir='ltr'>mo-</span> 
     </span>
    </p>
   </div>
   <div class='ocr_carea' id='block_1_101' title="bbox 130 5708 1808 5792">
    <p class='ocr_par' dir='ltr' id='par_1_101' title="bbox 130 5708 1808 5792">
     <span class='ocr_line' id='line_1_105' title="bbox 130 5708 1808 5792; baseline -0.004 -11"><span class='ocrx_word' id='word_1_706' title='bbox 130 5719 461 5792; x_wconf 82' lang='lat' dir='ltr'>vetumque</span> <span class='ocrx_word' id='word_1_707' title='bbox 499 5708 715 5769; x_wconf 84' lang='lat' dir='ltr'>fecisse</span> <span class='ocrx_word' id='word_1_708' title='bbox 754 5712 1072 5782; x_wconf 85' lang='lat' dir='ltr'>videretur,</span> <span class='ocrx_word' id='word_1_709' title='bbox 1111 5717 1416 5788; x_wconf 88' lang='lat' dir='ltr'>propterea</span> <span class='ocrx_word' id='word_1_710' title='bbox 1444 5712 1599 5788; x_wconf 87' lang='lat' dir='ltr'>quod</span> <span class='ocrx_word' id='word_1_711' title='bbox 1634 5712 1808 5775; x_wconf 87' lang='lat' dir='ltr'>Baro-</span> 
     </span>
    </p>
   </div>
   <div class='ocr_carea' id='block_1_102' title="bbox 464 5838 1052 5911">
    <p class='ocr_par' dir='ltr' id='par_1_102' title="bbox 464 5838 1052 5911">
     <span class='ocr_line' id='line_1_106' title="bbox 464 5838 1052 5911; baseline 0.007 -7"><span class='ocrx_word' id='word_1_712' title='bbox 464 5838 743 5911; x_wconf 67' lang='lat' dir='ltr'>Paraon.</span> <span class='ocrx_word' id='word_1_713' title='bbox 789 5838 1052 5909; x_wconf 80' lang='lat' dir='ltr'>CXLIII.</span> 
     </span>
    </p>
   </div>
   <div class='ocr_carea' id='block_1_103' title="bbox 1916 5711 3563 5786">
    <p class='ocr_par' dir='ltr' id='par_1_103' title="bbox 1916 5711 3563 5786">
     <span class='ocr_line' id='line_1_107' title="bbox 1916 5711 3563 5786; baseline 0.001 -15"><span class='ocrx_word' id='word_1_714' title='bbox 1916 5711 2293 5771; x_wconf 86' lang='lat' dir='ltr'>destissimus</span> <span class='ocrx_word' id='word_1_715' title='bbox 2323 5712 2657 5786; x_wconf 83' lang='lat' dir='ltr'>cardinalis,</span> <span class='ocrx_word' id='word_1_716' title='bbox 2691 5714 2843 5771; x_wconf 88' lang='lat' dir='ltr'>edita</span> <span class='ocrx_word' id='word_1_717' title='bbox 2870 5714 3019 5771; x_wconf 88' lang='lat' dir='ltr'>hanc</span> <span class='ocrx_word' id='word_1_718' title='bbox 3048 5715 3110 5770; x_wconf 90' lang='lat' dir='ltr'>in</span> <span class='ocrx_word' id='word_1_719' title='bbox 3141 5731 3267 5771; x_wconf 90' lang='lat' dir='ltr'>rem</span> <span class='ocrx_word' id='word_1_720' title='bbox 3289 5712 3563 5773; x_wconf 86' lang='lat' dir='ltr'>admoni-</span> 
     </span>
    </p>
   </div>
   <div class='ocr_carea' id='block_1_104' title="bbox 3520 5834 3547 5845">
    <p class='ocr_par' dir='ltr' id='par_1_104' title="bbox 3520 5834 3547 5845">
     <span class='ocr_line' id='line_1_108' title="bbox 3520 5834 3547 5845; baseline 0 0"><span class='ocrx_word' id='word_1_721' title='bbox 3520 5834 3547 5845; x_wconf 57' lang='grc' dir='ltr'><strong><em>ο</em></strong></span> 
     </span>
    </p>
   </div>
   <div class='ocr_carea' id='block_1_105' title="bbox 3163 5842 3243 5913">
    <p class='ocr_par' dir='ltr' id='par_1_105' title="bbox 3163 5842 3243 5913">
     <span class='ocr_line' id='line_1_109' title="bbox 3163 5842 3243 5913; baseline 0.088 -7"><span class='ocrx_word' id='word_1_722' title='bbox 3163 5842 3243 5913; x_wconf 82' lang='lat'>39</span> 
     </span>
    </p>
   </div>
  </div>
