3864 6364
305 334 334 394 1
347 333 462 392 227

1329 329 1715 392 APPENDIX
1760 329 1863 389 AD
1906 322 2168 389 OPERA
2210 321 2644 389 HUMBERTI.

3544 309 3710 376 4228

302 463 479 529 tione,
511 478 627 534 qua
657 461 938 518 rationem
969 461 1306 518 assertionis
1323 479 1440 517 suae
1463 465 1661 518 contra
1683 459 1924 515 sentien-
1955 458 2011 524 Α
2040 457 2130 513 IV.
2175 458 2344 530 Quali
2366 473 2508 529 pane
2538 461 2766 512 utantur
2805 457 2939 512 alia
2977 454 3270 510 societates
3321 448 3707 516 Christiana.

303 551 464 606 tibus
493 551 812 622 approbare
840 549 1098 604 tentavit.
1133 549 1291 614 Quod
1322 549 1422 603 ubi
1446 549 1611 620 plene
1636 549 1706 602 ad
1729 551 1926 602 votum

305 653 422 694 non
460 637 809 703 succederet,
848 636 1002 692 idem
1059 641 1474 708 aqgumentum
1529 639 1834 690 retractare
1877 639 1934 690 et

305 723 520 779 clarius
551 723 898 778 sententiam
931 739 1100 779 suam
1139 723 1420 794 explicare
1451 722 1645 778 animo
1674 722 1930 777 destina-

304 811 386 866 vit
411 829 423 878 ;
456 810 632 882 idque
663 810 816 866 brevi
849 810 1200 880 perfecisset,
1229 810 1340 866 nisi
1362 811 1470 868 hoc
1495 809 1810 882 agitantem
1833 826 1932 866 nc-

311 898 600 970 gotiorum
639 899 809 953 turba
845 897 1228 953 distraxisset.
1276 901 1348 951 At
1377 914 1510 952 cum
1557 897 1936 952 intellexisset

313 1002 408 1041 me
437 986 590 1040 idem
635 983 937 1040 consilium
977 985 1266 1051 meditari,
1309 983 1621 1040 submissis
1674 1000 1818 1056 quas
1862 984 1932 1040 ad

313 1074 424 1130 hoc
456 1073 701 1128 habebat
743 1071 1102 1128 litteratoriis
1135 1073 1338 1144 copiis,
1378 1071 1614 1144 impulit
1653 1088 1744 1127 me
1775 1072 1845 1126 ad
1875 1071 1930 1126 id

315 1161 664 1228 audendum,
711 1161 768 1214 id
811 1163 898 1215 est
954 1161 1024 1216 ad
1065 1159 1472 1232 explicandum
1507 1161 1565 1214 in
1612 1159 1763 1231 quod
1796 1176 1826 1215 e
1854 1160 1933 1214 rei

315 1249 552 1304 veritate
583 1264 708 1304 esse
729 1249 1040 1314 crederem,
1071 1249 1224 1319 quod
1242 1264 1424 1303 unum
1447 1263 1676 1319 semper
1696 1247 1931 1319 optavit.

314 1338 436 1392 Non
474 1335 640 1391 licuit
687 1351 918 1406 operam
966 1351 1155 1390 meam
1189 1352 1398 1406 negare
1431 1339 1600 1390 tanta:
1639 1335 1937 1407 dignitatis

311 1424 610 1490 hortatori,
643 1423 892 1478 maxime
920 1439 1054 1478 cum
1079 1423 1470 1479 necessarium
1497 1422 1638 1477 mihi
1662 1427 1814 1478 esset
1841 1439 1939 1477 ex-

310 1528 521 1584 ponere
550 1527 616 1566 ea
647 1528 794 1583 qum,
827 1510 914 1566 vel
937 1509 1366 1578 obscurius,vel
1397 1509 1630 1565 brevius
1650 1510 1707 1563 in
1729 1509 1937 1565 Obser-

309 1599 634 1654 vationibus
681 1599 828 1676 meis
885 1598 1041 1654 dicta
1087 1597 1252 1654 aliter
1299 1613 1476 1670 quam
1521 1615 1626 1670 par
1654 1602 1776 1652 erat
1801 1614 1938 1652 non-

310 1686 452 1742 nulli
484 1687 1035 1758 interpretabantur.

381 1775 502 1830 Duo
535 1779 674 1831 sunt
707 1792 830 1846 quae
861 1775 921 1830 in
951 1773 1467 1830 Observationibus
1499 1775 1645 1828 meis
1675 1773 1936 1828 intende-

313 1864 466 1918 bam.
508 1863 698 1918 Unum
747 1879 1080 1935 azymorum
1130 1878 1304 1917 usum
1337 1862 1490 1932 apud
1523 1861 1759 1916 Latinos
1789 1861 1847 1914 in
1877 1876 1938 1914 re

317 1968 480 2008 sacra
509 1951 762 2024 viguisse
806 1955 936 2006 ante
968 1950 1226 2006 schisma
1255 1949 1628 2016 Photianum,
1678 1949 1830 2019 quod
1862 1948 1944 2002 di-

317 2044 465 2095 serte
514 2040 878 2112 probandum
929 2037 1158 2108 suscepi
1217 2037 1494 2092 adversus
1533 2037 1941 2102 Sirmundum;

318 2128 585 2190 alterum,
617 2130 962 2200 argumenta
993 2142 1025 2180 a
1053 2125 1364 2180 Sirmundo
1383 2125 1675 2197 proposita
1699 2141 1815 2179 non
1847 2141 1942 2196 pc-

319 2219 476 2273 nitus
497 2217 754 2273 evincere
776 2217 1122 2269 fermentum
1153 2230 1186 2268 a
1211 2215 1426 2268 Latinis
1449 2213 1760 2284 aliquando
1789 2213 1948 2269 adhi-

318 2307 504 2362 bitum
539 2305 736 2360 fuisse.
770 2303 966 2373 Neque
996 2307 1186 2356 tamen
1211 2301 1360 2356 hanc
1392 2303 1769 2373 posteriorem
1816 2291 1944 2372 par-

319 2397 434 2450 tem
471 2393 552 2446 ita
579 2391 1091 2446 demonstrandam
1123 2389 1376 2461 suscepi,
1425 2390 1589 2460 quasi
1632 2395 1850 2444 certum
1883 2406 1947 2444 ac

321 2480 695 2536 manifestum
724 2495 850 2534 esse
885 2483 1142 2549 putarem
1170 2480 1516 2533 fermentum
1547 2495 1580 2531 a
1610 2477 1946 2532 Latinorum

321 2567 505 2624 sacris
553 2583 781 2637 semper
827 2566 1120 2632 abfuisse;
1165 2566 1266 2620 sed
1297 2571 1522 2620 tantum
1563 2581 1628 2620 eo
1680 2567 1950 2622 tendebat

321 2656 512 2713 omnis
543 2657 724 2710 oratio
757 2671 884 2709 mea
913 2658 977 2708 ut
1007 2655 1309 2725 probarem
1341 2654 1397 2708 id
1423 2671 1535 2708 non
1567 2659 1790 2709 certum
1821 2671 1948 2710 esse

321 2745 474 2818 quod
507 2744 856 2800 Sirmundus
878 2759 980 2814 pro
1011 2747 1162 2798 certo
1185 2743 1537 2814 proponebat
1567 2761 1579 2810 ;
1613 2759 1727 2798 uno
1757 2744 1946 2812 verbo,

323 2832 565 2889 alteram
613 2833 765 2887 hanc
803 2837 1050 2902 partem,
1084 2846 1198 2884 non
1227 2835 1346 2884 tam
1379 2831 1722 2886 affirmando
1772 2847 1950 2902 quam

323 2920 587 2993 negando
603 2925 660 2976 et
698 2920 878 2990 partis
920 2919 1171 2974 adversae
1201 2919 1577 2974 fundamenta
1625 2920 1950 2990 avertendo,

327 3009 478 3066 tueri
510 3009 652 3062 mihi
689 3009 873 3062 visum
904 3013 1010 3063 est.

2037 545 2104 600 V.
2150 547 2336 603 Variae
2361 547 2644 601 sententia?
2670 545 2736 600 de
2753 559 2946 616 azyma
2979 543 3324 598 Latinorum.

2037 633 2130 689 Vl.
2170 634 2432 700 Quaedam
2460 633 2768 688 testimonia
2802 633 2982 688 dubia
3012 630 3144 700 ﬁdei
3166 644 3269 702 pro
3300 641 3506 700 azyma
3546 626 3708 680 Lati-

2109 737 2308 777 norum
2335 721 2733 792 expenduntur.

2039 809 2158 864 VII.
2197 811 2584 880 Proponuntur
2627 810 2944 873 coniectura:
2971 811 3024 863 et
3065 811 3400 877 argumenta
3438 801 3712 875 quaedam

2107 913 2207 969 pro
2225 899 2446 968 antiquo
2475 913 2576 952 usu
2605 912 2930 968 azymorum
2955 893 3104 966 apud
3135 894 3380 948 Latinos.

2040 985 2187 1040 VlII.
2237 985 2368 1039 Atiae
2392 985 2734 1056 probationes
2761 1000 2830 1040 ea:
2856 987 3118 1056 formaet
3148 979 3574 1038 conditionibus
3605 981 3712 1033 lto-

2111 1075 2364 1128 stiarum.
2410 1074 2508 1130 Uti
2552 1071 2908 1144 explicantur
2950 1085 3188 1127 canones
3226 1068 3356 1136 duo,
3390 1083 3546 1122 unus
3576 1081 3712 1122 con-

2111 1161 2232 1216 cilii
2263 1161 2581 1216 Turonensis
2609 1161 2852 1227 secundi,
2887 1159 3028 1214 alter
3063 1157 3309 1214 Toletani
3331 1153 3483 1210 XVI.

2043 1248 2135 1303 IX.
2180 1249 2373 1304 Morem
2413 1249 2557 1303 hunc
2582 1246 2838 1317 generali
2862 1262 2968 1302 usu
2997 1245 3158 1319 apud
3181 1245 3416 1300 Latinos
3462 1243 3717 1312 viguisse

2110 1341 2236 1392 ante
2261 1336 2476 1392 Photiie
2496 1336 2805 1391 discidium.

2042 1425 2106 1482 Χ.
2142 1425 2538 1497 Expendunlur
2558 1432 2881 1495 argumenta
2899 1439 2999 1495 pro
3019 1438 3124 1478 usu
3139 1423 3408 1494 fomenti
3427 1419 3585 1493 apud
3606 1423 3716 1476 La-

2116 1515 2272 1569 tinos.

2047 1601 2138 1658 ΧΙ.
2170 1602 2426 1672 Epilogus
2445 1605 2496 1658 et
2523 1601 2794 1658 conclusio
2810 1601 3246 1672 praemissorum.

2577 1742 2801 1799 CAPUT
2858 1740 3152 1797 PRIMUM

1965 1815 2013 1879 B
2050 1848 2457 1905 Eucharistiam
2485 1851 2546 1904 in
2575 1849 2792 1919 azymis
2818 1862 2854 1901 a
2883 1845 3094 1902 Christo
3123 1845 3361 1901 Domino
3391 1846 3730 1900 institutam

2775 1919 2963 1988 fuisse.

2124 2045 2483 2100 Servatorem
2514 2046 2801 2111 nostrum,
2843 2041 2903 2096 in
2934 2045 3194 2098 extremo
3225 2040 3522 2097 Paschate
3557 2041 3730 2112 quod

2055 2136 2238 2187 morte
2281 2131 2534 2186 instante
2590 2129 2918 2190 celebravit,
2970 2127 3304 2185 venerabile
3354 2127 3642 2200 corporis
3673 2133 3734 2184 et

2055 2220 2358 2292 sanguinis
2409 2220 2498 2273 sui
2549 2222 2981 2274 sacramentum
3041 2217 3154 2273 sub
3207 2233 3527 2289 vesperam
3561 2216 3730 2272 terius

2056 2308 2270 2379 quinta:
2304 2307 2628 2362 instituisse
2651 2309 2898 2362 constat.
2933 2305 3143 2361 Utrum
3181 2321 3462 2378 azymum
3499 2319 3736 2378 panem

2057 2397 2168 2451 huc
2220 2394 2568 2461 adhibuerit,
2611 2395 2914 2466 disputaut
2963 2392 3151 2448 Latini
3188 2398 3245 2448 et
3274 2393 3465 2449 Graeci
3523 2409 3738 2450 recen-

2057 2484 2230 2540 tiores
2262 2501 2274 2539 :
2311 2484 2526 2538 Latinis
2557 2499 2844 2555 azymum,
2867 2481 3084 2539 Graecis
3105 2481 3544 2538 fermentatum
3581 2499 3738 2556 pra-

2053 2571 2394 2628 ferentibus.
2426 2571 2614 2641 Hujus
2642 2570 3044 2626 controversia
3067 2568 3284 2626 solutio
3317 2586 3389 2626 ex
3418 2569 3554 2626 alia
3589 2586 3740 2642 pen-

2057 2661 2173 2727 det,
2231 2659 2494 2715 videlicet
2541 2676 2612 2714 an
2669 2657 2936 2714 Christus
2985 2673 3051 2713 eo
3106 2673 3262 2714 anno
3328 2657 3746 2716 celebraverit

2056 2749 2277 2804 Pascha
2303 2746 2508 2820 legale,
2539 2747 2597 2802 id
2623 2751 2712 2802 est
2743 2762 2758 2801 :
2789 2763 2863 2801 an
2895 2761 3117 2818 agnum
3148 2761 3284 2801 cum
3325 2747 3572 2818 azymis
3606 2747 3741 2803 alii-

2058 2854 2201 2909 sque
2221 2835 2594 2908 paschalibus
2625 2833 2770 2890 cibis
2800 2830 3142 2899 comederit,
3189 2838 3466 2907 tempore
3501 2841 3568 2893 et
3607 2835 3742 2892 loco

2059 2925 2184 2998 lege
2213 2923 2587 2996 praescriptis.
3168 2983 3176 2987 _

2130 3019 2205 3070 De
2236 3013 2360 3068 loco
2382 3011 2544 3067 nulla
2573 3018 2659 3066 est
2697 3009 2990 3066 dubitatio
3029 3009 3329 3066 Christum
3372 3009 3744 3086 Hierosoly-

401 3099 481 3154 De
523 3097 711 3152 media
753 3095 1134 3150 illustrissimi
1181 3095 1493 3150 cardinalis
1525 3096 1828 3162 sententia,
1861 3097 1954 3152 de-
1997 3170 2024 3174 μ
2064 3104 2197 3172 mis,
2225 3101 2306 3156 uti
2337 3100 2462 3172 lege
2500 3103 2734 3153 cautum
2765 3102 2907 3166 erat,
2949 3097 3224 3154 ultimum
3280 3099 3523 3154 Pascha
3578 3118 3751 3174 pere-

329 3203 441 3260 que
473 3186 634 3242 novis
663 3183 1021 3256 argumentis
1047 3184 1118 3236 ab
1149 3199 1214 3238 eo
1236 3199 1338 3254 pro
1357 3183 1655 3238 Sirmundi
1685 3183 1955 3255 Opinione
1985 3170 2028 3236 C
2065 3170 2247 3264 gigge;
2271 3191 2342 3244 de
2374 3170 2845 3258 temporeﬁeque
2866 3201 2969 3241 esu
2992 3185 3127 3259 agni
3158 3186 3354 3258 gravis
3376 3193 3476 3244 est
3498 3170 3752 3247 contro-

329 3277 597 3347 adductis
654 3273 796 3328 nihil
829 3272 968 3336 dixi,
1011 3277 1134 3326 tum
1166 3273 1303 3342 quia
1333 3271 1772 3326 Observationes
1815 3290 1954 3328 mea:

319 3367 440 3438 jam
472 3365 624 3437 typis
647 3361 1018 3432 subjicienda)
1049 3363 1232 3428 erant,
1264 3375 1398 3414 cum
1428 3360 1555 3430 ejus
1585 3376 1730 3431 opus
1761 3361 1840 3416 De
1872 3377 1954 3416 re-

327 3457 436 3512 bus
463 3452 751 3524 liturgicis
797 3450 856 3504 in
900 3449 1046 3504 hanc
1075 3448 1278 3502 urbem
1327 3447 1633 3502 advectum
1681 3453 1788 3516 est,
1824 3454 1951 3504 tum

327 3545 465 3617 quia
505 3538 789 3598 sententia
835 3553 963 3592 mea
1006 3536 1192 3608 magis
1223 3534 1532 3591 accedebat
1575 3537 1646 3590 ad
1698 3541 1948 3592 mentem

325 3627 770 3689 eminentissimi
818 3624 1150 3682 cardinalis.
1192 3626 1246 3680 Is
1285 3623 1439 3678 enim
1472 3640 1586 3678 non
1619 3629 1792 3696 negat
1819 3642 1949 3698 azy-

322 3737 450 3777 mos
471 3734 646 3791 panes
663 3715 975 3788 aliquando
995 3711 1286 3768 adhibitos
1316 3717 1446 3767 ante
1475 3711 1665 3766 Photii
1695 3718 1945 3784 tempus,

321 3811 436 3864 imo
469 3809 539 3864 ab
569 3806 696 3878 ipsa
727 3809 892 3859 (etate
922 3799 1314 3873 apostolorum
1341 3817 1354 3866 ;
1389 3801 1488 3855 sed
1517 3805 1710 3856 tamen
1744 3801 1799 3854 id
1833 3801 1946 3856 fac-

319 3905 443 3954 tum
465 3896 545 3953 ait
564 3895 709 3952 citra
737 3891 1046 3957 delectum,
1079 3905 1192 3944 non
1224 3887 1518 3944 communi
1549 3887 1692 3959 lege,
1713 3889 1812 3944 sed
1845 3905 1946 3960 pro

316 3987 572 4043 locorum
603 3999 670 4039 ac
701 3987 1031 4052 temporum
1069 3977 1310 4033 ratione.

387 4075 601 4130 Verum
633 4071 772 4144 quia
797 4073 984 4124 totum
1017 4067 1119 4122 hoc
1141 4070 1549 4138 argumentum
1577 4081 1679 4137 pro
1712 4065 1945 4122 modulo

318 4181 444 4222 meo
474 4164 666 4219 denuo
702 4163 946 4214 tractare
975 4154 1118 4210 mihi
1140 4156 1266 4225 jam
1294 4154 1598 4222 incumbit,
1631 4155 1779 4210 dabo
1810 4171 1943 4227 ope-

316 4272 442 4312 ram
473 4257 540 4306 ut
567 4249 623 4304 id
646 4246 924 4302 historico
957 4244 1149 4316 potius
1179 4245 1348 4299 modo
1379 4259 1553 4315 quam
1585 4243 1944 4300 contentioso

317 4361 351 4400 a
380 4357 472 4398 me
503 4340 622 4406 fiat,
657 4353 770 4391 non
802 4351 914 4407 quo
937 4331 1230 4388 difﬁcilem
1263 4332 1712 4388 controversiam
1743 4349 1946 4388 secun-

315 4433 456 4488 dum
487 4432 678 4484 tantos
715 4443 748 4480 a
777 4440 870 4478 me
890 4423 1084 4480 dirimi
1115 4438 1180 4478 ac
1213 4421 1364 4476 {iniri
1397 4437 1567 4494 posse
1593 4427 1812 4492 putem,
1841 4423 1940 4478 sed

2062 3279 2266 3344 versia,
2298 3294 2412 3332 non
2434 3276 2623 3332 solum
2642 3276 2792 3331 inter
2811 3275 3036 3331 Grzecos
3049 3279 3104 3331 et
3118 3275 3521 3344 Latinos,sed
3558 3280 3751 3336 etiam

2063 3367 2214 3422 inter
2241 3366 2508 3425 homines
2525 3363 3132 3434 ejusdemsocietatis,
3155 3363 3312 3418 inter
3337 3366 3653 3438 antiquos
3685 3384 3752 3424 ac

2061 3454 2428 3511 recentiores.
2473 3453 2551 3508 De
2595 3453 2862 3523 utrisque
2891 3451 3186 3523 agendum
3227 3451 3641 3524 singillatim,
3687 3473 3755 3512 ac

2060 3544 2312 3616 primum
2345 3543 2717 3598 adversarum
2747 3539 3000 3612 partium
3032 3539 3426 3596 fundamenta
3459 3545 3754 3615 praemit-

2057 3633 2248 3688 tenda.

2127 3721 2233 3785 Qui
2253 3717 2468 3792 pascha
2489 3716 2658 3790 legali
2702 3732 2862 3772 more
2886 3733 2920 3770 a
2939 3714 3169 3772 Christo
3191 3716 3585 3776 celebratum
3612 3737 3756 3778 con-

2055 3810 2322 3877 tendunt,
2356 3807 2758 3862 auctoritatem
2800 3808 3044 3860 sumunt
3089 3820 3160 3860 ex
3205 3805 3567 3879 Evangeliis
3601 3809 3758 3867 Mat-

2055 3896 2210 3964 thazi,
2245 3895 2418 3952 Marci
2451 3899 2506 3950 et
2539 3899 2716 3948 Luem.
2760 3891 3068 3948 Matthazus
3118 3893 3360 3965 quippe,
3403 3899 3629 3966 prima
3662 3898 3756 3954 die

2053 4001 2408 4057 azymorum;
2457 3983 2704 4047 Marcus,
2749 3981 2930 4052 primo
2961 3980 3050 4035 die
3087 3996 3447 4052 azymorum,
3499 3986 3757 4056 quando

2054 4071 2408 4129 immolabant
2437 4069 2678 4131 Pascha;
2711 4069 2920 4136 Lucas,
2970 4067 3307 4124 adventante
3348 4069 3449 4126 die
3495 4089 3752 4147 azymo-

2054 4179 2199 4228 rum,
2231 4162 2291 4216 in
2321 4176 2426 4230 qua
2456 4174 2666 4214 necesse
2692 4159 2807 4213 erat
2845 4156 3019 4212 occidi
3057 4155 3292 4225 Pascha,
3347 4167 3670 4230 paratum
3722 4180 3757 4219 a

2051 4248 2354 4320 discipulis
2387 4245 2676 4319 paschalis
2711 4244 2840 4300 festi
2872 4244 3112 4316 epulum
3136 4248 3471 4302 testantur.

2122 4337 2230 4393 Alii
2259 4352 2413 4401 vero,
2449 4335 2568 4390 sive
2601 4333 2700 4406 qui
2735 4333 2960 4389 Pascha
2991 4331 3175 4405 legale
3205 4349 3239 4388 a
3269 4333 3528 4394 Christo
3584 4340 3756 4396 anti-

2051 4426 2308 4498 cipatum
2337 4423 2558 4488 volunt,
2583 4423 2701 4478 sive
2729 4420 2830 4492 qui
2861 4437 3080 4494 agnum
3113 4420 3187 4476 ab
3209 4421 3343 4494 ipso
3369 4439 3755 4487 comessum

313 4527 378 4578 ut
419 4521 476 4574 in
537 4529 845 4572 commune
904 4512 1194 4568 conferam
1259 4511 1316 4567 id
1357 4509 1941 4582 quantulumcunque
1973 4534 2020 4598 υ
2051 4518 2283 4586 negant,
2317 4513 2436 4567 sive
2471 4511 2570 4583 qui
2601 4515 2658 4564 et
2688 4525 2904 4582 agnum
2939 4514 2996 4564 et
3025 4525 3250 4580 azyma,
3281 4515 3661 4588 caateraque
3692 4516 3754 4572 id

313 4610 466 4683 quod
489 4608 560 4663 ad
595 4621 720 4661 eam
743 4601 1145 4657 illustrandum
1170 4601 1322 4672 apud
1347 4599 1616 4670 antiquos
1638 4600 1940 4656 observare

312 4697 455 4755 mihi
505 4695 690 4751 licuit.
739 4694 923 4762 Atque
969 4695 1032 4745 ut
1080 4694 1201 4746 tota
1239 4705 1331 4744 res
1385 4688 1573 4758 magis
1603 4688 1853 4745 dilucide
1883 4694 1940 4746 et

309 4790 577 4842 accurate
616 4784 1016 4854 pertractetur,
1060 4777 1756 4851 sequentibusscapitulis
1809 4795 1938 4834 eam

312 4875 618 4946 explanare
646 4871 915 4926 conabor.

832 5063 1040 5118 INDEX
1087 5062 1416 5119 CAPITUM.

309 5233 352 5289 Ι.
397 5225 794 5284 Eucharistiam
827 5226 887 5278 in
907 5225 1114 5294 azymis
1143 5239 1176 5276 a
1210 5221 1420 5274 Christo
1449 5221 1671 5278 Domino
1717 5225 1932 5278 institu-

376 5324 491 5374 tam
517 5315 697 5384 fuisse.

303 5409 372 5463 ΙΙ,
415 5403 678 5472 Exemplo
711 5399 922 5458 Clu-iin
950 5415 1072 5452 nom
1103 5395 1314 5462 imponi
1343 5396 1714 5450 necessitatem
1751 5413 1929 5454 conse-

375 5505 510 5546 cran
529 5489 568 5542 li
599 5492 652 5542 in
675 5490 910 5562 azymis.

307 5577 406 5638 lli.
439 5575 520 5631 An
547 5573 713 5636 Graeci
738 5573 905 5636 initio
933 5569 1178 5629 Ecclesiae
1205 5571 1468 5646 fermento
1497 5572 1584 5629 usi
1609 5573 1735 5630 sint.

2047 4619 2230 4676 genus
2278 4599 2568 4672 paschalis
2621 4597 2748 4653 festi
2781 4595 2976 4652 edulia
3016 4602 3316 4652 removent
3370 4600 3456 4656 ab
3515 4604 3754 4660 ultima

2045 4689 2254 4746 Christi
2285 4704 2467 4754 coena,
2497 4686 2765 4740 nituntur
2785 4701 2959 4756 quam
2985 4683 3237 4740 maxime
3254 4685 3534 4748 Joannis
3560 4709 3753 4750 evan-

2047 4778 2262 4851 gelista:
2303 4775 2518 4848 duplici
2569 4773 2923 4829 testimonio.
2970 4771 3164 4828 Unum
3215 4773 3407 4831 estin
3445 4796 3602 4854 cap.
3643 4800 3753 4838 xm

2047 4884 2212 4923 versu
2233 4867 2282 4931 1,
2300 4865 2398 4920 ubi
2413 4879 2634 4920 cumam
2652 4870 2776 4918 ante
2793 4861 2940 4916 diem
2951 4863 3150 4930 festum
3161 4863 3393 4919 Pascha,o
3409 4876 3753 4937 peractam

2046 4955 2264 5020 scribit,
2291 4954 2427 5019 imo,
2452 4958 2515 5007 ut
2545 4952 2600 5006 in
2623 4947 3394 5022 versionel’ersicalegitur,
3425 4967 3586 5014 ante
3610 4959 3753 5016 duo;

2044 5045 2156 5099 dies
2185 5042 2444 5104 Paschzc;
2476 5042 2721 5096 alterum
2755 5037 3162 5092 testimonium
3191 5043 3282 5094 est
3315 5039 3378 5096 in
3406 5061 3562 5118 cap.
3596 5065 3750 5106 xvm

2043 5149 2210 5188 versu
2245 5133 2335 5198 2.8,
2368 5130 2467 5186 ubi
2497 5129 2578 5184 ait
2605 5127 2858 5191 Judazos,
2893 5125 3121 5182 Christo
3153 5133 3328 5198 capto
3361 5135 3429 5186 et.
3463 5137 3751 5193 adducto

2043 5223 2114 5276 ad
2163 5221 2462 5293 Caipham,
2515 5235 2627 5273 non
2660 5215 2934 5271 introisse
2978 5215 3038 5268 in
3090 5217 3476 5288 praetorium,
3531 5235 3606 5282 ιιι
3632 5245 3750 5282 non

2041 5311 2568 5372 contaminarentur,
2616 5305 2706 5360 sed
2736 5308 2796 5358 ut
2825 5303 3226 5360 manducarent
3263 5307 3528 5368 Pascha.
3571 5315 3749 5379 Quod

2041 5401 2383 5470 argumento
2411 5402 2501 5453 est
2525 5412 2622 5451 eos
2651 5407 2890 5462 vespera
2923 5392 3326 5464 subsequente
3359 5414 3626 5472 agnum
3651 5421 3747 5461 co-

2041 5485 2312 5556 medisse,
2327 5503 2460 5542 nam
2478 5485 2608 5557 agni
2625 5478 2946 5568 immolatiﬁo
2963 5483 3140 5552 atque
3153 5485 3458 5544 comestio
3482 5507 3614 5563 pro
3619 5493 3749 5568 prie

2039 5573 2263 5636 Pascha
2291 5575 2609 5635 dicebatur.
2644 5569 2881 5631 Accedit
2903 5567 3068 5633 locus
3097 5584 3168 5630 ex
3199 5573 3496 5647 ejusdem
3537 5567 3745 5646 Evan-
