3864 6432
110 378 254 441 1229

1067 376 1522 439 MABILLONII
1564 370 2038 449 DISQUISITIO
2082 376 2183 440 DE
2226 375 2523 439 AZYMO.

3332 380 3357 435 1
3369 374 3489 438 230

105 510 234 580 gelii
265 526 392 581 cap.
425 527 517 565 xix
548 527 714 565 versu
750 512 833 581 H,
867 527 981 582 quo
1014 511 1073 566 in
1108 510 1228 566 loco
1267 510 1534 565 Christus
1583 508 1737 563 cruci
1766 509 1823 575 Α
1852 510 2176 581 peregisse;
2210 510 2350 576 et,in
2387 507 2833 565 Commentariis
2857 523 3030 578 super
3047 506 3288 563 Joannis
3307 508 3492 565 Evan-

106 598 308 653 affixus
340 598 551 653 dicitur
578 616 645 654 ea
674 600 788 666 die,
831 616 955 671 quae
1004 604 1123 655 erat
1171 601 1467 654 Paraseere
1498 600 1740 668 Paschze,

103 686 160 741 in
193 704 305 757 qua
334 687 614 740 nimirum
644 686 826 741 Judaei
868 687 1195 743 neceSsaria
1243 688 1645 759 przeparabant
1670 685 1741 741 ad

100 775 519 830 comedendum
546 791 761 846 agnum
795 776 904 829 sub
934 793 1230 845 vesperam
1263 778 1740 847 subsequentem.

102 865 227 918 Ilmc
262 866 375 919 fere
407 868 753 935 argumenta
785 868 940 933 sunt,
975 867 1188 935 quibus
1220 865 1451 919 adducti
1479 880 1611 919 cum
1636 864 1741 918 La-

97 953 224 1019 tini,
261 958 383 1007 tum
420 952 621 1015 Graeci,
654 956 771 1007 tam
804 957 1023 1007 veteres
1076 970 1251 1025 quam
1303 953 1652 1007 recentiores
1684 952 1741 1004 in

98 1041 354 1097 diversas
374 1042 587 1095 abeunt
612 1042 1083 1096 sententias.Jam
1110 1042 1437 1098 Graacorum
1464 1039 1747 1111 antiquio-

99 1148 227 1185 rum
264 1130 633 1185 traditionem
668 1130 1067 1197 consulamus,
1103 1136 1302 1202 postea
1335 1130 1692 1184 Latinorum.

172 1220 231 1275 In
266 1219 472 1291 primis
504 1219 965 1273 consideratione
996 1221 1171 1289 digna
1201 1224 1287 1275 est
1316 1218 1561 1290 epistola
1581 1217 1743 1289 Poly-

95 1309 273 1363 cratis
305 1308 684 1379 metropolitze
715 1308 1102 1363 Ecclesiarum
1134 1308 1412 1379 Λεία),ρυὶ
1437 1308 1547 1362 sub
1570 1308 1742 1361 tinem

96 1397 291 1451 sazculi
335 1398 595 1463 secundi,
630 1402 824 1452 exorto
877 1398 1120 1451 discidio
1170 1399 1320 1451 inter
1373 1396 1659 1451 Asiaticos
1689 1400 1745 1449 et

93 1487 241 1541 alias
274 1487 450 1540 totius
482 1484 637 1541 orbis
670 1485 954 1541 Ecclesiae
1003 1487 1071 1540 de
1120 1487 1210 1540 die
1257 1484 1589 1540 celebrandi
1632 1489 1739 1539 Pa-

93 1574 331 1636 schatis,
369 1590 475 1627 suo
507 1576 561 1628 et
594 1572 838 1627 aliorum
872 1572 1018 1627 Asiae
1061 1574 1464 1645 episcoporum
1506 1572 1739 1628 nomine

91 1664 163 1717 ad
220 1663 505 1717 Victorem
557 1678 766 1733 papam
818 1662 1074 1733 primum
1124 1662 1431 1733 epistolam
1482 1661 1735 1731 scripsit,

89 1753 261 1820 cujus
294 1752 690 1821 fragmentum
714 1751 888 1805 refert
910 1752 1195 1806 Eusebius
1216 1751 1503 1822 Pamphili
1528 1752 1586 1805 in
1610 1752 1738 1805 His-

1850 598 2087 669 gelium,
2137 599 2370 654 Judieos
2417 598 2479 652 in
2523 598 2651 669 ipso
2691 596 2975 653 Paschate
3005 611 3153 668 opus
3185 597 3495 653 scelestum

1853 687 2055 742 fecisse
2088 688 2385 742 interfecto
2415 687 2576 742 Jesu.

1922 776 2023 830 His
2054 777 2273 830 accedit
2301 774 2663 846 Theophilus
2714 775 3145 830 Alexandrinus
3191 776 3498 847 episcopus

1852 865 1907 918 in
1941 864 2187 936 epistola
2213 864 2284 918 ad
2315 863 2707 918 Theodosium
2742 863 3155 934 imperatorem
3178 865 3247 920 de
3297 867 3498 920 sancto

1854 953 2073 1009 Pascha
2116 952 2210 1006 his
2266 951 2457 1005 verbis
2504 967 2517 1004 ε
2560 952 2731 1005 Aliter
2777 959 2957 1005 autem
3004 952 3145 1021 quod
3174 956 3225 1007 et
3252 952 3503 1007 Salvator

1854 1046 2032 1096 noster
2082 1041 2289 1096 decima
2320 1042 2511 1111 quarta
2557 1040 2777 1110 quidem
2824 1043 2902 1094 est
2950 1040 3181 1093 traditus
3212 1041 3367 1107 lima,
3402 1040 3500 1097 hoc

1853 1140 1928 1184 est
1957 1132 2147 1201 quinta
2174 1132 2288 1200 post
2321 1129 2646 1186 Sabbalum:
2671 1128 2877 1182 decima
2909 1130 3104 1199 quinta
3142 1131 3330 1181 autem
3367 1145 3496 1184 cru-

1851 1220 2070 1287 ciﬁa‘us,
2102 1218 2190 1271 die
2215 1220 2375 1273 tertia
2406 1220 2722 1283 resurrerit,
2754 1218 2851 1271 hoc
2897 1225 2974 1271 est
3018 1216 3226 1271 decima
3263 1219 3499 1288 septima

1854 1309 2138 1379 luna,qu.1?
2168 1311 2297 1361 tunc
2326 1308 2383 1360 in
2413 1308 2690 1361 Dominica
2720 1306 2806 1359 die
2830 1308 3049 1361 inventa.
3074 1307 3322 1373 est,sicut
3343 1314 3395 1362 et
3429 1322 3498 1361 ex

1853 1398 2273 1465 Evangeliorum
2330 1398 2608 1449 notatione
2671 1398 3044 1465 comperimus.
3106 1395 3261 1449 Idem
3327 1396 3498 1451 docet

1850 1485 2259 1553 Theodoritus,
2302 1485 2621 1555 qumstione
2666 1486 2737 1537 24
2783 1484 2842 1537 in
2888 1484 3168 1548 Exodum,
3228 1498 3496 1540 asserens

1849 1575 2165 1644 Christum,
2202 1574 2313 1629 sub
2346 1573 2519 1627 ﬁnem
2552 1572 2701 1627 lunae
2730 1578 2948 1643 quartae
2980 1573 3235 1640 decimas,
3268 1574 3500 1645 quando

1849 1664 2267 1719 immolabatur
2296 1662 2539 1728 Pascha,
2572 1661 2854 1715 traditum
2886 1661 3088 1716 fuisse.

1919 1754 2176 1808 Joannes
2208 1752 2660 1821 Chrysostomus
2691 1750 2957 1822 pluribus
2991 1751 3049 1804 in
3081 1750 3505 1818 locis,maxime

88 1841 253 1895 toria)
285 1838 687 1893 ecclesiastica:
712 1839 812 1894 lib.
844 1857 1023 1911 vcap.
1048 1842 1135 1895 24.
1160 1844 1304 1895 Cum
1341 1841 1495 1894 enim
1534 1856 1737 1895 omnes
1778 1875 1824 1940 Β
1856 1843 1913 1898 in
1947 1842 2205 1896 homiliis
2236 1844 2324 1907 81,
2356 1842 2425 1893 82
2453 1846 2507 1895 et
2538 1842 2607 1893 83
2640 1839 2696 1893 in
2731 1839 3307 1910 Matthzeum,probat
3337 1838 3506 1894 Chri-

90 1948 195 2000 per
223 1926 423 1981 Asiam
456 1926 719 1981 Ecclesia:
753 1932 962 1997 quarta
983 1928 1207 1982 decima
1233 1928 1747 1998 luna,quocunque

90 2017 477 2073 hebdomade:
510 2015 599 2069 die
623 2015 1191 2081 accidisset,Pascha3
1218 2018 1428 2071 festum
1456 2017 1750 2071 celebran-

90 2110 239 2161 dum
272 2122 403 2160 esse
435 2111 757 2171 censerent,
798 2122 912 2175 quo
945 2106 1035 2159 die
1072 2107 1473 2176 praescriptum
1509 2112 1629 2160 erat
1649 2106 1750 2159 Ju-

90 2196 233 2250 dzeis
270 2200 333 2247 ut
366 2210 581 2263 agnum
616 2192 1017 2259 immolarent;
1052 2194 1173 2248 aliae
1204 2211 1336 2249 vero
1370 2196 1544 2249 totius
1593 2194 1749 2249 orbis

90 2284 367 2340 Ecclesim
410 2300 524 2337 non
575 2282 686 2336 alio
739 2299 915 2352 quam
964 2283 1277 2338 Dominica:
1310 2284 1751 2338 resurrectionis

89 2376 205 2439 die,
233 2373 565 2443 Polycrates
599 2387 817 2424 morem
852 2378 1333 2443 suum,tanquam
1367 2391 1399 2427 a
1428 2372 1749 2442 majoribus

86 2464 201 2520 sibi
221 2461 508 2518 traditum
530 2460 1083 2523 defendit,auctores
1102 2462 1397 2516 adducens
1414 2461 1747 2532 Philippum

84 2551 455 2626 apostolum.
488 2549 769 2602 Joannem
805 2551 1244 2619 evangelistam,
1280 2551 1662 2621 Polycarpum
1696 2555 1751 2604 et

84 2644 375 2713 cognatos
427 2636 537 2690 sibi
586 2636 887 2706 episcopos
938 2644 1193 2707 septem;
1247 2654 1394 2708 quos
1434 2654 1637 2691 omnes
1669 2636 1751 2691 ait

84 2729 320 2785 Pascha
348 2724 692 2789 celebrasse,
717 2734 833 2779 ὅταν
862 2733 887 2779 ὁ
916 2734 1031 2791 λαὸς
1059 2735 1208 2795 igua:
1240 2736 1330 2792 τῆν
1362 2736 1537 2795 ζύμην,
1557 2726 1612 2778 id
1638 2729 1746 2792 est,

84 2838 214 2875 eum
244 2816 561 2873 Juda’orum
604 2813 842 2883 populus
888 2818 1215 2883 fermentum
1257 2816 1532 2885 abjieeret,
1566 2814 1746 2885 signi-

86 2912 278 2965 ficans
334 2919 559 2959 morem
609 2902 885 2957 continuo
948 2904 1103 2957 ﬂuxu
1151 2921 1183 2958 a
1231 2903 1441 2959 Christi
1489 2902 1748 2973 exemplo

83 2995 497 3054 descendisse.
531 2991 696 3044 Hunc
746 2990 937 3045 locum
983 2992 1063 3046 ita
1107 2992 1362 3046 restituit
1402 2992 1489 3045 vir
1528 2991 1749 3045 eximia:

83 3082 471 3146 eruditionis,
506 3079 787 3133 Henricus
820 3079 1107 3147 Valesius,
1144 3098 1276 3135 cum
1310 3080 1454 3134 alias
1489 3081 1545 3134 in
1592 3084 1750 3134 textu

83 3178 291 3231 Graeco
323 3173 621 3242 legeretur
649 3178 817 3239 ἤρτυε.
847 3178 1090 3239 pararet,
1108 3170 1345 3223 omnino
1368 3175 1567 3223 contra
1589 3168 1754 3239 Poly-

1860 1934 2014 1985 stum
2045 1929 2211 2000 legali
2241 1930 2351 1982 ritu
2374 1928 2596 1983 Pascha
2630 1928 2955 1999 perfecisse;
2980 1929 3208 1983 Judaros
3239 1932 3506 1996 vero,aut

1860 2018 2064 2073 saltem
2097 2017 2387 2088 principes
2420 2016 2778 2080 Judzeorum,
2803 2020 3004 2069 contra
3027 2015 3171 2087 legis
3193 2015 3499 2088 praescrip-

1860 2113 1981 2161 tum
1995 2114 2077 2170 ,ut
2092 2106 2309 2160 scilicet
2330 2106 2523 2159 animo
2539 2121 2642 2158 suo
2657 2104 2949 2159 Christum
2964 2105 3262 2159 occidendi
3276 2105 3499 2160 obtem-

1860 2194 2477 2268 perarent,distulisse.
2505 2194 2640 2263 Ejus
2666 2194 2743 2247 rei
2776 2197 3119 2265 argumenta
3149 2210 3218 2249 ex
3246 2193 3502 2266 Chryso-

1861 2292 2050 2340 stomo
2084 2284 2315 2354 collegit
2344 2283 2655 2353 Gregorius
2683 2282 3160 2353 protosyncellus,
3192 2283 3253 2337 in
3291 2281 3503 2354 Apolo-

1860 2376 1954 2445 gia
1984 2375 2260 2428 adversus
2285 2372 2463 2426 Marci
2496 2370 2767 2441 Ephesini
2792 2371 3130 2441 epistolam;
3164 2372 3303 2426 item
3323 2376 3505 2427 Arcu-

1861 2464 1995 2518 dius
2027 2464 2083 2515 in
2117 2462 2216 2515 lib.
2253 2478 2312 2515 ιιι
2346 2462 2415 2515 de
2445 2459 2832 2523 Eucharistia,
2867 2477 2993 2531 cap.
3029 2461 3079 2527 4,
3112 2459 3211 2531 qui
3242 2460 3299 2514 in
3324 2459 3511 2531 capite

1863 2552 2125 2623 sequenti
2153 2550 2332 2604 dubia
2361 2566 2427 2603 ex
2460 2549 2663 2603 eodem
2697 2547 3108 2618 Chrysostomo
3127 2554 3363 2621 sumpta
3394 2548 3511 2604 dis-

1862 2640 2219 2695 solvit.Certe
2242 2638 2484 2692 Photius
2505 2638 2564 2691 in
2589 2636 2955 2691 Bibliotheca:
2988 2654 3112 2709 cap.
3149 2637 3253 2692 H6
3274 2637 3511 2693 conﬁte-

1861 2734 1957 2783 tur
1985 2728 2443 2799 Chrysostonum
2478 2726 2534 2779 in
2568 2741 2635 2779 ea
2668 2725 2846 2779 fuisse
2876 2726 3183 2792 sententia,
3206 2725 3508 2781 Christum

1860 2820 1915 2872 in
1947 2822 2241 2889 postrema
2271 2832 2433 2870 cmna
2463 2814 2683 2869 Pascha
2716 2813 2899 2885 legale
2930 2830 3208 2869 servasse.

1930 2907 2029 2960 His
2066 2904 2340 2959 omnibus
2398 2902 2755 2973 adjungendi
2814 2906 2953 2957 sunt
2999 2904 3113 2958 duo
3164 2902 3504 2975 patriarcha:

1859 2993 2248 3059 Alexandrini,
2283 3009 2531 3063 quorum
2578 2992 2805 3062 primus
2832 2994 2919 3045 est
2948 2990 3215 3063 Cyrillus.
3266 2993 3321 3047 Is
3352 2993 3510 3047 enim

1859 3082 2283 3138 Eucharistiam
2316 3098 2348 3135 a
2377 3081 2605 3137 Christo
2632 3079 2962 3135 institutam
2996 3084 3129 3151 post
3176 3096 3341 3136 esum
3376 3081 3511 3154 agni

1864 3173 2068 3244 probat
2120 3170 2213 3224 his
2260 3169 2450 3224 verbis
2506 3187 2519 3223 :
2587 3169 2847 3223 Dominus
2897 3176 3076 3224 autem
3122 3175 3306 3224 noster
3360 3172 3512 3226 Jesus

81 3265 266 3320 cratis
301 3240 565 3317 mentem
615 3266 789 3330 atque
822 3258 1012 3311 Itutini
1048 3258 1603 3329 interpretationem,
1654 3256 1752 3328 qui
1783 3240 1825 3307 (ἶ
1862 3240 2108 3319 Christus
2136 3260 2424 3329 conjunxit
2472 3260 2529 3312 in
2580 3275 2692 3312 una
2740 3257 2827 3312 die
2876 3274 3077 3328 agnum
3117 3258 3432 3315 Jzulworum
3459 3267 3513 3315 et

76 3371 289 3410 vocem
324 3352 591 3406 Graecam
620 3347 906 3418 auferendi
927 3349 1099 3401 verbo
1126 3347 1393 3401 reddidit.
1429 3346 1543 3401 Hoc
1567 3362 1749 3400 unum

76 3440 507 3499 testimonium
542 3438 807 3491 sufficere
834 3440 1028 3507 posset
1054 3436 1125 3490 ad
1156 3436 1520 3507 probandum
1549 3435 1750 3489 Chris-

73 3538 205 3589 tum
232 3530 437 3603 primo
461 3527 553 3581 die
575 3541 907 3597 azymorum
932 3525 1001 3578 ad
1029 3540 1329 3595 vesperam
1354 3524 1575 3578 Pascha
1596 3522 1751 3594 lega-

1860 3367 2049 3405 rerum
2080 3364 2302 3414 manna,
2335 3347 2549 3417 quando
2584 3346 2859 3401 benedixit
2885 3363 3082 3417 panem
3110 3355 3161 3402 el
3194 3349 3383 3402 vinum
3420 3346 3509 3402 di-

1859 3455 1985 3494 cens
2012 3456 2029 3491 :
2062 3439 2166 3492 Hoc
2194 3444 2273 3491 est
2290 3452 2483 3506 corpus
2512 3451 2689 3489 meum
2718 3443 2768 3489 et
2795 3437 3020 3503 sanguis
3046 3452 3217 3490 meus.

1931 3526 2089 3581 Alter
2118 3528 2205 3579 est
2231 3524 2525 3579 Proterius
2558 3522 2749 3595 Cyrilli
2784 3540 3089 3578 successor
3118 3523 3240 3595 qui,
3275 3541 3308 3579 θ.
3352 3524 3511 3581 Mar-

74 3623 129 3677 le
182 3618 527 3692 explevisse
558 3620 615 3670 et
645 3616 713 3669 ad
757 3614 1159 3684 explicandam
1211 3618 1464 3666 mentem
1509 3612 1752 3667 Joannis

71 3708 494 3781 evangelista,
516 3706 684 3774 cujus
716 3704 1055 3758 auctoritate
1088 3701 1471 3756 Asiaticorum
1498 3701 1754 3769 traditio,

78 3801 153 3856 ab
188 3800 327 3871 ipso
364 3797 527 3850 fonte
559 3795 811 3864 accepta,
848 3792 1218 3862 potissimum
1251 3789 1617 3844 fulciebatur.

148 3887 569 3945 Asiaticorum
592 3898 812 3937 morem
837 3881 1036 3934 eadem
1064 3880 1284 3934 ratione
1316 3879 1520 3949 probat
1542 3882 1756 3933 Anato-

77 3980 203 4034 lius
235 3969 1089 4032 Alexandrinus,Laodicensis
1112 3968 1505 4039 episcopus,in
1529 3968 1759 4022 Canone

75 4064 390 4130 Paschali,
459 4060 774 4115 ostendens
830 4074 927 4113 eos
994 4063 1145 4111 recte
1200 4057 1443 4111 Joannis
1499 4055 1761 4128 exemplo

74 4156 319 4213 Pascha
351 4150 655 4207 celebrare
686 4147 1020 4219 quotannis,
1069 4146 1283 4216 quando
1313 4154 1509 4217 quarta
1556 4146 1765 4200 decima

72 4247 302 4302 lunatio
334 4240 631 4310 adfuisset,
656 4244 707 4291 et
735 4252 913 4305 agnus
945 4236 1088 4306 apud
1117 4235 1331 4291 Judams
1363 4236 1765 4325 immolaretur,

74 4354 190 4393 non
227 4332 653 4403 acquiescentes
682 4327 998 4380 auctoritati
1026 4323 1404 4395 quorumdam,
1441 4324 1493 4377 id
1514 4332 1589 4377 est
1616 4323 1771 4380 Petri

75 4444 109 4482 (ι
139 4425 325 4481 Pauli
354 4432 755 4480 successorum,
793 4415 848 4468 id
893 4418 970 4468 est
1020 4413 1339 4483 pontiﬁcum
1385 4414 1770 4481 Romanorum,
1880 4413 2085 4471 Leonis
2118 4431 2277 4485 papae
2310 4413 2477 4484 primi
2512 4414 2757 4484 epistola
2781 4416 2849 4468 ad
2872 4416 3535 4485 Max-cianum:0u0nz’am

76 4518 182 4589 qui
215 4527 420 4569 omnes
455 4506 725 4561 Ecclesias
775 4506 833 4558 in.
881 4505 1074 4575 quibus
1122 4503 1442 4573 spiritualia
1489 4502 1776 4570 Evangelii
1882 4504 2026 4576 apud
2057 4504 2332 4573 x’Egyptios
2363 4503 2526 4565 huius
2558 4505 2963 4573 supputationis
2992 4507 3301 4576 antiquitus
3325 4506 3535 4560 tradita

75 4607 311 4663 semina
344 4601 633 4660 sererunt,
666 4594 1061 4647 solemnitatem
1104 4593 1514 4645 resurrectionis
1560 4592 1779 4645 Domini
1808 4609 1854 4675 D
1886 4594 2167 4649 videbatur
2196 4608 2307 4646 esse
2337 4592 2555 4663 peritia,
2604 4608 2702 4661 per
2744 4609 2907 4661 quam
2952 4595 3048 4661 qui
3094 4596 3256 4648 annis
3297 4594 3535 4663 singulis

79 4698 141 4751 in
192 4694 290 4748 die
340 4689 577 4744 tantum
609 4683 891 4736 Dominiea
937 4681 1203 4734 celebrari
1249 4680 1565 4733 docuerunt.
1609 4678 1782 4734 Nulla
1888 4683 2001 4738 dies
2045 4681 2327 4753 praedicta?
2372 4681 2727 4734 solemnitalis
2774 4684 3026 4747 eveniret,
3060 4682 3173 4736 sedi
3226 4684 3538 4752 apostolica:

77 4801 223 4840 vero
260 4792 461 4837 causa
497 4772 729 4826 videtur
775 4787 877 4823 cur
925 4770 1159 4823 Asiatici
1215 4773 1516 4839 tantopere
1562 4785 1782 4822 morem
1894 4772 2249 4835 indicaretur,
2270 4779 2329 4824 ut
2356 4768 2515 4839 hujus
2544 4769 2812 4838 seriptiad
2845 4771 3246 4840 long.'°nquiorcs
3279 4772 3543 4827 Ecelesias

80 4890 273 4931 suum
312 4866 589 4922 retinere
624 4860 976 4924 studuerint,
1012 4859 1121 4912 nisi
1151 4858 1303 4928 quod
1337 4858 1631 4911 Christum
1659 4859 1787 4928 ipsa
1888 4862 2159 4933 judicium
2202 4859 2534 4925 generaliter
2576 4867 2935 4928 percurreret.
2974 4860 3090 4913 Hae
3138 4860 3294 4915 enim
3340 4861 3550 4932 peritia.

80 4964 182 5019 die
214 4959 389 5015 Ῑιιηω
425 4953 650 5024 quarta
675 4948 902 5002 decima
934 4948 1003 5001 ad
1038 4946 1180 5015 legis
1215 4946 1618 5017 praescriptum
1653 4947 1787 5001 Pas-
1898 4948 2063 5004 facile
2084 4948 2268 5003 edocti
2290 4952 2586 5017 erantque
2603 4947 2693 5001 die
2719 4946 3017 5002 incidisset
3040 4948 3309 5020 paschale
3334 4951 3551 5006 festum

81 5053 201 5108 cha
236 5042 568 5121 peregisse
602 5054 669 5091 ex
702 5037 1023 5106 majoribus
1055 5036 1434 5105 accepissent.
1901 5054 1964 5095 eo
1998 5054 2149 5091 anno
2183 5052 2296 5107 quo
2330 5035 2597 5090 Christus
2620 5041 2943 5090 extremum
2976 5037 3196 5093 Pascha
3218 5037 3552 5095 celebravit.

162 5140 230 5196 In
269 5135 501 5193 eadem
537 5130 808 5180 versatur
851 5124 1139 5180 sententia
1188 5124 1467 5193 Origenes
1518 5125 1790 5179 Tractatu
1972 5128 2051 5182 Ex
2082 5126 2173 5181 his
2206 5142 2321 5181 non
2352 5125 2641 5179 immerito
2682 5125 3012 5198 colligimus
3055 5145 3189 5182 cum
3224 5129 3448 5196 Photio,
3494 5128 3555 5185 in

82 5234 159 5287 35
190 5229 255 5284 in
291 5215 809 5281 Matthazum,ubi
842 5214 1134 5267 Christum
1168 5212 1308 5266 luna
1336 5216 1543 5282 quarta
1569 5212 1794 5266 decima
1904 5215 2267 5271 Bibliotheca:
2301 5231 2426 5285 cap.
2464 5214 2584 5281 116,
2621 5216 2971 5271 sententiam
3022 5232 3149 5271 esse
3199 5235 3312 5272 non
3363 5217 3556 5273 solum

84 5314 633 5391 comprehensum
667 5303 939 5357 aJudceis
964 5303 1144 5357 fuisse
1169 5300 1539 5366 tradit,initio
1560 5302 1792 5355 Tracta-
1901 5303 2147 5359 Joannis
2200 5301 2614 5375 Chrysostomi,
2650 5304 2747 5357 sed
2799 5304 2974 5358 etiam
3028 5305 3311 5372 Ecclesiae,
3343 5304 3554 5361 saltem

84 5388 296 5479 magno
322 5392 599 5475 proinde
620 5392 1036 5446 ratumhabuit
1056 5391 1255 5445 eadem
1280 5390 1418 5444 luna
1440 5388 1792 5444 celebratum
1905 5391 2268 5457 Graecanica,
2331 5389 2629 5444 Christum
2674 5395 2806 5445 ante
2847 5393 3153 5462 perfecisse
3202 5400 3398 5461 νόμικον
3448 5408 3552 5449 seu

86 5501 165 5557 ab
194 5476 348 5570 ipso
371 5480 784 5570 Pascha,cum
808 5496 1030 5570 ccenam
1053 5476 1795 5570 paschalemChristicom-
1906 5480 2235 5570 legitimum
2269 5479 2491 5533 Pascha
2517 5495 2694 5570 quam
2729 5481 3037 5570 mysticam
3064 5480 3397 5570 institueret
3433 5480 3556 5539 Eu-

87 5566 436 5665 ppetiensio
495 5568 773 5665 praxime
822 5568 904 5665 sit
942 5572 1161 5665 secuta.
1194 5566 1341 5665 Hinc
1386 5566 1448 5665 in.
1484 5582 1797 5665 progressu
1907 5567 2195 5665 charistiaa
2228 5584 2485 5665 Cinnam;
2510 5568 2666 5640 quod
2689 5568 2863 5623 etiam
2897 5568 3069 5625 tradit
3097 5567 3295 5627 Victor
3343 5569 3555 5655 Antio:

85 5654 431 5746 rl‘ractattm
444 5655 1113 5726 aitChristumJudaico
1128 5654 1800 5719 morePaschaultimum
1909 5655 2130 5721 chenus
2163 5655 2224 5716 in
2256 5655 2435 5716 Marci
2465 5671 2593 5733 cap.
2625 5673 2740 5721 xiv.

1863 3618 2029 3672 ciano
2061 3617 2321 3687 Augusto
2352 3613 2743 3684 interrogatus
2795 3611 2863 3667 de
2912 3611 3133 3667 ratione
3181 3611 3514 3669 celebrandi

1868 3702 2191 3767 Paschatis,
2246 3702 2549 3773 respondit
2592 3701 2891 3755 Christum
2961 3701 3274 3756 Dominum
3325 3703 3519 3775 quinta

1865 3793 2034 3868 feria,
2070 3791 2281 3847 decima
2307 3794 2502 3862 quarta
2535 3792 2667 3845 luna
2698 3793 2899 3845 mensis
2924 3794 3095 3862 primi
3120 3793 3177 3848 in
3221 3792 3518 3850 omnaculo

1867 3899 2000 3937 cum
2025 3880 2333 3951 discipulis
2363 3880 2584 3935 Pascha
2612 3880 2869 3952 typicum
2904 3876 3311 3952 manducasse,
3346 3881 3518 3955 paulo

1868 3974 2001 4044 post
2030 3986 2063 4025 a
2088 3970 2243 4025 Juda
2273 3969 2565 4041 proditore
2587 3970 3018 4025 traditum.Hcec
3034 3972 3320 4027 sententia
3340 3971 3525 4028 Theo-

1871 4058 2266 4133 philii,Cyrilli
2306 4063 2363 4113 et
2403 4058 3240 4127 Proteri,Alcxandrininorum
3271 4061 3524 4133 patriar-

1873 4147 2255 4215 charum,hac
2282 4148 2337 4201 in
2365 4165 2423 4203 re
2437 4164 2504 4202 eo
2527 4148 2769 4219 majoris
2792 4156 2877 4203 est
2899 4150 3357 4221 ponderis,quod
3377 4148 3527 4205 anti-

1877 4236 1976 4309 qui
2000 4237 2194 4291 Patres
2210 4236 2505 4290 statuendi
2523 4237 2838 4308 quotannis
2860 4238 3152 4309 paschalis
3174 4239 3303 4294 festi
3319 4254 3532 4295 omnem

1878 4342 2070 4381 curam
2128 4324 2510 4379 Alexandrino
2560 4328 2803 4397 episeopo
2856 4327 3201 4397 delegarunt,
3252 4329 3533 4384 referente
