3864 6352
37 432 185 498 I233

994 425 1457 509 MABILLONII,
1495 421 1974 515 DISQUISI‘TIO
2005 424 2122 488 'DE
2164 423 2488 524 ΑΖΥΜί).⁸

3267 418 3425 498 1234

37 573 140 643 ipso
170 566 277 636 die,
308 569 449 625 sicut
476 568 759 641 superiora
780 567 986 636 docent,
1006 568 1215 624 Pascha
1244 583 1367 623 cum
1388 564 1671 636 discipulis
1698 559 1757 629 Α
1781 562 1974 616 tutum
2004 558 2236 631 vigebat
2260 564 2345 629 ut,
2379 560 2451 618 ob
2482 557 2859 635 incommoda
2905 561 3170 635 quendam
3226 579 3427 627 succe-

38 659 407 725 nanduearit;
439 661 683 731 sequenti
711 667 893 714 autem
921 657 1029 722 die,
1064 657 1158 713 hoc
1186 664 1261 711 est
1288 660 1441 711 sarta
1496 655 1663 725 feria,

37 751 317 818 'rucz'ﬁxus
346 758 441 815 est,
478 748 573 803 hoc
604 752 700 815 est,
736 750 871 803 (una
902 750 1092 820 quinta
1124 746 1350 801 decima.

92 864 402 919 Ambrosio
436 862 689 918 adhaeret
714 862 1074 935 Augustinus
1105 861 1162 915 in
1209 858 1453 933 epistola
1477 859 1546 913 86
1592 857 1664 912 ad

38 954 397 1019 Iasulanum,
414 953 534 1018 ubi,
557 953 839 1007 rationem
854 950 1311 1021 reddensjejunii
1331 949 1481 1003 feriae
1500 964 1666 1017 quar-

42 1062 84 1098 ae
118 1049 173 1098 et
204 1048 397 1107 sextis,
434 1042 648 1097 diserte
680 1041 883 1112 probat
912 1040 1143 1095 Judaeos
1174 1040 1243 1094 de
1284 1037 1664 1109 comprehen-

37 1133 208 1186 lendo
232 1132 457 1185 Christo
481 1130 790 1185 consilium
814 1130 1013 1184 iniisse
1042 1128 1178 1182 feria
1202 1132 1425 1199 quarta.
1454 1124 1665 1179 Deinde

40 1220 357 1275 ntermisso
380 1237 493 1275 uno
516 1220 627 1289 die,
652 1242 676 1267 ‹‹
701 1220 869 1289 cujus
892 1236 1128 1288 vespera
1149 1217 1425 1270 Dominus
1448 1214 1667 1269 Pascha

38 1326 147 1363 :um
183 1308 489 1379 discipulis
521 1308 913 1373 manducavit,
949 1308 1045 1377 qui
1083 1307 1185 1360 fuit
1212 1306 1341 1359 finis
1367 1304 1492 1373 ejus
1528 1302 1660 1368 diei,

37 1415 187 1469 [uem
222 1414 497 1452 vocamus
530 1397 794 1469 quintam
828 1395 1087 1459 Sabbati,
1118 1416 1138 1444 ι
1178 1393 1455 1449 traditum
1486 1391 1663 1446 fuisse

37 1466 308 1541 ibristum
341 1503 405 1540 ea
436 1466 619 1551 nocte,
656 1510 681 1534 «
704 1466 843 1555 'qua:
867 1485 990 1555 jam
1018 1484 1089 1538 ad
1142 1489 1361 1537 sextam
1422 1478 1660 1536 Sabbati

37 1576 359 1641 iertinebat,
398 1572 423 1621 ›ὶ
457 1579 582 1628 tum
613 1574 846 1629 subdit:
873 1596 899 1622 τ(
926 1574 1026 1627 llic
1060 1573 1201 1639 dies,
1225 1596 1249 1618 ››
1273 1587 1477 1641 nempe
1500 1574 1660 1624 sexta

37 1664 239 1719 .abbati
282 1685 307 1711 ‹‹
344 1663 568 1734 primus
603 1679 936 1733 azymorum
971 1661 1103 1728 fuit,
1134 1678 1167 1715 a
1214 1676 1455 1730 vespera
1514 1657 1656 1711 inci-

37 1754 195 1806 iiens.
225 1751 334 1805 Sed
370 1750 677 1806 llatthaius
708 1749 1061 1819 evangelista
1100 1748 1365 1819 quintam
1419 1744 1657 1799 Sabbati

37 1842 155 1897 licit
188 1840 366 1893 fuisse
392 1840 643 1909 primam
675 1838 825 1893 diem
860 1854 1217 1910 azymorum,
1252 1838 1389 1907 quia
1418 1836 1543 1904 ejus
1566 1851 1656 1888 ve-

47 1946 183 1999 pera
207 1933 484 1998 sequente
531 1927 727 1981 futura
778 1931 901 1981 erat
959 1942 1123 1979 coena
1174 1925 1491 1991 Paschalis,

38 2036 177 2071 :mna
203 2016 517 2087 incipiebat
550 2032 817 2086 azymum
840 2020 895 2068 et
927 2015 1047 2068 ovis
1067 2012 1387 2068 immolatio
1411 2012 1659 2067 mandu-

38 2105 150 2161 zari.
188 2106 263 2159 Ex
296 2121 409 2175 quo
454 2103 768 2175 colligitur,
829 2102 1041 2173 inquit,
1101 2107 1369 2173 quartam
1424 2099 1661 2156 Sabbati

38 2194 216 2259 uisse,
232 2193 466 2265 quando
481 2193 559 2246 ait
576 2192 875 2246 Dominus:
894 2216 919 2239 ‹‹
937 2192 1109 2246 Scitis
1123 2191 1259 2262 quia
1272 2194 1400 2261 post
1415 2191 1660 2244 biduum

38 2284 235 2338 ’ascha
269 2283 365 2336 tiet
388 2282 588 2349 (Matth.
633 2298 785 2345 xxvx,
817 2284 892 2349 2).
936 2303 961 2328 »
997 2280 1075 2333 Ex
1134 2280 1224 2334 bis
1280 2279 1657 2333 manifestum

46 2377 97 2425 st
128 2371 523 2443 Augustinum
557 2371 613 2424 in
660 2386 727 2424 ea
785 2369 1072 2424 sententia
1125 2368 1306 2422 fuisse
1361 2367 1658 2423 Christum

37 2460 228 2515 ’ascha
257 2458 582 2514 celebrasse
615 2476 681 2513 ea
713 2473 969 2528 vespera,
1005 2474 1122 2528 qua
1145 2479 1170 2503 ‹‹
1194 2456 1511 2528 incipiebat
1533 2472 1658 2527 azy-

38 2565 165 2603 ium
200 2571 227 2598 ››
276 2552 341 2603 et:
385 2548 506 2602 ovis
555 2545 875 2601 immolatio
929 2544 1289 2611 manducari,
1344 2546 1657 2615 ipsumque

42 2654 138 2690 um
169 2634 479 2706 discipulis
503 2632 669 2705 legali
691 2649 847 2687 more
868 2632 1087 2687 Pascha
1112 2629 1499 2685 manducasse
1523 2635 1654 2685 ante

37 2725 384 2779 iucharistize
418 2721 863 2777 institutionem.

82 2832 261 2903 .ilque
280 2831 590 2901 perspicua
610 2833 696 2883 est
722 2827 1039 2883 auctoritas
1060 2826 1389 2897 Hieronymi
1406 2827 1462 2880 in
1478 2826 1577 2881 lib.
1598 2844 1654 2881 ιν

38 2918 425 2975 )ommentarii
442 2919 498 2972 in
514 2918 847 2972 Matthznum
861 2916 930 2970 ad
948 2914 1154 2986 capitis
1167 2932 1292 2968 xxvi
1310 2932 1540 2970 versum
1560 2917 1654 2971 l7:

38 3008 263 3063 Prima
311 3023 669 3078 azymorum,
734 3004 947 3075 inquit,
1008 3012 1214 3074 quarta
1270 3004 1497 3058 decima
1543 3004 1656 3059 diei

37 3098 227 3152 nensis
255 3096 427 3168 primi
455 3100 561 3162 est,
598 3094 833 3165 quando
852 3110 1037 3164 agnus
1062 3090 1418 3151 immolatur.
1449 3097 1503 3147 et
1522 3092 1657 3147 luna

39 3184 347 3242 ilenissima
378 3190 490 3252 est,
521 3189 577 3237 et
622 3185 973 3237 fermentum
1031 3183 1325 3251 abjicitur.
1390 3206 1415 3230 ››
1476 3183 1541 3236 Et
1598 3182 1652 3235 in

42 3292 234 3330 ersum
266 3278 375 3329 26:
438 3272 815 3343 «Postquam
876 3271 1133 3342 typieum
1194 3270 1414 3325 Pascha
1475 3271 1729 3354 fueratc

41 3364 333 3435 mpletum,
366 3366 430 3419 et
487 3363 621 3433 agni
678 3376 883 3414 carnes
936 3376 1069 3413 cum
1130 3358 1408 3430 apostolis
1465 3375 1653 3413 come-

44 3458 193 3515 .erat,
226 3450 475 3508 assumit
502 3466 710 3521 panem
738 3448 836 3519 qui
868 3449 1156 3502 confortat
1182 3465 1279 3501 cor
1301 3446 1579 3511 hominis,
1600 3451 1659 3501 et

43 3540 86 3594 .d
112 3558 311 3596 verum
346 3539 574 3595 Paschze
606 3536 1035 3607 transgreditur
1074 3541 1527 3601 sacramentum,
1591 3540 1657 3589 ut

56 3645 123 3683 uo
156 3631 325 3685 modo
360 3626 824 3701 prmliguratione
855 3626 983 3694 ejus
1017 3624 1437 3680 Melchisedech
1494 3641 1653 3678 sum-

46 3716 91 3769 ii
120 3716 221 3773 Dei
253 3718 527 3774 sacerdos
560 3731 767 3787 panem
800 3718 858 3769 et
886 3714 1085 3768 vinum
1120 3713 1370 3768 oll'erens
1423 3715 1654 3777 fecerat,

47 3821 134 3874 pse
167 3823 396 3879 quoque
427 3805 731 3860 veritatem
780 3802 872 3859 sui
922 3802 1180 3874 corporis
1238 3807 1295 3856 et
1351 3802 1657 3872 sanguinis

49 3893 102 3949 ui
130 3898 590 3968 reprmsentaret.
629 3912 650 3944 ι

82 3999 178 4056 His
209 4019 392 4058 unum
423 4000 578 4057 addo
606 3996 897 4053 Junilium
929 3997 1268 4052 Africanum
1316 3996 1656 4067 episcopum

51 4090 221 4147 mculo
250 4097 432 4158 sexto,
468 4090 570 4161 qui
601 4087 1029 4144 Commentario
1066 4087 1122 4139 in
1154 4086 1421 4141 Genesim
1462 4090 1658 4140 conte-

54 4183 195 4233 atur
222 4181 522 4238 Christum
556 4177 892 4242 Dominum,
927 4199 955 4225 ‹‹
986 4180 1116 4246 post
1133 4192 1297 4230 esum
1320 4176 1458 4246 agni
1487 4175 1657 4245 lypici

53 4269 280 4335 iysteria
307 4269 476 4326 nobis
509 4267 599 4323 sui
632 4265 891 4336 corporis
913 4270 969 4319 et
992 4264 1297 4335 sanguinis
1315 4264 1662 4318 celebranda

56 4358 401 4413 anuntiasse.
438 4380 466 4406 ››
499 4358 778 4412 Praetereo
811 4352 1073 4408 Rhabani
1100 4356 1158 4406 et
1184 4351 1433 4406 aliorum
1454 4352 1655 4406 media:

55 4444 182 4497 tatis
214 4451 524 4501 auctorum
560 4441 895 4498 testimonia
925 4441 1080 4494 idem
1114 4441 1510 4496 sentientium.

71 4559 202 4613 Hinc
236 4561 473 4616 tametsi
504 4561 777 4615 constant
808 4557 959 4628 apud
1020 4555 1380 4626 antiquiores
1433 4560 1653 4624 Patres,

1776 649 2038 705 dentium
2064 648 2499 706 solemnitatum
2530 649 2790 718 vitanda,
2816 667 2888 707 ne
2909 667 3171 724 unquam
3208 651 3433 713 Pascha

1773 738 2051 805 secundo,
2086 744 2292 809 quarto
2322 744 2420 794 aut
2452 744 2612 796 sexto
2641 739 3023 796 hebdomadas
3054 741 3148 797 die
3172 740 3428 799 celebra-

1775 832 1938 895 rent;
1973 845 2037 882 eo
2069 844 2201 883 vero
2225 846 2375 884 anno
2407 846 2521 900 quo
2550 846 2761 901 passus
2785 834 2872 884 est
2902 830 3191 899 Christus,
3234 830 3426 906 legiti-

1777 932 1937 971 mum
1967 917 2187 970 Pascha
2208 916 2484 972 incidisse
2502 918 2560 972 in
2584 917 2787 973 feriam
2812 921 3059 985 sextam,
3094 936 3158 975 ac
3177 922 3426 992 proinde

1776 1004 2124 1059 translatum
2156 1021 2189 1058 a
2218 1005 2434 1060 Judazis
2461 1011 2696 1078 propter
2716 1013 3157 1064 concurrentem
3182 1009 3425 1067 Sabbati

1774 1092 1927 1147 diem
1960 1098 2318 1164 sequentem.

1844 1189 1955 1244 Alii
1988 1196 2200 1263 negant
2218 1192 2508 1247 Christum
2528 1192 2800 1250 ultimum
2825 1193 3230 1269 Paschalegali
3253 1212 3418 1255 more

1774 1279 2089 1350 peregisse,
2126 1296 2229 1335 nec
2259 1297 2458 1352 azyma
2491 1297 2595 1337 nec
2625 1282 2738 1337 alia
2777 1283 2835 1337 id
2881 1298 3065 1354 genus
3114 1284 3413 1342 Paschalis

1773 1367 1900 1422 festi
1933 1368 2128 1423 edulia
2173 1370 2519 1440 percepisse.
2574 1370 2757 1433 Quam
2815 1373 3161 1428 sententiam
3216 1379 3415 1431 tuetur

1773 1457 2003 1512 Marcus
2036 1458 2326 1512 Antonius
2359 1459 2427 1514 de
2458 1459 2721 1514 Dominis
2745 1459 2802 1513 in
2824 1459 2925 1515 lib.
2956 1461 3077 1517 vde
3098 1463 3415 1534 Republica

1770 1546 2124 1611 Christiana,
2157 1563 2283 1617 cap.
2318 1548 2353 1599 6
2383 1564 2416 1601 a
2447 1564 2610 1602 num.
2655 1549 2782 1612 258,
2841 1548 2939 1602 ubi
2996 1550 3076 1604 ait
3123 1550 3453 1608 Christum'

1770 1634 1953 1703 pridie
1974 1633 2180 1704 vigilia:
2205 1634 2519 1705 paschalis,
2544 1634 2599 1689 id
2624 1640 2712 1690 est
2735 1635 2878 1691 luna
2897 1654 3020 1705 xm,
3045 1655 3416 1697 communem

1770 1738 1992 1776 ccenam
2048 1739 2180 1777 cum
2232 1723 2538 1795 discipulis
2610 1725 2960 1796 percepisse,
3021 1730 3077 1783 et
3134 1744 3203 1785 ex
3260 1745 3422 1786 com-

1768 1810 1933 1865 muni
1970 1827 2071 1864 seu
2103 1810 2444 1866 fermentato
2465 1828 2613 1883 pane
2644 1812 3069 1869 Eucharistiam
3092 1815 3421 1889 abipsoin-

1549 1940 1665 1994 qua
1696 1921 1741 1986 Β
1773 1898 2065 1994 sti-tutam.

1844 1988 2000 2041 Inter
2028 1986 2129 2041 hos
2158 1986 2409 2041 mediam
2440 1986 2659 2043 invenit
2687 1988 2838 2044 viam
2870 1989 3035 2063 Hugo
3068 1991 3313 2059 Grotius,
3351 1992 3413 2050 in

1774 2076 2024 2131 Mattbrei
2058 2080 2230 2147 caput
2259 2092 2408 2130 xxvx.
2443 2076 2549 2139 Qui
2581 2077 2809 2131 etiamsi
2832 2079 3167 2149 praedictam
3189 2079 3413 2138 Judaeu-

1771 2181 1900 2219 rum
1932 2164 2410 2221 consuetudinem
2438 2164 2508 2219 de
2537 2165 2937 2223 transferendo
2968 2167 3245 2225 Pascbate
3276 2186 3409 2242 pro-

1770 2254 1888 2320 bat,
1927 2258 2099 2325 negat
2128 2257 2323 2308 tamen
2352 2252 2470 2308 ullo
2510 2258 2664 2309 certo
2719 2259 2985 2310 constare
3042 2262 3411 2330 argumento,

1769 2343 1920 2396 diem
1948 2343 2158 2396 festum
2179 2358 2514 2414 azymorum
2536 2358 2637 2397 seu
2652 2342 2871 2398 Pascha
2891 2343 2950 2397 in
2968 2343 3169 2401 feriam
3191 2351 3413 2405 sextam

1767 2430 2045 2485 incidisse
2077 2448 2142 2485 eo
2174 2447 2326 2485 anno
2358 2447 2473 2501 quo
2504 2429 2767 2486 Christus
2810 2437 3076 2488 mortuus
3133 2439 3241 2491 est.
3294 2436 3416 2491 [mo

1767 2519 1943 2574 etiam
1972 2520 2019 2573 si
2054 2519 2109 2573 id
2146 2519 2509 2590 contigisset,
2532 2535 2661 2574 eam
2694 2518 3269 2593 legenstamjustam
3289 2539 3419 2581 esse

1766 2613 1832 2662 ut
1860 2623 2045 2678 neque
2076 2607 2342 2661 Christus
2372 2608 2443 2661 ab
2474 2623 2541 2662 ea
2572 2624 2910 2664 recessurus
2948 2610 3173 2681 fuisset,
3229 2628 3417 2684 neque

1764 2696 2038 2768 discipuli
2065 2696 2258 2768 ipsum
2282 2697 2351 2751 de
2376 2697 2632 2767 parando
2667 2698 2942 2754 Paschate
2971 2704 3103 2755 ante
3127 2700 3281 2756 diem
3306 2701 3415 2757 hac

1764 2786 2177 2841 constitutione
2209 2786 2506 2856 praeﬁxum
2539 2784 3018 2858 interrogassent.
3050 2790 3415 2863 Quapropter

1764 2875 1997 2930 Grotius
2023 2875 2147 2945 ipse
2175 2879 2389 2941 censet,
2418 2873 2802 2946 anticipatum
2834 2892 2868 2930 a
2896 2876 3121 2933 Christo
3162 2879 3409 2951 Pascha,

1764 2980 1879 3018 non
1911 2964 2148 3034 quidem
2182 2971 2353 3031 Θυσιμο
2385 2961 2623 3033 plenum
2655 2966 2711 3017 et
2742 2963 3020 3033 solemne,
3071 2968 3224 3038 quod
3286 2984 3412 3024 ma.-

1765 3052 2013 3106 ctatione
2042 3050 2177 3122 agni
2208 3056 2263 3105 et
2290 3050 2422 3106 aliis
2480 3050 2691 3105 ritibus
2739 3052 2863 3124 lege
2898 3055 3253 3127 praescriptis
3284 3073 3416 3128 per-

1767 3142 2067 3212 agebatur,
2103 3140 2157 3194 id
2194 3140 2344 3210 quod
2369 3139 2530 3194 nefas
2562 3143 2684 3195 erat
2704 3145 2862 3196 extra
2881 3141 3072 3197 locum
3095 3160 3160 3199 ac
3182 3150 3416 3218 tempus

1769 3229 2179 3295 constitutum,
2225 3228 2326 3283 sed
2358 3237 2743 3299 μνημονεύτικον
2775 3246 2877 3286 seu
2933 3237 3413 3291 commemorato-

1769 3317 1944 3382 rium,
1976 3317 2128 3388 quod
2163 3316 2284 3371 solo
2318 3334 2418 3371 esu
2453 3334 2672 3388 panum
2722 3335 3054 3390 azymorum
3114 3325 3171 3375 et
3226 3320 3411 3379 lactu-

1766 3423 1964 3462 carum
1999 3405 2315 3477 agrestium
2349 3407 2687 3473 constabat;
2722 3407 2891 3478 quale
2923 3408 3095 3463 etiam
3130 3426 3285 3465 nunc
3314 3410 3415 3466 Ju-

1764 3494 1868 3548 ἀεὶ
1904 3497 2103 3564 agunt.

1836 3582 1913 3637 De
1944 3581 2117 3636 variis
2140 3581 2298 3636 hisce
2336 3582 2672 3637 Latinorum
2702 3584 3087 3640 recentiorum
3111 3586 3415 3643 sententiis

1759 3671 2046 3742 judicium
2084 3671 2229 3725 ferre
2260 3688 2373 3725 non
2423 3675 2510 3725 est
2540 3670 2718 3742 hujus
2753 3672 2882 3727 loci.
2948 3674 3022 3729 Ut
3071 3691 3195 3730 rem
3258 3675 3417 3732 brevi

1766 3761 2091 3831 expediam,
2124 3760 2239 3815 duo
2272 3759 2413 3814 mihi
2447 3759 2554 3814 hac
2585 3760 2643 3813 in
2678 3762 3066 3818 controversia
3095 3769 3254 3818 certa
3292 3781 3420 3821 esse

1766 3850 2056 3906 videntur.
2092 3848 2307 3909 Unum,
2340 3848 2655 3917 Christum,
2690 3866 2803 3905 non
2858 3850 3255 3919 dimidiatum,
3314 3853 3421 3913 sed

1768 3939 2061 4011 integrum
2096 3955 2161 3992 ac
2194 3937 2452 3992 solemne
2480 3938 2699 3992 Pascha
2727 3937 3069 4011 explevisse,
3103 3940 3223 3997 sive
3271 3940 3417 3997 illud

1768 4028 2190 4098 anticipaverit,
2226 4026 2344 4080 sive
2384 4026 2793 4082 transtulerint
2822 4027 3027 4083 Judaei.
3077 4029 3225 4085 Nam
3284 4045 3421 4089 cum

1767 4114 2042 4187 discipuli
2075 4116 2391 4169 Dominum
2422 4116 2489 4170 de
2522 4116 2780 4186 parando
2802 4117 3424 4192 Paschainterrogave—

1768 4211 1927 4268 runt,
1961 4204 2129 4275 isque
2152 4220 2252 4258 eos
2285 4204 2445 4258 misit
2476 4205 2546 4258 ad
2584 4204 2723 4259 illud
2762 4207 3110 4277 parandum,
3153 4207 3299 4263 nihil
3329 4224 3422 4263 eo-

1768 4310 1897 4347 rum
1931 4292 2169 4363 excepit,
2206 4309 2332 4363 quze
2361 4291 2451 4346 lex
2484 4294 2899 4363 prescribebat.
2933 4296 3151 4354 Deinde
3186 4297 3425 4353 mittens

1768 4399 1867 4437 eos
1886 4382 1953 4435 ad
1980 4381 2267 4453 hospitem
2294 4381 2349 4433 in
2377 4381 2548 4448 cujus
2571 4381 2887 4438 diversorio
2911 4401 3134 4441 comam
3162 4385 3424 4457 paraturi

1766 4471 2042 4535 erant,eis
2077 4468 2337 4539 suggerit
2362 4468 2481 4522 haec
2506 4469 2680 4524 verba
2711 4469 2928 4542 hospiti
2952 4486 3021 4525 ex
3052 4489 3112 4527 se
3142 4473 3420 4528 dicenda:

1769 4581 1796 4607 ‹‹
1824 4558 1992 4628 Apud
2026 4562 2079 4612 te
2104 4558 2247 4611 facio
2280 4557 2499 4611 Pascha
2530 4573 2662 4611 cum
2697 4558 3004 4630 discipulis
3028 4560 3172 4615 meis
3194 4561 3417 4631 (Matth.

59 4660 116 4697 )n
150 4650 347 4704 tamen
382 4650 625 4719 insuper
646 4646 897 4699 habendi
919 4650 1055 4699 sunt
1078 4644 1260 4698 Latini
1286 4646 1655 4709 recentiores,
1692 4658 1735 4721 Ι)
1768 4664 1915 4710 xxvr,
1952 4648 2055 4717 18).
2094 4669 2119 4693 ››
2154 4646 2312 4708 Quod
2345 4632 2493 4699 sane
2514 4662 2578 4700 eo
2610 4646 2781 4700 modo
2816 4647 3121 4716 intellexit,
3148 4665 3262 4719 quo
3290 4647 3420 4703 vul-

61 4734 105 4786 .ll
136 4736 195 4789 in
227 4736 337 4792 hac
368 4736 689 4809 quaestione
716 4734 1056 4805 explicanda
1085 4750 1358 4803 magnam
1416 4733 1662 4805 diligen-

61 4838 147 4877 am
172 4824 613 4897 impenderunt,
629 4824 687 4878 in
710 4823 902 4877 varias
920 4823 1224 4894 Opinioncs
1246 4822 1529 4876 distracti.
1552 4821 1662 4876 Alii

63 4910 177 4978 lim,
202 4930 353 4984 quos
384 4915 538 4969 inter
568 4911 781 4967 Paulus
804 4910 1138 4982 Brugensis.
1168 4910 1483 4964 Jansenius
1514 4915 1659 4964 Gan-

63 5002 269 5056 wensis
302 5004 635 5075 episcopus,
670 5000 1058 5065 Maldonatus,
1093 5000 1361 5070 chorus,
1393 5003 1448 5052 et
1478 4998 1655 5069 aliqui

66 5090 289 5154 innulli,
324 5092 625 5147 Christum
649 5090 761 5145 alio
779 5090 891 5155 die,
914 5088 1024 5143 alio
1057 5088 1147 5142 die
1177 5088 1404 5142 Judreos
1439 5087 1660 5142 Pascha

70 5172 349 5246 lebrasse,
396 5184 680 5252 utrosque
726 5183 922 5233 tamen
972 5194 1106 5231 cum
1162 5175 1447 5247 legalibus
1492 5176 1656 5241 cibis,

78 5268 385 5324 ntendunt.
425 5270 495 5323 Et
535 5269 594 5323 hi
629 5268 866 5339 quidem
925 5266 1097 5321 etiam
1142 5264 1199 5317 in
1261 5266 1407 5319 duas
1465 5270 1658 5335 partes

69 5352 742 5429 viduntur,quibusdam
766 5354 1160 5409 asserentibus
1190 5352 1483 5407 Christum
1509 5353 1656 5406 anti-

71 5455 229 5508 passe
260 5445 594 5517 legitimum
628 5449 882 5515 tempus.
918 5444 1046 5497 aliis
1084 5442 1411 5496 dicentibus
1463 5441 1657 5512 ipsum

71 5533 225 5587 atuta
254 5534 349 5591 die
377 5534 609 5590 Pascha
638 5534 953 5605 peregisse,
988 5536 1043 5585 at
1072 5532 1305 5586 Judreos
1336 5530 1391 5583 in
1417 5547 1659 5601 sequen-

73 5632 123 5671 m
154 5620 311 5678 diem
340 5621 740 5679 transtulisse.
772 5623 929 5677 Hanc
960 5638 1092 5675 vero
1124 5621 1295 5675 istius
1328 5619 1657 5673 translatio-

73 5722 99 5761 s
130 5710 385 5769 atterunt
414 5730 651 5771 causam
678 5731 690 5769 :
724 5712 1001 5785 quoniam
1026 5710 1177 5781 apud
1200 5710 1434 5765 Judzeos
1453 5709 1661 5765 consti-

1774 4751 1883 4805 gus
1916 4738 1970 4789 et
1998 4734 2212 4805 hospes
2245 4734 2367 4806 ipse
2398 4733 2797 4789 intellecturus
2828 4740 2969 4790 erat.
3001 4737 3086 4792 Ad
3122 4737 3263 4807 haec,
3288 4753 3423 4793 cum

1772 4823 1896 4893 ipse
1926 4822 1987 4875 in
2019 4822 2383 4876 omnaculum
2420 4822 2716 4885 subiisset,
2750 4825 3022 4879 omnibus
3045 4826 3115 4880 de
3147 4842 3305 4882 more
3327 4842 3429 4897 pa-

1773 4912 1932 4977 ratis,
1970 4911 2115 4965 dixit
2146 4911 2433 4965 desiderio
2466 4911 2835 4967 desiderasse
2867 4929 2925 4967 se
2960 4936 2987 4963 ‹‹
3010 4913 3118 4969 hoc
3151 4914 3380 4971 Pascha
3402 4938 3430 4965 ‹‹

1770 5000 2124 5053 manducare
2157 5016 2287 5053 cum
2324 4999 2631 5070 discipulis
2663 5001 2787 5056 suis
2812 5009 3126 5074 antequam
3178 5009 3433 5061 mortem

1770 5093 2085 5160 pateretur.
2125 5110 2153 5135 «
2185 5088 2301 5141 Hoc
2335 5088 2571 5153 Pascha,
2607 5110 2634 5137 ››
2668 5088 2861 5161 inquit
2890 5090 3063 5162 quale
3119 5092 3341 5149 scilicet
3400 5109 3436 5149 a

1769 5176 2071 5247 discipulis
2096 5180 2361 5246 paratum
2393 5177 2891 5248 conspiciebatur,
2953 5198 3067 5235 non
3128 5186 3193 5236 ut
3248 5182 3307 5236 in
3362 5196 3430 5237 eo

1769 5266 2020 5331 sisteret,
2046 5266 2145 5320 sed
2180 5270 2243 5318 ut
2273 5265 2492 5318 umbrae
2526 5266 2716 5320 substi
2756 5271 2949 5323 tueret
2983 5269 3300 5325 veritatem.
3363 5267 3423 5322 ld

1768 5354 2033 5425 inquam,
2060 5354 2199 5407 mihi
2235 5359 2459 5407 certum
2492 5359 2548 5407 et
2573 5354 2947 5425 exploratum
2996 5358 3245 5420 videtur,
3303 5355 3423 5411 sive

1769 5443 1991 5497 Pascha
2021 5442 2374 5513 praeverterit
2405 5443 2697 5507 Christus,
2732 5446 2851 5500 sive
2868 5444 3211 5499 Judaeiillud
3234 5448 3426 5499 trans-

1768 5532 2025 5587 tulerint.
2060 5532 2204 5585 Nam
2246 5531 2542 5585 Christum
2606 5533 2807 5588 eodem
2864 5534 2954 5589 die
3010 5550 3126 5604 quo
3185 5533 3421 5589 Judaeos

1761 5636 1964 5675 omnes
1996 5618 2138 5673 illud
2174 5618 2518 5685 celebrasse,
2550 5619 2792 5676 Joannis
2825 5622 3154 5677 testimonio
3183 5628 3429 5692 contral

1766 5709 1917 5765 rium
1944 5708 2191 5763 videtur.
