  <div class='ocr_page' id='page_1' title='image "/cluster/home/n/w/nwhite01/storage/ocr_20150623/142-143/uc1.31175018423130/1357.png"; bbox 0 0 3864 6372; ppageno 0'>
   <div class='ocr_carea' id='block_1_1' title="bbox 325 507 480 580">
    <p class='ocr_par' dir='ltr' id='par_1_1' title="bbox 325 507 480 580">
     <span class='ocr_line' id='line_1_1' title="bbox 325 507 480 580; baseline 0.026 -4"><span class='ocrx_word' id='word_1_1' title='bbox 325 507 480 580; x_wconf 72' lang='grc'>1235</span> 
     </span>
    </p>
   </div>
   <div class='ocr_carea' id='block_1_2' title="bbox 1351 492 2664 570">
    <p class='ocr_par' dir='ltr' id='par_1_2' title="bbox 1351 492 2664 570">
     <span class='ocr_line' id='line_1_2' title="bbox 1351 492 2664 570; baseline -0.009 1"><span class='ocrx_word' id='word_1_2' title='bbox 1351 499 1740 570; x_wconf 75' lang='lat' dir='ltr'>APPENDIX</span> <span class='ocrx_word' id='word_1_3' title='bbox 1781 499 1884 564; x_wconf 85' lang='lat' dir='ltr'><strong>AD</strong></span> <span class='ocrx_word' id='word_1_4' title='bbox 1927 493 2187 564; x_wconf 77' lang='lat' dir='ltr'>OPERA</span> <span class='ocrx_word' id='word_1_5' title='bbox 2229 492 2664 563; x_wconf 84' lang='lat' dir='ltr'>HUMBERTI.</span> 
     </span>
    </p>
   </div>
   <div class='ocr_carea' id='block_1_3' title="bbox 3646 467 3792 542">
    <p class='ocr_par' dir='ltr' id='par_1_3' title="bbox 3646 467 3792 542">
     <span class='ocr_line' id='line_1_3' title="bbox 3646 467 3792 542; baseline 0 -1"><span class='ocrx_word' id='word_1_6' title='bbox 3646 467 3792 542; x_wconf 72' lang='lat'><strong>1236</strong></span> 
     </span>
    </p>
   </div>
   <div class='ocr_carea' id='block_1_4' title="bbox 397 609 3792 711">
    <p class='ocr_par' dir='ltr' id='par_1_4' title="bbox 397 609 3792 711">
     <span class='ocr_line' id='line_1_4' title="bbox 397 609 3792 711; baseline -0.012 -6"><span class='ocrx_word' id='word_1_7' title='bbox 397 647 664 705; x_wconf 80' lang='lat' dir='ltr'>Alterum</span> <span class='ocrx_word' id='word_1_8' title='bbox 692 635 799 711; x_wconf 82' lang='lat' dir='ltr'>est,</span> <span class='ocrx_word' id='word_1_9' title='bbox 831 639 954 700; x_wconf 88' lang='lat' dir='ltr'>sive</span> <span class='ocrx_word' id='word_1_10' title='bbox 977 637 1237 697; x_wconf 85' lang='lat' dir='ltr'>Christus</span> <span class='ocrx_word' id='word_1_11' title='bbox 1251 639 1474 695; x_wconf 88' lang='lat' dir='ltr'>Pascha</span> <span class='ocrx_word' id='word_1_12' title='bbox 1492 635 1673 710; x_wconf 88' lang='lat' dir='ltr'>legale</span> <span class='ocrx_word' id='word_1_13' title='bbox 1694 649 1950 692; x_wconf 87' lang='lat' dir='ltr'>servave-</span> <span class='ocrx_word' id='word_1_14' title='bbox 1983 631 2039 698; x_wconf 79' lang='grc' dir='ltr'><strong>Α</strong></span> <span class='ocrx_word' id='word_1_15' title='bbox 2136 631 2354 686; x_wconf 85' lang='lat' dir='ltr'>Etvero</span> <span class='ocrx_word' id='word_1_16' title='bbox 2384 627 2690 700; x_wconf 90' lang='lat' dir='ltr'>utriusque</span> <span class='ocrx_word' id='word_1_17' title='bbox 2707 621 2980 683; x_wconf 67' lang='lat' dir='ltr'>Ecclesia</span> <span class='ocrx_word' id='word_1_18' title='bbox 3023 614 3452 680; x_wconf 79' lang='lat' dir='ltr'>consuetudo</span> <span class='ocrx_word' id='word_1_19' title='bbox 3517 609 3604 669; x_wconf 84' lang='lat' dir='ltr'>ab</span> <span class='ocrx_word' id='word_1_20' title='bbox 3665 609 3792 666; x_wconf 80' lang='lat' dir='ltr'>alte-</span> 
     </span>
    </p>
   </div>
   <div class='ocr_carea' id='block_1_5' title="bbox 328 709 3796 804">
    <p class='ocr_par' dir='ltr' id='par_1_5' title="bbox 328 709 3796 804">
     <span class='ocr_line' id='line_1_5' title="bbox 328 709 3796 804; baseline -0.012 -11"><span class='ocrx_word' id='word_1_21' title='bbox 328 736 426 804; x_wconf 90' lang='lat' dir='ltr'>rit,</span> <span class='ocrx_word' id='word_1_22' title='bbox 459 736 578 792; x_wconf 84' lang='lat' dir='ltr'>sive</span> <span class='ocrx_word' id='word_1_23' title='bbox 606 733 749 788; x_wconf 89' lang='lat' dir='ltr'>illud</span> <span class='ocrx_word' id='word_1_24' title='bbox 780 729 1226 803; x_wconf 72' lang='lat' dir='ltr'>praetermiserit,</span> <span class='ocrx_word' id='word_1_25' title='bbox 1251 728 1368 784; x_wconf 85' lang='lat' dir='ltr'>sive</span> <span class='ocrx_word' id='word_1_26' title='bbox 1389 709 1606 798; x_wconf 84' lang='lat' dir='ltr'>azymis</span> <span class='ocrx_word' id='word_1_27' title='bbox 1634 724 1694 778; x_wconf 92' lang='lat' dir='ltr'>in</span> <span class='ocrx_word' id='word_1_28' title='bbox 1747 721 1955 778; x_wconf 89' lang='lat' dir='ltr'>ultima</span> <span class='ocrx_word' id='word_1_29' title='bbox 2060 719 2183 775; x_wconf 89' lang='lat' dir='ltr'>rius</span> <span class='ocrx_word' id='word_1_30' title='bbox 2215 717 2507 775; x_wconf 82' lang='lat' dir='ltr'>societatis</span> <span class='ocrx_word' id='word_1_31' title='bbox 2536 715 2877 772; x_wconf 89' lang='lat' dir='ltr'>hominibus</span> <span class='ocrx_word' id='word_1_32' title='bbox 2907 709 3360 786; x_wconf 80' lang='lat' dir='ltr'>prudentibus</span> <span class='ocrx_word' id='word_1_33' title='bbox 3387 717 3658 774; x_wconf 85' lang='lat' dir='ltr'>semper</span> <span class='ocrx_word' id='word_1_34' title='bbox 3685 715 3796 772; x_wconf 79' lang='lat' dir='ltr'>pro-</span> 
     </span>
    </p>
   </div>
   <div class='ocr_carea' id='block_1_6' title="bbox 331 787 3793 888">
    <p class='ocr_par' dir='ltr' id='par_1_6' title="bbox 331 787 3793 888">
     <span class='ocr_line' id='line_1_6' title="bbox 331 787 3793 888; baseline -0.012 -6"><span class='ocrx_word' id='word_1_35' title='bbox 331 841 496 882; x_wconf 66' lang='lat' dir='ltr'>coena</span> <span class='ocrx_word' id='word_1_36' title='bbox 523 838 666 878; x_wconf 88' lang='lat' dir='ltr'>usus</span> <span class='ocrx_word' id='word_1_37' title='bbox 697 821 792 888; x_wconf 91' lang='lat' dir='ltr'>sit,</span> <span class='ocrx_word' id='word_1_38' title='bbox 822 821 940 874; x_wconf 85' lang='lat' dir='ltr'>sive</span> <span class='ocrx_word' id='word_1_39' title='bbox 971 815 1336 881; x_wconf 89' lang='lat' dir='ltr'>abstinuerit,</span> <span class='ocrx_word' id='word_1_40' title='bbox 1359 813 1629 884; x_wconf 90' lang='lat' dir='ltr'>antiquos</span> <span class='ocrx_word' id='word_1_41' title='bbox 1645 817 1860 877; x_wconf 81' lang='lat' dir='ltr'>tamen,</span> <span class='ocrx_word' id='word_1_42' title='bbox 1897 807 1955 863; x_wconf 88' lang='lat' dir='ltr'>id</span> <span class='ocrx_word' id='word_1_43' title='bbox 2061 807 2200 862; x_wconf 81' lang='lat' dir='ltr'>beta</span> <span class='ocrx_word' id='word_1_44' title='bbox 2227 811 2334 873; x_wconf 89' lang='lat' dir='ltr'>est,</span> <span class='ocrx_word' id='word_1_45' title='bbox 2368 806 2542 862; x_wconf 90' lang='lat' dir='ltr'>etiam</span> <span class='ocrx_word' id='word_1_46' title='bbox 2567 808 2700 876; x_wconf 87' lang='lat' dir='ltr'>post</span> <span class='ocrx_word' id='word_1_47' title='bbox 2731 802 3058 859; x_wconf 84' lang='lat' dir='ltr'>conﬂatum</span> <span class='ocrx_word' id='word_1_48' title='bbox 3111 797 3431 857; x_wconf 87' lang='lat' dir='ltr'>schisma</span> <span class='ocrx_word' id='word_1_49' title='bbox 3494 787 3793 848; x_wconf 71' lang='lat' dir='ltr'>Michaelis</span> 
     </span>
    </p>
   </div>
   <div class='ocr_carea' id='block_1_7' title="bbox 333 882 3798 982">
    <p class='ocr_par' dir='ltr' id='par_1_7' title="bbox 333 882 3798 982">
     <span class='ocr_line' id='line_1_7' title="bbox 333 882 3798 982; baseline -0.011 -13"><span class='ocrx_word' id='word_1_50' title='bbox 333 916 423 970; x_wconf 91' lang='lat' dir='ltr'>est</span> <span class='ocrx_word' id='word_1_51' title='bbox 452 907 669 982; x_wconf 83' lang='lat' dir='ltr'>primos</span> <span class='ocrx_word' id='word_1_52' title='bbox 697 907 958 962; x_wconf 76' lang='lat' dir='ltr'>Ecclesiae</span> <span class='ocrx_word' id='word_1_53' title='bbox 982 905 1195 970; x_wconf 78' lang='lat' dir='ltr'>Patres,</span> <span class='ocrx_word' id='word_1_54' title='bbox 1245 905 1304 956; x_wconf 90' lang='lat' dir='ltr'>in</span> <span class='ocrx_word' id='word_1_55' title='bbox 1353 919 1421 957; x_wconf 86' lang='lat' dir='ltr'>ea</span> <span class='ocrx_word' id='word_1_56' title='bbox 1477 882 1658 956; x_wconf 77' lang='lat' dir='ltr'>fuisse</span> <span class='ocrx_word' id='word_1_57' title='bbox 1716 913 1958 970; x_wconf 89' lang='lat' dir='ltr'>persua-</span> <span class='ocrx_word' id='word_1_58' title='bbox 2067 893 2366 960; x_wconf 88' lang='lat' dir='ltr'>Cerularii,</span> <span class='ocrx_word' id='word_1_59' title='bbox 2394 893 2495 964; x_wconf 87' lang='lat' dir='ltr'>qui</span> <span class='ocrx_word' id='word_1_60' title='bbox 2532 909 2602 948; x_wconf 89' lang='lat' dir='ltr'>ea</span> <span class='ocrx_word' id='word_1_61' title='bbox 2656 891 2727 946; x_wconf 91' lang='lat' dir='ltr'>de</span> <span class='ocrx_word' id='word_1_62' title='bbox 2757 907 2818 946; x_wconf 91' lang='lat' dir='ltr'>re</span> <span class='ocrx_word' id='word_1_63' title='bbox 2845 889 3081 962; x_wconf 85' lang='lat' dir='ltr'>primus</span> <span class='ocrx_word' id='word_1_64' title='bbox 3118 885 3405 944; x_wconf 85' lang='lat' dir='ltr'>Latinos</span> <span class='ocrx_word' id='word_1_65' title='bbox 3439 882 3512 937; x_wconf 89' lang='lat' dir='ltr'>in</span> <span class='ocrx_word' id='word_1_66' title='bbox 3566 893 3798 935; x_wconf 78' lang='lat' dir='ltr'>causam</span> 
     </span>
    </p>
   </div>
   <div class='ocr_carea' id='block_1_8' title="bbox 337 967 3797 1065">
    <p class='ocr_par' dir='ltr' id='par_1_8' title="bbox 337 967 3797 1065">
     <span class='ocr_line' id='line_1_8' title="bbox 337 967 3797 1065; baseline -0.011 -8"><span class='ocrx_word' id='word_1_67' title='bbox 337 967 498 1058; x_wconf 66' lang='lat' dir='ltr'>sione</span> <span class='ocrx_word' id='word_1_68' title='bbox 527 997 816 1052; x_wconf 79' lang='lat' dir='ltr'>Christum</span> <span class='ocrx_word' id='word_1_69' title='bbox 849 995 907 1049; x_wconf 89' lang='lat' dir='ltr'>in</span> <span class='ocrx_word' id='word_1_70' title='bbox 931 991 1148 1065; x_wconf 80' lang='lat' dir='ltr'>azymis</span> <span class='ocrx_word' id='word_1_71' title='bbox 1168 967 1387 1046; x_wconf 70' lang='lat' dir='ltr'>Pascha</span> <span class='ocrx_word' id='word_1_72' title='bbox 1407 989 1550 1044; x_wconf 91' lang='lat' dir='ltr'>illud</span> <span class='ocrx_word' id='word_1_73' title='bbox 1573 967 1892 1043; x_wconf 76' lang='lat' dir='ltr'>celebrasse</span> <span class='ocrx_word' id='word_1_74' title='bbox 1907 987 1964 1038; x_wconf 88' lang='lat' dir='ltr'>et</span> <span class='ocrx_word' id='word_1_75' title='bbox 2067 983 2266 1039; x_wconf 78' lang='lat' dir='ltr'>traxit.</span> <span class='ocrx_word' id='word_1_76' title='bbox 2299 983 2655 1037; x_wconf 88' lang='lat' dir='ltr'>Humbertus</span> <span class='ocrx_word' id='word_1_77' title='bbox 2685 977 3023 1045; x_wconf 89' lang='lat' dir='ltr'>cardinalis,</span> <span class='ocrx_word' id='word_1_78' title='bbox 3051 976 3172 1033; x_wconf 88' lang='lat' dir='ltr'>etsi</span> <span class='ocrx_word' id='word_1_79' title='bbox 3212 990 3345 1047; x_wconf 90' lang='lat' dir='ltr'>pro</span> <span class='ocrx_word' id='word_1_80' title='bbox 3411 967 3669 1042; x_wconf 85' lang='lat' dir='ltr'>ingenii</span> <span class='ocrx_word' id='word_1_81' title='bbox 3722 967 3797 1021; x_wconf 84' lang='lat' dir='ltr'>sui</span> 
     </span>
    </p>
   </div>
   <div class='ocr_carea' id='block_1_9' title="bbox 334 1076 1964 1154">
    <p class='ocr_par' dir='ltr' id='par_1_9' title="bbox 334 1076 1964 1154">
     <span class='ocr_line' id='line_1_9' title="bbox 334 1076 1964 1154; baseline -0.013 -8"><span class='ocrx_word' id='word_1_82' title='bbox 334 1086 753 1146; x_wconf 83' lang='lat' dir='ltr'>Eucharistiam</span> <span class='ocrx_word' id='word_1_83' title='bbox 787 1088 916 1154; x_wconf 90' lang='lat' dir='ltr'>post</span> <span class='ocrx_word' id='word_1_84' title='bbox 944 1098 1108 1136; x_wconf 87' lang='lat' dir='ltr'>esum</span> <span class='ocrx_word' id='word_1_85' title='bbox 1139 1081 1270 1151; x_wconf 86' lang='lat' dir='ltr'>agni</span> <span class='ocrx_word' id='word_1_86' title='bbox 1303 1077 1649 1134; x_wconf 85' lang='lat' dir='ltr'>instituisse.</span> <span class='ocrx_word' id='word_1_87' title='bbox 1673 1076 1806 1139; x_wconf 70' lang='lat' dir='ltr'>Quae</span> <span class='ocrx_word' id='word_1_88' title='bbox 1839 1089 1964 1144; x_wconf 90' lang='lat' dir='ltr'>per-</span> 
     </span>
    </p>
   </div>
   <div class='ocr_carea' id='block_1_10' title="bbox 341 1159 1966 1240">
    <p class='ocr_par' dir='ltr' id='par_1_10' title="bbox 341 1159 1966 1240">
     <span class='ocr_line' id='line_1_10' title="bbox 341 1159 1966 1240; baseline -0.014 -6"><span class='ocrx_word' id='word_1_89' title='bbox 341 1176 536 1234; x_wconf 85' lang='lat' dir='ltr'>suasio</span> <span class='ocrx_word' id='word_1_90' title='bbox 561 1175 616 1228; x_wconf 88' lang='lat' dir='ltr'>id</span> <span class='ocrx_word' id='word_1_91' title='bbox 647 1172 900 1227; x_wconf 78' lang='lat' dir='ltr'>obtinere</span> <span class='ocrx_word' id='word_1_92' title='bbox 924 1169 1110 1240; x_wconf 88' lang='lat' dir='ltr'>potuit</span> <span class='ocrx_word' id='word_1_93' title='bbox 1131 1185 1164 1222; x_wconf 93' lang='lat' dir='ltr'>a</span> <span class='ocrx_word' id='word_1_94' title='bbox 1193 1167 1396 1238; x_wconf 84' lang='lat' dir='ltr'>primis</span> <span class='ocrx_word' id='word_1_95' title='bbox 1426 1163 1684 1220; x_wconf 66' lang='lat' dir='ltr'>Ecclesiae</span> <span class='ocrx_word' id='word_1_96' title='bbox 1730 1159 1966 1216; x_wconf 88' lang='lat' dir='ltr'>rectori-</span> 
     </span>
    </p>
   </div>
   <div class='ocr_carea' id='block_1_11' title="bbox 337 1249 1972 1330">
    <p class='ocr_par' dir='ltr' id='par_1_11' title="bbox 337 1249 1972 1330">
     <span class='ocr_line' id='line_1_11' title="bbox 337 1249 1972 1330; baseline -0.012 -10"><span class='ocrx_word' id='word_1_97' title='bbox 337 1263 470 1330; x_wconf 88' lang='lat' dir='ltr'>bus,</span> <span class='ocrx_word' id='word_1_98' title='bbox 503 1266 568 1316; x_wconf 90' lang='lat' dir='ltr'>ut</span> <span class='ocrx_word' id='word_1_99' title='bbox 587 1259 992 1315; x_wconf 87' lang='lat' dir='ltr'>constituenda</span> <span class='ocrx_word' id='word_1_100' title='bbox 1019 1255 1418 1310; x_wconf 61' lang='lat' dir='ltr'>ecclesiastica</span> <span class='ocrx_word' id='word_1_101' title='bbox 1449 1251 1768 1321; x_wconf 72' lang='lat' dir='ltr'>disciplina:</span> <span class='ocrx_word' id='word_1_102' title='bbox 1786 1249 1972 1304; x_wconf 88' lang='lat' dir='ltr'>forma</span> 
     </span>
    </p>
   </div>
   <div class='ocr_carea' id='block_1_12' title="bbox 341 1337 1973 1410">
    <p class='ocr_par' dir='ltr' id='par_1_12' title="bbox 341 1337 1973 1410">
     <span class='ocr_line' id='line_1_12' title="bbox 341 1337 1973 1410; baseline -0.011 -3"><span class='ocrx_word' id='word_1_103' title='bbox 341 1366 564 1410; x_wconf 84' lang='lat' dir='ltr'>morem</span> <span class='ocrx_word' id='word_1_104' title='bbox 586 1346 920 1402; x_wconf 80' lang='lat' dir='ltr'>induxerint</span> <span class='ocrx_word' id='word_1_105' title='bbox 939 1343 1361 1398; x_wconf 86' lang='lat' dir='ltr'>Eucharistiam</span> <span class='ocrx_word' id='word_1_106' title='bbox 1381 1337 1721 1394; x_wconf 84' lang='lat' dir='ltr'>conﬁciendi</span> <span class='ocrx_word' id='word_1_107' title='bbox 1747 1337 1804 1390; x_wconf 90' lang='lat' dir='ltr'>in</span> <span class='ocrx_word' id='word_1_108' title='bbox 1829 1351 1973 1406; x_wconf 91' lang='lat' dir='ltr'>pane</span> 
     </span>
    </p>
   </div>
   <div class='ocr_carea' id='block_1_13' title="bbox 340 1425 1974 1506">
    <p class='ocr_par' dir='ltr' id='par_1_13' title="bbox 340 1425 1974 1506">
     <span class='ocr_line' id='line_1_13' title="bbox 340 1425 1974 1506; baseline -0.01 -12"><span class='ocrx_word' id='word_1_109' title='bbox 340 1437 609 1494; x_wconf 83' lang='lat' dir='ltr'>fermenti</span> <span class='ocrx_word' id='word_1_110' title='bbox 639 1439 890 1506; x_wconf 81' lang='lat' dir='ltr'>experte,</span> <span class='ocrx_word' id='word_1_111' title='bbox 926 1432 1079 1503; x_wconf 90' lang='lat' dir='ltr'>quod</span> <span class='ocrx_word' id='word_1_112' title='bbox 1113 1429 1370 1486; x_wconf 84' lang='lat' dir='ltr'>abfuisse</span> <span class='ocrx_word' id='word_1_113' title='bbox 1404 1445 1438 1484; x_wconf 91' lang='lat' dir='ltr'>a</span> <span class='ocrx_word' id='word_1_114' title='bbox 1472 1425 1766 1484; x_wconf 88' lang='lat' dir='ltr'>Dominica</span> <span class='ocrx_word' id='word_1_115' title='bbox 1815 1439 1974 1478; x_wconf 87' lang='lat' dir='ltr'>coena</span> 
     </span>
    </p>
   </div>
   <div class='ocr_carea' id='block_1_14' title="bbox 342 1522 1030 1599">
    <p class='ocr_par' dir='ltr' id='par_1_14' title="bbox 342 1522 1030 1599">
     <span class='ocr_line' id='line_1_14' title="bbox 342 1522 1030 1599; baseline -0.015 -16"><span class='ocrx_word' id='word_1_116' title='bbox 342 1540 688 1599; x_wconf 87' lang='lat' dir='ltr'>persuasum</span> <span class='ocrx_word' id='word_1_117' title='bbox 719 1522 1030 1577; x_wconf 76' lang='lat' dir='ltr'>habebant.</span> 
     </span>
    </p>
   </div>
   <div class='ocr_carea' id='block_1_15' title="bbox 1005 1657 1326 1714">
    <p class='ocr_par' dir='ltr' id='par_1_15' title="bbox 1005 1657 1326 1714">
     <span class='ocr_line' id='line_1_15' title="bbox 1005 1657 1326 1714; baseline -0.012 0"><span class='ocrx_word' id='word_1_118' title='bbox 1005 1659 1230 1714; x_wconf 87' lang='lat' dir='ltr'><strong>CAPUT</strong></span> <span class='ocrx_word' id='word_1_119' title='bbox 1259 1657 1326 1712; x_wconf 90' lang='lat' dir='ltr'>II.</span> 
     </span>
    </p>
   </div>
   <div class='ocr_carea' id='block_1_16' title="bbox 362 1755 1980 1847">
    <p class='ocr_par' dir='ltr' id='par_1_16' title="bbox 362 1755 1980 1847">
     <span class='ocr_line' id='line_1_16' title="bbox 362 1755 1980 1847; baseline -0.012 -19"><span class='ocrx_word' id='word_1_120' title='bbox 362 1775 570 1842; x_wconf 76' lang='lat' dir='ltr'>Exemp</span> <span class='ocrx_word' id='word_1_121' title='bbox 632 1769 831 1824; x_wconf 75' lang='lat' dir='ltr'>Christi</span> <span class='ocrx_word' id='word_1_122' title='bbox 858 1783 966 1822; x_wconf 81' lang='lat' dir='ltr'>non</span> <span class='ocrx_word' id='word_1_123' title='bbox 997 1765 1208 1847; x_wconf 57' lang='lat' dir='ltr'>imponi</span> <span class='ocrx_word' id='word_1_124' title='bbox 1236 1761 1606 1843; x_wconf 51' lang='lat' dir='ltr'>necessitatem</span> <span class='ocrx_word' id='word_1_125' title='bbox 1629 1755 1980 1813; x_wconf 78' lang='lat' dir='ltr'>consecrandi</span> 
     </span>
    </p>
   </div>
   <div class='ocr_carea' id='block_1_17' title="bbox 1010 1849 1318 1903">
    <p class='ocr_par' dir='ltr' id='par_1_17' title="bbox 1010 1849 1318 1903">
     <span class='ocr_line' id='line_1_17' title="bbox 1010 1849 1318 1903; baseline -0.016 -14"><span class='ocrx_word' id='word_1_126' title='bbox 1010 1853 1067 1890; x_wconf 73' lang='grc' dir='ltr'><em>ιη</em></span> <span class='ocrx_word' id='word_1_127' title='bbox 1095 1849 1318 1903; x_wconf 63' lang='lat' dir='ltr'>asymzs.</span> 
     </span>
    </p>
   </div>
   <div class='ocr_carea' id='block_1_18' title="bbox 2073 1055 3796 1140">
    <p class='ocr_par' dir='ltr' id='par_1_18' title="bbox 2073 1055 3796 1140">
     <span class='ocr_line' id='line_1_18' title="bbox 2073 1055 3796 1140; baseline -0.012 -12"><span class='ocrx_word' id='word_1_128' title='bbox 2073 1074 2289 1128; x_wconf 88' lang='lat' dir='ltr'>fervore</span> <span class='ocrx_word' id='word_1_129' title='bbox 2314 1069 2518 1126; x_wconf 90' lang='lat' dir='ltr'>durius</span> <span class='ocrx_word' id='word_1_130' title='bbox 2545 1067 2758 1124; x_wconf 73' lang='lat' dir='ltr'>Graecis</span> <span class='ocrx_word' id='word_1_131' title='bbox 2780 1065 3143 1140; x_wconf 89' lang='lat' dir='ltr'>respondere</span> <span class='ocrx_word' id='word_1_132' title='bbox 3165 1061 3427 1120; x_wconf 84' lang='lat' dir='ltr'>solitus</span> <span class='ocrx_word' id='word_1_133' title='bbox 3448 1058 3560 1124; x_wconf 85' lang='lat' dir='ltr'>sit,</span> <span class='ocrx_word' id='word_1_134' title='bbox 3589 1055 3796 1112; x_wconf 81' lang='lat' dir='ltr'>salvam</span> 
     </span>
    </p>
   </div>
   <div class='ocr_carea' id='block_1_19' title="bbox 2071 1147 3796 1228">
    <p class='ocr_par' dir='ltr' id='par_1_19' title="bbox 2071 1147 3796 1228">
     <span class='ocr_line' id='line_1_19' title="bbox 2071 1147 3796 1228; baseline -0.01 -13"><span class='ocrx_word' id='word_1_135' title='bbox 2071 1165 2268 1216; x_wconf 88' lang='lat' dir='ltr'>tamen</span> <span class='ocrx_word' id='word_1_136' title='bbox 2282 1157 2659 1222; x_wconf 77' lang='lat' dir='ltr'>reverentiam</span> <span class='ocrx_word' id='word_1_137' title='bbox 2677 1155 2935 1228; x_wconf 90' lang='lat' dir='ltr'>corporis</span> <span class='ocrx_word' id='word_1_138' title='bbox 2952 1150 3266 1210; x_wconf 88' lang='lat' dir='ltr'>Dominici</span> <span class='ocrx_word' id='word_1_139' title='bbox 3283 1172 3322 1201; x_wconf 83' lang='grc'>‹‹</span> <span class='ocrx_word' id='word_1_140' title='bbox 3351 1149 3427 1204; x_wconf 87' lang='lat' dir='ltr'>in</span> <span class='ocrx_word' id='word_1_141' title='bbox 3445 1147 3796 1204; x_wconf 78' lang='lat' dir='ltr'>fermentata</span> 
     </span>
    </p>
   </div>
   <div class='ocr_carea' id='block_1_20' title="bbox 2077 1232 3795 1317">
    <p class='ocr_par' dir='ltr' id='par_1_20' title="bbox 2077 1232 3795 1317">
     <span class='ocr_line' id='line_1_20' title="bbox 2077 1232 3795 1317; baseline -0.009 -15"><span class='ocrx_word' id='word_1_142' title='bbox 2077 1251 2134 1302; x_wconf 92' lang='lat' dir='ltr'>et</span> <span class='ocrx_word' id='word_1_143' title='bbox 2159 1246 2219 1301; x_wconf 90' lang='lat' dir='ltr'>in</span> <span class='ocrx_word' id='word_1_144' title='bbox 2250 1261 2450 1317; x_wconf 89' lang='lat' dir='ltr'>azymo</span> <span class='ocrx_word' id='word_1_145' title='bbox 2484 1267 2512 1293; x_wconf 87' lang='lat'>»</span> <span class='ocrx_word' id='word_1_146' title='bbox 2547 1245 2760 1299; x_wconf 83' lang='lat' dir='ltr'>fatetur</span> <span class='ocrx_word' id='word_1_147' title='bbox 2783 1243 2838 1297; x_wconf 89' lang='lat' dir='ltr'>in</span> <span class='ocrx_word' id='word_1_148' title='bbox 2865 1240 3278 1314; x_wconf 86' lang='lat' dir='ltr'>responsione</span> <span class='ocrx_word' id='word_1_149' title='bbox 3308 1238 3402 1294; x_wconf 82' lang='lat' dir='ltr'>ad</span> <span class='ocrx_word' id='word_1_150' title='bbox 3447 1232 3795 1292; x_wconf 84' lang='lat' dir='ltr'>Michaelem</span> 
     </span>
    </p>
   </div>
   <div class='ocr_carea' id='block_1_21' title="bbox 2079 1323 3794 1404">
    <p class='ocr_par' dir='ltr' id='par_1_21' title="bbox 2079 1323 3794 1404">
     <span class='ocr_line' id='line_1_21' title="bbox 2079 1323 3794 1404; baseline -0.009 -13"><span class='ocrx_word' id='word_1_151' title='bbox 2079 1333 2456 1391; x_wconf 87' lang='lat' dir='ltr'>Cerularium.</span> <span class='ocrx_word' id='word_1_152' title='bbox 2487 1331 2632 1387; x_wconf 89' lang='lat' dir='ltr'>Hinc</span> <span class='ocrx_word' id='word_1_153' title='bbox 2662 1329 2976 1404; x_wconf 85' lang='lat' dir='ltr'>Gregorius</span> <span class='ocrx_word' id='word_1_154' title='bbox 3007 1345 3168 1402; x_wconf 87' lang='lat' dir='ltr'>papa</span> <span class='ocrx_word' id='word_1_155' title='bbox 3199 1327 3357 1397; x_wconf 81' lang='lat' dir='ltr'>VII,</span> <span class='ocrx_word' id='word_1_156' title='bbox 3410 1325 3486 1381; x_wconf 88' lang='lat' dir='ltr'>in</span> <span class='ocrx_word' id='word_1_157' title='bbox 3553 1323 3665 1378; x_wconf 88' lang='lat' dir='ltr'>lib.</span> <span class='ocrx_word' id='word_1_158' title='bbox 3712 1338 3794 1376; x_wconf 79' lang='lat' dir='ltr'>VIII</span> 
     </span>
    </p>
   </div>
   <div class='ocr_carea' id='block_1_22' title="bbox 2080 1415 3795 1495">
    <p class='ocr_par' dir='ltr' id='par_1_22' title="bbox 2080 1415 3795 1495">
     <span class='ocr_line' id='line_1_22' title="bbox 2080 1415 3795 1495; baseline -0.009 -15"><span class='ocrx_word' id='word_1_159' title='bbox 2080 1421 2398 1495; x_wconf 86' lang='lat' dir='ltr'>epistolal.</span> <span class='ocrx_word' id='word_1_160' title='bbox 2429 1443 2450 1470; x_wconf 75' lang='grc' dir='ltr'>α</span> <span class='ocrx_word' id='word_1_161' title='bbox 2485 1420 2602 1476; x_wconf 91' lang='lat' dir='ltr'>Nos</span> <span class='ocrx_word' id='word_1_162' title='bbox 2640 1435 2798 1488; x_wconf 89' lang='lat' dir='ltr'>vero,</span> <span class='ocrx_word' id='word_1_163' title='bbox 2858 1417 3073 1488; x_wconf 86' lang='lat' dir='ltr'>inquit,</span> <span class='ocrx_word' id='word_1_164' title='bbox 3137 1431 3470 1488; x_wconf 82' lang='lat' dir='ltr'>azymum</span> <span class='ocrx_word' id='word_1_165' title='bbox 3535 1415 3795 1468; x_wconf 85' lang='lat' dir='ltr'>nostrum</span> 
     </span>
    </p>
   </div>
   <div class='ocr_carea' id='block_1_23' title="bbox 2082 1498 3796 1582">
    <p class='ocr_par' dir='ltr' id='par_1_23' title="bbox 2082 1498 3796 1582">
     <span class='ocr_line' id='line_1_23' title="bbox 2082 1498 3796 1582; baseline -0.008 -16"><span class='ocrx_word' id='word_1_166' title='bbox 2082 1506 2516 1582; x_wconf 83' lang='lat' dir='ltr'>inexpugnabili</span> <span class='ocrx_word' id='word_1_167' title='bbox 2547 1506 2868 1564; x_wconf 89' lang='lat' dir='ltr'>secundum</span> <span class='ocrx_word' id='word_1_168' title='bbox 2897 1504 3236 1562; x_wconf 86' lang='lat' dir='ltr'>Dominum</span> <span class='ocrx_word' id='word_1_169' title='bbox 3284 1501 3560 1559; x_wconf 81' lang='lat' dir='ltr'>ratione</span> <span class='ocrx_word' id='word_1_170' title='bbox 3613 1498 3796 1555; x_wconf 84' lang='lat' dir='ltr'>defen-</span> 
     </span>
    </p>
   </div>
   <div class='ocr_carea' id='block_1_24' title="bbox 2085 1591 3796 1670">
    <p class='ocr_par' dir='ltr' id='par_1_24' title="bbox 2085 1591 3796 1670">
     <span class='ocr_line' id='line_1_24' title="bbox 2085 1591 3796 1670; baseline -0.007 -15"><span class='ocrx_word' id='word_1_171' title='bbox 2085 1600 2308 1666; x_wconf 88' lang='lat' dir='ltr'>dentes,</span> <span class='ocrx_word' id='word_1_172' title='bbox 2337 1597 2599 1670; x_wconf 88' lang='lat' dir='ltr'>ipsorum</span> <span class='ocrx_word' id='word_1_173' title='bbox 2629 1595 3047 1650; x_wconf 86' lang='lat' dir='ltr'>fermentatum</span> <span class='ocrx_word' id='word_1_174' title='bbox 3097 1609 3216 1649; x_wconf 90' lang='lat' dir='ltr'>nec</span> <span class='ocrx_word' id='word_1_175' title='bbox 3283 1591 3745 1664; x_wconf 86' lang='lat' dir='ltr'>reprobamus.</span> <span class='ocrx_word' id='word_1_176' title='bbox 3773 1610 3796 1633; x_wconf 64' lang='grc' dir='ltr'>ει</span> 
     </span>
    </p>
   </div>
   <div class='ocr_carea' id='block_1_25' title="bbox 2084 1677 3796 1754">
    <p class='ocr_par' dir='ltr' id='par_1_25' title="bbox 2084 1677 3796 1754">
     <span class='ocr_line' id='line_1_25' title="bbox 2084 1677 3796 1754; baseline -0.006 -12"><span class='ocrx_word' id='word_1_177' title='bbox 2084 1687 2394 1742; x_wconf 86' lang='lat' dir='ltr'>Anselmus</span> <span class='ocrx_word' id='word_1_178' title='bbox 2447 1681 2881 1740; x_wconf 87' lang='lat' dir='ltr'>Cantuariensis</span> <span class='ocrx_word' id='word_1_179' title='bbox 2948 1681 3284 1754; x_wconf 77' lang='lat' dir='ltr'>episcopus</span> <span class='ocrx_word' id='word_1_180' title='bbox 3356 1697 3400 1736; x_wconf 85' lang='lat' dir='ltr'>a</span> <span class='ocrx_word' id='word_1_181' title='bbox 3457 1677 3796 1734; x_wconf 80' lang='lat' dir='ltr'>Waleramo</span> 
     </span>
    </p>
   </div>
   <div class='ocr_carea' id='block_1_26' title="bbox 2086 1766 3800 1845">
    <p class='ocr_par' dir='ltr' id='par_1_26' title="bbox 2086 1766 3800 1845">
     <span class='ocr_line' id='line_1_26' title="bbox 2086 1766 3800 1845; baseline -0.006 -13"><span class='ocrx_word' id='word_1_182' title='bbox 2086 1773 2543 1845; x_wconf 88' lang='lat' dir='ltr'>Nuembergensi</span> <span class='ocrx_word' id='word_1_183' title='bbox 2573 1771 2831 1828; x_wconf 87' lang='lat' dir='ltr'>antistite</span> <span class='ocrx_word' id='word_1_184' title='bbox 2861 1770 3276 1842; x_wconf 82' lang='lat' dir='ltr'>interrogatus</span> <span class='ocrx_word' id='word_1_185' title='bbox 3313 1768 3490 1842; x_wconf 87' lang='lat' dir='ltr'>quid</span> <span class='ocrx_word' id='word_1_186' title='bbox 3529 1768 3611 1823; x_wconf 88' lang='lat' dir='ltr'>de</span> <span class='ocrx_word' id='word_1_187' title='bbox 3654 1766 3800 1822; x_wconf 77' lang='lat' dir='ltr'>Grae-</span> 
     </span>
    </p>
   </div>
   <div class='ocr_carea' id='block_1_27' title="bbox 2089 1855 3802 1930">
    <p class='ocr_par' dir='ltr' id='par_1_27' title="bbox 2089 1855 3802 1930">
     <span class='ocr_line' id='line_1_27' title="bbox 2089 1855 3802 1930; baseline -0.006 -10"><span class='ocrx_word' id='word_1_188' title='bbox 2089 1879 2289 1921; x_wconf 93' lang='lat' dir='ltr'>corum</span> <span class='ocrx_word' id='word_1_189' title='bbox 2320 1863 2600 1917; x_wconf 85' lang='lat' dir='ltr'>fermento</span> <span class='ocrx_word' id='word_1_190' title='bbox 2630 1859 2894 1929; x_wconf 88' lang='lat' dir='ltr'>sentiret,</span> <span class='ocrx_word' id='word_1_191' title='bbox 2915 1857 3000 1914; x_wconf 86' lang='lat' dir='ltr'>ita</span> <span class='ocrx_word' id='word_1_192' title='bbox 3017 1857 3360 1930; x_wconf 87' lang='lat' dir='ltr'>respondit</span> <span class='ocrx_word' id='word_1_193' title='bbox 3391 1873 3409 1912; x_wconf 90' lang='lat'>:</span> <span class='ocrx_word' id='word_1_194' title='bbox 3454 1877 3490 1908; x_wconf 87' lang='grc'>‹‹</span> <span class='ocrx_word' id='word_1_195' title='bbox 3524 1857 3616 1912; x_wconf 90' lang='lat' dir='ltr'>De</span> <span class='ocrx_word' id='word_1_196' title='bbox 3641 1855 3802 1912; x_wconf 80' lang='lat' dir='ltr'>sacri-</span> 
     </span>
    </p>
   </div>
   <div class='ocr_carea' id='block_1_28' title="bbox 423 1943 3800 2044">
    <p class='ocr_par' dir='ltr' id='par_1_28' title="bbox 423 1943 3800 2044">
     <span class='ocr_line' id='line_1_28' title="bbox 423 1943 3800 2044; baseline -0.007 -23"><span class='ocrx_word' id='word_1_197' title='bbox 423 1965 540 2021; x_wconf 91' lang='lat' dir='ltr'>Etsi</span> <span class='ocrx_word' id='word_1_198' title='bbox 563 1961 770 2018; x_wconf 84' lang='lat' dir='ltr'>Christi</span> <span class='ocrx_word' id='word_1_199' title='bbox 793 1957 1215 2016; x_wconf 88' lang='lat' dir='ltr'>Eucharistiam</span> <span class='ocrx_word' id='word_1_200' title='bbox 1241 1950 1597 2009; x_wconf 90' lang='lat' dir='ltr'>instituentis</span> <span class='ocrx_word' id='word_1_201' title='bbox 1618 1965 1754 2006; x_wconf 92' lang='lat' dir='ltr'>eum</span> <span class='ocrx_word' id='word_1_202' title='bbox 1773 1945 1982 2004; x_wconf 86' lang='lat' dir='ltr'>volun-</span> <span class='ocrx_word' id='word_1_203' title='bbox 2013 1980 2061 2044; x_wconf 85' lang='lat' dir='ltr'><strong>B</strong></span> <span class='ocrx_word' id='word_1_204' title='bbox 2091 1953 2241 2016; x_wconf 82' lang='lat' dir='ltr'>ﬁcio,</span> <span class='ocrx_word' id='word_1_205' title='bbox 2274 1950 2332 2005; x_wconf 89' lang='lat' dir='ltr'>in</span> <span class='ocrx_word' id='word_1_206' title='bbox 2365 1965 2478 2022; x_wconf 91' lang='lat' dir='ltr'>quo</span> <span class='ocrx_word' id='word_1_207' title='bbox 2509 1948 2691 2004; x_wconf 64' lang='lat' dir='ltr'>Graeci</span> <span class='ocrx_word' id='word_1_208' title='bbox 2722 1946 3030 2003; x_wconf 90' lang='lat' dir='ltr'>nobiscum</span> <span class='ocrx_word' id='word_1_209' title='bbox 3061 1962 3184 2002; x_wconf 90' lang='lat' dir='ltr'>non</span> <span class='ocrx_word' id='word_1_210' title='bbox 3211 1946 3554 2012; x_wconf 87' lang='lat' dir='ltr'>sentiunt,</span> <span class='ocrx_word' id='word_1_211' title='bbox 3609 1943 3800 2000; x_wconf 80' lang='lat' dir='ltr'>multis</span> 
     </span>
    </p>
   </div>
   <div class='ocr_carea' id='block_1_29' title="bbox 351 2036 1983 2121">
    <p class='ocr_par' dir='ltr' id='par_1_29' title="bbox 351 2036 1983 2121">
     <span class='ocr_line' id='line_1_29' title="bbox 351 2036 1983 2121; baseline -0.014 -11"><span class='ocrx_word' id='word_1_212' title='bbox 351 2055 462 2121; x_wconf 83' lang='lat' dir='ltr'>tas,</span> <span class='ocrx_word' id='word_1_213' title='bbox 493 2057 620 2108; x_wconf 90' lang='lat' dir='ltr'>tum</span> <span class='ocrx_word' id='word_1_214' title='bbox 651 2048 977 2120; x_wconf 88' lang='lat' dir='ltr'>exemplum</span> <span class='ocrx_word' id='word_1_215' title='bbox 1010 2062 1114 2118; x_wconf 87' lang='lat' dir='ltr'>pro</span> <span class='ocrx_word' id='word_1_216' title='bbox 1139 2044 1264 2115; x_wconf 88' lang='lat' dir='ltr'>lege</span> <span class='ocrx_word' id='word_1_217' title='bbox 1293 2041 1430 2109; x_wconf 90' lang='lat' dir='ltr'>sint,</span> <span class='ocrx_word' id='word_1_218' title='bbox 1465 2036 1746 2094; x_wconf 90' lang='lat' dir='ltr'>nonnulla</span> <span class='ocrx_word' id='word_1_219' title='bbox 1789 2039 1983 2090; x_wconf 90' lang='lat' dir='ltr'>tamen</span> 
     </span>
    </p>
   </div>
   <div class='ocr_carea' id='block_1_30' title="bbox 353 2120 1987 2210">
    <p class='ocr_par' dir='ltr' id='par_1_30' title="bbox 353 2120 1987 2210">
     <span class='ocr_line' id='line_1_30' title="bbox 353 2120 1987 2210; baseline -0.013 -13"><span class='ocrx_word' id='word_1_220' title='bbox 353 2141 490 2198; x_wconf 88' lang='lat' dir='ltr'>hinc</span> <span class='ocrx_word' id='word_1_221' title='bbox 521 2139 707 2210; x_wconf 80' lang='lat' dir='ltr'>excipi</span> <span class='ocrx_word' id='word_1_222' title='bbox 728 2151 962 2192; x_wconf 86' lang='lat' dir='ltr'>necesse</span> <span class='ocrx_word' id='word_1_223' title='bbox 993 2138 1083 2188; x_wconf 89' lang='lat' dir='ltr'>est</span> <span class='ocrx_word' id='word_1_224' title='bbox 1112 2147 1237 2202; x_wconf 81' lang='lat' dir='ltr'>quae</span> <span class='ocrx_word' id='word_1_225' title='bbox 1266 2129 1358 2184; x_wconf 85' lang='lat' dir='ltr'>vel</span> <span class='ocrx_word' id='word_1_226' title='bbox 1398 2143 1500 2199; x_wconf 92' lang='lat' dir='ltr'>pro</span> <span class='ocrx_word' id='word_1_227' title='bbox 1553 2123 1850 2195; x_wconf 87' lang='lat' dir='ltr'>temporis,</span> <span class='ocrx_word' id='word_1_228' title='bbox 1899 2120 1987 2178; x_wconf 90' lang='lat' dir='ltr'>vel</span> 
     </span>
    </p>
   </div>
   <div class='ocr_carea' id='block_1_31' title="bbox 355 2211 1986 2304">
    <p class='ocr_par' dir='ltr' id='par_1_31' title="bbox 355 2211 1986 2304">
     <span class='ocr_line' id='line_1_31' title="bbox 355 2211 1986 2304; baseline -0.015 -17"><span class='ocrx_word' id='word_1_229' title='bbox 355 2247 459 2304; x_wconf 90' lang='lat' dir='ltr'>pro</span> <span class='ocrx_word' id='word_1_230' title='bbox 485 2241 865 2302; x_wconf 86' lang='lat' dir='ltr'>personarum</span> <span class='ocrx_word' id='word_1_231' title='bbox 900 2223 1049 2276; x_wconf 87' lang='lat' dir='ltr'>inter</span> <span class='ocrx_word' id='word_1_232' title='bbox 1079 2235 1224 2290; x_wconf 87' lang='lat' dir='ltr'>quas</span> <span class='ocrx_word' id='word_1_233' title='bbox 1246 2217 1489 2288; x_wconf 86' lang='lat' dir='ltr'>degebat</span> <span class='ocrx_word' id='word_1_234' title='bbox 1508 2216 1770 2284; x_wconf 89' lang='lat' dir='ltr'>respectu</span> <span class='ocrx_word' id='word_1_235' title='bbox 1791 2211 1986 2265; x_wconf 91' lang='lat' dir='ltr'>obser-</span> 
     </span>
    </p>
   </div>
   <div class='ocr_carea' id='block_1_32' title="bbox 355 2301 1988 2385">
    <p class='ocr_par' dir='ltr' id='par_1_32' title="bbox 355 2301 1988 2385">
     <span class='ocr_line' id='line_1_32' title="bbox 355 2301 1988 2385; baseline -0.015 -10"><span class='ocrx_word' id='word_1_236' title='bbox 355 2301 531 2375; x_wconf 71' lang='lat' dir='ltr'>vavit.</span> <span class='ocrx_word' id='word_1_237' title='bbox 565 2315 726 2382; x_wconf 88' lang='lat' dir='ltr'>Quod</span> <span class='ocrx_word' id='word_1_238' title='bbox 759 2327 906 2385; x_wconf 86' lang='lat' dir='ltr'>pane</span> <span class='ocrx_word' id='word_1_239' title='bbox 935 2309 1182 2374; x_wconf 87' lang='lat' dir='ltr'>triticeo,</span> <span class='ocrx_word' id='word_1_240' title='bbox 1211 2304 1363 2376; x_wconf 91' lang='lat' dir='ltr'>quod</span> <span class='ocrx_word' id='word_1_241' title='bbox 1394 2301 1524 2357; x_wconf 92' lang='lat' dir='ltr'>vino</span> <span class='ocrx_word' id='word_1_242' title='bbox 1563 2317 1716 2370; x_wconf 87' lang='lat' dir='ltr'>aqua</span> <span class='ocrx_word' id='word_1_243' title='bbox 1772 2302 1988 2366; x_wconf 89' lang='lat' dir='ltr'>tempe-</span> 
     </span>
    </p>
   </div>
   <div class='ocr_carea' id='block_1_33' title="bbox 357 2383 1990 2476">
    <p class='ocr_par' dir='ltr' id='par_1_33' title="bbox 357 2383 1990 2476">
     <span class='ocr_line' id='line_1_33' title="bbox 357 2383 1990 2476; baseline -0.016 -14"><span class='ocrx_word' id='word_1_244' title='bbox 357 2411 504 2472; x_wconf 90' lang='lat' dir='ltr'>rato,</span> <span class='ocrx_word' id='word_1_245' title='bbox 538 2403 691 2476; x_wconf 90' lang='lat' dir='ltr'>quod</span> <span class='ocrx_word' id='word_1_246' title='bbox 733 2383 904 2455; x_wconf 80' lang='lat' dir='ltr'>certis</span> <span class='ocrx_word' id='word_1_247' title='bbox 933 2395 1122 2452; x_wconf 89' lang='lat' dir='ltr'>verbis</span> <span class='ocrx_word' id='word_1_248' title='bbox 1167 2409 1309 2448; x_wconf 89' lang='lat' dir='ltr'>usus</span> <span class='ocrx_word' id='word_1_249' title='bbox 1355 2394 1462 2462; x_wconf 89' lang='lat' dir='ltr'>est,</span> <span class='ocrx_word' id='word_1_250' title='bbox 1521 2405 1588 2444; x_wconf 85' lang='lat' dir='ltr'>ea</span> <span class='ocrx_word' id='word_1_251' title='bbox 1633 2383 1990 2459; x_wconf 77' lang='lat' dir='ltr'>praetermitti</span> 
     </span>
    </p>
   </div>
   <div class='ocr_carea' id='block_1_34' title="bbox 357 2466 1990 2562">
    <p class='ocr_par' dir='ltr' id='par_1_34' title="bbox 357 2466 1990 2562">
     <span class='ocr_line' id='line_1_34' title="bbox 357 2466 1990 2562; baseline -0.017 -10"><span class='ocrx_word' id='word_1_252' title='bbox 357 2497 512 2552; x_wconf 84' lang='lat' dir='ltr'>vetat</span> <span class='ocrx_word' id='word_1_253' title='bbox 543 2466 768 2562; x_wconf 71' lang='lat' dir='ltr'>religio,</span> <span class='ocrx_word' id='word_1_254' title='bbox 798 2487 1100 2558; x_wconf 87' lang='lat' dir='ltr'>ipsiusque</span> <span class='ocrx_word' id='word_1_255' title='bbox 1139 2479 1485 2536; x_wconf 84' lang='lat' dir='ltr'>sacramenti</span> <span class='ocrx_word' id='word_1_256' title='bbox 1539 2466 1766 2532; x_wconf 78' lang='lat' dir='ltr'>natura.</span> <span class='ocrx_word' id='word_1_257' title='bbox 1829 2471 1990 2539; x_wconf 87' lang='lat' dir='ltr'>Quod</span> 
     </span>
    </p>
   </div>
   <div class='ocr_carea' id='block_1_35' title="bbox 360 2559 1991 2649">
    <p class='ocr_par' dir='ltr' id='par_1_35' title="bbox 360 2559 1991 2649">
     <span class='ocr_line' id='line_1_35' title="bbox 360 2559 1991 2649; baseline -0.017 -9"><span class='ocrx_word' id='word_1_258' title='bbox 360 2581 540 2640; x_wconf 87' lang='lat' dir='ltr'>semel</span> <span class='ocrx_word' id='word_1_259' title='bbox 571 2583 627 2634; x_wconf 89' lang='lat' dir='ltr'>et</span> <span class='ocrx_word' id='word_1_260' title='bbox 655 2559 892 2649; x_wconf 76' lang='lat' dir='ltr'>quidem</span> <span class='ocrx_word' id='word_1_261' title='bbox 923 2575 982 2629; x_wconf 89' lang='lat' dir='ltr'>in</span> <span class='ocrx_word' id='word_1_262' title='bbox 1011 2571 1309 2634; x_wconf 88' lang='lat' dir='ltr'>Paschate,</span> <span class='ocrx_word' id='word_1_263' title='bbox 1350 2567 1504 2638; x_wconf 90' lang='lat' dir='ltr'>quod</span> <span class='ocrx_word' id='word_1_264' title='bbox 1561 2568 1692 2637; x_wconf 90' lang='lat' dir='ltr'>post</span> <span class='ocrx_word' id='word_1_265' title='bbox 1746 2559 1991 2649; x_wconf 75' lang='lat' dir='ltr'>legalem</span> 
     </span>
    </p>
   </div>
   <div class='ocr_carea' id='block_1_36' title="bbox 363 2647 1992 2738">
    <p class='ocr_par' dir='ltr' id='par_1_36' title="bbox 363 2647 1992 2738">
     <span class='ocr_line' id='line_1_36' title="bbox 363 2647 1992 2738; baseline -0.017 -11"><span class='ocrx_word' id='word_1_266' title='bbox 363 2686 609 2732; x_wconf 79' lang='lat' dir='ltr'>ccenam,</span> <span class='ocrx_word' id='word_1_267' title='bbox 644 2647 797 2738; x_wconf 49' lang='lat' dir='ltr'>q—uod</span> <span class='ocrx_word' id='word_1_268' title='bbox 829 2663 887 2717; x_wconf 89' lang='lat' dir='ltr'>in</span> <span class='ocrx_word' id='word_1_269' title='bbox 919 2675 1117 2732; x_wconf 86' lang='lat' dir='ltr'>azymo</span> <span class='ocrx_word' id='word_1_270' title='bbox 1148 2673 1296 2728; x_wconf 89' lang='lat' dir='ltr'>pane</span> <span class='ocrx_word' id='word_1_271' title='bbox 1319 2656 1376 2711; x_wconf 90' lang='lat' dir='ltr'>id</span> <span class='ocrx_word' id='word_1_272' title='bbox 1409 2653 1624 2718; x_wconf 80' lang='lat' dir='ltr'>fecerit,</span> <span class='ocrx_word' id='word_1_273' title='bbox 1665 2667 1734 2706; x_wconf 87' lang='lat' dir='ltr'>ea</span> <span class='ocrx_word' id='word_1_274' title='bbox 1785 2647 1874 2703; x_wconf 88' lang='lat' dir='ltr'>vel</span> <span class='ocrx_word' id='word_1_275' title='bbox 1933 2647 1992 2701; x_wconf 92' lang='lat' dir='ltr'>in</span> 
     </span>
    </p>
   </div>
   <div class='ocr_carea' id='block_1_37' title="bbox 360 2735 1993 2820">
    <p class='ocr_par' dir='ltr' id='par_1_37' title="bbox 360 2735 1993 2820">
     <span class='ocr_line' id='line_1_37' title="bbox 360 2735 1993 2820; baseline -0.017 -4"><span class='ocrx_word' id='word_1_276' title='bbox 360 2757 550 2816; x_wconf 91' lang='lat' dir='ltr'>medio</span> <span class='ocrx_word' id='word_1_277' title='bbox 580 2735 796 2820; x_wconf 86' lang='lat' dir='ltr'>relicta,</span> <span class='ocrx_word' id='word_1_278' title='bbox 827 2749 918 2806; x_wconf 90' lang='lat' dir='ltr'>vel</span> <span class='ocrx_word' id='word_1_279' title='bbox 951 2746 1110 2803; x_wconf 91' lang='lat' dir='ltr'>nullo</span> <span class='ocrx_word' id='word_1_280' title='bbox 1143 2745 1312 2798; x_wconf 88' lang='lat' dir='ltr'>modo</span> <span class='ocrx_word' id='word_1_281' title='bbox 1333 2743 1390 2796; x_wconf 92' lang='lat' dir='ltr'>in</span> <span class='ocrx_word' id='word_1_282' title='bbox 1415 2739 1742 2812; x_wconf 88' lang='lat' dir='ltr'>exemplum</span> <span class='ocrx_word' id='word_1_283' title='bbox 1762 2735 1993 2792; x_wconf 88' lang='lat' dir='ltr'>trahen-</span> 
     </span>
    </p>
   </div>
   <div class='ocr_carea' id='block_1_38' title="bbox 361 2826 1994 2904">
    <p class='ocr_par' dir='ltr' id='par_1_38' title="bbox 361 2826 1994 2904">
     <span class='ocr_line' id='line_1_38' title="bbox 361 2826 1994 2904; baseline -0.017 1"><span class='ocrx_word' id='word_1_284' title='bbox 361 2849 438 2904; x_wconf 89' lang='lat' dir='ltr'>da</span> <span class='ocrx_word' id='word_1_285' title='bbox 467 2861 594 2903; x_wconf 91' lang='lat' dir='ltr'>esse</span> <span class='ocrx_word' id='word_1_286' title='bbox 617 2841 816 2898; x_wconf 89' lang='lat' dir='ltr'>voluit.</span> <span class='ocrx_word' id='word_1_287' title='bbox 848 2839 994 2894; x_wconf 87' lang='lat' dir='ltr'>Hinc</span> <span class='ocrx_word' id='word_1_288' title='bbox 1024 2839 1110 2890; x_wconf 90' lang='lat' dir='ltr'>est</span> <span class='ocrx_word' id='word_1_289' title='bbox 1139 2831 1292 2904; x_wconf 91' lang='lat' dir='ltr'>quod</span> <span class='ocrx_word' id='word_1_290' title='bbox 1321 2832 1465 2886; x_wconf 90' lang='lat' dir='ltr'>citra</span> <span class='ocrx_word' id='word_1_291' title='bbox 1493 2826 1780 2885; x_wconf 90' lang='lat' dir='ltr'>Dominici</span> <span class='ocrx_word' id='word_1_292' title='bbox 1805 2840 1994 2880; x_wconf 82' lang='lat' dir='ltr'>exem-</span> 
     </span>
    </p>
   </div>
   <div class='ocr_carea' id='block_1_39' title="bbox 363 2909 1994 3008">
    <p class='ocr_par' dir='ltr' id='par_1_39' title="bbox 363 2909 1994 3008">
     <span class='ocr_line' id='line_1_39' title="bbox 363 2909 1994 3008; baseline -0.015 -18"><span class='ocrx_word' id='word_1_293' title='bbox 363 2932 738 3008; x_wconf 87' lang='lat' dir='ltr'>pliinjuriam</span> <span class='ocrx_word' id='word_1_294' title='bbox 769 2925 975 2985; x_wconf 87' lang='lat' dir='ltr'>statuit</span> <span class='ocrx_word' id='word_1_295' title='bbox 1002 2921 1274 2990; x_wconf 85' lang='lat' dir='ltr'>Ecclesia,</span> <span class='ocrx_word' id='word_1_296' title='bbox 1304 2918 1478 2990; x_wconf 89' lang='lat' dir='ltr'>idque</span> <span class='ocrx_word' id='word_1_297' title='bbox 1503 2940 1528 2965; x_wconf 85' lang='lat'>«</span> <span class='ocrx_word' id='word_1_298' title='bbox 1565 2913 1784 2987; x_wconf 87' lang='lat' dir='ltr'>placuit</span> <span class='ocrx_word' id='word_1_299' title='bbox 1813 2909 1994 2983; x_wconf 89' lang='lat' dir='ltr'>Spiri-</span> 
     </span>
    </p>
   </div>
   <div class='ocr_carea' id='block_1_40' title="bbox 363 2999 1998 3086">
    <p class='ocr_par' dir='ltr' id='par_1_40' title="bbox 363 2999 1998 3086">
     <span class='ocr_line' id='line_1_40' title="bbox 363 2999 1998 3086; baseline -0.017 -7"><span class='ocrx_word' id='word_1_300' title='bbox 363 2999 452 3078; x_wconf 73' lang='lat' dir='ltr'>tui</span> <span class='ocrx_word' id='word_1_301' title='bbox 481 2999 704 3086; x_wconf 76' lang='lat' dir='ltr'>sancto,</span> <span class='ocrx_word' id='word_1_302' title='bbox 735 3039 764 3066; x_wconf 91' lang='grc'><strong>››</strong></span> <span class='ocrx_word' id='word_1_303' title='bbox 797 3010 1291 3086; x_wconf 87' lang='lat' dir='ltr'>quemadmodum</span> <span class='ocrx_word' id='word_1_304' title='bbox 1321 3007 1487 3062; x_wconf 88' lang='lat' dir='ltr'>docet</span> <span class='ocrx_word' id='word_1_305' title='bbox 1529 3000 1890 3074; x_wconf 87' lang='lat' dir='ltr'>Augustinus</span> <span class='ocrx_word' id='word_1_306' title='bbox 1936 2999 1998 3086; x_wconf 87' lang='lat' dir='ltr'>in</span> 
     </span>
    </p>
   </div>
   <div class='ocr_carea' id='block_1_41' title="bbox 368 3085 2000 3182">
    <p class='ocr_par' dir='ltr' id='par_1_41' title="bbox 368 3085 2000 3182">
     <span class='ocr_line' id='line_1_41' title="bbox 368 3085 2000 3182; baseline -0.017 -15"><span class='ocrx_word' id='word_1_307' title='bbox 368 3108 612 3182; x_wconf 87' lang='lat' dir='ltr'>epistola</span> <span class='ocrx_word' id='word_1_308' title='bbox 640 3085 744 3162; x_wconf 75' lang='lat' dir='ltr'><strong>HS</strong></span> <span class='ocrx_word' id='word_1_309' title='bbox 769 3085 839 3160; x_wconf 88' lang='lat' dir='ltr'>ad</span> <span class='ocrx_word' id='word_1_310' title='bbox 868 3098 1236 3164; x_wconf 88' lang='lat' dir='ltr'>Januarium,</span> <span class='ocrx_word' id='word_1_311' title='bbox 1270 3118 1296 3144; x_wconf 88' lang='grc'>‹‹</span> <span class='ocrx_word' id='word_1_312' title='bbox 1323 3096 1387 3149; x_wconf 90' lang='lat' dir='ltr'>ut</span> <span class='ocrx_word' id='word_1_313' title='bbox 1416 3093 1477 3147; x_wconf 88' lang='lat' dir='ltr'>in</span> <span class='ocrx_word' id='word_1_314' title='bbox 1525 3091 1802 3146; x_wconf 88' lang='lat' dir='ltr'>honorem</span> <span class='ocrx_word' id='word_1_315' title='bbox 1855 3085 2000 3142; x_wconf 89' lang='lat' dir='ltr'>tanti</span> 
     </span>
    </p>
   </div>
   <div class='ocr_carea' id='block_1_42' title="bbox 370 3179 2002 3271">
    <p class='ocr_par' dir='ltr' id='par_1_42' title="bbox 370 3179 2002 3271">
     <span class='ocr_line' id='line_1_42' title="bbox 370 3179 2002 3271; baseline -0.015 -16"><span class='ocrx_word' id='word_1_316' title='bbox 370 3179 632 3271; x_wconf 77' lang='lat' dir='ltr'>mysterii</span> <span class='ocrx_word' id='word_1_317' title='bbox 663 3194 722 3249; x_wconf 90' lang='lat' dir='ltr'>in</span> <span class='ocrx_word' id='word_1_318' title='bbox 753 3209 816 3247; x_wconf 88' lang='lat' dir='ltr'>os</span> <span class='ocrx_word' id='word_1_319' title='bbox 847 3185 1156 3244; x_wconf 87' lang='lat' dir='ltr'>Christiani</span> <span class='ocrx_word' id='word_1_320' title='bbox 1183 3183 1344 3256; x_wconf 90' lang='lat' dir='ltr'>prius</span> <span class='ocrx_word' id='word_1_321' title='bbox 1375 3179 1741 3236; x_wconf 90' lang='lat' dir='ltr'>Dominicum</span> <span class='ocrx_word' id='word_1_322' title='bbox 1791 3191 2002 3247; x_wconf 88' lang='lat' dir='ltr'>corpus</span> 
     </span>
    </p>
   </div>
   <div class='ocr_carea' id='block_1_43' title="bbox 2093 2033 3802 2107">
    <p class='ocr_par' dir='ltr' id='par_1_43' title="bbox 2093 2033 3802 2107">
     <span class='ocr_line' id='line_1_43' title="bbox 2093 2033 3802 2107; baseline -0.005 -11"><span class='ocrx_word' id='word_1_323' title='bbox 2093 2038 2393 2096; x_wconf 85' lang='lat' dir='ltr'>catholicis</span> <span class='ocrx_word' id='word_1_324' title='bbox 2414 2035 2796 2093; x_wconf 86' lang='lat' dir='ltr'>rationalibus</span> <span class='ocrx_word' id='word_1_325' title='bbox 2814 2034 3044 2090; x_wconf 89' lang='lat' dir='ltr'>videtur</span> <span class='ocrx_word' id='word_1_326' title='bbox 3062 2033 3214 2106; x_wconf 83' lang='lat' dir='ltr'>quia</span> <span class='ocrx_word' id='word_1_327' title='bbox 3245 2034 3440 2106; x_wconf 88' lang='lat' dir='ltr'>quod</span> <span class='ocrx_word' id='word_1_328' title='bbox 3475 2037 3684 2107; x_wconf 81' lang='lat' dir='ltr'>agunt</span> <span class='ocrx_word' id='word_1_329' title='bbox 3700 2049 3802 2088; x_wconf 90' lang='lat' dir='ltr'>non</span> 
     </span>
    </p>
   </div>
   <div class='ocr_carea' id='block_1_44' title="bbox 2093 2122 3803 2196">
    <p class='ocr_par' dir='ltr' id='par_1_44' title="bbox 2093 2122 3803 2196">
     <span class='ocr_line' id='line_1_44' title="bbox 2093 2122 3803 2196; baseline -0.005 -12"><span class='ocrx_word' id='word_1_330' title='bbox 2093 2131 2182 2184; x_wconf 88' lang='lat' dir='ltr'>est</span> <span class='ocrx_word' id='word_1_331' title='bbox 2211 2131 2412 2183; x_wconf 86' lang='lat' dir='ltr'>contra</span> <span class='ocrx_word' id='word_1_332' title='bbox 2437 2125 2611 2181; x_wconf 81' lang='lat' dir='ltr'>fidem</span> <span class='ocrx_word' id='word_1_333' title='bbox 2643 2122 3008 2180; x_wconf 87' lang='lat' dir='ltr'>catholicam.</span> <span class='ocrx_word' id='word_1_334' title='bbox 3049 2122 3211 2178; x_wconf 89' lang='lat' dir='ltr'>Nam</span> <span class='ocrx_word' id='word_1_335' title='bbox 3264 2125 3340 2178; x_wconf 89' lang='lat' dir='ltr'>et</span> <span class='ocrx_word' id='word_1_336' title='bbox 3408 2138 3716 2196; x_wconf 86' lang='lat' dir='ltr'>azymum</span> <span class='ocrx_word' id='word_1_337' title='bbox 3757 2126 3803 2178; x_wconf 88' lang='lat' dir='ltr'>et</span> 
     </span>
    </p>
   </div>
   <div class='ocr_carea' id='block_1_45' title="bbox 2096 2209 3803 2284">
    <p class='ocr_par' dir='ltr' id='par_1_45' title="bbox 2096 2209 3803 2284">
     <span class='ocr_line' id='line_1_45' title="bbox 2096 2209 3803 2284; baseline -0.004 -13"><span class='ocrx_word' id='word_1_338' title='bbox 2096 2217 2507 2272; x_wconf 85' lang='lat' dir='ltr'>fermentatum</span> <span class='ocrx_word' id='word_1_339' title='bbox 2554 2212 2912 2280; x_wconf 81' lang='lat' dir='ltr'>sacriﬁcans,</span> <span class='ocrx_word' id='word_1_340' title='bbox 2959 2227 3175 2284; x_wconf 88' lang='lat' dir='ltr'>panem</span> <span class='ocrx_word' id='word_1_341' title='bbox 3239 2209 3632 2278; x_wconf 82' lang='lat' dir='ltr'>sacriﬁcat;</span> <span class='ocrx_word' id='word_1_342' title='bbox 3691 2210 3803 2266; x_wconf 81' lang='lat' dir='ltr'>Non</span> 
     </span>
    </p>
   </div>
   <div class='ocr_carea' id='block_1_46' title="bbox 2096 2296 3805 2371">
    <p class='ocr_par' dir='ltr' id='par_1_46' title="bbox 2096 2296 3805 2371">
     <span class='ocr_line' id='line_1_46' title="bbox 2096 2296 3805 2371; baseline -0.004 -13"><span class='ocrx_word' id='word_1_343' title='bbox 2096 2303 2250 2360; x_wconf 89' lang='lat' dir='ltr'>enim</span> <span class='ocrx_word' id='word_1_344' title='bbox 2285 2301 2560 2356; x_wconf 67' lang='lat' dir='ltr'>differunt</span> <span class='ocrx_word' id='word_1_345' title='bbox 2585 2314 2824 2371; x_wconf 87' lang='lat' dir='ltr'>azymus</span> <span class='ocrx_word' id='word_1_346' title='bbox 2863 2300 2920 2354; x_wconf 93' lang='lat' dir='ltr'>et</span> <span class='ocrx_word' id='word_1_347' title='bbox 2972 2297 3361 2353; x_wconf 81' lang='lat' dir='ltr'>fermentum</span> <span class='ocrx_word' id='word_1_348' title='bbox 3429 2296 3805 2354; x_wconf 83' lang='lat' dir='ltr'>substantia-</span> 
     </span>
    </p>
   </div>
   <div class='ocr_carea' id='block_1_47' title="bbox 2095 2383 3805 2458">
    <p class='ocr_par' dir='ltr' id='par_1_47' title="bbox 2095 2383 3805 2458">
     <span class='ocr_line' id='line_1_47' title="bbox 2095 2383 3805 2458; baseline -0.004 -13"><span class='ocrx_word' id='word_1_349' title='bbox 2095 2390 2250 2456; x_wconf 90' lang='lat' dir='ltr'>liter,</span> <span class='ocrx_word' id='word_1_350' title='bbox 2281 2393 2346 2444; x_wconf 90' lang='lat' dir='ltr'>ut</span> <span class='ocrx_word' id='word_1_351' title='bbox 2373 2387 2613 2458; x_wconf 87' lang='lat' dir='ltr'>quidam</span> <span class='ocrx_word' id='word_1_352' title='bbox 2643 2388 2872 2458; x_wconf 89' lang='lat' dir='ltr'>putant.</span> <span class='ocrx_word' id='word_1_353' title='bbox 2908 2407 2930 2435; x_wconf 79' lang='grc' dir='ltr'>ι</span> <span class='ocrx_word' id='word_1_354' title='bbox 2965 2385 3036 2440; x_wconf 89' lang='lat' dir='ltr'>Et</span> <span class='ocrx_word' id='word_1_355' title='bbox 3054 2383 3239 2440; x_wconf 84' lang='lat' dir='ltr'>infra.</span> <span class='ocrx_word' id='word_1_356' title='bbox 3281 2407 3316 2435; x_wconf 85' lang='grc'>‹‹</span> <span class='ocrx_word' id='word_1_357' title='bbox 3357 2384 3720 2457; x_wconf 83' lang='lat' dir='ltr'>Postquam</span> <span class='ocrx_word' id='word_1_358' title='bbox 3747 2385 3805 2439; x_wconf 81' lang='lat' dir='ltr'>de.</span> 
     </span>
    </p>
   </div>
   <div class='ocr_carea' id='block_1_48' title="bbox 2096 2472 3801 2548">
    <p class='ocr_par' dir='ltr' id='par_1_48' title="bbox 2096 2472 3801 2548">
     <span class='ocr_line' id='line_1_48' title="bbox 2096 2472 3801 2548; baseline -0.004 -13"><span class='ocrx_word' id='word_1_359' title='bbox 2096 2477 2275 2534; x_wconf 85' lang='lat' dir='ltr'>veteri</span> <span class='ocrx_word' id='word_1_360' title='bbox 2304 2476 2492 2548; x_wconf 82' lang='lat' dir='ltr'>figura</span> <span class='ocrx_word' id='word_1_361' title='bbox 2519 2475 2592 2530; x_wconf 90' lang='lat' dir='ltr'>ad</span> <span class='ocrx_word' id='word_1_362' title='bbox 2624 2490 2832 2529; x_wconf 89' lang='lat' dir='ltr'>novam</span> <span class='ocrx_word' id='word_1_363' title='bbox 2863 2472 3173 2529; x_wconf 87' lang='lat' dir='ltr'>veritatem</span> <span class='ocrx_word' id='word_1_364' title='bbox 3203 2473 3553 2539; x_wconf 81' lang='lat' dir='ltr'>venimus,</span> <span class='ocrx_word' id='word_1_365' title='bbox 3590 2477 3653 2529; x_wconf 88' lang='lat' dir='ltr'>et</span> <span class='ocrx_word' id='word_1_366' title='bbox 3689 2490 3801 2544; x_wconf 78' lang='lat' dir='ltr'>azy-</span> 
     </span>
    </p>
   </div>
   <div class='ocr_carea' id='block_1_49' title="bbox 2100 2559 3802 2628">
    <p class='ocr_par' dir='ltr' id='par_1_49' title="bbox 2100 2559 3802 2628">
     <span class='ocr_line' id='line_1_49' title="bbox 2100 2559 3802 2628; baseline -0.004 -6"><span class='ocrx_word' id='word_1_367' title='bbox 2100 2580 2257 2622; x_wconf 90' lang='lat' dir='ltr'>mam</span> <span class='ocrx_word' id='word_1_368' title='bbox 2287 2563 2497 2620; x_wconf 90' lang='lat' dir='ltr'>Christi</span> <span class='ocrx_word' id='word_1_369' title='bbox 2527 2577 2764 2618; x_wconf 89' lang='lat' dir='ltr'>carnem</span> <span class='ocrx_word' id='word_1_370' title='bbox 2791 2559 3179 2628; x_wconf 89' lang='lat' dir='ltr'>comedimus,</span> <span class='ocrx_word' id='word_1_371' title='bbox 3204 2577 3342 2617; x_wconf 90' lang='lat' dir='ltr'>non</span> <span class='ocrx_word' id='word_1_372' title='bbox 3373 2565 3488 2617; x_wconf 88' lang='lat' dir='ltr'>est</span> <span class='ocrx_word' id='word_1_373' title='bbox 3510 2561 3696 2618; x_wconf 86' lang='lat' dir='ltr'>nobis</span> <span class='ocrx_word' id='word_1_374' title='bbox 3719 2577 3802 2616; x_wconf 81' lang='lat' dir='ltr'>ne-</span> 
     </span>
    </p>
   </div>
   <div class='ocr_carea' id='block_1_50' title="bbox 2097 2648 3801 2722">
    <p class='ocr_par' dir='ltr' id='par_1_50' title="bbox 2097 2648 3801 2722">
     <span class='ocr_line' id='line_1_50' title="bbox 2097 2648 3801 2722; baseline -0.004 -12"><span class='ocrx_word' id='word_1_375' title='bbox 2097 2653 2349 2710; x_wconf 82' lang='lat' dir='ltr'>cessaria</span> <span class='ocrx_word' id='word_1_376' title='bbox 2376 2651 2478 2707; x_wconf 85' lang='lat' dir='ltr'>illa</span> <span class='ocrx_word' id='word_1_377' title='bbox 2505 2654 2670 2706; x_wconf 90' lang='lat' dir='ltr'>vetus</span> <span class='ocrx_word' id='word_1_378' title='bbox 2699 2649 2888 2721; x_wconf 84' lang='lat' dir='ltr'>ﬁgura</span> <span class='ocrx_word' id='word_1_379' title='bbox 2907 2649 2970 2704; x_wconf 92' lang='lat' dir='ltr'>in</span> <span class='ocrx_word' id='word_1_380' title='bbox 2999 2663 3176 2720; x_wconf 89' lang='lat' dir='ltr'>pane,</span> <span class='ocrx_word' id='word_1_381' title='bbox 3229 2648 3315 2706; x_wconf 90' lang='lat' dir='ltr'>de</span> <span class='ocrx_word' id='word_1_382' title='bbox 3379 2665 3522 2722; x_wconf 88' lang='lat' dir='ltr'>quo</span> <span class='ocrx_word' id='word_1_383' title='bbox 3577 2665 3801 2706; x_wconf 80' lang='lat' dir='ltr'>carnem</span> 
     </span>
    </p>
   </div>
   <div class='ocr_carea' id='block_1_51' title="bbox 2099 2736 3801 2815">
    <p class='ocr_par' dir='ltr' id='par_1_51' title="bbox 2099 2736 3801 2815">
     <span class='ocr_line' id='line_1_51' title="bbox 2099 2736 3801 2815; baseline -0.004 -17"><span class='ocrx_word' id='word_1_384' title='bbox 2099 2743 2291 2815; x_wconf 89' lang='lat' dir='ltr'>ipsam</span> <span class='ocrx_word' id='word_1_385' title='bbox 2315 2739 2676 2796; x_wconf 84' lang='lat' dir='ltr'>conﬁcimus.</span> <span class='ocrx_word' id='word_1_386' title='bbox 2707 2736 3166 2808; x_wconf 87' lang='lat' dir='ltr'>Apertissimum</span> <span class='ocrx_word' id='word_1_387' title='bbox 3217 2739 3454 2792; x_wconf 87' lang='lat' dir='ltr'>tamen</span> <span class='ocrx_word' id='word_1_388' title='bbox 3524 2741 3626 2794; x_wconf 85' lang='lat' dir='ltr'>est</span> <span class='ocrx_word' id='word_1_389' title='bbox 3680 2738 3801 2809; x_wconf 83' lang='lat' dir='ltr'>quia</span> 
     </span>
    </p>
   </div>
   <div class='ocr_carea' id='block_1_52' title="bbox 2102 2825 3799 2898">
    <p class='ocr_par' dir='ltr' id='par_1_52' title="bbox 2102 2825 3799 2898">
     <span class='ocr_line' id='line_1_52' title="bbox 2102 2825 3799 2898; baseline -0.004 -11"><span class='ocrx_word' id='word_1_390' title='bbox 2102 2829 2312 2887; x_wconf 88' lang='lat' dir='ltr'>melius</span> <span class='ocrx_word' id='word_1_391' title='bbox 2340 2827 2702 2884; x_wconf 83' lang='lat' dir='ltr'>sacrificatur</span> <span class='ocrx_word' id='word_1_392' title='bbox 2729 2825 2800 2880; x_wconf 91' lang='lat' dir='ltr'>de</span> <span class='ocrx_word' id='word_1_393' title='bbox 2828 2841 3030 2898; x_wconf 89' lang='lat' dir='ltr'>azymo</span> <span class='ocrx_word' id='word_1_394' title='bbox 3060 2840 3250 2896; x_wconf 89' lang='lat' dir='ltr'>quam</span> <span class='ocrx_word' id='word_1_395' title='bbox 3284 2825 3368 2880; x_wconf 88' lang='lat' dir='ltr'>de</span> <span class='ocrx_word' id='word_1_396' title='bbox 3419 2825 3799 2896; x_wconf 76' lang='lat' dir='ltr'>fermentato,</span> 
     </span>
    </p>
   </div>
   <div class='ocr_carea' id='block_1_53' title="bbox 2102 2911 3798 2989">
    <p class='ocr_par' dir='ltr' id='par_1_53' title="bbox 2102 2911 3798 2989">
     <span class='ocr_line' id='line_1_53' title="bbox 2102 2911 3798 2989; baseline -0.005 -14"><span class='ocrx_word' id='word_1_397' title='bbox 2102 2923 2232 2975; x_wconf 90' lang='lat' dir='ltr'>tum</span> <span class='ocrx_word' id='word_1_398' title='bbox 2252 2915 2390 2989; x_wconf 89' lang='lat' dir='ltr'>quia</span> <span class='ocrx_word' id='word_1_399' title='bbox 2410 2913 2578 2970; x_wconf 87' lang='lat' dir='ltr'>valde</span> <span class='ocrx_word' id='word_1_400' title='bbox 2606 2913 2825 2986; x_wconf 86' lang='lat' dir='ltr'>aptius,</span> <span class='ocrx_word' id='word_1_401' title='bbox 2853 2915 2911 2968; x_wconf 88' lang='lat' dir='ltr'>et</span> <span class='ocrx_word' id='word_1_402' title='bbox 2942 2912 3155 2984; x_wconf 90' lang='lat' dir='ltr'>purius</span> <span class='ocrx_word' id='word_1_403' title='bbox 3187 2916 3250 2968; x_wconf 89' lang='lat' dir='ltr'>et</span> <span class='ocrx_word' id='word_1_404' title='bbox 3277 2911 3676 2986; x_wconf 85' lang='lat' dir='ltr'>diligentius</span> <span class='ocrx_word' id='word_1_405' title='bbox 3727 2913 3798 2980; x_wconf 85' lang='lat' dir='ltr'>ﬁt,</span> 
     </span>
    </p>
   </div>
   <div class='ocr_carea' id='block_1_54' title="bbox 2105 2998 3112 3076">
    <p class='ocr_par' dir='ltr' id='par_1_54' title="bbox 2105 2998 3112 3076">
     <span class='ocr_line' id='line_1_54' title="bbox 2105 2998 3112 3076; baseline -0.014 -14"><span class='ocrx_word' id='word_1_406' title='bbox 2105 3010 2234 3062; x_wconf 90' lang='lat' dir='ltr'>tum</span> <span class='ocrx_word' id='word_1_407' title='bbox 2265 3003 2404 3076; x_wconf 90' lang='lat' dir='ltr'>quia</span> <span class='ocrx_word' id='word_1_408' title='bbox 2429 3001 2716 3063; x_wconf 88' lang='lat' dir='ltr'>Dominus</span> <span class='ocrx_word' id='word_1_409' title='bbox 2747 2999 2856 3055; x_wconf 89' lang='lat' dir='ltr'>hoc</span> <span class='ocrx_word' id='word_1_410' title='bbox 2888 2998 3046 3056; x_wconf 87' lang='lat' dir='ltr'>fecit.</span> <span class='ocrx_word' id='word_1_411' title='bbox 3081 3021 3112 3048; x_wconf 84' lang='grc'><strong>››</strong></span> 
     </span>
    </p>
   </div>
   <div class='ocr_carea' id='block_1_55' title="bbox 2175 3085 3798 3162">
    <p class='ocr_par' dir='ltr' id='par_1_55' title="bbox 2175 3085 3798 3162">
     <span class='ocr_line' id='line_1_55' title="bbox 2175 3085 3798 3162; baseline -0.005 -12"><span class='ocrx_word' id='word_1_412' title='bbox 2175 3094 2302 3150; x_wconf 89' lang='lat' dir='ltr'>Non</span> <span class='ocrx_word' id='word_1_413' title='bbox 2333 3091 2528 3146; x_wconf 91' lang='lat' dir='ltr'>minus</span> <span class='ocrx_word' id='word_1_414' title='bbox 2557 3088 2781 3144; x_wconf 90' lang='lat' dir='ltr'>sincere</span> <span class='ocrx_word' id='word_1_415' title='bbox 2809 3085 3129 3144; x_wconf 88' lang='lat' dir='ltr'>Guibertus</span> <span class='ocrx_word' id='word_1_416' title='bbox 3160 3086 3366 3145; x_wconf 80' lang='lat' dir='ltr'>abbas</span> <span class='ocrx_word' id='word_1_417' title='bbox 3403 3089 3492 3146; x_wconf 88' lang='lat' dir='ltr'>de</span> <span class='ocrx_word' id='word_1_418' title='bbox 3519 3089 3798 3162; x_wconf 77' lang='lat' dir='ltr'>Navigan-</span> 
     </span>
    </p>
   </div>
   <div class='ocr_carea' id='block_1_56' title="bbox 2105 3176 3799 3250">
    <p class='ocr_par' dir='ltr' id='par_1_56' title="bbox 2105 3176 3799 3250">
     <span class='ocr_line' id='line_1_56' title="bbox 2105 3176 3799 3250; baseline -0.003 -13"><span class='ocrx_word' id='word_1_419' title='bbox 2105 3185 2185 3250; x_wconf 89' lang='lat' dir='ltr'>to,</span> <span class='ocrx_word' id='word_1_420' title='bbox 2219 3181 2280 3236; x_wconf 91' lang='lat' dir='ltr'>in</span> <span class='ocrx_word' id='word_1_421' title='bbox 2309 3179 2411 3234; x_wconf 90' lang='lat' dir='ltr'>lib.</span> <span class='ocrx_word' id='word_1_422' title='bbox 2441 3196 2460 3234; x_wconf 81' lang='grc' dir='ltr'>ι</span> <span class='ocrx_word' id='word_1_423' title='bbox 2484 3177 2556 3234; x_wconf 90' lang='lat' dir='ltr'>de</span> <span class='ocrx_word' id='word_1_424' title='bbox 2584 3176 2778 3234; x_wconf 89' lang='lat' dir='ltr'>Gestis</span> <span class='ocrx_word' id='word_1_425' title='bbox 2809 3176 3170 3232; x_wconf 86' lang='lat' dir='ltr'>Francorum</span> <span class='ocrx_word' id='word_1_426' title='bbox 3221 3191 3370 3248; x_wconf 87' lang='lat' dir='ltr'>cap.</span> <span class='ocrx_word' id='word_1_427' title='bbox 3442 3181 3510 3246; x_wconf 88' lang='lat'>2,</span> <span class='ocrx_word' id='word_1_428' title='bbox 3579 3177 3799 3249; x_wconf 78' lang='lat' dir='ltr'>oblique</span> 
     </span>
    </p>
   </div>
   <div class='ocr_carea' id='block_1_57' title="bbox 371 3262 3798 3354">
    <p class='ocr_par' dir='ltr' id='par_1_57' title="bbox 371 3262 3798 3354">
     <span class='ocr_line' id='line_1_57' title="bbox 371 3262 3798 3354; baseline -0.011 -9"><span class='ocrx_word' id='word_1_429' title='bbox 371 3262 612 3346; x_wconf 72' lang='lat' dir='ltr'>intraret</span> <span class='ocrx_word' id='word_1_430' title='bbox 632 3297 807 3354; x_wconf 89' lang='lat' dir='ltr'>quam</span> <span class='ocrx_word' id='word_1_431' title='bbox 839 3276 1027 3334; x_wconf 77' lang='lat' dir='ltr'>caeteri</span> <span class='ocrx_word' id='word_1_432' title='bbox 1058 3272 1190 3329; x_wconf 90' lang='lat' dir='ltr'>cibi.</span> <span class='ocrx_word' id='word_1_433' title='bbox 1226 3293 1254 3320; x_wconf 88' lang='grc'><strong>››</strong></span> <span class='ocrx_word' id='word_1_434' title='bbox 1275 3270 1393 3325; x_wconf 85' lang='lat' dir='ltr'>Etsi</span> <span class='ocrx_word' id='word_1_435' title='bbox 1421 3267 1578 3324; x_wconf 88' lang='lat' dir='ltr'>enim</span> <span class='ocrx_word' id='word_1_436' title='bbox 1609 3289 1636 3316; x_wconf 90' lang='lat'><strong>«</strong></span> <span class='ocrx_word' id='word_1_437' title='bbox 1669 3263 2000 3320; x_wconf 84' lang='lat' dir='ltr'>Salvator.»</span> <span class='ocrx_word' id='word_1_438' title='bbox 2030 3329 2069 3354; x_wconf 54' lang='lat' dir='ltr'>ﬂ</span> <span class='ocrx_word' id='word_1_439' title='bbox 2108 3267 2365 3327; x_wconf 68' lang='lat' dir='ltr'>defendit</span> <span class='ocrx_word' id='word_1_440' title='bbox 2394 3267 2619 3322; x_wconf 67' lang='lat' dir='ltr'>amcos</span> <span class='ocrx_word' id='word_1_441' title='bbox 2649 3263 2805 3336; x_wconf 80' lang='lat' dir='ltr'>quod</span> <span class='ocrx_word' id='word_1_442' title='bbox 2847 3279 2917 3320; x_wconf 70' lang='lat' dir='ltr'>ex</span> <span class='ocrx_word' id='word_1_443' title='bbox 2945 3262 3206 3335; x_wconf 69' lang='lat' dir='ltr'>panibus</span> <span class='ocrx_word' id='word_1_444' title='bbox 3235 3263 3664 3322; x_wconf 63' lang='grc' dir='ltr'>ῖθι-ωθηιδιίε</span> <span class='ocrx_word' id='word_1_445' title='bbox 3705 3266 3798 3321; x_wconf 73' lang='grc' dir='ltr'>ευ.</span> 
     </span>
    </p>
   </div>
   <div class='ocr_carea' id='block_1_58' title="bbox 371 3353 1818 3432">
    <p class='ocr_par' dir='ltr' id='par_1_58' title="bbox 371 3353 1818 3432">
     <span class='ocr_line' id='line_1_58' title="bbox 371 3353 1818 3432; baseline -0.019 1"><span class='ocrx_word' id='word_1_446' title='bbox 371 3379 438 3432; x_wconf 90' lang='lat' dir='ltr'>ut</span> <span class='ocrx_word' id='word_1_447' title='bbox 465 3375 619 3430; x_wconf 89' lang='lat' dir='ltr'>idem</span> <span class='ocrx_word' id='word_1_448' title='bbox 649 3353 889 3428; x_wconf 82' lang='lat' dir='ltr'>sanctus</span> <span class='ocrx_word' id='word_1_449' title='bbox 919 3366 1118 3420; x_wconf 91' lang='lat' dir='ltr'>doctor</span> <span class='ocrx_word' id='word_1_450' title='bbox 1146 3359 1317 3432; x_wconf 89' lang='lat' dir='ltr'>paulo</span> <span class='ocrx_word' id='word_1_451' title='bbox 1349 3360 1478 3430; x_wconf 88' lang='lat' dir='ltr'>post</span> <span class='ocrx_word' id='word_1_452' title='bbox 1519 3353 1737 3422; x_wconf 91' lang='lat' dir='ltr'>subdit,</span> <span class='ocrx_word' id='word_1_453' title='bbox 1798 3375 1818 3402; x_wconf 71' lang='grc' dir='ltr'>ι</span> 
     </span>
    </p>
   </div>
   <div class='ocr_carea' id='block_1_59' title="bbox 365 3437 1994 3519">
    <p class='ocr_par' dir='ltr' id='par_1_59' title="bbox 365 3437 1994 3519">
     <span class='ocr_line' id='line_1_59' title="bbox 365 3437 1994 3519; baseline -0.016 -2"><span class='ocrx_word' id='word_1_454' title='bbox 365 3457 764 3519; x_wconf 87' lang='lat' dir='ltr'>vehementius</span> <span class='ocrx_word' id='word_1_455' title='bbox 784 3451 1218 3511; x_wconf 86' lang='lat' dir='ltr'>commendaret</span> <span class='ocrx_word' id='word_1_456' title='bbox 1250 3442 1507 3518; x_wconf 88' lang='lat' dir='ltr'>mysterii</span> <span class='ocrx_word' id='word_1_457' title='bbox 1535 3437 1994 3511; x_wconf 26' lang='lat' dir='ltr'>illiusSaltitudi-</span> 
     </span>
    </p>
   </div>
   <div class='ocr_carea' id='block_1_60' title="bbox 367 3529 1998 3616">
    <p class='ocr_par' dir='ltr' id='par_1_60' title="bbox 367 3529 1998 3616">
     <span class='ocr_line' id='line_1_60' title="bbox 367 3529 1998 3616; baseline -0.015 -12"><span class='ocrx_word' id='word_1_458' title='bbox 367 3566 524 3616; x_wconf 90' lang='lat' dir='ltr'>nem,</span> <span class='ocrx_word' id='word_1_459' title='bbox 557 3547 828 3604; x_wconf 83' lang='lat' dir='ltr'>ultimum</span> <span class='ocrx_word' id='word_1_460' title='bbox 859 3541 966 3597; x_wconf 90' lang='lat' dir='ltr'>hoc</span> <span class='ocrx_word' id='word_1_461' title='bbox 995 3537 1176 3594; x_wconf 91' lang='lat' dir='ltr'>voluit</span> <span class='ocrx_word' id='word_1_462' title='bbox 1202 3535 1442 3606; x_wconf 85' lang='lat' dir='ltr'>inﬁgere</span> <span class='ocrx_word' id='word_1_463' title='bbox 1471 3529 1744 3587; x_wconf 89' lang='lat' dir='ltr'>cordibus</span> <span class='ocrx_word' id='word_1_464' title='bbox 1764 3533 1820 3584; x_wconf 90' lang='lat' dir='ltr'>et</span> <span class='ocrx_word' id='word_1_465' title='bbox 1876 3543 1998 3582; x_wconf 90' lang='lat' dir='ltr'>me-</span> 
     </span>
    </p>
   </div>
   <div class='ocr_carea' id='block_1_61' title="bbox 366 3613 1998 3703">
    <p class='ocr_par' dir='ltr' id='par_1_61' title="bbox 366 3613 1998 3703">
     <span class='ocr_line' id='line_1_61' title="bbox 366 3613 1998 3703; baseline -0.015 -10"><span class='ocrx_word' id='word_1_466' title='bbox 366 3613 562 3692; x_wconf 80' lang='lat' dir='ltr'>moriae</span> <span class='ocrx_word' id='word_1_467' title='bbox 593 3629 1012 3703; x_wconf 90' lang='lat' dir='ltr'>discipulorum</span> <span class='ocrx_word' id='word_1_468' title='bbox 1043 3643 1075 3680; x_wconf 88' lang='lat' dir='ltr'>a</span> <span class='ocrx_word' id='word_1_469' title='bbox 1095 3623 1308 3696; x_wconf 88' lang='lat' dir='ltr'>quibus</span> <span class='ocrx_word' id='word_1_470' title='bbox 1329 3621 1400 3675; x_wconf 90' lang='lat' dir='ltr'>ad</span> <span class='ocrx_word' id='word_1_471' title='bbox 1425 3617 1751 3691; x_wconf 87' lang='lat' dir='ltr'>passionem</span> <span class='ocrx_word' id='word_1_472' title='bbox 1777 3613 1998 3687; x_wconf 89' lang='lat' dir='ltr'>digres-</span> 
     </span>
    </p>
   </div>
   <div class='ocr_carea' id='block_1_62' title="bbox 369 3703 1996 3790">
    <p class='ocr_par' dir='ltr' id='par_1_62' title="bbox 369 3703 1996 3790">
     <span class='ocr_line' id='line_1_62' title="bbox 369 3703 1996 3790; baseline -0.016 -8"><span class='ocrx_word' id='word_1_473' title='bbox 369 3741 541 3782; x_wconf 91' lang='lat' dir='ltr'>surus</span> <span class='ocrx_word' id='word_1_474' title='bbox 567 3726 836 3790; x_wconf 87' lang='lat' dir='ltr'>erat,non</span> <span class='ocrx_word' id='word_1_475' title='bbox 864 3713 1133 3789; x_wconf 70' lang='lat' dir='ltr'>praecepit</span> <span class='ocrx_word' id='word_1_476' title='bbox 1155 3715 1346 3766; x_wconf 90' lang='lat' dir='ltr'>tamen</span> <span class='ocrx_word' id='word_1_477' title='bbox 1371 3724 1486 3780; x_wconf 90' lang='lat' dir='ltr'>quo</span> <span class='ocrx_word' id='word_1_478' title='bbox 1504 3706 1772 3775; x_wconf 90' lang='lat' dir='ltr'>deinceps</span> <span class='ocrx_word' id='word_1_479' title='bbox 1795 3703 1996 3758; x_wconf 90' lang='lat' dir='ltr'>ordine</span> 
     </span>
    </p>
   </div>
   <div class='ocr_carea' id='block_1_63' title="bbox 365 3791 1994 3878">
    <p class='ocr_par' dir='ltr' id='par_1_63' title="bbox 365 3791 1994 3878">
     <span class='ocr_line' id='line_1_63' title="bbox 365 3791 1994 3878; baseline -0.017 -7"><span class='ocrx_word' id='word_1_480' title='bbox 365 3815 710 3878; x_wconf 88' lang='lat' dir='ltr'>sumeretur,</span> <span class='ocrx_word' id='word_1_481' title='bbox 743 3811 807 3864; x_wconf 91' lang='lat' dir='ltr'>ut</span> <span class='ocrx_word' id='word_1_482' title='bbox 837 3801 1116 3878; x_wconf 88' lang='lat' dir='ltr'>apostolis</span> <span class='ocrx_word' id='word_1_483' title='bbox 1147 3815 1248 3870; x_wconf 89' lang='lat' dir='ltr'>per</span> <span class='ocrx_word' id='word_1_484' title='bbox 1267 3813 1412 3868; x_wconf 88' lang='lat' dir='ltr'>quos</span> <span class='ocrx_word' id='word_1_485' title='bbox 1457 3791 1742 3849; x_wconf 81' lang='lat' dir='ltr'>Ecclesiae</span> <span class='ocrx_word' id='word_1_486' title='bbox 1799 3791 1994 3862; x_wconf 89' lang='lat' dir='ltr'>dispo-</span> 
     </span>
    </p>
   </div>
   <div class='ocr_carea' id='block_1_64' title="bbox 363 3878 1996 3959">
    <p class='ocr_par' dir='ltr' id='par_1_64' title="bbox 363 3878 1996 3959">
     <span class='ocr_line' id='line_1_64' title="bbox 363 3878 1996 3959; baseline -0.014 -1"><span class='ocrx_word' id='word_1_487' title='bbox 363 3902 582 3959; x_wconf 79' lang='lat' dir='ltr'>siturus</span> <span class='ocrx_word' id='word_1_488' title='bbox 611 3901 736 3954; x_wconf 87' lang='lat' dir='ltr'>erat</span> <span class='ocrx_word' id='word_1_489' title='bbox 764 3893 1016 3952; x_wconf 86' lang='lat' dir='ltr'>servaret</span> <span class='ocrx_word' id='word_1_490' title='bbox 1043 3889 1200 3943; x_wconf 90' lang='lat' dir='ltr'>hunc</span> <span class='ocrx_word' id='word_1_491' title='bbox 1228 3884 1441 3940; x_wconf 90' lang='lat' dir='ltr'>locum.</span> <span class='ocrx_word' id='word_1_492' title='bbox 1466 3883 1612 3937; x_wconf 86' lang='lat' dir='ltr'>Nam</span> <span class='ocrx_word' id='word_1_493' title='bbox 1643 3880 1694 3936; x_wconf 92' lang='lat' dir='ltr'>si</span> <span class='ocrx_word' id='word_1_494' title='bbox 1737 3879 1846 3935; x_wconf 89' lang='lat' dir='ltr'>hoc</span> <span class='ocrx_word' id='word_1_495' title='bbox 1897 3878 1996 3935; x_wconf 91' lang='lat' dir='ltr'>ille</span> 
     </span>
    </p>
   </div>
   <div class='ocr_carea' id='block_1_65' title="bbox 361 3971 1995 4054">
    <p class='ocr_par' dir='ltr' id='par_1_65' title="bbox 361 3971 1995 4054">
     <span class='ocr_line' id='line_1_65' title="bbox 361 3971 1995 4054; baseline -0.017 -5"><span class='ocrx_word' id='word_1_496' title='bbox 361 3989 685 4049; x_wconf 89' lang='lat' dir='ltr'>monuisset</span> <span class='ocrx_word' id='word_1_497' title='bbox 713 3989 779 4040; x_wconf 89' lang='lat' dir='ltr'>ut</span> <span class='ocrx_word' id='word_1_498' title='bbox 798 3985 929 4054; x_wconf 87' lang='lat' dir='ltr'>post</span> <span class='ocrx_word' id='word_1_499' title='bbox 954 3977 1111 4034; x_wconf 89' lang='lat' dir='ltr'>cibos</span> <span class='ocrx_word' id='word_1_500' title='bbox 1159 3973 1302 4029; x_wconf 89' lang='lat' dir='ltr'>alios</span> <span class='ocrx_word' id='word_1_501' title='bbox 1362 3987 1592 4041; x_wconf 89' lang='lat' dir='ltr'>semper</span> <span class='ocrx_word' id='word_1_502' title='bbox 1645 3971 1995 4035; x_wconf 89' lang='lat' dir='ltr'>sumeretur,</span> 
     </span>
    </p>
   </div>
   <div class='ocr_carea' id='block_1_66' title="bbox 365 4056 1994 4146">
    <p class='ocr_par' dir='ltr' id='par_1_66' title="bbox 365 4056 1994 4146">
     <span class='ocr_line' id='line_1_66' title="bbox 365 4056 1994 4146; baseline -0.016 -11"><span class='ocrx_word' id='word_1_503' title='bbox 365 4077 534 4135; x_wconf 90' lang='lat' dir='ltr'>credo</span> <span class='ocrx_word' id='word_1_504' title='bbox 566 4073 720 4146; x_wconf 89' lang='lat' dir='ltr'>quod</span> <span class='ocrx_word' id='word_1_505' title='bbox 750 4086 883 4127; x_wconf 86' lang='lat' dir='ltr'>eum</span> <span class='ocrx_word' id='word_1_506' title='bbox 914 4081 1133 4122; x_wconf 91' lang='lat' dir='ltr'>morem</span> <span class='ocrx_word' id='word_1_507' title='bbox 1165 4077 1333 4118; x_wconf 91' lang='lat' dir='ltr'>nemo</span> <span class='ocrx_word' id='word_1_508' title='bbox 1360 4059 1658 4114; x_wconf 87' lang='lat' dir='ltr'>variasset.</span> <span class='ocrx_word' id='word_1_509' title='bbox 1693 4079 1721 4106; x_wconf 88' lang='grc'><strong>››</strong></span> <span class='ocrx_word' id='word_1_510' title='bbox 1754 4056 1864 4112; x_wconf 87' lang='lat' dir='ltr'>Sed</span> <span class='ocrx_word' id='word_1_511' title='bbox 1909 4059 1994 4110; x_wconf 86' lang='lat' dir='ltr'>ta-</span> 
     </span>
    </p>
   </div>
   <div class='ocr_carea' id='block_1_67' title="bbox 362 4142 1997 4234">
    <p class='ocr_par' dir='ltr' id='par_1_67' title="bbox 362 4142 1997 4234">
     <span class='ocr_line' id='line_1_67' title="bbox 362 4142 1997 4234; baseline -0.015 -13"><span class='ocrx_word' id='word_1_512' title='bbox 362 4181 520 4234; x_wconf 90' lang='lat' dir='ltr'>men,</span> <span class='ocrx_word' id='word_1_513' title='bbox 552 4142 618 4218; x_wconf 69' lang='lat' dir='ltr'>nt</span> <span class='ocrx_word' id='word_1_514' title='bbox 645 4160 845 4216; x_wconf 90' lang='lat' dir='ltr'>eodem</span> <span class='ocrx_word' id='word_1_515' title='bbox 874 4155 999 4212; x_wconf 92' lang='lat' dir='ltr'>loco</span> <span class='ocrx_word' id='word_1_516' title='bbox 1029 4149 1256 4208; x_wconf 89' lang='lat' dir='ltr'>monuit</span> <span class='ocrx_word' id='word_1_517' title='bbox 1270 4146 1654 4220; x_wconf 86' lang='lat' dir='ltr'>Augustinus,</span> <span class='ocrx_word' id='word_1_518' title='bbox 1679 4167 1706 4194; x_wconf 82' lang='lat'><strong>«</strong></span> <span class='ocrx_word' id='word_1_519' title='bbox 1732 4142 1997 4216; x_wconf 86' lang='lat' dir='ltr'>probabi-</span> 
     </span>
    </p>
   </div>
   <div class='ocr_carea' id='block_1_68' title="bbox 363 4234 1997 4324">
    <p class='ocr_par' dir='ltr' id='par_1_68' title="bbox 363 4234 1997 4324">
     <span class='ocr_line' id='line_1_68' title="bbox 363 4234 1997 4324; baseline -0.016 -13"><span class='ocrx_word' id='word_1_520' title='bbox 363 4253 438 4311; x_wconf 87' lang='lat' dir='ltr'>lis</span> <span class='ocrx_word' id='word_1_521' title='bbox 471 4250 736 4324; x_wconf 60' lang='lat' dir='ltr'>quedam</span> <span class='ocrx_word' id='word_1_522' title='bbox 767 4245 915 4302; x_wconf 91' lang='lat' dir='ltr'>ratio</span> <span class='ocrx_word' id='word_1_523' title='bbox 939 4239 1260 4309; x_wconf 89' lang='lat' dir='ltr'>delectavit,</span> <span class='ocrx_word' id='word_1_524' title='bbox 1288 4241 1353 4293; x_wconf 91' lang='lat' dir='ltr'>ut</span> <span class='ocrx_word' id='word_1_525' title='bbox 1382 4253 1494 4292; x_wconf 90' lang='lat' dir='ltr'>uno</span> <span class='ocrx_word' id='word_1_526' title='bbox 1536 4234 1630 4289; x_wconf 90' lang='lat' dir='ltr'>die</span> <span class='ocrx_word' id='word_1_527' title='bbox 1684 4236 1838 4288; x_wconf 90' lang='lat' dir='ltr'>certo</span> <span class='ocrx_word' id='word_1_528' title='bbox 1895 4247 1997 4302; x_wconf 90' lang='lat' dir='ltr'>per</span> 
     </span>
    </p>
   </div>
   <div class='ocr_carea' id='block_1_69' title="bbox 364 4320 1996 4411">
    <p class='ocr_par' dir='ltr' id='par_1_69' title="bbox 364 4320 1996 4411">
     <span class='ocr_line' id='line_1_69' title="bbox 364 4320 1996 4411; baseline -0.017 -12"><span class='ocrx_word' id='word_1_529' title='bbox 364 4320 609 4408; x_wconf 78' lang='lat' dir='ltr'>annum,</span> <span class='ocrx_word' id='word_1_530' title='bbox 641 4353 755 4411; x_wconf 92' lang='lat' dir='ltr'>quo</span> <span class='ocrx_word' id='word_1_531' title='bbox 783 4335 974 4407; x_wconf 88' lang='lat' dir='ltr'>ipsam</span> <span class='ocrx_word' id='word_1_532' title='bbox 1021 4343 1244 4386; x_wconf 87' lang='lat' dir='ltr'>coenam</span> <span class='ocrx_word' id='word_1_533' title='bbox 1303 4325 1579 4380; x_wconf 90' lang='lat' dir='ltr'>Dominus</span> <span class='ocrx_word' id='word_1_534' title='bbox 1634 4320 1809 4388; x_wconf 90' lang='lat' dir='ltr'>dedit,</span> <span class='ocrx_word' id='word_1_535' title='bbox 1867 4322 1996 4374; x_wconf 86' lang='lat' dir='ltr'>tan-</span> 
     </span>
    </p>
   </div>
   <div class='ocr_carea' id='block_1_70' title="bbox 365 4410 1998 4503">
    <p class='ocr_par' dir='ltr' id='par_1_70' title="bbox 365 4410 1998 4503">
     <span class='ocr_line' id='line_1_70' title="bbox 365 4410 1998 4503; baseline -0.017 -15"><span class='ocrx_word' id='word_1_536' title='bbox 365 4446 544 4503; x_wconf 88' lang='lat' dir='ltr'>quam</span> <span class='ocrx_word' id='word_1_537' title='bbox 596 4410 672 4484; x_wconf 86' lang='lat' dir='ltr'>ad</span> <span class='ocrx_word' id='word_1_538' title='bbox 717 4422 1096 4496; x_wconf 82' lang='lat' dir='ltr'>insigniorem</span> <span class='ocrx_word' id='word_1_539' title='bbox 1162 4410 1794 4476; x_wconf 87' lang='lat' dir='ltr'>commemorationem,</span> <span class='ocrx_word' id='word_1_540' title='bbox 1865 4410 1998 4479; x_wconf 91' lang='lat' dir='ltr'>post</span> 
     </span>
    </p>
   </div>
   <div class='ocr_carea' id='block_1_71' title="bbox 365 4495 1996 4579">
    <p class='ocr_par' dir='ltr' id='par_1_71' title="bbox 365 4495 1996 4579">
     <span class='ocr_line' id='line_1_71' title="bbox 365 4495 1996 4579; baseline -0.015 -2"><span class='ocrx_word' id='word_1_541' title='bbox 365 4495 524 4576; x_wconf 72' lang='lat' dir='ltr'>cibos</span> <span class='ocrx_word' id='word_1_542' title='bbox 579 4514 772 4573; x_wconf 82' lang='lat' dir='ltr'>oil‘erri</span> <span class='ocrx_word' id='word_1_543' title='bbox 826 4495 883 4568; x_wconf 89' lang='lat' dir='ltr'>et</span> <span class='ocrx_word' id='word_1_544' title='bbox 937 4505 1118 4579; x_wconf 90' lang='lat' dir='ltr'>accipi</span> <span class='ocrx_word' id='word_1_545' title='bbox 1176 4503 1348 4558; x_wconf 86' lang='lat' dir='ltr'>liceat</span> <span class='ocrx_word' id='word_1_546' title='bbox 1393 4515 1606 4572; x_wconf 90' lang='lat' dir='ltr'>corpus</span> <span class='ocrx_word' id='word_1_547' title='bbox 1655 4500 1713 4552; x_wconf 90' lang='lat' dir='ltr'>et</span> <span class='ocrx_word' id='word_1_548' title='bbox 1753 4495 1996 4568; x_wconf 88' lang='lat' dir='ltr'>sanguis</span> 
     </span>
    </p>
   </div>
   <div class='ocr_carea' id='block_1_72' title="bbox 361 4607 676 4667">
    <p class='ocr_par' dir='ltr' id='par_1_72' title="bbox 361 4607 676 4667">
     <span class='ocr_line' id='line_1_72' title="bbox 361 4607 676 4667; baseline -0.022 0"><span class='ocrx_word' id='word_1_549' title='bbox 361 4607 613 4667; x_wconf 82' lang='lat' dir='ltr'>Domini.</span> <span class='ocrx_word' id='word_1_550' title='bbox 649 4627 676 4653; x_wconf 74' lang='lat' dir='ltr'>n</span> 
     </span>
    </p>
   </div>
   <div class='ocr_carea' id='block_1_73' title="bbox 1882 3329 3800 3424">
    <p class='ocr_par' dir='ltr' id='par_1_73' title="bbox 1882 3329 3800 3424">
     <span class='ocr_line' id='line_1_73' title="bbox 1882 3329 3800 3424; baseline -0.003 -11"><span class='ocrx_word' id='word_1_551' title='bbox 1882 3367 1997 3424; x_wconf 88' lang='lat' dir='ltr'>quo</span> <span class='ocrx_word' id='word_1_552' title='bbox 2029 3329 2070 3396; x_wconf 63' lang='grc' dir='ltr'>θ’</span> <span class='ocrx_word' id='word_1_553' title='bbox 2107 3355 2444 3413; x_wconf 86' lang='lat' dir='ltr'>charistiam</span> <span class='ocrx_word' id='word_1_554' title='bbox 2475 3352 2823 3408; x_wconf 84' lang='lat' dir='ltr'>conﬁciant:</span> <span class='ocrx_word' id='word_1_555' title='bbox 2856 3350 3152 3407; x_wconf 90' lang='lat' dir='ltr'>Nimirum</span> <span class='ocrx_word' id='word_1_556' title='bbox 3183 3373 3217 3401; x_wconf 90' lang='grc'>‹‹</span> <span class='ocrx_word' id='word_1_557' title='bbox 3260 3354 3445 3424; x_wconf 88' lang='lat' dir='ltr'>quod</span> <span class='ocrx_word' id='word_1_558' title='bbox 3513 3355 3800 3411; x_wconf 81' lang='lat' dir='ltr'>veteribus</span> 
     </span>
    </p>
   </div>
   <div class='ocr_carea' id='block_1_74' title="bbox 2105 3440 3802 3514">
    <p class='ocr_par' dir='ltr' id='par_1_74' title="bbox 2105 3440 3802 3514">
     <span class='ocr_line' id='line_1_74' title="bbox 2105 3440 3802 3514; baseline -0.002 -12"><span class='ocrx_word' id='word_1_559' title='bbox 2105 3442 2464 3502; x_wconf 67' lang='lat' dir='ltr'>caeremoniis</span> <span class='ocrx_word' id='word_1_560' title='bbox 2489 3441 2770 3496; x_wconf 90' lang='lat' dir='ltr'>Dominus</span> <span class='ocrx_word' id='word_1_561' title='bbox 2799 3440 2978 3496; x_wconf 85' lang='lat' dir='ltr'>ﬁnem</span> <span class='ocrx_word' id='word_1_562' title='bbox 2998 3455 3253 3514; x_wconf 82' lang='lat' dir='ltr'>ponens,</span> <span class='ocrx_word' id='word_1_563' title='bbox 3289 3445 3656 3514; x_wconf 84' lang='lat' dir='ltr'>postquam</span> <span class='ocrx_word' id='word_1_564' title='bbox 3687 3458 3802 3498; x_wconf 85' lang='lat' dir='ltr'>cum</span> 
     </span>
    </p>
   </div>
   <div class='ocr_carea' id='block_1_75' title="bbox 2106 3528 3801 3606">
    <p class='ocr_par' dir='ltr' id='par_1_75' title="bbox 2106 3528 3801 3606">
     <span class='ocr_line' id='line_1_75' title="bbox 2106 3528 3801 3606; baseline -0.001 -18"><span class='ocrx_word' id='word_1_565' title='bbox 2106 3533 2323 3606; x_wconf 81' lang='lat' dir='ltr'>azymis</span> <span class='ocrx_word' id='word_1_566' title='bbox 2353 3546 2570 3602; x_wconf 87' lang='lat' dir='ltr'>agnum</span> <span class='ocrx_word' id='word_1_567' title='bbox 2601 3528 2874 3595; x_wconf 90' lang='lat' dir='ltr'>comedit,</span> <span class='ocrx_word' id='word_1_568' title='bbox 2906 3529 2978 3584; x_wconf 89' lang='lat' dir='ltr'>de</span> <span class='ocrx_word' id='word_1_569' title='bbox 3007 3529 3216 3585; x_wconf 89' lang='lat' dir='ltr'>eodem</span> <span class='ocrx_word' id='word_1_570' title='bbox 3249 3545 3452 3602; x_wconf 88' lang='lat' dir='ltr'>pane,</span> <span class='ocrx_word' id='word_1_571' title='bbox 3483 3531 3645 3604; x_wconf 86' lang='lat' dir='ltr'>quia</span> <span class='ocrx_word' id='word_1_572' title='bbox 3665 3531 3801 3586; x_wconf 79' lang='lat' dir='ltr'>alius</span> 
     </span>
    </p>
   </div>
   <div class='ocr_carea' id='block_1_76' title="bbox 2106 3615 3802 3692">
    <p class='ocr_par' dir='ltr' id='par_1_76' title="bbox 2106 3615 3802 3692">
     <span class='ocr_line' id='line_1_76' title="bbox 2106 3615 3802 3692; baseline -0.001 -15"><span class='ocrx_word' id='word_1_573' title='bbox 2106 3637 2222 3677; x_wconf 91' lang='lat' dir='ltr'>non</span> <span class='ocrx_word' id='word_1_574' title='bbox 2248 3620 2448 3676; x_wconf 88' lang='lat' dir='ltr'>aderat</span> <span class='ocrx_word' id='word_1_575' title='bbox 2467 3634 2571 3674; x_wconf 92' lang='lat' dir='ltr'>nec</span> <span class='ocrx_word' id='word_1_576' title='bbox 2601 3617 2927 3673; x_wconf 89' lang='lat' dir='ltr'>secundum</span> <span class='ocrx_word' id='word_1_577' title='bbox 2973 3615 3166 3690; x_wconf 87' lang='lat' dir='ltr'>legem</span> <span class='ocrx_word' id='word_1_578' title='bbox 3226 3633 3434 3689; x_wconf 86' lang='lat' dir='ltr'>quam</span> <span class='ocrx_word' id='word_1_579' title='bbox 3489 3619 3802 3692; x_wconf 81' lang='lat' dir='ltr'>implebat,</span> 
     </span>
    </p>
   </div>
   <div class='ocr_carea' id='block_1_77' title="bbox 2105 3703 3802 3778">
    <p class='ocr_par' dir='ltr' id='par_1_77' title="bbox 2105 3703 3802 3778">
     <span class='ocr_line' id='line_1_77' title="bbox 2105 3703 3802 3778; baseline -0.001 -12"><span class='ocrx_word' id='word_1_580' title='bbox 2105 3708 2301 3766; x_wconf 91' lang='lat' dir='ltr'>induci</span> <span class='ocrx_word' id='word_1_581' title='bbox 2331 3711 2470 3763; x_wconf 90' lang='lat' dir='ltr'>tunc</span> <span class='ocrx_word' id='word_1_582' title='bbox 2501 3708 2742 3778; x_wconf 89' lang='lat' dir='ltr'>poterat,</span> <span class='ocrx_word' id='word_1_583' title='bbox 2774 3703 3035 3776; x_wconf 89' lang='lat' dir='ltr'>corporis</span> <span class='ocrx_word' id='word_1_584' title='bbox 3065 3703 3160 3760; x_wconf 90' lang='lat' dir='ltr'>sui</span> <span class='ocrx_word' id='word_1_585' title='bbox 3190 3712 3618 3764; x_wconf 84' lang='lat' dir='ltr'>sacramenta</span> <span class='ocrx_word' id='word_1_586' title='bbox 3680 3725 3802 3764; x_wconf 89' lang='lat' dir='ltr'>con-</span> 
     </span>
    </p>
   </div>
   <div class='ocr_carea' id='block_1_78' title="bbox 2101 3791 3807 3866">
    <p class='ocr_par' dir='ltr' id='par_1_78' title="bbox 2101 3791 3807 3866">
     <span class='ocr_line' id='line_1_78' title="bbox 2101 3791 3807 3866; baseline 0 -13"><span class='ocrx_word' id='word_1_587' title='bbox 2101 3795 2364 3864; x_wconf 88' lang='lat' dir='ltr'>tradidit,</span> <span class='ocrx_word' id='word_1_588' title='bbox 2397 3809 2732 3866; x_wconf 78' lang='lat' dir='ltr'>azymorum</span> <span class='ocrx_word' id='word_1_589' title='bbox 2757 3791 2962 3861; x_wconf 89' lang='lat' dir='ltr'>illatio,</span> <span class='ocrx_word' id='word_1_590' title='bbox 2991 3809 3122 3864; x_wconf 71' lang='lat' dir='ltr'>quae</span> <span class='ocrx_word' id='word_1_591' title='bbox 3143 3795 3294 3849; x_wconf 90' lang='lat' dir='ltr'>tunc</span> <span class='ocrx_word' id='word_1_592' title='bbox 3319 3794 3545 3851; x_wconf 83' lang='lat' dir='ltr'>adfuit</span> <span class='ocrx_word' id='word_1_593' title='bbox 3569 3796 3807 3853; x_wconf 80' lang='lat' dir='ltr'>necessi-</span> 
     </span>
    </p>
   </div>
   <div class='ocr_carea' id='block_1_79' title="bbox 2103 3879 3806 3956">
    <p class='ocr_par' dir='ltr' id='par_1_79' title="bbox 2103 3879 3806 3956">
     <span class='ocr_line' id='line_1_79' title="bbox 2103 3879 3806 3956; baseline 0 -16"><span class='ocrx_word' id='word_1_594' title='bbox 2103 3883 2228 3951; x_wconf 87' lang='lat' dir='ltr'>tati,</span> <span class='ocrx_word' id='word_1_595' title='bbox 2264 3900 2379 3939; x_wconf 89' lang='lat' dir='ltr'>non</span> <span class='ocrx_word' id='word_1_596' title='bbox 2417 3883 2500 3938; x_wconf 92' lang='lat' dir='ltr'>eis</span> <span class='ocrx_word' id='word_1_597' title='bbox 2553 3881 2784 3937; x_wconf 89' lang='lat' dir='ltr'>videtur</span> <span class='ocrx_word' id='word_1_598' title='bbox 2839 3880 2914 3936; x_wconf 89' lang='lat' dir='ltr'>ad</span> <span class='ocrx_word' id='word_1_599' title='bbox 2967 3879 3439 3938; x_wconf 88' lang='lat' dir='ltr'>institutionem</span> <span class='ocrx_word' id='word_1_600' title='bbox 3506 3886 3806 3956; x_wconf 83' lang='lat' dir='ltr'>pertinere</span> 
     </span>
    </p>
   </div>
   <div class='ocr_carea' id='block_1_80' title="bbox 2103 3967 3806 4046">
    <p class='ocr_par' dir='ltr' id='par_1_80' title="bbox 2103 3967 3806 4046">
     <span class='ocr_line' id='line_1_80' title="bbox 2103 3967 3806 4046; baseline -0.001 -18"><span class='ocrx_word' id='word_1_601' title='bbox 2103 3971 2382 4046; x_wconf 87' lang='lat' dir='ltr'>mysterii.</span> <span class='ocrx_word' id='word_1_602' title='bbox 2413 3970 2578 4026; x_wconf 87' lang='lat' dir='ltr'>Sicut</span> <span class='ocrx_word' id='word_1_603' title='bbox 2604 3967 2877 4025; x_wconf 68' lang='lat' dir='ltr'>buccellae</span> <span class='ocrx_word' id='word_1_604' title='bbox 2907 3968 3202 4038; x_wconf 90' lang='lat' dir='ltr'>intinctio,</span> <span class='ocrx_word' id='word_1_605' title='bbox 3241 3985 3377 4026; x_wconf 90' lang='lat' dir='ltr'>non</span> <span class='ocrx_word' id='word_1_606' title='bbox 3433 3975 3806 4031; x_wconf 82' lang='lat' dir='ltr'>sacramenti</span> 
     </span>
    </p>
   </div>
   <div class='ocr_carea' id='block_1_81' title="bbox 2103 4056 3804 4134">
    <p class='ocr_par' dir='ltr' id='par_1_81' title="bbox 2103 4056 3804 4134">
     <span class='ocr_line' id='line_1_81' title="bbox 2103 4056 3804 4134; baseline 0.001 -18"><span class='ocrx_word' id='word_1_607' title='bbox 2103 4058 2438 4134; x_wconf 86' lang='lat' dir='ltr'>peragendi,</span> <span class='ocrx_word' id='word_1_608' title='bbox 2469 4057 2573 4114; x_wconf 92' lang='lat' dir='ltr'>sed</span> <span class='ocrx_word' id='word_1_609' title='bbox 2593 4057 2758 4113; x_wconf 83' lang='lat' dir='ltr'>Judae</span> <span class='ocrx_word' id='word_1_610' title='bbox 2781 4056 3135 4129; x_wconf 87' lang='lat' dir='ltr'>proditionis</span> <span class='ocrx_word' id='word_1_611' title='bbox 3164 4056 3281 4112; x_wconf 82' lang='lat' dir='ltr'>fuit</span> <span class='ocrx_word' id='word_1_612' title='bbox 3305 4061 3639 4119; x_wconf 82' lang='lat' dir='ltr'>ostensio.</span> <span class='ocrx_word' id='word_1_613' title='bbox 3666 4085 3698 4112; x_wconf 73' lang='grc' dir='ltr'><strong><em>ιο</em></strong></span> <span class='ocrx_word' id='word_1_614' title='bbox 3719 4065 3804 4118; x_wconf 75' lang='grc' dir='ltr'>Βι-</span> 
     </span>
    </p>
   </div>
   <div class='ocr_carea' id='block_1_82' title="bbox 2103 4143 3804 4218">
    <p class='ocr_par' dir='ltr' id='par_1_82' title="bbox 2103 4143 3804 4218">
     <span class='ocr_line' id='line_1_82' title="bbox 2103 4143 3804 4218; baseline 0.002 -14"><span class='ocrx_word' id='word_1_615' title='bbox 2103 4149 2234 4205; x_wconf 91' lang='lat' dir='ltr'>dem</span> <span class='ocrx_word' id='word_1_616' title='bbox 2261 4150 2348 4203; x_wconf 89' lang='lat' dir='ltr'>est</span> <span class='ocrx_word' id='word_1_617' title='bbox 2376 4145 2665 4202; x_wconf 87' lang='lat' dir='ltr'>sententia</span> <span class='ocrx_word' id='word_1_618' title='bbox 2695 4143 2961 4201; x_wconf 90' lang='lat' dir='ltr'>omnium</span> <span class='ocrx_word' id='word_1_619' title='bbox 2985 4143 3445 4218; x_wconf 81' lang='lat' dir='ltr'>theologorum,</span> <span class='ocrx_word' id='word_1_620' title='bbox 3516 4165 3675 4207; x_wconf 88' lang='lat' dir='ltr'>cum</span> <span class='ocrx_word' id='word_1_621' title='bbox 3731 4167 3804 4207; x_wconf 80' lang='lat' dir='ltr'>re-</span> 
     </span>
    </p>
   </div>
   <div class='ocr_carea' id='block_1_83' title="bbox 2103 4233 3804 4304">
    <p class='ocr_par' dir='ltr' id='par_1_83' title="bbox 2103 4233 3804 4304">
     <span class='ocr_line' id='line_1_83' title="bbox 2103 4233 3804 4304; baseline 0.002 -13"><span class='ocrx_word' id='word_1_622' title='bbox 2103 4235 2358 4292; x_wconf 89' lang='lat' dir='ltr'>centium</span> <span class='ocrx_word' id='word_1_623' title='bbox 2386 4237 2513 4290; x_wconf 90' lang='lat' dir='ltr'>tum</span> <span class='ocrx_word' id='word_1_624' title='bbox 2534 4233 2931 4304; x_wconf 87' lang='lat' dir='ltr'>antiquorum,</span> <span class='ocrx_word' id='word_1_625' title='bbox 2947 4233 3170 4304; x_wconf 82' lang='lat' dir='ltr'>quibus</span> <span class='ocrx_word' id='word_1_626' title='bbox 3195 4233 3448 4292; x_wconf 84' lang='lat' dir='ltr'>accedit</span> <span class='ocrx_word' id='word_1_627' title='bbox 3476 4238 3804 4296; x_wconf 82' lang='lat' dir='ltr'>concilium</span> 
     </span>
    </p>
   </div>
   <div class='ocr_carea' id='block_1_84' title="bbox 2103 4319 3806 4394">
    <p class='ocr_par' dir='ltr' id='par_1_84' title="bbox 2103 4319 3806 4394">
     <span class='ocr_line' id='line_1_84' title="bbox 2103 4319 3806 4394; baseline 0.001 -14"><span class='ocrx_word' id='word_1_628' title='bbox 2103 4323 2522 4390; x_wconf 85' lang='lat' dir='ltr'>Florentinum,</span> <span class='ocrx_word' id='word_1_629' title='bbox 2553 4322 2722 4392; x_wconf 86' lang='lat' dir='ltr'>cujus</span> <span class='ocrx_word' id='word_1_630' title='bbox 2753 4319 3100 4378; x_wconf 83' lang='lat' dir='ltr'>auctoritate</span> <span class='ocrx_word' id='word_1_631' title='bbox 3150 4321 3423 4394; x_wconf 78' lang='lat' dir='ltr'>probata</span> <span class='ocrx_word' id='word_1_632' title='bbox 3487 4331 3600 4383; x_wconf 85' lang='lat' dir='ltr'>est</span> <span class='ocrx_word' id='word_1_633' title='bbox 3661 4328 3806 4386; x_wconf 71' lang='lat' dir='ltr'>Gre-</span> 
     </span>
    </p>
   </div>
   <div class='ocr_carea' id='block_1_85' title="bbox 2103 4409 2717 4470">
    <p class='ocr_par' dir='ltr' id='par_1_85' title="bbox 2103 4409 2717 4470">
     <span class='ocr_line' id='line_1_85' title="bbox 2103 4409 2717 4470; baseline -0.008 -2"><span class='ocrx_word' id='word_1_634' title='bbox 2103 4429 2304 4470; x_wconf 89' lang='lat' dir='ltr'>corum</span> <span class='ocrx_word' id='word_1_635' title='bbox 2334 4409 2717 4466; x_wconf 86' lang='lat' dir='ltr'>consuetudo.</span> 
     </span>
    </p>
   </div>
   <div class='ocr_carea' id='block_1_86' title="bbox 2174 4496 3804 4570">
    <p class='ocr_par' dir='ltr' id='par_1_86' title="bbox 2174 4496 3804 4570">
     <span class='ocr_line' id='line_1_86' title="bbox 2174 4496 3804 4570; baseline 0.004 -15"><span class='ocrx_word' id='word_1_636' title='bbox 2174 4500 2388 4556; x_wconf 88' lang='lat' dir='ltr'>Eodem</span> <span class='ocrx_word' id='word_1_637' title='bbox 2422 4497 2617 4554; x_wconf 87' lang='lat' dir='ltr'>animo</span> <span class='ocrx_word' id='word_1_638' title='bbox 2646 4496 2836 4553; x_wconf 80' lang='lat' dir='ltr'>aﬂ‘ecti</span> <span class='ocrx_word' id='word_1_639' title='bbox 2866 4501 3006 4554; x_wconf 88' lang='lat' dir='ltr'>sunt</span> <span class='ocrx_word' id='word_1_640' title='bbox 3035 4496 3221 4554; x_wconf 60' lang='lat' dir='ltr'>Graci</span> <span class='ocrx_word' id='word_1_641' title='bbox 3250 4499 3725 4570; x_wconf 82' lang='lat' dir='ltr'>prudentiores</span> <span class='ocrx_word' id='word_1_642' title='bbox 3752 4519 3804 4561; x_wconf 78' lang='lat' dir='ltr'>ac</span> 
     </span>
    </p>
   </div>
   <div class='ocr_carea' id='block_1_87' title="bbox 2105 4583 3806 4658">
    <p class='ocr_par' dir='ltr' id='par_1_87' title="bbox 2105 4583 3806 4658">
     <span class='ocr_line' id='line_1_87' title="bbox 2105 4583 3806 4658; baseline 0.003 -14"><span class='ocrx_word' id='word_1_643' title='bbox 2105 4585 2521 4643; x_wconf 85' lang='lat' dir='ltr'>moderatiores</span> <span class='ocrx_word' id='word_1_644' title='bbox 2551 4584 2770 4656; x_wconf 83' lang='lat' dir='ltr'>quique</span> <span class='ocrx_word' id='word_1_645' title='bbox 2795 4583 2856 4640; x_wconf 91' lang='lat' dir='ltr'>in</span> <span class='ocrx_word' id='word_1_646' title='bbox 2878 4601 3149 4658; x_wconf 81' lang='lat' dir='ltr'>azymum</span> <span class='ocrx_word' id='word_1_647' title='bbox 3181 4585 3603 4649; x_wconf 87' lang='lat' dir='ltr'>Latinorum.</span> <span class='ocrx_word' id='word_1_648' title='bbox 3638 4593 3806 4649; x_wconf 87' lang='lat' dir='ltr'>Theo-</span> 
     </span>
    </p>
   </div>
   <div class='ocr_carea' id='block_1_88' title="bbox 434 4671 3802 4760">
    <p class='ocr_par' dir='ltr' id='par_1_88' title="bbox 434 4671 3802 4760">
     <span class='ocr_line' id='line_1_88' title="bbox 434 4671 3802 4760; baseline -0.005 -7"><span class='ocrx_word' id='word_1_649' title='bbox 434 4697 589 4753; x_wconf 90' lang='lat' dir='ltr'>Idem</span> <span class='ocrx_word' id='word_1_650' title='bbox 623 4695 739 4750; x_wconf 82' lang='lat' dir='ltr'>fere</span> <span class='ocrx_word' id='word_1_651' title='bbox 769 4691 838 4746; x_wconf 92' lang='lat' dir='ltr'>de</span> <span class='ocrx_word' id='word_1_652' title='bbox 867 4685 1086 4760; x_wconf 87' lang='lat' dir='ltr'>azymis</span> <span class='ocrx_word' id='word_1_653' title='bbox 1115 4677 1374 4752; x_wconf 87' lang='lat' dir='ltr'>contigit.</span> <span class='ocrx_word' id='word_1_654' title='bbox 1407 4676 1552 4743; x_wconf 86' lang='lat' dir='ltr'>Quia</span> <span class='ocrx_word' id='word_1_655' title='bbox 1579 4672 1734 4730; x_wconf 90' lang='lat' dir='ltr'>enim</span> <span class='ocrx_word' id='word_1_656' title='bbox 1765 4673 1994 4732; x_wconf 88' lang='lat' dir='ltr'>Chritus</span> <span class='ocrx_word' id='word_1_657' title='bbox 2021 4683 2070 4748; x_wconf 84' lang='lat'>1)</span> <span class='ocrx_word' id='word_1_658' title='bbox 2099 4673 2406 4748; x_wconf 87' lang='lat' dir='ltr'>phylactus</span> <span class='ocrx_word' id='word_1_659' title='bbox 2424 4671 2486 4728; x_wconf 89' lang='lat' dir='ltr'>in</span> <span class='ocrx_word' id='word_1_660' title='bbox 2504 4671 2760 4728; x_wconf 89' lang='lat' dir='ltr'>oratione</span> <span class='ocrx_word' id='word_1_661' title='bbox 2783 4673 2854 4728; x_wconf 90' lang='lat' dir='ltr'>ad</span> <span class='ocrx_word' id='word_1_662' title='bbox 2889 4671 3197 4760; x_wconf 85' lang='lat' dir='ltr'>Nicolaum</span> <span class='ocrx_word' id='word_1_663' title='bbox 3219 4673 3616 4748; x_wconf 86' lang='lat' dir='ltr'>diaconum,</span> <span class='ocrx_word' id='word_1_664' title='bbox 3646 4681 3802 4752; x_wconf 86' lang='lat' dir='ltr'>cujus</span> 
     </span>
    </p>
   </div>
   <div class='ocr_carea' id='block_1_89' title="bbox 360 4763 1991 4860">
    <p class='ocr_par' dir='ltr' id='par_1_89' title="bbox 360 4763 1991 4860">
     <span class='ocr_line' id='line_1_89' title="bbox 360 4763 1991 4860; baseline -0.017 -16"><span class='ocrx_word' id='word_1_665' title='bbox 360 4801 559 4860; x_wconf 85' lang='lat' dir='ltr'>azymo</span> <span class='ocrx_word' id='word_1_666' title='bbox 589 4797 737 4856; x_wconf 87' lang='lat' dir='ltr'>pane</span> <span class='ocrx_word' id='word_1_667' title='bbox 765 4780 826 4834; x_wconf 91' lang='lat' dir='ltr'>in</span> <span class='ocrx_word' id='word_1_668' title='bbox 855 4768 1218 4832; x_wconf 86' lang='lat' dir='ltr'>Eucharistia</span> <span class='ocrx_word' id='word_1_669' title='bbox 1274 4763 1632 4822; x_wconf 87' lang='lat' dir='ltr'>instituenda</span> <span class='ocrx_word' id='word_1_670' title='bbox 1687 4779 1830 4820; x_wconf 90' lang='lat' dir='ltr'>usus</span> <span class='ocrx_word' id='word_1_671' title='bbox 1880 4767 1991 4834; x_wconf 86' lang='lat' dir='ltr'>est,</span> 
     </span>
    </p>
   </div>
   <div class='ocr_carea' id='block_1_90' title="bbox 358 4851 1990 4932">
    <p class='ocr_par' dir='ltr' id='par_1_90' title="bbox 358 4851 1990 4932">
     <span class='ocr_line' id='line_1_90' title="bbox 358 4851 1990 4932; baseline -0.015 0"><span class='ocrx_word' id='word_1_672' title='bbox 358 4851 492 4932; x_wconf 66' lang='lat' dir='ltr'>cuin</span> <span class='ocrx_word' id='word_1_673' title='bbox 521 4851 742 4928; x_wconf 80' lang='lat' dir='ltr'>morem</span> <span class='ocrx_word' id='word_1_674' title='bbox 789 4861 1112 4923; x_wconf 86' lang='lat' dir='ltr'>observavit</span> <span class='ocrx_word' id='word_1_675' title='bbox 1161 4856 1363 4912; x_wconf 89' lang='lat' dir='ltr'>Latina</span> <span class='ocrx_word' id='word_1_676' title='bbox 1417 4851 1690 4919; x_wconf 89' lang='lat' dir='ltr'>Ecclesia,</span> <span class='ocrx_word' id='word_1_677' title='bbox 1749 4869 1862 4908; x_wconf 90' lang='lat' dir='ltr'>non</span> <span class='ocrx_word' id='word_1_678' title='bbox 1919 4853 1990 4908; x_wconf 75' lang='lat' dir='ltr'>ob</span> 
     </span>
    </p>
   </div>
   <div class='ocr_carea' id='block_1_91' title="bbox 359 4941 1992 5032">
    <p class='ocr_par' dir='ltr' id='par_1_91' title="bbox 359 4941 1992 5032">
     <span class='ocr_line' id='line_1_91' title="bbox 359 4941 1992 5032; baseline -0.013 -15"><span class='ocrx_word' id='word_1_679' title='bbox 359 4959 607 5032; x_wconf 79' lang='lat' dir='ltr'>exempli</span> <span class='ocrx_word' id='word_1_680' title='bbox 639 4956 1063 5016; x_wconf 83' lang='lat' dir='ltr'>necessitatem,</span> <span class='ocrx_word' id='word_1_681' title='bbox 1096 4947 1194 5002; x_wconf 91' lang='lat' dir='ltr'>sed</span> <span class='ocrx_word' id='word_1_682' title='bbox 1228 4945 1298 5000; x_wconf 91' lang='lat' dir='ltr'>ad</span> <span class='ocrx_word' id='word_1_683' title='bbox 1335 4964 1362 4994; x_wconf 83' lang='grc'>‹‹</span> <span class='ocrx_word' id='word_1_684' title='bbox 1393 4941 1771 5015; x_wconf 89' lang='lat' dir='ltr'>insigniorem</span> <span class='ocrx_word' id='word_1_685' title='bbox 1805 4963 1832 4989; x_wconf 76' lang='grc' dir='ltr'>η</span> <span class='ocrx_word' id='word_1_686' title='bbox 1885 4945 1992 4996; x_wconf 91' lang='lat' dir='ltr'>Do-</span> 
     </span>
    </p>
   </div>
   <div class='ocr_carea' id='block_1_92' title="bbox 361 5029 1994 5114">
    <p class='ocr_par' dir='ltr' id='par_1_92' title="bbox 361 5029 1994 5114">
     <span class='ocr_line' id='line_1_92' title="bbox 361 5029 1994 5114; baseline -0.012 -9"><span class='ocrx_word' id='word_1_687' title='bbox 361 5029 559 5105; x_wconf 82' lang='lat' dir='ltr'>minici</span> <span class='ocrx_word' id='word_1_688' title='bbox 606 5042 850 5114; x_wconf 85' lang='lat' dir='ltr'>exempli</span> <span class='ocrx_word' id='word_1_689' title='bbox 903 5063 930 5092; x_wconf 85' lang='lat'>«</span> <span class='ocrx_word' id='word_1_690' title='bbox 974 5031 1610 5095; x_wconf 88' lang='lat' dir='ltr'>commemorationem.</span> <span class='ocrx_word' id='word_1_691' title='bbox 1649 5051 1675 5080; x_wconf 89' lang='grc'>»</span> <span class='ocrx_word' id='word_1_692' title='bbox 1727 5033 1802 5084; x_wconf 81' lang='lat' dir='ltr'>At</span> <span class='ocrx_word' id='word_1_693' title='bbox 1855 5029 1994 5101; x_wconf 91' lang='lat' dir='ltr'>quia</span> 
     </span>
    </p>
   </div>
   <div class='ocr_carea' id='block_1_93' title="bbox 359 5117 1992 5200">
    <p class='ocr_par' dir='ltr' id='par_1_93' title="bbox 359 5117 1992 5200">
     <span class='ocr_line' id='line_1_93' title="bbox 359 5117 1992 5200; baseline -0.013 -7"><span class='ocrx_word' id='word_1_694' title='bbox 359 5136 644 5200; x_wconf 87' lang='lat' dir='ltr'>Christus,</span> <span class='ocrx_word' id='word_1_695' title='bbox 678 5150 744 5187; x_wconf 81' lang='lat' dir='ltr'>ex</span> <span class='ocrx_word' id='word_1_696' title='bbox 773 5129 1071 5186; x_wconf 87' lang='lat' dir='ltr'>occasione</span> <span class='ocrx_word' id='word_1_697' title='bbox 1099 5127 1348 5187; x_wconf 86' lang='lat' dir='ltr'>tantum,</span> <span class='ocrx_word' id='word_1_698' title='bbox 1381 5117 1673 5189; x_wconf 87' lang='lat' dir='ltr'>paschalis</span> <span class='ocrx_word' id='word_1_699' title='bbox 1706 5117 1834 5173; x_wconf 81' lang='lat' dir='ltr'>festi</span> <span class='ocrx_word' id='word_1_700' title='bbox 1865 5135 1992 5190; x_wconf 86' lang='lat' dir='ltr'>azy-</span> 
     </span>
    </p>
   </div>
   <div class='ocr_carea' id='block_1_94' title="bbox 362 5204 1992 5296">
    <p class='ocr_par' dir='ltr' id='par_1_94' title="bbox 362 5204 1992 5296">
     <span class='ocr_line' id='line_1_94' title="bbox 362 5204 1992 5296; baseline -0.013 -14"><span class='ocrx_word' id='word_1_701' title='bbox 362 5241 527 5282; x_wconf 90' lang='lat' dir='ltr'>mum</span> <span class='ocrx_word' id='word_1_702' title='bbox 559 5237 767 5296; x_wconf 85' lang='lat' dir='ltr'>panem</span> <span class='ocrx_word' id='word_1_703' title='bbox 799 5217 1140 5274; x_wconf 83' lang='lat' dir='ltr'>fermentato</span> <span class='ocrx_word' id='word_1_704' title='bbox 1170 5204 1518 5280; x_wconf 83' lang='lat' dir='ltr'>praetulerat,</span> <span class='ocrx_word' id='word_1_705' title='bbox 1564 5207 1774 5262; x_wconf 80' lang='lat' dir='ltr'>Graecis</span> <span class='ocrx_word' id='word_1_706' title='bbox 1803 5206 1992 5261; x_wconf 91' lang='lat' dir='ltr'>visum</span> 
     </span>
    </p>
   </div>
   <div class='ocr_carea' id='block_1_95' title="bbox 363 5293 1993 5371">
    <p class='ocr_par' dir='ltr' id='par_1_95' title="bbox 363 5293 1993 5371">
     <span class='ocr_line' id='line_1_95' title="bbox 363 5293 1993 5371; baseline -0.014 1"><span class='ocrx_word' id='word_1_707' title='bbox 363 5318 451 5371; x_wconf 87' lang='lat' dir='ltr'>est</span> <span class='ocrx_word' id='word_1_708' title='bbox 469 5293 584 5370; x_wconf 78' lang='lat' dir='ltr'>non</span> <span class='ocrx_word' id='word_1_709' title='bbox 617 5307 797 5365; x_wconf 88' lang='lat' dir='ltr'>teneri</span> <span class='ocrx_word' id='word_1_710' title='bbox 821 5322 882 5362; x_wconf 90' lang='lat' dir='ltr'>se</span> <span class='ocrx_word' id='word_1_711' title='bbox 912 5305 1022 5359; x_wconf 84' lang='lat' dir='ltr'>hac</span> <span class='ocrx_word' id='word_1_712' title='bbox 1051 5302 1108 5354; x_wconf 91' lang='lat' dir='ltr'>in</span> <span class='ocrx_word' id='word_1_713' title='bbox 1142 5297 1303 5367; x_wconf 87' lang='lat' dir='ltr'>parte</span> <span class='ocrx_word' id='word_1_714' title='bbox 1333 5293 1597 5364; x_wconf 85' lang='lat' dir='ltr'>exemplo</span> <span class='ocrx_word' id='word_1_715' title='bbox 1627 5293 1856 5361; x_wconf 85' lang='lat' dir='ltr'>Christi,</span> <span class='ocrx_word' id='word_1_716' title='bbox 1889 5310 1993 5349; x_wconf 89' lang='lat' dir='ltr'>nec</span> 
     </span>
    </p>
   </div>
   <div class='ocr_carea' id='block_1_96' title="bbox 362 5379 1991 5469">
    <p class='ocr_par' dir='ltr' id='par_1_96' title="bbox 362 5379 1991 5469">
     <span class='ocr_line' id='line_1_96' title="bbox 362 5379 1991 5469; baseline -0.014 -11"><span class='ocrx_word' id='word_1_717' title='bbox 362 5419 518 5460; x_wconf 62' lang='lat' dir='ltr'>novae</span> <span class='ocrx_word' id='word_1_718' title='bbox 549 5399 697 5469; x_wconf 84' lang='lat' dir='ltr'>legis</span> <span class='ocrx_word' id='word_1_719' title='bbox 724 5396 1050 5450; x_wconf 87' lang='lat' dir='ltr'>libertatem</span> <span class='ocrx_word' id='word_1_720' title='bbox 1072 5384 1316 5440; x_wconf 83' lang='lat' dir='ltr'>Judaico</span> <span class='ocrx_word' id='word_1_721' title='bbox 1366 5379 1497 5434; x_wconf 90' lang='lat' dir='ltr'>ritui</span> <span class='ocrx_word' id='word_1_722' title='bbox 1517 5398 1525 5402; x_wconf 75' lang='grc'><em>’</em></span> <span class='ocrx_word' id='word_1_723' title='bbox 1548 5380 1991 5448; x_wconf 89' lang='lat' dir='ltr'>subjiciendam.</span> 
     </span>
    </p>
   </div>
   <div class='ocr_carea' id='block_1_97' title="bbox 359 5467 1996 5560">
    <p class='ocr_par' dir='ltr' id='par_1_97' title="bbox 359 5467 1996 5560">
     <span class='ocr_line' id='line_1_97' title="bbox 359 5467 1996 5560; baseline -0.015 -13"><span class='ocrx_word' id='word_1_724' title='bbox 359 5467 632 5560; x_wconf 75' lang='lat' dir='ltr'>Utraque</span> <span class='ocrx_word' id='word_1_725' title='bbox 649 5480 1004 5538; x_wconf 90' lang='lat' dir='ltr'>consuetudo</span> <span class='ocrx_word' id='word_1_726' title='bbox 1031 5471 1312 5544; x_wconf 87' lang='lat' dir='ltr'>legitima,</span> <span class='ocrx_word' id='word_1_727' title='bbox 1333 5472 1575 5560; x_wconf 80' lang='lat' dir='ltr'>utraque</span> <span class='ocrx_word' id='word_1_728' title='bbox 1591 5467 1873 5537; x_wconf 88' lang='lat' dir='ltr'>probabili</span> <span class='ocrx_word' id='word_1_729' title='bbox 1906 5487 1996 5524; x_wconf 89' lang='lat' dir='ltr'>ra-</span> 
     </span>
    </p>
   </div>
   <div class='ocr_carea' id='block_1_98' title="bbox 359 5554 1994 5649">
    <p class='ocr_par' dir='ltr' id='par_1_98' title="bbox 359 5554 1994 5649">
     <span class='ocr_line' id='line_1_98' title="bbox 359 5554 1994 5649; baseline -0.014 -17"><span class='ocrx_word' id='word_1_730' title='bbox 359 5554 950 5649; x_wconf 68' lang='lat' dir='ltr'>tiopeiulta;tametsi</span> <span class='ocrx_word' id='word_1_731' title='bbox 971 5563 1126 5636; x_wconf 86' lang='lat' dir='ltr'>prior</span> <span class='ocrx_word' id='word_1_732' title='bbox 1144 5562 1283 5649; x_wconf 70' lang='lat' dir='ltr'>tum</span> <span class='ocrx_word' id='word_1_733' title='bbox 1312 5555 1383 5608; x_wconf 91' lang='lat' dir='ltr'>ob</span> <span class='ocrx_word' id='word_1_734' title='bbox 1415 5554 1741 5649; x_wconf 54' lang='lat' dir='ltr'>eaemplum</span> <span class='ocrx_word' id='word_1_735' title='bbox 1763 5557 1994 5625; x_wconf 89' lang='lat' dir='ltr'>Christi,</span> 
     </span>
    </p>
   </div>
   <div class='ocr_carea' id='block_1_99' title="bbox 359 5639 1997 5727">
    <p class='ocr_par' dir='ltr' id='par_1_99' title="bbox 359 5639 1997 5727">
     <span class='ocr_line' id='line_1_99' title="bbox 359 5639 1997 5727; baseline -0.011 -9"><span class='ocrx_word' id='word_1_736' title='bbox 359 5639 490 5718; x_wconf 78' lang='lat' dir='ltr'>tum</span> <span class='ocrx_word' id='word_1_737' title='bbox 523 5660 596 5714; x_wconf 91' lang='lat' dir='ltr'>ob</span> <span class='ocrx_word' id='word_1_738' title='bbox 630 5657 884 5727; x_wconf 83' lang='lat' dir='ltr'>mysterii</span> <span class='ocrx_word' id='word_1_739' title='bbox 917 5643 1383 5709; x_wconf 84' lang='lat' dir='ltr'>convenientiam</span> <span class='ocrx_word' id='word_1_740' title='bbox 1413 5639 1594 5694; x_wconf 86' lang='lat' dir='ltr'>altera</span> <span class='ocrx_word' id='word_1_741' title='bbox 1634 5642 1820 5710; x_wconf 89' lang='lat' dir='ltr'>potior</span> <span class='ocrx_word' id='word_1_742' title='bbox 1871 5660 1997 5700; x_wconf 87' lang='lat' dir='ltr'>esse</span> 
     </span>
    </p>
   </div>
   <div class='ocr_carea' id='block_1_100' title="bbox 359 5749 612 5806">
    <p class='ocr_par' dir='ltr' id='par_1_100' title="bbox 359 5749 612 5806">
     <span class='ocr_line' id='line_1_100' title="bbox 359 5749 612 5806; baseline -0.036 0"><span class='ocrx_word' id='word_1_743' title='bbox 359 5749 612 5806; x_wconf 86' lang='lat' dir='ltr'>videtur.</span> 
     </span>
    </p>
   </div>
   <div class='ocr_carea' id='block_1_101' title="bbox 2099 4759 3804 4834">
    <p class='ocr_par' dir='ltr' id='par_1_101' title="bbox 2099 4759 3804 4834">
     <span class='ocr_line' id='line_1_101' title="bbox 2099 4759 3804 4834; baseline 0.003 -15"><span class='ocrx_word' id='word_1_744' title='bbox 2099 4762 2380 4819; x_wconf 89' lang='lat' dir='ltr'>orationis</span> <span class='ocrx_word' id='word_1_745' title='bbox 2412 4761 2804 4834; x_wconf 82' lang='lat' dir='ltr'>fragmentum</span> <span class='ocrx_word' id='word_1_746' title='bbox 2835 4764 3025 4817; x_wconf 81' lang='lat' dir='ltr'>exstat</span> <span class='ocrx_word' id='word_1_747' title='bbox 3046 4759 3106 4816; x_wconf 90' lang='lat' dir='ltr'>in</span> <span class='ocrx_word' id='word_1_748' title='bbox 3129 4759 3234 4816; x_wconf 89' lang='lat' dir='ltr'>lib.</span> <span class='ocrx_word' id='word_1_749' title='bbox 3256 4777 3298 4817; x_wconf 92' lang='lat' dir='ltr'>v</span> <span class='ocrx_word' id='word_1_750' title='bbox 3322 4763 3359 4818; x_wconf 90' lang='lat' dir='ltr'><strong>J</strong></span> <span class='ocrx_word' id='word_1_751' title='bbox 3369 4765 3520 4822; x_wconf 86' lang='lat' dir='ltr'>uris</span> <span class='ocrx_word' id='word_1_752' title='bbox 3546 4768 3804 4826; x_wconf 80' lang='lat' dir='ltr'>Orienta-</span> 
     </span>
    </p>
   </div>
   <div class='ocr_carea' id='block_1_102' title="bbox 2098 4847 3800 4922">
    <p class='ocr_par' dir='ltr' id='par_1_102' title="bbox 2098 4847 3800 4922">
     <span class='ocr_line' id='line_1_102' title="bbox 2098 4847 3800 4922; baseline 0.004 -16"><span class='ocrx_word' id='word_1_753' title='bbox 2098 4851 2194 4920; x_wconf 91' lang='lat' dir='ltr'>lis,</span> <span class='ocrx_word' id='word_1_754' title='bbox 2216 4847 2691 4922; x_wconf 89' lang='lat' dir='ltr'>intempestivum</span> <span class='ocrx_word' id='word_1_755' title='bbox 2721 4847 2913 4903; x_wconf 90' lang='lat' dir='ltr'>zelum</span> <span class='ocrx_word' id='word_1_756' title='bbox 2946 4863 3215 4916; x_wconf 88' lang='lat' dir='ltr'>suorum,</span> <span class='ocrx_word' id='word_1_757' title='bbox 3248 4849 3362 4921; x_wconf 87' lang='lat' dir='ltr'>qui</span> <span class='ocrx_word' id='word_1_758' title='bbox 3402 4854 3668 4912; x_wconf 81' lang='lat' dir='ltr'>Latinis</span> <span class='ocrx_word' id='word_1_759' title='bbox 3722 4872 3800 4912; x_wconf 77' lang='lat' dir='ltr'>va-</span> 
     </span>
    </p>
   </div>
   <div class='ocr_carea' id='block_1_103' title="bbox 2101 4935 3798 5015">
    <p class='ocr_par' dir='ltr' id='par_1_103' title="bbox 2101 4935 3798 5015">
     <span class='ocr_line' id='line_1_103' title="bbox 2101 4935 3798 5015; baseline -0.002 -20"><span class='ocrx_word' id='word_1_760' title='bbox 2101 4938 2217 4995; x_wconf 88' lang='lat' dir='ltr'>rios</span> <span class='ocrx_word' id='word_1_761' title='bbox 2247 4939 2394 4994; x_wconf 90' lang='lat' dir='ltr'>ritus</span> <span class='ocrx_word' id='word_1_762' title='bbox 2425 4955 2459 4992; x_wconf 90' lang='lat' dir='ltr'>a</span> <span class='ocrx_word' id='word_1_763' title='bbox 2489 4935 2835 4992; x_wconf 65' lang='lat' dir='ltr'>Grascanicis</span> <span class='ocrx_word' id='word_1_764' title='bbox 2875 4935 3308 5008; x_wconf 84' lang='lat' dir='ltr'>discrepantes,</span> <span class='ocrx_word' id='word_1_765' title='bbox 3367 4937 3446 4995; x_wconf 89' lang='lat' dir='ltr'>in</span> <span class='ocrx_word' id='word_1_766' title='bbox 3515 4941 3628 4999; x_wconf 81' lang='lat' dir='ltr'>his</span> <span class='ocrx_word' id='word_1_767' title='bbox 3688 4961 3798 5015; x_wconf 70' lang='lat' dir='ltr'>azy-</span> 
     </span>
    </p>
   </div>
   <div class='ocr_carea' id='block_1_104' title="bbox 2102 5023 3796 5100">
    <p class='ocr_par' dir='ltr' id='par_1_104' title="bbox 2102 5023 3796 5100">
     <span class='ocr_line' id='line_1_104' title="bbox 2102 5023 3796 5100; baseline 0.002 -18"><span class='ocrx_word' id='word_1_768' title='bbox 2102 5043 2332 5082; x_wconf 90' lang='lat' dir='ltr'>morum</span> <span class='ocrx_word' id='word_1_769' title='bbox 2362 5041 2538 5082; x_wconf 91' lang='lat' dir='ltr'>usum</span> <span class='ocrx_word' id='word_1_770' title='bbox 2568 5023 2990 5096; x_wconf 87' lang='lat' dir='ltr'>improperant,</span> <span class='ocrx_word' id='word_1_771' title='bbox 3043 5024 3304 5098; x_wconf 83' lang='lat' dir='ltr'>graviter</span> <span class='ocrx_word' id='word_1_772' title='bbox 3351 5031 3796 5100; x_wconf 81' lang='lat' dir='ltr'>reprehendit;</span> 
     </span>
    </p>
   </div>
   <div class='ocr_carea' id='block_1_105' title="bbox 2101 5112 3796 5194">
    <p class='ocr_par' dir='ltr' id='par_1_105' title="bbox 2101 5112 3796 5194">
     <span class='ocr_line' id='line_1_105' title="bbox 2101 5112 3796 5194; baseline 0.005 -24"><span class='ocrx_word' id='word_1_773' title='bbox 2101 5131 2352 5187; x_wconf 90' lang='lat' dir='ltr'>eumque</span> <span class='ocrx_word' id='word_1_774' title='bbox 2381 5115 2620 5170; x_wconf 90' lang='lat' dir='ltr'>secutus</span> <span class='ocrx_word' id='word_1_775' title='bbox 2648 5112 2978 5168; x_wconf 89' lang='lat' dir='ltr'>Demetrius</span> <span class='ocrx_word' id='word_1_776' title='bbox 2997 5113 3418 5171; x_wconf 86' lang='lat' dir='ltr'>Chomatenus</span> <span class='ocrx_word' id='word_1_777' title='bbox 3477 5120 3796 5194; x_wconf 81' lang='lat' dir='ltr'>episcopus</span> 
     </span>
    </p>
   </div>
   <div class='ocr_carea' id='block_1_106' title="bbox 2100 5200 3792 5278">
    <p class='ocr_par' dir='ltr' id='par_1_106' title="bbox 2100 5200 3792 5278">
     <span class='ocr_line' id='line_1_106' title="bbox 2100 5200 3792 5278; baseline 0.002 -20"><span class='ocrx_word' id='word_1_778' title='bbox 2100 5203 2506 5276; x_wconf 88' lang='lat' dir='ltr'>Bulgarorum.</span> <span class='ocrx_word' id='word_1_779' title='bbox 2539 5201 2772 5256; x_wconf 66' lang='lat' dir='ltr'>Graecus</span> <span class='ocrx_word' id='word_1_780' title='bbox 2818 5200 3204 5268; x_wconf 87' lang='lat' dir='ltr'>Theatianus,</span> <span class='ocrx_word' id='word_1_781' title='bbox 3255 5201 3324 5256; x_wconf 91' lang='lat' dir='ltr'>in</span> <span class='ocrx_word' id='word_1_782' title='bbox 3391 5205 3690 5278; x_wconf 75' lang='lat' dir='ltr'>epistola</span> <span class='ocrx_word' id='word_1_783' title='bbox 3739 5209 3792 5264; x_wconf 80' lang='lat' dir='ltr'>ad</span> 
     </span>
    </p>
   </div>
   <div class='ocr_carea' id='block_1_107' title="bbox 2101 5287 3790 5370">
    <p class='ocr_par' dir='ltr' id='par_1_107' title="bbox 2101 5287 3790 5370">
     <span class='ocr_line' id='line_1_107' title="bbox 2101 5287 3790 5370; baseline 0.001 -23"><span class='ocrx_word' id='word_1_784' title='bbox 2101 5291 2433 5347; x_wconf 89' lang='lat' dir='ltr'>sacerdotes</span> <span class='ocrx_word' id='word_1_785' title='bbox 2463 5287 2562 5360; x_wconf 89' lang='lat' dir='ltr'>qui</span> <span class='ocrx_word' id='word_1_786' title='bbox 2595 5288 2654 5343; x_wconf 90' lang='lat' dir='ltr'>in</span> <span class='ocrx_word' id='word_1_787' title='bbox 2688 5288 2986 5344; x_wconf 87' lang='lat' dir='ltr'>montanis</span> <span class='ocrx_word' id='word_1_788' title='bbox 3014 5287 3336 5362; x_wconf 84' lang='lat' dir='ltr'>degebant,</span> <span class='ocrx_word' id='word_1_789' title='bbox 3363 5291 3468 5348; x_wconf 86' lang='lat' dir='ltr'>ait</span> <span class='ocrx_word' id='word_1_790' title='bbox 3518 5311 3790 5370; x_wconf 78' lang='lat' dir='ltr'>superva-</span> 
     </span>
    </p>
   </div>
   <div class='ocr_carea' id='block_1_108' title="bbox 2102 5378 3792 5454">
    <p class='ocr_par' dir='ltr' id='par_1_108' title="bbox 2102 5378 3792 5454">
     <span class='ocr_line' id='line_1_108' title="bbox 2102 5378 3792 5454; baseline 0.004 -20"><span class='ocrx_word' id='word_1_791' title='bbox 2102 5395 2347 5435; x_wconf 88' lang='lat' dir='ltr'>caneum</span> <span class='ocrx_word' id='word_1_792' title='bbox 2377 5393 2504 5434; x_wconf 89' lang='lat' dir='ltr'>esse</span> <span class='ocrx_word' id='word_1_793' title='bbox 2536 5378 2882 5433; x_wconf 88' lang='lat' dir='ltr'>contendere</span> <span class='ocrx_word' id='word_1_794' title='bbox 2931 5393 3079 5432; x_wconf 88' lang='lat' dir='ltr'>num</span> <span class='ocrx_word' id='word_1_795' title='bbox 3137 5393 3314 5433; x_wconf 86' lang='lat' dir='ltr'>sacra</span> <span class='ocrx_word' id='word_1_796' title='bbox 3367 5387 3701 5454; x_wconf 79' lang='lat' dir='ltr'>mysteria</span> <span class='ocrx_word' id='word_1_797' title='bbox 3743 5400 3792 5442; x_wconf 80' lang='lat' dir='ltr'>ex</span> 
     </span>
    </p>
   </div>
   <div class='ocr_carea' id='block_1_109' title="bbox 2105 5465 3792 5547">
    <p class='ocr_par' dir='ltr' id='par_1_109' title="bbox 2105 5465 3792 5547">
     <span class='ocr_line' id='line_1_109' title="bbox 2105 5465 3792 5547; baseline 0.004 -25"><span class='ocrx_word' id='word_1_798' title='bbox 2105 5482 2324 5540; x_wconf 84' lang='lat' dir='ltr'>azymo,</span> <span class='ocrx_word' id='word_1_799' title='bbox 2365 5482 2439 5520; x_wconf 89' lang='lat' dir='ltr'>an</span> <span class='ocrx_word' id='word_1_800' title='bbox 2495 5482 2564 5520; x_wconf 84' lang='lat' dir='ltr'>ex</span> <span class='ocrx_word' id='word_1_801' title='bbox 2617 5465 2960 5521; x_wconf 78' lang='lat' dir='ltr'>fermentata</span> <span class='ocrx_word' id='word_1_802' title='bbox 3014 5465 3182 5520; x_wconf 81' lang='lat' dir='ltr'>ﬂant.</span> <span class='ocrx_word' id='word_1_803' title='bbox 3245 5465 3412 5522; x_wconf 87' lang='lat' dir='ltr'>Mihi</span> <span class='ocrx_word' id='word_1_804' title='bbox 3479 5487 3644 5530; x_wconf 83' lang='lat' dir='ltr'>vero</span> <span class='ocrx_word' id='word_1_805' title='bbox 3698 5487 3792 5547; x_wconf 68' lang='lat' dir='ltr'>pr:</span> 
     </span>
    </p>
   </div>
   <div class='ocr_carea' id='block_1_110' title="bbox 2105 5552 3791 5619">
    <p class='ocr_par' dir='ltr' id='par_1_110' title="bbox 2105 5552 3791 5619">
     <span class='ocr_line' id='line_1_110' title="bbox 2105 5552 3791 5619; baseline 0.004 -9"><span class='ocrx_word' id='word_1_806' title='bbox 2105 5553 2324 5610; x_wconf 82' lang='lat' dir='ltr'>caeteris</span> <span class='ocrx_word' id='word_1_807' title='bbox 2344 5552 2642 5609; x_wconf 88' lang='lat' dir='ltr'>laudanda</span> <span class='ocrx_word' id='word_1_808' title='bbox 2663 5553 2892 5609; x_wconf 91' lang='lat' dir='ltr'>videtur</span> <span class='ocrx_word' id='word_1_809' title='bbox 2919 5553 3212 5610; x_wconf 89' lang='lat' dir='ltr'>modestia</span> <span class='ocrx_word' id='word_1_810' title='bbox 3237 5554 3581 5616; x_wconf 82' lang='lat' dir='ltr'>Barlaami</span> <span class='ocrx_word' id='word_1_811' title='bbox 3614 5562 3791 5619; x_wconf 76' lang='lat' dir='ltr'>Hiera-</span> 
     </span>
    </p>
   </div>
   <div class='ocr_carea' id='block_1_111' title="bbox 2105 5640 3790 5720">
    <p class='ocr_par' dir='ltr' id='par_1_111' title="bbox 2105 5640 3790 5720">
     <span class='ocr_line' id='line_1_111' title="bbox 2105 5640 3790 5720; baseline 0.004 -23"><span class='ocrx_word' id='word_1_812' title='bbox 2105 5642 2295 5698; x_wconf 89' lang='lat' dir='ltr'>censis</span> <span class='ocrx_word' id='word_1_813' title='bbox 2324 5640 2600 5712; x_wconf 89' lang='lat' dir='ltr'>episcopi,</span> <span class='ocrx_word' id='word_1_814' title='bbox 2633 5640 2689 5695; x_wconf 90' lang='lat' dir='ltr'>in</span> <span class='ocrx_word' id='word_1_815' title='bbox 2724 5641 2970 5713; x_wconf 88' lang='lat' dir='ltr'>epistola</span> <span class='ocrx_word' id='word_1_816' title='bbox 2997 5641 3071 5698; x_wconf 88' lang='lat' dir='ltr'>ad</span> <span class='ocrx_word' id='word_1_817' title='bbox 3103 5643 3348 5701; x_wconf 73' lang='lat' dir='ltr'>Graecos</span> <span class='ocrx_word' id='word_1_818' title='bbox 3406 5663 3536 5720; x_wconf 88' lang='lat' dir='ltr'>pro</span> <span class='ocrx_word' id='word_1_819' title='bbox 3593 5651 3790 5707; x_wconf 68' lang='lat' dir='ltr'>unione</span> 
     </span>
    </p>
   </div>
   <div class='ocr_carea' id='block_1_112' title="bbox 2107 5728 3788 5814">
    <p class='ocr_par' dir='ltr' id='par_1_112' title="bbox 2107 5728 3788 5814">
     <span class='ocr_line' id='line_1_112' title="bbox 2107 5728 3788 5814; baseline 0.005 -30"><span class='ocrx_word' id='word_1_820' title='bbox 2107 5729 2411 5800; x_wconf 89' lang='lat' dir='ltr'>utriusque</span> <span class='ocrx_word' id='word_1_821' title='bbox 2440 5728 2724 5798; x_wconf 69' lang='lat' dir='ltr'>Fcclesias,</span> <span class='ocrx_word' id='word_1_822' title='bbox 2755 5729 3027 5802; x_wconf 88' lang='lat' dir='ltr'>qui,cum</span> <span class='ocrx_word' id='word_1_823' title='bbox 3049 5747 3234 5790; x_wconf 87' lang='lat' dir='ltr'>usum</span> <span class='ocrx_word' id='word_1_824' title='bbox 3264 5733 3788 5814; x_wconf 74' lang='lat' dir='ltr'>utriusqnepanis</span> 
     </span>
    </p>
   </div>
  </div>
