3864 6360
137 465 302 535 123⁸7

1038 554 1057 565 ί
1110 474 1565 547 MABILLONII
1606 479 2083 556 DISQUlBI'l‘IO
2125 485 2229 550 DE
2270 488 2573 558 AZYMO.

3377 488 3537 564 1238

133 607 470 705 probasset,
502 607 623 667 hinc
654 611 854 669 addit:
891 636 919 664 «
980 613 1211 671 Latinos
1263 632 1395 672 vero
1455 616 1514 671 in
1546 619 1775 705 tantum
1803 612 1862 684 Α
1960 618 2040 672 Ex
2069 620 2299 689 Graecis,
2334 624 2698 696 Barlaamus,
2732 627 2972 687 ineunte
3019 627 3233 687 saeculo
3262 646 3379 699 xxv,
3412 633 3534 705 epi-

135 697 555 765 prudentiores
612 702 859 770 aestimo,
917 704 1070 775 quod
1132 704 1219 758 illi
1251 706 1487 777 quidem
1540 704 1781 760 minime

131 782 398 841 hostiam
451 789 521 843 de
572 790 914 847 fermentato
970 794 1320 865 vituperant,
1375 796 1476 849 sed
1509 792 1782 849 similiter

129 883 512 931 venerantur.
551 900 577 926 ››
602 879 861 951 Denique
890 886 955 936 ut
976 881 1120 937 alios
1139 882 1469 952 complures
1491 883 1780 948 omittam,

128 964 452 1033 Gregorius
514 968 978 1039 Protosyncellus
1042 970 1099 1024 in
1159 972 1434 1041 Apologia
1506 974 1780 1026 adversus

124 1052 446 1120 epistolam
482 1056 656 1111 Marci
692 1058 986 1128 Ephesini,
1022 1067 1281 1130 ἀδιάφορον
1313 1078 1410 1113 seu
1447 1060 1780 1113 indilferens

126 1142 387 1196 aestimat
410 1146 979 1212 sacriﬁcium,sivein
1000 1150 1415 1219 azymo,sivein
1440 1148 1779 1203 fermentato

124 1246 284 1301 pane
316 1235 676 1289 conficiatur.

206 1321 288 1375 Ex
320 1322 410 1376 his
446 1324 768 1395 intelligere
797 1324 927 1379 licet
973 1327 1425 1381 controversiam
1478 1327 1547 1381 de
1578 1344 1777 1397 azymo

124 1414 186 1463 et
223 1411 560 1466 fermentato
585 1430 729 1484 pane
753 1414 1020 1468 sacrificii
1045 1432 1170 1470 esse
1186 1417 1566 1486 qumstionem
1592 1416 1774 1469 histo-

122 1496 235 1551 rici
273 1499 422 1565 facti,
455 1506 771 1571 utrumque
824 1519 926 1572 pro
960 1503 1115 1557 varia
1172 1508 1498 1573 temporum
1532 1521 1596 1558 ac
1628 1503 1778 1559 loco-

119 1603 259 1641 rum
291 1588 750 1645 consideratione
799 1592 1071 1661 usurpari
1104 1591 1172 1645 ab
1208 1592 1459 1647 Ecclesia
1491 1593 1769 1663 potuisse,

119 1676 401 1745 equidem
433 1694 607 1732 suum
639 1678 847 1749 cuique
868 1680 1125 1734 societati
1151 1698 1369 1735 morem
1395 1682 1768 1750 servandum,

122 1780 235 1817 nec
258 1765 407 1819 inter
436 1782 533 1821 eos
566 1767 664 1836 qui
697 1768 922 1823 diverso
948 1784 1095 1839 pane
1118 1773 1364 1823 utuntur
1394 1768 1523 1823 lites
1556 1769 1662 1824 hac
1701 1772 1771 1825 de

120 1870 186 1909 re
220 1856 517 1909 serendas.

195 1943 560 2014 QuaprOpter
580 1944 1032 2000 immoderatum
1054 1964 1255 2001 eorum
1276 1947 1465 2001 zelum
1490 1949 1635 2003 ferre
1655 1966 1767 2004 non
1799 1981 1848 2047 Β

116 2048 371 2103 possum
405 2033 503 2103 qui
538 2034 699 2088 nefas
730 2040 939 2105 putant
978 2036 1243 2090 dubitare
1274 2054 1345 2090 an
1380 2036 1634 2091 Ecclesia
1664 2039 1769 2092 La-

114 2122 251 2175 tina
277 2120 456 2176 alium
483 2139 691 2193 panem
716 2123 1049 2179 adhibuerit
1079 2141 1253 2195 quam
1286 2142 1577 2197 azymum,
1603 2128 1770 2197 quasi

113 2214 221 2264 aut
250 2211 581 2265 necessaria
611 2210 733 2281 lege
782 2214 999 2283 azymis
1042 2214 1271 2268 addicta
1296 2214 1465 2269 fuerit
1486 2216 1555 2268 ab
1582 2215 1767 2283 initio,

108 2303 216 2353 aut
282 2299 412 2353 fidei
451 2300 723 2369 dogmata
754 2301 1039 2371 pertineat
1069 2319 1403 2373 azymorum
1437 2320 1599 2358 usus.
1635 2304 1767 2366 Quae

109 2388 385 2442 sanctior
404 2387 739 2442 constitutio
784 2405 911 2443 esse
933 2394 1156 2460 poterat
1186 2407 1362 2460 quam
1389 2410 1513 2462 quae
1538 2393 1607 2447 ab
1633 2410 1769 2463 apo-

114 2475 293 2530 stolis
324 2476 574 2531 dictante
594 2478 810 2548 Spiritu
836 2484 1036 2533 sancto
1068 2479 1219 2533 facta
1238 2481 1766 2547 est,abstinendum

118 2580 253 2619 esse
287 2581 321 2618 a
352 2566 634 2635 sanguine
654 2571 711 2620 et
741 2568 1020 2622 suffocato
1044 2568 1070 2622 ?
1092 2569 1159 2622 Et
1191 2573 1380 2623 tamen
1408 2569 1496 2623 lex
1519 2569 1618 2625 illa
1640 2587 1765 2641 quae

120 2670 230 2725 per
265 2653 452 2707 multa
487 2654 701 2709 srecula
731 2654 787 2710 in
812 2655 1067 2711 Ecclesia
1087 2656 1507 2726 viguit,scrvari
1530 2660 1764 2713 tandem

118 2742 316 2797 desiit.
342 2743 551 2807 Quidni
576 2744 751 2798 etiam
782 2744 839 2798 in
860 2762 1193 2815 azymorum
1214 2763 1322 2799 usu
1346 2746 1600 2817 idipsum
1630 2763 1764 2800 con-

117 2832 348 2902 tingere
381 2832 567 2901 potuit
589 2834 615 2885 ?
640 2833 801 2897 Quod
834 2833 879 2887 si
906 2833 1221 2903 potuit,cur
1241 2851 1306 2888 ea
1328 2834 1396 2888 de
1421 2851 1478 2888 re
1503 2839 1767 2905 quaestio-

116 2936 256 2975 nem
296 2936 525 2975 movere
557 2938 670 2975 non
705 2920 890 2976 licet?

769 3108 1001 3164 CAPUT
1036 3109 1128 3164 III.

225 3218 308 3272 An
343 3216 518 3271 Grseci
546 3217 613 3270 ab
646 3217 805 3269 initio
846 3215 1096 3269 Ecclesiae
1125 3218 1388 3284 [armento
1418 3220 1504 3271 usi
1531 3218 1656 3272 sint.

158 3326 311 3425 ~Etsi
342 3368 516 3433 Beda,
550 3368 607 3421 in
659 3366 921 3422 Historiae
957 3383 1075 3421 suae
1124 3366 1306 3421 lih.1v
1328 3384 1451 3436 cap.
1475 3366 1524 3420 αΙ.
1561 3373 1763 3422 auctor
1792 3347 1834 3413 (ἶ

109 3463 200 3513 est
232 3458 462 3513 GPtECOS
497 3478 523 3505 ‹‹
559 3456 689 3510 fidei
722 3456 1012 3510 contraria
1034 3456 1357 3509 admiscere
1377 3455 1598 3521 solitos,
1627 3460 1755 3510 »ιθ-

109 3564 247 3604 men
282 3546 494 3602 Glaber
534 3544 837 3611 Rodulfus,
874 3544 929 3598 in
982 3543 1080 3598 lib.
1115 3561 1149 3596 v
1196 3561 1319 3615 cap.
1356 3561 1392 3605 ι,
1428 3561 1524 3598 eos
1557 3544 1759 3600 laudat

106 3636 218 3692 hoc
250 3635 489 3691 nomine
520 3635 673 3705 quod
732 3634 886 3705 apud
918 3649 1016 3688 eos
1050 3655 1077 3681 «
1112 3650 1340 3703 semper
1381 3638 1547 3687 tenor
1576 3633 1759 3688 eccle-

110 3726 392 3781 siasticus
441 3723 779 3778 cautissime
809 3721 1079 3792 viguerit.
1108 3743 1125 3769 ι
1162 3724 1349 3791 Atque
1382 3726 1445 3775 ut
1478 3722 1758 3792 proclives

110 3814 335 3871 fuerint
382 3813 450 3867 ad
484 3829 632 3866 nova
664 3811 927 3875 dicenda,
964 3814 1116 3865 certe
1148 3810 1364 3864 rituum
1390 3828 1625 3865 suorum
1660 3828 1760 3867 eos

110 3918 351 3975 semper
382 3901 873 3956 retinentissimos
924 3899 1103 3954 fuisse
1135 3904 1380 3955 constat.
1416 3900 1559 3953 Hinc
1593 3900 1761 3957 nobis

111 3992 308 4064 primo
365 3989 489 4045 loco
523 3988 939 4059 inquirendum
998 3991 1085 4041 est
1135 4005 1207 4041 an
1264 3987 1528 4042 fermenti
1563 4006 1758 4057 usum,

113 4098 292 4153 quem
319 4079 536 4135 Latinae
556 4077 818 4133 Ecclesia:
842 4079 1002 4132 tanto
1025 4076 1324 4131 molimine
1354 4078 1425 4132 ab
1452 4078 1759 4132 undecimo

111 4169 327 4225 saeculo
356 4168 652 4238 imponere
684 4166 874 4221 conati
926 4171 1083 4235 sunt,
1119 4167 1190 4220 ab
1223 4171 1348 4219 ortu
1383 4166 1644 4220 Ecclesiae
1677 4169 1760 4220 te-

112 4258 370 4322 nuerint,
393 4274 466 4312 an
490 4274 641 4322 vero,
675 4255 920 4325 receptis
944 4254 1256 4325 aliquando
1289 4254 1527 4326 azymis,
1562 4259 1764 4325 postea

112 4348 496 4403 fermentatos
557 4359 735 4416 panes
794 4344 1156 4398 admiserint.
1218 4343 1421 4398 Varias
1464 4344 1570 4398 hac
1602 4345 1672 4399 de
1702 4360 1761 4399 re

113 4441 421 4493 auctorum
456 4433 796 4497 sententias,
847 4438 973 4486 tum
1022 4449 1144 4486 rem
1204 4432 1392 4504 ipsam
1439 4434 1764 4489 considere-

114 4540 563 4670 ImIlisisnocentius
595 4628 744 4684 papa
773 4611 869 4677 Ill,
902 4610 962 4665 in
1018 4610 1119 4665 lib.
1155 4627 1209 4664 1v
1242 4612 1312 4665 de
1344 4611 1518 4666 Missa
1547 4628 1672 4682 cap.
1709 4612 1759 4678 4,

1892 723 2102 779 scopus
2120 709 2570 781 Hieracensis,in
2589 717 2834 789 epistola
2848 720 2917 775 ad
2943 718 3170 776 Graecos
3193 738 3295 794 pro
3321 721 3538 780 unione

1891 798 2195 870 utriusque
2228 802 2509 870 Ecclesiae,
2543 806 2841 862 existimat
2872 809 3141 865 fermenti
3175 827 3349 867 usum
3382 813 3537 884 apud

1891 884 2114 941 Graecos
2143 889 2214 943 ab
2245 889 2412 947 initio
2458 892 2796 965 invaluisse,
2858 898 2942 951 uti
3005 915 3345 968 azymorum
3379 901 3535 973 apud

1891 974 2147 1030 Latinos.
2182 1000 2207 1027 ‹‹
2241 978 2546 1047 Quoniam,
2598 981 2805 1054 inquit,
2858 986 3106 1055 apostoli
3137 988 3341 1044 eadem
3374 990 3534 1045 enim

1890 1064 2183 1119 tradentes
2215 1070 2490 1138 mysteria
2512 1088 2624 1125 non
2648 1071 3039 1129 distinxerunt
3069 1074 3188 1130 sive
3214 1076 3534 1134 fermenta-

1888 1156 2013 1206 tum
2051 1155 2169 1209 sive
2198 1172 2463 1227 azymum
2490 1176 2503 1226 ;
2537 1159 2842 1216 Orientalis
2864 1162 3116 1218 Ecelesia
3136 1166 3417 1222 continuo
3435 1184 3530 1224 ce-

1889 1242 1973 1311 pit
2012 1243 2444 1315 fermentatum,
2504 1248 2885 1304 Occidentalis
2944 1267 3073 1306 vero
3130 1269 3423 1323 azymum,
3457 1270 3526 1311 eo

1886 1332 2039 1402 quod
2072 1333 2223 1403 gerit
2250 1334 2565 1407 imaginem
2588 1337 2876 1407 puritatis,
2908 1338 3255 1397 sinceritatis
3286 1345 3341 1396 et
3367 1342 3527 1400 veri-

1884 1420 2039 1473 tatis.
2074 1442 2101 1470 »
2137 1422 2351 1476 Eadem
2382 1429 2470 1477 est
2500 1426 2788 1480 sententia
2818 1426 3072 1497 Gregorii
3106 1430 3522 1500 Protosyncelli

1882 1506 1942 1563 in
1974 1511 2352 1579 responsione
2385 1513 2454 1567 ad
2486 1512 2793 1583 epistolam
2823 1514 3421 1587 MarciEphesini,ubi
3442 1519 3526 1575 ait

1883 1596 2107 1653 Graecos
2140 1601 2421 1655 fermento
2454 1602 2523 1656 ab
2554 1603 2789 1659 exordio
2812 1619 3106 1668 usos,eam
3138 1620 3366 1678 semper
3387 1624 3521 1665 con-

1881 1686 2253 1742 suetudinem
2287 1688 2616 1745 retinuisse.

1952 1776 2161 1829 Contra
2190 1792 2323 1831 vero
2353 1777 2646 1832 Cortesius
2676 1779 2865 1833 Brana
2896 1779 3333 1850 Mazaracenus,
3382 1783 3531 1839 Gra-

1882 1877 2080 1916 carum
2112 1862 2437 1919 litterarum
2493 1866 2789 1936 professor
2840 1866 2900 1921 in
2935 1867 3170 1939 publico
3221 1872 3527 1942 gymnasio

1880 1949 2276 2021 Neapolitano,
2310 1952 2369 2007 in
2400 1952 2595 2009 libello
2642 1955 2713 2009 de
2754 1955 2965 2010 Graecae
2993 1960 3051 2011 et
3084 1956 3298 2012 Latinae
3330 1958 3525 2015 missae

1882 2056 2191 2105 consensu,
2254 2041 2418 2096 docet
2474 2059 2607 2097 cum
2672 2044 2825 2112 Soto,
2887 2043 2947 2098 in
2981 2044 3011 2097 4
3069 2046 3519 2115 sententiarum,

1881 2131 2189 2198 utramque
2220 2128 2534 2185 Ecclesiam
2566 2130 2732 2185 initio
2764 2132 3223 2189 sacratissimam
3248 2134 3522 2190 Euchari-

1880 2217 2052 2272 stiam
2086 2218 2143 2271 in
2175 2217 2391 2289 azymis
2414 2220 2769 2288 confecisse;
2799 2221 2899 2275 sed
2924 2226 3124 2292 postea
3143 2223 3214 2277 ob
3246 2222 3515 2280 haeresim

1880 2306 2305 2371 Ebionitarum,
2354 2307 2453 2378 qui
2498 2306 2709 2381 legalia
2751 2311 3039 2364 servanda
3068 2326 3195 2365 esse
3223 2311 3516 2380 volebant,

1880 2394 2162 2463 abjecisse
2184 2411 2417 2467 azymos
2440 2412 2620 2466 panes
2647 2415 2660 2463 ;
2684 2401 2811 2451 tum
2834 2397 3042 2453 haeresi
3065 2400 3346 2454 exstincta
3374 2400 3521 2455 Lati-

1880 2500 2017 2538 nam
2049 2483 2291 2539 rediisse
2321 2484 2393 2538 ad
2424 2501 2681 2556 azymos,
2711 2485 2969 2541 Graecam
2999 2502 3132 2541 vero
3164 2487 3224 2542 in
3255 2488 3525 2544 fermenti

1880 2590 1990 2627 usu
2023 2588 2446 2643 perseverasse.

1950 2661 2241 2732 Expositis
2272 2666 2576 2717 auctorum
2629 2662 2802 2718 variis
2852 2664 3179 2733 sententiis,
3212 2665 3525 2721 observan-

1877 2750 2016 2804 dum
2048 2753 2135 2803 est
2189 2749 2539 2805 Orientalem
2593 2750 2928 2826 Ecclesiam
2960 2752 3033 2807 ab
3062 2753 3189 2824 ipso
3222 2755 3518 2826 nascentis

1875 2837 2214 2893 Christianae
2274 2838 2569 2909 religionis
2627 2825 3219 2911 principio'habuisse
3265 2842 3413 2897 ritus
3447 2843 3519 2898 ab

1875 2926 2229 2982 Oocidentali
2285 2928 2569 2983 diversos.
2612 2926 2715 2982 Cui
2746 2926 2829 2982 rei
2888 2933 3232 3000 argumento
3264 2934 3353 2985 est
3388 2935 3519 2986 tum

1877 3015 2269 3071 controversia
2320 3017 2391 3071 de
2439 3016 2742 3082 Paschate,
2775 3033 2902 3088 qua:
2954 3017 3106 3073 inter
3136 3019 3420 3074 Asiaticos
3469 3023 3527 3074 et

1876 3106 2171 3160 Victorem
2229 3122 2441 3176 papam
2503 3104 2789 3172 efferbuit,
2848 3110 2976 3160 tum
3034 3106 3233 3161 Irenzei
3264 3107 3519 3180 episcopi

1879 3194 2289 3265 Lugdunensis
2321 3192 2586 3264 epistola,
2606 3194 2774 3263 cujus
2796 3194 3189 3261 fragmentum
3221 3194 3395 3250 refert
3419 3196 3524 3250 Eu-

1878 3284 2074 3339 sebius
2134 3282 2420 3353 Pamphili
2480 3282 2537 3336 in
2571 3282 2835 3338 Historiae
2891 3300 3011 3339 suae
3050 3276 3232 3350 lib.‘v,
3268 3300 3393 3355 cap.
3427 3285 3516 3339 225.

1873 3373 2085 3427 Scribit
2114 3372 2329 3442 quippe
2354 3370 2411 3425 in
2433 3387 2501 3425 ea
2522 3371 2765 3442 epistola
2790 3374 3038 3426 lrcnazus
3072 3395 3098 3421 ‹‹
3134 3372 3367 3427 beatum
3400 3371 3510 3428 Ρο-

1865 3461 2166 3534 lycarpum
2194 3458 2412 3513 Aniceti
2440 3476 2599 3529 papae
2622 3459 2982 3531 temporibus
3000 3460 3244 3514 Romam
3257 3460 3507 3528 venisse,

1867 3556 2039 3621 atque
2062 3549 2211 3602 inter
2240 3546 2373 3601 illos
2403 3563 2539 3601 cum
2572 3548 2641 3601 de
2674 3547 2970 3616 Paschate,
3004 3551 3130 3602 tum
3163 3549 3232 3603 de
3257 3548 3509 3620 quibus-

1867 3639 1999 3693 dam
2032 3636 2162 3692 aliis
2194 3636 2366 3690 rebus
2426 3636 2715 3690 modicam
2769 3636 2954 3691 fuisse
3004 3637 3506 3705 controversiam;

1868 3744 1932 3782 ac
1959 3726 2156 3781 statim
2190 3722 2394 3779 mutuo'
2415 3725 2570 3796 pacis
2602 3724 2798 3780 osculo
2823 3741 2948 3780 sese
2967 3725 3318 3797 complexos,
3352 3741 3511 3780 com-

1870 3817 2203 3871 municasse
2260 3814 2369 3867 sibi
2429 3813 2696 3880 invicem,
2745 3818 2802 3868 et
2834 3814 3133 3868 Anicetum
3164 3814 3224 3868 in
3258 3813 3511 3869 Ecclesia

1870 3904 2247 3961 consecrandi
2263 3919 2479 3957 munus
2494 3902 2801 3975 Polycarpo
2821 3902 3059 3957 honoris
3077 3919 3255 3958 causa
3277 3918 3510 3958 conces-

1869 3994 2085 4050 sisse.»
2119 3992 2239 4047 Etsi
2297 4008 2431 4047 vero
2488 4009 2604 4047 non
2635 3990 2904 4063 exprimit
2947 3993 3193 4046 [renisus
3241 4007 3508 4063 quaenam

1870 4083 2042 4138 fuerit
2069 4081 2183 4135 alia
2213 4079 2312 4135 illa
2345 4080 2555 4152 capita,
2617 4081 2674 4135 in
2706 4080 2922 4151 quibus
2977 4080 3253 4135 Anicetus
3285 4098 3319 4136 a
3345 4079 3512 4152 Poly-

1870 4190 2042 4243 carpo
2073 4170 2416 4235 dissidebat,
2451 4171 2795 4240 conjectura:
2824 4175 3022 4225 tamen
3051 4169 3216 4225 locus
3248 4185 3377 4224 esse
3412 4186 3512 4239 po-

1869 4266 1984 4317 test
2042 4261 2099 4315 in
2152 4258 2242 4313 his
2302 4259 2483 4313 fuisse
2545 4259 2859 4313 discrimen
2920 4257 3087 4330 panis
3118 4256 3513 4324 eucharistici,

1869 4367 2045 4423 quem
2074 4353 2319 4418 utraque
2351 4347 2606 4402 Ecclesia
2637 4348 2929 4403 diversum
2966 4346 3297 4402 adhibebat.

1942 4439 2099 4494 Hanc
2131 4436 2522 4506 conjecturam
2568 4436 2737 4504 juvat
2795 4434 3062 4507 Origenis
3107 4432 3422 4489 auctoritas
3456 4432 3512 4487 in

1872 4527 2127 4583 Matthazi
2158 4530 2333 4596 caput
2362 4542 2454 4578 xv1
2486 4524 2557 4578 ad
2588 4540 2819 4578 versum
2858 4524 2940 4587 16,
2996 4522 3095 4579 ubi
3128 4523 3198 4577 de
3231 4522 3512 4577 fermento

1872 4617 2294 4672 Pharisaeorum
2326 4612 2612 4685 agens,ait
2629 4612 2977 4667 fermentum
3002 4628 3117 4666 non
3142 4610 3330 4666 solum
3356 4609 3513 4664 sumi

111 4702 411 4757 existimat
440 4702 669 4756 Graecos
701 4724 728 4749 «
763 4704 1074 4771 postquam
1124 4700 1381 4753 tunicam
1414 4700 1646 4755 Domini
1681 4702 1764 4754 in-
1794 4718 1838 4782 ί)
1870 4722 1973 4778 pro
2005 4704 2290 4769 doctrina,
2325 4703 2423 4756 sed
2453 4703 2628 4756 etiam
2660 4717 2760 4771 pro
2792 4700 2921 4755 aliis
2954 4699 3126 4754 rebus
3155 4702 3275 4752 tam
3308 4697 3367 4751 in
3399 4697 3512 4752 Ve-

111 4790 464 4849 consutilem
496 4791 838 4856 diviserunt,
874 4793 935 4844 ut
966 4793 1255 4860 perpetua:
1277 4788 1575 4844 divisionis
1596 4806 1763 4845 scan-

112 4879 318 4936 dalum
350 4880 804 4951 interponerent,
834 4877 1102 4933 sacrificii
1158 4878 1337 4931 ritum
1372 4882 1586 4932 temere
1633 4895 1762 4932 mu-

111 4972 291 5036 tasse,
325 4991 353 5018 ››
386 4969 608 5023 scilicet
661 4968 783 5023 loco
844 4983 1180 5037 azymorum
1216 4966 1545 5021 adhibendo
1580 4983 1759 5037 panes

112 5057 515 5113 fermentatos.
543 5056 795 5112 Jacobus
826 5056 896 5111 de
938 5055 1212 5119 Vitriaco,
1251 5057 1305 5108 in
1360 5055 1621 5109 Historia:
1656 5057 1760 5111 Oc-

115 5146 425 5202 cidentalis
455 5163 583 5216 cap.
615 5147 707 5212 38,
741 5145 948 5199 iisdem
999 5144 1113 5198 fere
1148 5145 1337 5198 verbis
1369 5146 1631 5198 eamdem
1668 5162 1761 5199 ex-

114 5234 955 5305 pouitsententiam,nimirum
978 5234 1203 5290 Graecos
1230 5238 1359 5303 post
1373 5234 1760 5287 secessionem

113 5338 147 5376 a
180 5324 403 5380 Latinis
433 5324 713 5379 defecisse
744 5323 815 5377 ab
849 5340 959 5377 usu
998 5339 1353 5393 azymorum,
1388 5345 1415 5371 ‹‹
1450 5340 1519 5377 ne
1553 5323 1762 5377 Roma-

114 5428 327 5467 norum
399 5413 715 5469 Ecclesiam
772 5411 990 5466 imitari
1045 5412 1399 5465 viderentur.
1436 5433 1462 5459 ››
1517 5412 1638 5473 Quo
1692 5411 1762 5464 de

112 5500 434 5558 schismate
465 5502 798 5573 loquantur,
831 5501 902 5555 de
934 5501 1234 5565 Photiano,
1269 5517 1339 5554 an
1373 5501 1443 5554 de
1477 5499 1574 5553 illo
1606 5499 1759 5569 quod

113 5604 217 5659 per
234 5588 578 5646 Michaelem
600 5588 963 5644 Cerularium
991 5590 1305 5644 conflatum
1329 5594 1438 5655 est,
1464 5594 1764 5643 neutcrcx-

112 5675 312 5746 plicat.
350 5679 510 5734 Hane
542 5677 889 5733 sententiam
922 5678 1169 5750 amplexi
1216 5683 1353 5733 sunt
1384 5677 1644 5748 plerique
1676 5694 1760 5731 re-

116 5766 407 5825 centiores
430 5767 788 5825 Latinorum.

1873 4794 1979 4849 teri
2011 4810 2188 4865 quam
2218 4792 2280 4846 in
2314 4791 2466 4846 Novo
2507 4791 2899 4845 Testamento.
2935 4790 3084 4844 Tum
3117 4786 3313 4843 subdit
3341 4795 3517 4843 εοῠτω

1870 4882 1921 4929 δὲ
1980 4885 2165 4944 μὴποτε
2223 4881 2352 4941 ζύμη
2406 4882 2461 4926 οὺ
2521 4878 2847 4942 apes-peperat
2903 4877 2980 4924 ἐπι
3028 4878 3083 4924 τὸ
3133 4875 3513 4940 Θυσιαστὴριον;

1872 4993 1898 5019 ‹‹
1935 4975 2019 5023 An
2054 4986 2168 5023 non
2201 4973 2257 5023 et
2287 4966 2602 5037 aliquando
2635 4967 2984 5020 fermentum
3017 4966 3257 5020 olfertur
3296 4962 3407 5018 sub
3440 4961 3521 5018 al-

1870 5062 1994 5113 tare
2014 5059 2041 5111 ‘I
2072 5081 2099 5105 ››
2135 5057 2250 5110 Etsi
2279 5055 2432 5109 enim
2461 5072 2573 5109 non
2597 5054 2763 5126 plane
2784 5059 3007 5109 certum
3032 5054 3131 5123 sit,
3164 5069 3305 5107 num
3327 5051 3523 5124 potius

1873 5148 1944 5201 de
1977 5147 2129 5201 Novo
2161 5145 2434 5215 loquatur
2480 5160 2653 5209 quam
2688 5143 2759 5197 de
2809 5143 3002 5198 Veteri
3033 5144 3431 5207 Testamento,
3464 5140 3520 5194 in

1873 5253 1989 5306 quo
2023 5233 2351 5291 fermentati
2385 5249 2562 5303 panes
2587 5249 3013 5304 nonnunquam
3039 5231 3523 5296 olferebantur,ex

1875 5324 2109 5379 Levitici
2167 5322 2456 5393 capitibus
2512 5338 2591 5375 v11
2652 5325 2708 5375 et
2738 5339 2908 5387 xxvu,
2968 5325 3160 5376 tamen
3201 5316 3417 5389 potius,
3449 5317 3521 5372 de

1871 5413 2026 5467 Novo
2060 5410 2473 5482 intelligendus
2505 5408 2732 5464 videtur
2760 5428 2827 5463 ex
2857 5425 2924 5464 eo
2955 5408 3105 5478 quod
3132 5422 3273 5459 usus
3296 5404 3372 5459 sit
3404 5421 3521 5459 ver-

1873 5501 1945 5554 bo
1979 5501 2259 5570 temporis
2293 5498 2616 5569 praesentis.
2679 5497 2917 5552 Accedit
2963 5493 3113 5566 quod
3146 5494 3203 5547 in
3240 5493 3518 5548 'l‘ractatu

1871 5590 2088 5643 xxxvin
2118 5589 2458 5643 Matthiaum
2487 5585 2772 5657 imperitis
2797 5582 3089 5640 nonnullis
3112 5582 3524 5655 occurrit,qui-

1874 5679 1986 5734 bus
2020 5680 2075 5733 in
2111 5682 2369 5733 mentem
2401 5675 2593 5731 venire
2622 5678 2836 5748 posset,
2870 5671 3133 5744 exemplo
3164 5671 3381 5727 Christi
3415 5666 3519 5726 Pa-

1877 5768 2017 5823 scha
2040 5768 2288 5822 Judaico
2308 5780 2466 5819 more
2488 5768 2541 5819 et
2564 5779 2899 5835 azymorum
2930 5762 3083 5817 diem
3106 5760 3517 5817 celebrandum
