  <div class='ocr_page' id='page_1' title='image "/cluster/home/n/w/nwhite01/storage/ocr_20150623/142-143/uc1.31175018423130/1359.png"; bbox 0 0 3864 6392; ppageno 0'>
   <div class='ocr_carea' id='block_1_1' title="bbox 256 417 416 534">
    <p class='ocr_par' dir='ltr' id='par_1_1' title="bbox 256 417 416 534">
     <span class='ocr_line' id='line_1_1' title="bbox 256 417 416 534; baseline -0.006 -44"><span class='ocrx_word' id='word_1_1' title='bbox 256 417 416 534; x_wconf 60' lang='grc' dir='ltr'>ηεο</span> 
     </span>
    </p>
   </div>
   <div class='ocr_carea' id='block_1_2' title="bbox 1283 385 2606 470">
    <p class='ocr_par' dir='ltr' id='par_1_2' title="bbox 1283 385 2606 470">
     <span class='ocr_line' id='line_1_2' title="bbox 1283 385 2606 470; baseline -0.006 -1"><span class='ocrx_word' id='word_1_2' title='bbox 1283 397 1675 470; x_wconf 78' lang='lat' dir='ltr'>APPENDIX</span> <span class='ocrx_word' id='word_1_3' title='bbox 1720 394 1822 457; x_wconf 82' lang='lat' dir='ltr'><strong>AD</strong></span> <span class='ocrx_word' id='word_1_4' title='bbox 1865 385 2128 460; x_wconf 76' lang='lat' dir='ltr'>OPERA</span> <span class='ocrx_word' id='word_1_5' title='bbox 2169 394 2606 463; x_wconf 82' lang='lat' dir='ltr'>HUMBERTI.</span> 
     </span>
    </p>
   </div>
   <div class='ocr_carea' id='block_1_3' title="bbox 3559 374 3727 441">
    <p class='ocr_par' dir='ltr' id='par_1_3' title="bbox 3559 374 3727 441">
     <span class='ocr_line' id='line_1_3' title="bbox 3559 374 3727 441; baseline 0 -1"><span class='ocrx_word' id='word_1_6' title='bbox 3559 374 3727 441; x_wconf 69' lang='grc'>1240</span> 
     </span>
    </p>
   </div>
   <div class='ocr_carea' id='block_1_4' title="bbox 257 513 3724 626">
    <p class='ocr_par' dir='ltr' id='par_1_4' title="bbox 257 513 3724 626">
     <span class='ocr_line' id='line_1_4' title="bbox 257 513 3724 626; baseline -0.014 -10"><span class='ocrx_word' id='word_1_7' title='bbox 257 525 483 626; x_wconf 84' lang='lat' dir='ltr'>Quibus</span> <span class='ocrx_word' id='word_1_8' title='bbox 499 550 808 624; x_wconf 84' lang='lat' dir='ltr'>respondet</span> <span class='ocrx_word' id='word_1_9' title='bbox 827 563 894 604; x_wconf 90' lang='lat' dir='ltr'>ea</span> <span class='ocrx_word' id='word_1_10' title='bbox 918 542 1112 602; x_wconf 84' lang='lat' dir='ltr'>omnia</span> <span class='ocrx_word' id='word_1_11' title='bbox 1131 556 1242 597; x_wconf 86' lang='lat' dir='ltr'>non</span> <span class='ocrx_word' id='word_1_12' title='bbox 1261 538 1388 608; x_wconf 87' lang='lat' dir='ltr'>jam</span> <span class='ocrx_word' id='word_1_13' title='bbox 1409 551 1470 626; x_wconf 85' lang='lat' dir='ltr'>re</span> <span class='ocrx_word' id='word_1_14' title='bbox 1489 529 1744 626; x_wconf 84' lang='lat' dir='ltr'>ipsa,sed</span> <span class='ocrx_word' id='word_1_15' title='bbox 1765 526 1882 626; x_wconf 83' lang='lat' dir='ltr'>spi-</span> <span class='ocrx_word' id='word_1_16' title='bbox 1911 524 1970 595; x_wconf 78' lang='grc' dir='ltr'><strong>Α</strong></span> <span class='ocrx_word' id='word_1_17' title='bbox 1999 529 2196 626; x_wconf 59' lang='lat' dir='ltr'>ticeret</span> <span class='ocrx_word' id='word_1_18' title='bbox 2214 531 2342 603; x_wconf 84' lang='lat' dir='ltr'>ejus</span> <span class='ocrx_word' id='word_1_19' title='bbox 2363 527 2832 604; x_wconf 85' lang='lat' dir='ltr'>argumentum.J</span> <span class='ocrx_word' id='word_1_20' title='bbox 2838 543 2935 584; x_wconf 91' lang='lat' dir='ltr'>am</span> <span class='ocrx_word' id='word_1_21' title='bbox 2963 539 3112 612; x_wconf 80' lang='lat' dir='ltr'>ergo</span> <span class='ocrx_word' id='word_1_22' title='bbox 3131 513 3499 626; x_wconf 63' lang='lat' dir='ltr'>Philoponi</span> <span class='ocrx_word' id='word_1_23' title='bbox 3522 514 3724 614; x_wconf 65' lang='lat' dir='ltr'>aetate,</span> 
     </span>
    </p>
   </div>
   <div class='ocr_carea' id='block_1_5' title="bbox 258 617 1888 706">
    <p class='ocr_par' dir='ltr' id='par_1_5' title="bbox 258 617 1888 706">
     <span class='ocr_line' id='line_1_5' title="bbox 258 617 1888 706; baseline -0.02 -2"><span class='ocrx_word' id='word_1_24' title='bbox 258 646 417 706; x_wconf 88' lang='lat' dir='ltr'>ritali</span> <span class='ocrx_word' id='word_1_25' title='bbox 448 658 626 699; x_wconf 91' lang='lat' dir='ltr'>sensu</span> <span class='ocrx_word' id='word_1_26' title='bbox 656 637 970 695; x_wconf 84' lang='lat' dir='ltr'>exercenda</span> <span class='ocrx_word' id='word_1_27' title='bbox 997 648 1140 688; x_wconf 87' lang='lat' dir='ltr'>esse.</span> <span class='ocrx_word' id='word_1_28' title='bbox 1173 626 1333 692; x_wconf 88' lang='lat' dir='ltr'>Quod</span> <span class='ocrx_word' id='word_1_29' title='bbox 1363 623 1468 680; x_wconf 84' lang='lat' dir='ltr'>etsi</span> <span class='ocrx_word' id='word_1_30' title='bbox 1500 622 1570 677; x_wconf 88' lang='lat' dir='ltr'>de</span> <span class='ocrx_word' id='word_1_31' title='bbox 1593 622 1712 674; x_wconf 89' lang='lat' dir='ltr'>tota</span> <span class='ocrx_word' id='word_1_32' title='bbox 1739 617 1888 672; x_wconf 90' lang='lat' dir='ltr'>ritus</span> 
     </span>
    </p>
   </div>
   <div class='ocr_carea' id='block_1_6' title="bbox 260 708 1888 810">
    <p class='ocr_par' dir='ltr' id='par_1_6' title="bbox 260 708 1888 810">
     <span class='ocr_line' id='line_1_6' title="bbox 260 708 1888 810; baseline -0.021 -18"><span class='ocrx_word' id='word_1_33' title='bbox 260 731 557 810; x_wconf 79' lang='lat' dir='ltr'>paschalis</span> <span class='ocrx_word' id='word_1_34' title='bbox 588 725 983 784; x_wconf 87' lang='lat' dir='ltr'>observatione</span> <span class='ocrx_word' id='word_1_35' title='bbox 1015 720 1234 774; x_wconf 89' lang='lat' dir='ltr'>dictum</span> <span class='ocrx_word' id='word_1_36' title='bbox 1265 712 1442 768; x_wconf 87' lang='lat' dir='ltr'>videri</span> <span class='ocrx_word' id='word_1_37' title='bbox 1465 708 1668 781; x_wconf 80' lang='lat' dir='ltr'>possit,</span> <span class='ocrx_word' id='word_1_38' title='bbox 1696 714 1888 810; x_wconf 77' lang='lat' dir='ltr'>tamen</span> 
     </span>
    </p>
   </div>
   <div class='ocr_carea' id='block_1_7' title="bbox 263 796 1892 882">
    <p class='ocr_par' dir='ltr' id='par_1_7' title="bbox 263 796 1892 882">
     <span class='ocr_line' id='line_1_7' title="bbox 263 796 1892 882; baseline -0.022 0"><span class='ocrx_word' id='word_1_39' title='bbox 263 796 336 882; x_wconf 71' lang='lat' dir='ltr'>ad</span> <span class='ocrx_word' id='word_1_40' title='bbox 367 818 779 878; x_wconf 88' lang='lat' dir='ltr'>removendum</span> <span class='ocrx_word' id='word_1_41' title='bbox 813 812 984 866; x_wconf 84' lang='lat' dir='ltr'>etiam</span> <span class='ocrx_word' id='word_1_42' title='bbox 1017 819 1346 878; x_wconf 82' lang='lat' dir='ltr'>azymorum</span> <span class='ocrx_word' id='word_1_43' title='bbox 1377 815 1550 854; x_wconf 91' lang='lat' dir='ltr'>usum</span> <span class='ocrx_word' id='word_1_44' title='bbox 1581 796 1892 852; x_wconf 81' lang='lat' dir='ltr'>extenden-</span> 
     </span>
    </p>
   </div>
   <div class='ocr_carea' id='block_1_8' title="bbox 267 883 1891 970">
    <p class='ocr_par' dir='ltr' id='par_1_8' title="bbox 267 883 1891 970">
     <span class='ocr_line' id='line_1_8' title="bbox 267 883 1891 970; baseline -0.023 0"><span class='ocrx_word' id='word_1_45' title='bbox 267 915 411 970; x_wconf 85' lang='lat' dir='ltr'>dum</span> <span class='ocrx_word' id='word_1_46' title='bbox 439 909 684 964; x_wconf 88' lang='lat' dir='ltr'>videtur.</span> <span class='ocrx_word' id='word_1_47' title='bbox 719 903 873 956; x_wconf 85' lang='lat' dir='ltr'>Idem</span> <span class='ocrx_word' id='word_1_48' title='bbox 906 895 1216 952; x_wconf 86' lang='lat' dir='ltr'>dicendum</span> <span class='ocrx_word' id='word_1_49' title='bbox 1247 894 1335 946; x_wconf 85' lang='lat' dir='ltr'>est</span> <span class='ocrx_word' id='word_1_50' title='bbox 1366 889 1434 942; x_wconf 89' lang='lat' dir='ltr'>de</span> <span class='ocrx_word' id='word_1_51' title='bbox 1463 887 1686 942; x_wconf 83' lang='lat' dir='ltr'>Joanne</span> <span class='ocrx_word' id='word_1_52' title='bbox 1715 883 1891 954; x_wconf 88' lang='lat' dir='ltr'>Chry-</span> 
     </span>
    </p>
   </div>
   <div class='ocr_carea' id='block_1_9' title="bbox 267 971 1894 1066">
    <p class='ocr_par' dir='ltr' id='par_1_9' title="bbox 267 971 1894 1066">
     <span class='ocr_line' id='line_1_9' title="bbox 267 971 1894 1066; baseline -0.022 -7"><span class='ocrx_word' id='word_1_53' title='bbox 267 1003 546 1066; x_wconf 90' lang='lat' dir='ltr'>sostomo,</span> <span class='ocrx_word' id='word_1_54' title='bbox 569 995 734 1062; x_wconf 85' lang='lat' dir='ltr'>cujus</span> <span class='ocrx_word' id='word_1_55' title='bbox 765 984 1091 1043; x_wconf 84' lang='lat' dir='ltr'>consimilia</span> <span class='ocrx_word' id='word_1_56' title='bbox 1109 982 1280 1036; x_wconf 90' lang='lat' dir='ltr'>verba</span> <span class='ocrx_word' id='word_1_57' title='bbox 1301 981 1437 1034; x_wconf 83' lang='lat' dir='ltr'>sunt</span> <span class='ocrx_word' id='word_1_58' title='bbox 1464 977 1523 1030; x_wconf 92' lang='lat' dir='ltr'>in</span> <span class='ocrx_word' id='word_1_59' title='bbox 1554 972 1795 1028; x_wconf 88' lang='lat' dir='ltr'>hamilia</span> <span class='ocrx_word' id='word_1_60' title='bbox 1823 971 1894 1025; x_wconf 90' lang='lat' dir='ltr'>de</span> 
     </span>
    </p>
   </div>
   <div class='ocr_carea' id='block_1_10' title="bbox 267 1081 800 1162">
    <p class='ocr_par' dir='ltr' id='par_1_10' title="bbox 267 1081 800 1162">
     <span class='ocr_line' id='line_1_10' title="bbox 267 1081 800 1162; baseline -0.026 -17"><span class='ocrx_word' id='word_1_61' title='bbox 267 1086 593 1162; x_wconf 79' lang='lat' dir='ltr'>proditione</span> <span class='ocrx_word' id='word_1_62' title='bbox 615 1081 800 1136; x_wconf 71' lang='lat' dir='ltr'>Judee.</span> 
     </span>
    </p>
   </div>
   <div class='ocr_carea' id='block_1_11' title="bbox 338 1146 1894 1234">
    <p class='ocr_par' dir='ltr' id='par_1_11' title="bbox 338 1146 1894 1234">
     <span class='ocr_line' id='line_1_11' title="bbox 338 1146 1894 1234; baseline -0.02 -4"><span class='ocrx_word' id='word_1_63' title='bbox 338 1173 507 1229; x_wconf 82' lang='lat' dir='ltr'>Aliud</span> <span class='ocrx_word' id='word_1_64' title='bbox 521 1166 920 1226; x_wconf 87' lang='lat' dir='ltr'>testimonium</span> <span class='ocrx_word' id='word_1_65' title='bbox 941 1177 1042 1234; x_wconf 87' lang='lat' dir='ltr'>pro</span> <span class='ocrx_word' id='word_1_66' title='bbox 1066 1156 1303 1227; x_wconf 74' lang='lat' dir='ltr'>antiquo</span> <span class='ocrx_word' id='word_1_67' title='bbox 1327 1151 1589 1209; x_wconf 81' lang='lat' dir='ltr'>fermenti</span> <span class='ocrx_word' id='word_1_68' title='bbox 1608 1165 1717 1205; x_wconf 92' lang='lat' dir='ltr'>usu</span> <span class='ocrx_word' id='word_1_69' title='bbox 1743 1146 1894 1217; x_wconf 89' lang='lat' dir='ltr'>apud</span> 
     </span>
    </p>
   </div>
   <div class='ocr_carea' id='block_1_12' title="bbox 271 1235 1896 1326">
    <p class='ocr_par' dir='ltr' id='par_1_12' title="bbox 271 1235 1896 1326">
     <span class='ocr_line' id='line_1_12' title="bbox 271 1235 1896 1326; baseline -0.022 -4"><span class='ocrx_word' id='word_1_70' title='bbox 271 1267 496 1325; x_wconf 68' lang='lat' dir='ltr'>Graecos</span> <span class='ocrx_word' id='word_1_71' title='bbox 513 1257 738 1315; x_wconf 90' lang='lat' dir='ltr'>desumi</span> <span class='ocrx_word' id='word_1_72' title='bbox 764 1257 951 1326; x_wconf 85' lang='lat' dir='ltr'>potest</span> <span class='ocrx_word' id='word_1_73' title='bbox 971 1267 1037 1304; x_wconf 83' lang='lat' dir='ltr'>ex</span> <span class='ocrx_word' id='word_1_74' title='bbox 1057 1245 1335 1304; x_wconf 88' lang='lat' dir='ltr'>Chronico</span> <span class='ocrx_word' id='word_1_75' title='bbox 1359 1241 1466 1297; x_wconf 88' lang='lat' dir='ltr'>Ms.</span> <span class='ocrx_word' id='word_1_76' title='bbox 1504 1238 1666 1326; x_wconf 10' lang='lat' dir='ltr'>Datiii</span> <span class='ocrx_word' id='word_1_77' title='bbox 1681 1235 1896 1326; x_wconf 81' lang='lat' dir='ltr'>Medio-</span> 
     </span>
    </p>
   </div>
   <div class='ocr_carea' id='block_1_13' title="bbox 267 1323 1895 1418">
    <p class='ocr_par' dir='ltr' id='par_1_13' title="bbox 267 1323 1895 1418">
     <span class='ocr_line' id='line_1_13' title="bbox 267 1323 1895 1418; baseline -0.021 -9"><span class='ocrx_word' id='word_1_78' title='bbox 267 1349 524 1408; x_wconf 91' lang='lat' dir='ltr'>lanensis</span> <span class='ocrx_word' id='word_1_79' title='bbox 571 1323 848 1418; x_wconf 77' lang='lat' dir='ltr'>episcopi,</span> <span class='ocrx_word' id='word_1_80' title='bbox 905 1337 1006 1410; x_wconf 88' lang='lat' dir='ltr'>qui</span> <span class='ocrx_word' id='word_1_81' title='bbox 1048 1333 1236 1390; x_wconf 89' lang='lat' dir='ltr'>medio</span> <span class='ocrx_word' id='word_1_82' title='bbox 1284 1334 1441 1385; x_wconf 79' lang='lat' dir='ltr'>sexto</span> <span class='ocrx_word' id='word_1_83' title='bbox 1501 1325 1710 1382; x_wconf 81' lang='lat' dir='ltr'>saeculo</span> <span class='ocrx_word' id='word_1_84' title='bbox 1738 1323 1895 1378; x_wconf 82' lang='lat' dir='ltr'>vixit.</span> 
     </span>
    </p>
   </div>
   <div class='ocr_carea' id='block_1_14' title="bbox 270 1415 1898 1506">
    <p class='ocr_par' dir='ltr' id='par_1_14' title="bbox 270 1415 1898 1506">
     <span class='ocr_line' id='line_1_14' title="bbox 270 1415 1898 1506; baseline -0.021 -8"><span class='ocrx_word' id='word_1_85' title='bbox 270 1443 391 1506; x_wconf 89' lang='lat' dir='ltr'>Quo</span> <span class='ocrx_word' id='word_1_86' title='bbox 416 1439 476 1494; x_wconf 90' lang='lat' dir='ltr'>in</span> <span class='ocrx_word' id='word_1_87' title='bbox 507 1415 790 1491; x_wconf 83' lang='lat' dir='ltr'>Chronica</span> <span class='ocrx_word' id='word_1_88' title='bbox 821 1430 1058 1484; x_wconf 87' lang='lat' dir='ltr'>sanctus</span> <span class='ocrx_word' id='word_1_89' title='bbox 1115 1419 1458 1475; x_wconf 82' lang='lat' dir='ltr'>Ambrosius</span> <span class='ocrx_word' id='word_1_90' title='bbox 1485 1437 1512 1466; x_wconf 85' lang='grc'>‹‹</span> <span class='ocrx_word' id='word_1_91' title='bbox 1571 1415 1898 1470; x_wconf 82' lang='lat' dir='ltr'>Graecorum</span> 
     </span>
    </p>
   </div>
   <div class='ocr_carea' id='block_1_15' title="bbox 269 1501 1898 1592">
    <p class='ocr_par' dir='ltr' id='par_1_15' title="bbox 269 1501 1898 1592">
     <span class='ocr_line' id='line_1_15' title="bbox 269 1501 1898 1592; baseline -0.021 -7"><span class='ocrx_word' id='word_1_92' title='bbox 269 1501 586 1585; x_wconf 85' lang='lat' dir='ltr'>Ecclesiam</span> <span class='ocrx_word' id='word_1_93' title='bbox 602 1523 658 1576; x_wconf 88' lang='lat' dir='ltr'>in</span> <span class='ocrx_word' id='word_1_94' title='bbox 674 1515 943 1592; x_wconf 87' lang='lat' dir='ltr'>plurimis</span> <span class='ocrx_word' id='word_1_95' title='bbox 957 1501 1852 1568; x_wconf 81' lang='lat' dir='ltr'>ofﬁciisvenerabiliterimitatus</span> <span class='ocrx_word' id='word_1_96' title='bbox 1871 1517 1898 1546; x_wconf 85' lang='lat'><strong>»</strong></span> 
     </span>
    </p>
   </div>
   <div class='ocr_carea' id='block_1_16' title="bbox 272 1587 1902 1674">
    <p class='ocr_par' dir='ltr' id='par_1_16' title="bbox 272 1587 1902 1674">
     <span class='ocr_line' id='line_1_16' title="bbox 272 1587 1902 1674; baseline -0.02 -1"><span class='ocrx_word' id='word_1_97' title='bbox 272 1617 453 1672; x_wconf 86' lang='lat' dir='ltr'>fuisse</span> <span class='ocrx_word' id='word_1_98' title='bbox 483 1587 714 1674; x_wconf 76' lang='lat' dir='ltr'>dicitur,</span> <span class='ocrx_word' id='word_1_99' title='bbox 749 1629 775 1656; x_wconf 73' lang='grc' dir='ltr'>α</span> <span class='ocrx_word' id='word_1_100' title='bbox 809 1609 864 1660; x_wconf 89' lang='lat' dir='ltr'>et</span> <span class='ocrx_word' id='word_1_101' title='bbox 891 1598 1242 1658; x_wconf 84' lang='lat' dir='ltr'>sacriﬁcium</span> <span class='ocrx_word' id='word_1_102' title='bbox 1289 1609 1510 1658; x_wconf 89' lang='lat' dir='ltr'>eorum,</span> <span class='ocrx_word' id='word_1_103' title='bbox 1539 1589 1759 1646; x_wconf 89' lang='lat' dir='ltr'>scilicet</span> <span class='ocrx_word' id='word_1_104' title='bbox 1789 1587 1902 1642; x_wconf 87' lang='lat' dir='ltr'>fer-</span> 
     </span>
    </p>
   </div>
   <div class='ocr_carea' id='block_1_17' title="bbox 273 1675 1902 1764">
    <p class='ocr_par' dir='ltr' id='par_1_17' title="bbox 273 1675 1902 1764">
     <span class='ocr_line' id='line_1_17' title="bbox 273 1675 1902 1764; baseline -0.021 -3"><span class='ocrx_word' id='word_1_105' title='bbox 273 1703 622 1764; x_wconf 88' lang='lat' dir='ltr'>mentatum,</span> <span class='ocrx_word' id='word_1_106' title='bbox 655 1711 786 1750; x_wconf 89' lang='lat' dir='ltr'>cum</span> <span class='ocrx_word' id='word_1_107' title='bbox 809 1695 1004 1747; x_wconf 89' lang='lat' dir='ltr'>nostra</span> <span class='ocrx_word' id='word_1_108' title='bbox 1027 1701 1224 1758; x_wconf 84' lang='lat' dir='ltr'>azyma</span> <span class='ocrx_word' id='word_1_109' title='bbox 1245 1684 1304 1738; x_wconf 90' lang='lat' dir='ltr'>in</span> <span class='ocrx_word' id='word_1_110' title='bbox 1326 1677 1715 1738; x_wconf 86' lang='lat' dir='ltr'>celeberrimis</span> <span class='ocrx_word' id='word_1_111' title='bbox 1742 1675 1902 1732; x_wconf 79' lang='lat' dir='ltr'>festi-</span> 
     </span>
    </p>
   </div>
   <div class='ocr_carea' id='block_1_18' title="bbox 272 1765 1902 1853">
    <p class='ocr_par' dir='ltr' id='par_1_18' title="bbox 272 1765 1902 1853">
     <span class='ocr_line' id='line_1_18' title="bbox 272 1765 1902 1853; baseline -0.019 -5"><span class='ocrx_word' id='word_1_112' title='bbox 272 1790 572 1853; x_wconf 89' lang='lat' dir='ltr'>vitatibus,</span> <span class='ocrx_word' id='word_1_113' title='bbox 630 1781 879 1840; x_wconf 84' lang='lat' dir='ltr'>maxime</span> <span class='ocrx_word' id='word_1_114' title='bbox 929 1779 988 1833; x_wconf 90' lang='lat' dir='ltr'>in</span> <span class='ocrx_word' id='word_1_115' title='bbox 1019 1771 1438 1830; x_wconf 85' lang='lat' dir='ltr'>resurrectione</span> <span class='ocrx_word' id='word_1_116' title='bbox 1465 1766 1699 1824; x_wconf 87' lang='lat' dir='ltr'>Domini</span> <span class='ocrx_word' id='word_1_117' title='bbox 1730 1765 1902 1819; x_wconf 87' lang='lat' dir='ltr'>bene-</span> 
     </span>
    </p>
   </div>
   <div class='ocr_carea' id='block_1_19' title="bbox 1997 602 3730 690">
    <p class='ocr_par' dir='ltr' id='par_1_19' title="bbox 1997 602 3730 690">
     <span class='ocr_line' id='line_1_19' title="bbox 1997 602 3730 690; baseline -0.01 -16"><span class='ocrx_word' id='word_1_118' title='bbox 1997 619 2054 674; x_wconf 92' lang='lat' dir='ltr'>id</span> <span class='ocrx_word' id='word_1_119' title='bbox 2073 623 2160 674; x_wconf 88' lang='lat' dir='ltr'>est</span> <span class='ocrx_word' id='word_1_120' title='bbox 2191 602 2300 675; x_wconf 89' lang='lat' dir='ltr'>sub</span> <span class='ocrx_word' id='word_1_121' title='bbox 2322 602 2496 676; x_wconf 80' lang='lat' dir='ltr'>finem</span> <span class='ocrx_word' id='word_1_122' title='bbox 2521 617 2716 675; x_wconf 67' lang='lat' dir='ltr'>saeculi</span> <span class='ocrx_word' id='word_1_123' title='bbox 2745 618 2905 690; x_wconf 85' lang='lat' dir='ltr'>(nam</span> <span class='ocrx_word' id='word_1_124' title='bbox 2921 605 3180 672; x_wconf 84' lang='lat' dir='ltr'>Justino</span> <span class='ocrx_word' id='word_1_125' title='bbox 3204 605 3516 667; x_wconf 85' lang='lat' dir='ltr'>secunda</span> <span class='ocrx_word' id='word_1_126' title='bbox 3538 602 3730 675; x_wconf 81' lang='lat' dir='ltr'>impe-</span> 
     </span>
    </p>
   </div>
   <div class='ocr_carea' id='block_1_20' title="bbox 1997 693 3730 778">
    <p class='ocr_par' dir='ltr' id='par_1_20' title="bbox 1997 693 3730 778">
     <span class='ocr_line' id='line_1_20' title="bbox 1997 693 3730 778; baseline -0.009 -16"><span class='ocrx_word' id='word_1_127' title='bbox 1997 712 2161 764; x_wconf 89' lang='lat' dir='ltr'>rante</span> <span class='ocrx_word' id='word_1_128' title='bbox 2191 707 2504 778; x_wconf 89' lang='lat' dir='ltr'>scribebat)</span> <span class='ocrx_word' id='word_1_129' title='bbox 2535 705 2804 763; x_wconf 86' lang='lat' dir='ltr'>fermenti</span> <span class='ocrx_word' id='word_1_130' title='bbox 2827 720 2974 760; x_wconf 89' lang='lat' dir='ltr'>usus</span> <span class='ocrx_word' id='word_1_131' title='bbox 2995 705 3143 759; x_wconf 85' lang='lat' dir='ltr'>ante</span> <span class='ocrx_word' id='word_1_132' title='bbox 3163 693 3577 756; x_wconf 85' lang='lat' dir='ltr'>memoriam</span> <span class='ocrx_word' id='word_1_133' title='bbox 3601 707 3730 748; x_wconf 88' lang='lat' dir='ltr'>om-</span> 
     </span>
    </p>
   </div>
   <div class='ocr_carea' id='block_1_21' title="bbox 1999 793 2951 868">
    <p class='ocr_par' dir='ltr' id='par_1_21' title="bbox 1999 793 2951 868">
     <span class='ocr_line' id='line_1_21' title="bbox 1999 793 2951 868; baseline -0.004 -16"><span class='ocrx_word' id='word_1_134' title='bbox 1999 813 2132 852; x_wconf 88' lang='lat' dir='ltr'>nem</span> <span class='ocrx_word' id='word_1_135' title='bbox 2164 797 2317 868; x_wconf 90' lang='lat' dir='ltr'>apud</span> <span class='ocrx_word' id='word_1_136' title='bbox 2349 797 2576 852; x_wconf 81' lang='lat' dir='ltr'>Graecos</span> <span class='ocrx_word' id='word_1_137' title='bbox 2607 793 2951 849; x_wconf 87' lang='lat' dir='ltr'>invaluerat.</span> 
     </span>
    </p>
   </div>
   <div class='ocr_carea' id='block_1_22' title="bbox 2071 867 3730 956">
    <p class='ocr_par' dir='ltr' id='par_1_22' title="bbox 2071 867 3730 956">
     <span class='ocr_line' id='line_1_22' title="bbox 2071 867 3730 956; baseline -0.009 -18"><span class='ocrx_word' id='word_1_138' title='bbox 2071 867 2216 938; x_wconf 83' lang='lat' dir='ltr'>Hinc</span> <span class='ocrx_word' id='word_1_139' title='bbox 2246 888 2334 938; x_wconf 90' lang='lat' dir='ltr'>est</span> <span class='ocrx_word' id='word_1_140' title='bbox 2363 883 2516 956; x_wconf 90' lang='lat' dir='ltr'>quod</span> <span class='ocrx_word' id='word_1_141' title='bbox 2550 882 2740 938; x_wconf 81' lang='lat' dir='ltr'>Latini</span> <span class='ocrx_word' id='word_1_142' title='bbox 2769 884 2968 938; x_wconf 80' lang='lat' dir='ltr'>exorta</span> <span class='ocrx_word' id='word_1_143' title='bbox 2999 877 3367 935; x_wconf 81' lang='lat' dir='ltr'>schismate</span> <span class='ocrx_word' id='word_1_144' title='bbox 3400 867 3730 928; x_wconf 71' lang='lat' dir='ltr'>Michaelis</span> 
     </span>
    </p>
   </div>
   <div class='ocr_carea' id='block_1_23' title="bbox 2000 959 3733 1042">
    <p class='ocr_par' dir='ltr' id='par_1_23' title="bbox 2000 959 3733 1042">
     <span class='ocr_line' id='line_1_23' title="bbox 2000 959 3733 1042; baseline -0.008 -14"><span class='ocrx_word' id='word_1_145' title='bbox 2000 972 2300 1038; x_wconf 87' lang='lat' dir='ltr'>Cerularii,</span> <span class='ocrx_word' id='word_1_146' title='bbox 2359 987 2493 1027; x_wconf 90' lang='lat' dir='ltr'>cum</span> <span class='ocrx_word' id='word_1_147' title='bbox 2545 987 2816 1042; x_wconf 88' lang='lat' dir='ltr'>azymum</span> <span class='ocrx_word' id='word_1_148' title='bbox 2869 983 3089 1041; x_wconf 82' lang='lat' dir='ltr'>panem</span> <span class='ocrx_word' id='word_1_149' title='bbox 3153 963 3572 1022; x_wconf 77' lang='lat' dir='ltr'>fermentata</span> <span class='ocrx_word' id='word_1_150' title='bbox 3595 959 3733 1030; x_wconf 83' lang='lat' dir='ltr'>jure</span> 
     </span>
    </p>
   </div>
   <div class='ocr_carea' id='block_1_24' title="bbox 2001 1046 3730 1132">
    <p class='ocr_par' dir='ltr' id='par_1_24' title="bbox 2001 1046 3730 1132">
     <span class='ocr_line' id='line_1_24' title="bbox 2001 1046 3730 1132; baseline -0.008 -18"><span class='ocrx_word' id='word_1_151' title='bbox 2001 1061 2256 1132; x_wconf 77' lang='lat' dir='ltr'>praeferri</span> <span class='ocrx_word' id='word_1_152' title='bbox 2288 1075 2459 1132; x_wconf 86' lang='lat' dir='ltr'>posse</span> <span class='ocrx_word' id='word_1_153' title='bbox 2507 1059 2950 1125; x_wconf 85' lang='lat' dir='ltr'>contenderent,</span> <span class='ocrx_word' id='word_1_154' title='bbox 3012 1068 3352 1126; x_wconf 81' lang='lat' dir='ltr'>nusquam</span> <span class='ocrx_word' id='word_1_155' title='bbox 3401 1054 3626 1104; x_wconf 76' lang='lat' dir='ltr'>tamen</span> <span class='ocrx_word' id='word_1_156' title='bbox 3657 1046 3730 1118; x_wconf 86' lang='lat' dir='ltr'>(si</span> 
     </span>
    </p>
   </div>
   <div class='ocr_carea' id='block_1_25' title="bbox 2003 1133 3730 1216">
    <p class='ocr_par' dir='ltr' id='par_1_25' title="bbox 2003 1133 3730 1216">
     <span class='ocr_line' id='line_1_25' title="bbox 2003 1133 3730 1216; baseline -0.008 -13"><span class='ocrx_word' id='word_1_157' title='bbox 2003 1149 2147 1204; x_wconf 87' lang='lat' dir='ltr'>bene</span> <span class='ocrx_word' id='word_1_158' title='bbox 2177 1147 2440 1216; x_wconf 88' lang='lat' dir='ltr'>memini)</span> <span class='ocrx_word' id='word_1_159' title='bbox 2469 1150 2696 1202; x_wconf 69' lang='lat' dir='ltr'>Graecos</span> <span class='ocrx_word' id='word_1_160' title='bbox 2724 1145 2998 1202; x_wconf 73' lang='lat' dir='ltr'>admissis</span> <span class='ocrx_word' id='word_1_161' title='bbox 3029 1139 3352 1200; x_wconf 75' lang='lat' dir='ltr'>novitatis</span> <span class='ocrx_word' id='word_1_162' title='bbox 3389 1133 3730 1194; x_wconf 82' lang='lat' dir='ltr'>insimula-</span> 
     </span>
    </p>
   </div>
   <div class='ocr_carea' id='block_1_26' title="bbox 2003 1229 3728 1306">
    <p class='ocr_par' dir='ltr' id='par_1_26' title="bbox 2003 1229 3728 1306">
     <span class='ocr_line' id='line_1_26' title="bbox 2003 1229 3728 1306; baseline -0.008 -14"><span class='ocrx_word' id='word_1_163' title='bbox 2003 1240 2159 1302; x_wconf 90' lang='lat' dir='ltr'>runt,</span> <span class='ocrx_word' id='word_1_164' title='bbox 2191 1236 2358 1306; x_wconf 90' lang='lat' dir='ltr'>quasi</span> <span class='ocrx_word' id='word_1_165' title='bbox 2389 1239 2616 1306; x_wconf 89' lang='lat' dir='ltr'>recepto</span> <span class='ocrx_word' id='word_1_166' title='bbox 2646 1234 2944 1306; x_wconf 90' lang='lat' dir='ltr'>quondam</span> <span class='ocrx_word' id='word_1_167' title='bbox 2973 1247 3194 1304; x_wconf 85' lang='lat' dir='ltr'>azyma</span> <span class='ocrx_word' id='word_1_168' title='bbox 3249 1229 3728 1285; x_wconf 85' lang='lat' dir='ltr'>fermentatum</span> 
     </span>
    </p>
   </div>
   <div class='ocr_carea' id='block_1_27' title="bbox 2004 1313 3732 1397">
    <p class='ocr_par' dir='ltr' id='par_1_27' title="bbox 2004 1313 3732 1397">
     <span class='ocr_line' id='line_1_27' title="bbox 2004 1313 3732 1397; baseline -0.006 -18"><span class='ocrx_word' id='word_1_169' title='bbox 2004 1329 2207 1397; x_wconf 88' lang='lat' dir='ltr'>postea</span> <span class='ocrx_word' id='word_1_170' title='bbox 2231 1323 2585 1379; x_wconf 85' lang='lat' dir='ltr'>induxerint.</span> <span class='ocrx_word' id='word_1_171' title='bbox 2617 1323 2779 1389; x_wconf 88' lang='lat' dir='ltr'>Quod</span> <span class='ocrx_word' id='word_1_172' title='bbox 2810 1323 3168 1394; x_wconf 86' lang='lat' dir='ltr'>argumenta</span> <span class='ocrx_word' id='word_1_173' title='bbox 3200 1321 3314 1375; x_wconf 84' lang='lat' dir='ltr'>est</span> <span class='ocrx_word' id='word_1_174' title='bbox 3365 1315 3642 1374; x_wconf 86' lang='lat' dir='ltr'>Latinos</span> <span class='ocrx_word' id='word_1_175' title='bbox 3671 1313 3732 1368; x_wconf 88' lang='lat' dir='ltr'>in</span> 
     </span>
    </p>
   </div>
   <div class='ocr_carea' id='block_1_28' title="bbox 2005 1403 3733 1484">
    <p class='ocr_par' dir='ltr' id='par_1_28' title="bbox 2005 1403 3733 1484">
     <span class='ocr_line' id='line_1_28' title="bbox 2005 1403 3733 1484; baseline -0.006 -15"><span class='ocrx_word' id='word_1_176' title='bbox 2005 1429 2073 1469; x_wconf 87' lang='lat' dir='ltr'>ea</span> <span class='ocrx_word' id='word_1_177' title='bbox 2100 1413 2282 1468; x_wconf 81' lang='lat' dir='ltr'>fuisse</span> <span class='ocrx_word' id='word_1_178' title='bbox 2309 1411 2706 1484; x_wconf 79' lang='lat' dir='ltr'>persuasione,</span> <span class='ocrx_word' id='word_1_179' title='bbox 2726 1412 3059 1466; x_wconf 73' lang='lat' dir='ltr'>Graacorum</span> <span class='ocrx_word' id='word_1_180' title='bbox 3092 1408 3518 1465; x_wconf 78' lang='lat' dir='ltr'>fermentum</span> <span class='ocrx_word' id='word_1_181' title='bbox 3542 1420 3582 1460; x_wconf 88' lang='lat' dir='ltr'>a</span> <span class='ocrx_word' id='word_1_182' title='bbox 3613 1403 3733 1476; x_wconf 84' lang='lat' dir='ltr'>pri-</span> 
     </span>
    </p>
   </div>
   <div class='ocr_carea' id='block_1_29' title="bbox 2008 1494 3736 1572">
    <p class='ocr_par' dir='ltr' id='par_1_29' title="bbox 2008 1494 3736 1572">
     <span class='ocr_line' id='line_1_29' title="bbox 2008 1494 3736 1572; baseline -0.004 -17"><span class='ocrx_word' id='word_1_183' title='bbox 2008 1501 2121 1556; x_wconf 89' lang='lat' dir='ltr'>mis</span> <span class='ocrx_word' id='word_1_184' title='bbox 2145 1500 2508 1572; x_wconf 88' lang='lat' dir='ltr'>temporibus</span> <span class='ocrx_word' id='word_1_185' title='bbox 2529 1497 3155 1569; x_wconf 86' lang='lat' dir='ltr'>obtinuisse.Denique</span> <span class='ocrx_word' id='word_1_186' title='bbox 3168 1494 3736 1551; x_wconf 83' lang='lat' dir='ltr'>Humbertuscar-</span> 
     </span>
    </p>
   </div>
   <div class='ocr_carea' id='block_1_30' title="bbox 2008 1581 3732 1659">
    <p class='ocr_par' dir='ltr' id='par_1_30' title="bbox 2008 1581 3732 1659">
     <span class='ocr_line' id='line_1_30' title="bbox 2008 1581 3732 1659; baseline -0.005 -15"><span class='ocrx_word' id='word_1_187' title='bbox 2008 1588 2241 1655; x_wconf 90' lang='lat' dir='ltr'>dinalis,</span> <span class='ocrx_word' id='word_1_188' title='bbox 2273 1589 2332 1644; x_wconf 91' lang='lat' dir='ltr'>in</span> <span class='ocrx_word' id='word_1_189' title='bbox 2365 1587 2746 1659; x_wconf 87' lang='lat' dir='ltr'>responsione</span> <span class='ocrx_word' id='word_1_190' title='bbox 2775 1586 2845 1642; x_wconf 88' lang='lat' dir='ltr'>ad</span> <span class='ocrx_word' id='word_1_191' title='bbox 2877 1585 3173 1651; x_wconf 87' lang='lat' dir='ltr'>Nicstam,</span> <span class='ocrx_word' id='word_1_192' title='bbox 3219 1586 3469 1656; x_wconf 85' lang='lat' dir='ltr'>aperte</span> <span class='ocrx_word' id='word_1_193' title='bbox 3500 1581 3732 1646; x_wconf 80' lang='lat' dir='ltr'>innuit,</span> 
     </span>
    </p>
   </div>
   <div class='ocr_carea' id='block_1_31' title="bbox 2005 1669 3733 1749">
    <p class='ocr_par' dir='ltr' id='par_1_31' title="bbox 2005 1669 3733 1749">
     <span class='ocr_line' id='line_1_31' title="bbox 2005 1669 3733 1749; baseline -0.004 -17"><span class='ocrx_word' id='word_1_194' title='bbox 2005 1681 2268 1749; x_wconf 88' lang='lat' dir='ltr'>tempore</span> <span class='ocrx_word' id='word_1_195' title='bbox 2325 1679 2500 1732; x_wconf 64' lang='lat' dir='ltr'>sextae</span> <span class='ocrx_word' id='word_1_196' title='bbox 2557 1675 2784 1748; x_wconf 83' lang='lat' dir='ltr'>synodi,</span> <span class='ocrx_word' id='word_1_197' title='bbox 2841 1674 2900 1730; x_wconf 85' lang='lat' dir='ltr'>id</span> <span class='ocrx_word' id='word_1_198' title='bbox 2929 1676 3024 1729; x_wconf 88' lang='lat' dir='ltr'>est</span> <span class='ocrx_word' id='word_1_199' title='bbox 3079 1672 3203 1728; x_wconf 84' lang='lat' dir='ltr'>sub</span> <span class='ocrx_word' id='word_1_200' title='bbox 3258 1671 3483 1727; x_wconf 78' lang='lat' dir='ltr'>ﬁnem</span> <span class='ocrx_word' id='word_1_201' title='bbox 3521 1669 3733 1727; x_wconf 71' lang='lat' dir='ltr'>seculi</span> 
     </span>
    </p>
   </div>
   <div class='ocr_carea' id='block_1_32' title="bbox 2011 1758 3737 1838">
    <p class='ocr_par' dir='ltr' id='par_1_32' title="bbox 2011 1758 3737 1838">
     <span class='ocr_line' id='line_1_32' title="bbox 2011 1758 3737 1838; baseline -0.004 -17"><span class='ocrx_word' id='word_1_202' title='bbox 2011 1764 2398 1838; x_wconf 68' lang='lat' dir='ltr'>septimi,quaa</span> <span class='ocrx_word' id='word_1_203' title='bbox 2417 1779 2572 1819; x_wconf 89' lang='lat' dir='ltr'>anno</span> <span class='ocrx_word' id='word_1_204' title='bbox 2599 1764 2708 1820; x_wconf 85' lang='lat'>680</span> <span class='ocrx_word' id='word_1_205' title='bbox 2737 1761 2940 1818; x_wconf 84' lang='lat' dir='ltr'>habita</span> <span class='ocrx_word' id='word_1_206' title='bbox 2969 1765 3079 1830; x_wconf 87' lang='lat' dir='ltr'>est,</span> <span class='ocrx_word' id='word_1_207' title='bbox 3114 1759 3389 1816; x_wconf 68' lang='lat' dir='ltr'>Graecos</span> <span class='ocrx_word' id='word_1_208' title='bbox 3423 1758 3560 1816; x_wconf 82' lang='lat' dir='ltr'>alio</span> <span class='ocrx_word' id='word_1_209' title='bbox 3583 1775 3737 1832; x_wconf 86' lang='lat' dir='ltr'>pane</span> 
     </span>
    </p>
   </div>
   <div class='ocr_carea' id='block_1_33' title="bbox 277 1845 3739 1948">
    <p class='ocr_par' dir='ltr' id='par_1_33' title="bbox 277 1845 3739 1948">
     <span class='ocr_line' id='line_1_33' title="bbox 277 1845 3739 1948; baseline -0.009 -12"><span class='ocrx_word' id='word_1_210' title='bbox 277 1879 510 1936; x_wconf 86' lang='lat' dir='ltr'>dixisse.</span> <span class='ocrx_word' id='word_1_211' title='bbox 533 1897 560 1924; x_wconf 89' lang='grc'><strong>››</strong></span> <span class='ocrx_word' id='word_1_212' title='bbox 577 1873 635 1930; x_wconf 91' lang='lat' dir='ltr'>Si</span> <span class='ocrx_word' id='word_1_213' title='bbox 653 1887 781 1926; x_wconf 88' lang='lat' dir='ltr'>vero</span> <span class='ocrx_word' id='word_1_214' title='bbox 802 1862 1128 1924; x_wconf 84' lang='lat' dir='ltr'>fermentati</span> <span class='ocrx_word' id='word_1_215' title='bbox 1147 1860 1313 1933; x_wconf 91' lang='lat' dir='ltr'>panis</span> <span class='ocrx_word' id='word_1_216' title='bbox 1335 1874 1477 1913; x_wconf 90' lang='lat' dir='ltr'>usus</span> <span class='ocrx_word' id='word_1_217' title='bbox 1500 1855 1654 1928; x_wconf 89' lang='lat' dir='ltr'>apud</span> <span class='ocrx_word' id='word_1_218' title='bbox 1673 1854 1900 1909; x_wconf 70' lang='lat' dir='ltr'>Graecos</span> <span class='ocrx_word' id='word_1_219' title='bbox 1928 1883 1978 1948; x_wconf 83' lang='lat' dir='ltr'><strong>B</strong></span> <span class='ocrx_word' id='word_1_220' title='bbox 2011 1869 2148 1909; x_wconf 90' lang='lat' dir='ltr'>usas</span> <span class='ocrx_word' id='word_1_221' title='bbox 2179 1852 2360 1908; x_wconf 89' lang='lat' dir='ltr'>fuisse</span> <span class='ocrx_word' id='word_1_222' title='bbox 2389 1868 2564 1923; x_wconf 87' lang='lat' dir='ltr'>quam</span> <span class='ocrx_word' id='word_1_223' title='bbox 2589 1850 2847 1916; x_wconf 90' lang='lat' dir='ltr'>Latinos,</span> <span class='ocrx_word' id='word_1_224' title='bbox 2871 1865 2937 1905; x_wconf 86' lang='lat' dir='ltr'>ac</span> <span class='ocrx_word' id='word_1_225' title='bbox 2956 1849 3250 1906; x_wconf 63' lang='lat' dir='ltr'>Romanas</span> <span class='ocrx_word' id='word_1_226' title='bbox 3277 1847 3474 1904; x_wconf 82' lang='lat' dir='ltr'>sedis</span> <span class='ocrx_word' id='word_1_227' title='bbox 3497 1845 3739 1920; x_wconf 76' lang='lat' dir='ltr'>legatos</span> 
     </span>
    </p>
   </div>
   <div class='ocr_carea' id='block_1_34' title="bbox 275 1946 1900 2036">
    <p class='ocr_par' dir='ltr' id='par_1_34' title="bbox 275 1946 1900 2036">
     <span class='ocr_line' id='line_1_34' title="bbox 275 1946 1900 2036; baseline -0.019 -12"><span class='ocrx_word' id='word_1_228' title='bbox 275 1967 541 2036; x_wconf 87' lang='lat' dir='ltr'>receptus</span> <span class='ocrx_word' id='word_1_229' title='bbox 587 1963 710 2017; x_wconf 91' lang='lat' dir='ltr'>erat</span> <span class='ocrx_word' id='word_1_230' title='bbox 727 1953 1020 2012; x_wconf 87' lang='lat' dir='ltr'>Ambrosii</span> <span class='ocrx_word' id='word_1_231' title='bbox 1041 1954 1228 2013; x_wconf 85' lang='lat' dir='ltr'>aetate,</span> <span class='ocrx_word' id='word_1_232' title='bbox 1262 1947 1494 2002; x_wconf 89' lang='lat' dir='ltr'>credere</span> <span class='ocrx_word' id='word_1_233' title='bbox 1522 1961 1628 2014; x_wconf 89' lang='lat' dir='ltr'>par</span> <span class='ocrx_word' id='word_1_234' title='bbox 1655 1946 1744 1996; x_wconf 90' lang='lat' dir='ltr'>est</span> <span class='ocrx_word' id='word_1_235' title='bbox 1771 1957 1900 1995; x_wconf 88' lang='lat' dir='ltr'>mo-</span> 
     </span>
    </p>
   </div>
   <div class='ocr_carea' id='block_1_35' title="bbox 276 2027 1908 2120">
    <p class='ocr_par' dir='ltr' id='par_1_35' title="bbox 276 2027 1908 2120">
     <span class='ocr_line' id='line_1_35' title="bbox 276 2027 1908 2120; baseline -0.019 -9"><span class='ocrx_word' id='word_1_236' title='bbox 276 2070 398 2111; x_wconf 89' lang='lat' dir='ltr'>rem</span> <span class='ocrx_word' id='word_1_237' title='bbox 408 2027 570 2107; x_wconf 80' lang='lat' dir='ltr'>hunc</span> <span class='ocrx_word' id='word_1_238' title='bbox 582 2065 649 2104; x_wconf 85' lang='lat' dir='ltr'>ex</span> <span class='ocrx_word' id='word_1_239' title='bbox 663 2041 940 2120; x_wconf 89' lang='lat' dir='ltr'>primaria</span> <span class='ocrx_word' id='word_1_240' title='bbox 949 2044 1279 2095; x_wconf 67' lang='lat' dir='ltr'>Graecorum</span> <span class='ocrx_word' id='word_1_241' title='bbox 1293 2031 1552 2089; x_wconf 87' lang='lat' dir='ltr'>Ecclesia</span> <span class='ocrx_word' id='word_1_242' title='bbox 1575 2027 1908 2085; x_wconf 87' lang='lat' dir='ltr'>descendis-</span> 
     </span>
    </p>
   </div>
   <div class='ocr_carea' id='block_1_36' title="bbox 277 2115 1908 2211">
    <p class='ocr_par' dir='ltr' id='par_1_36' title="bbox 277 2115 1908 2211">
     <span class='ocr_line' id='line_1_36' title="bbox 277 2115 1908 2211; baseline -0.019 -12"><span class='ocrx_word' id='word_1_243' title='bbox 277 2143 436 2200; x_wconf 89' lang='lat' dir='ltr'>se.At</span> <span class='ocrx_word' id='word_1_244' title='bbox 447 2115 721 2211; x_wconf 79' lang='lat' dir='ltr'>quoniam</span> <span class='ocrx_word' id='word_1_245' title='bbox 735 2135 805 2190; x_wconf 91' lang='lat' dir='ltr'>de</span> <span class='ocrx_word' id='word_1_246' title='bbox 818 2128 997 2198; x_wconf 85' lang='lat' dir='ltr'>hujus</span> <span class='ocrx_word' id='word_1_247' title='bbox 1009 2127 1085 2180; x_wconf 90' lang='lat' dir='ltr'>Ch</span> <span class='ocrx_word' id='word_1_248' title='bbox 1094 2122 1273 2180; x_wconf 92' lang='lat' dir='ltr'>ronici</span> <span class='ocrx_word' id='word_1_249' title='bbox 1287 2119 1626 2176; x_wconf 89' lang='lat' dir='ltr'>auctoritate</span> <span class='ocrx_word' id='word_1_250' title='bbox 1639 2115 1908 2171; x_wconf 90' lang='lat' dir='ltr'>dubitant</span> 
     </span>
    </p>
   </div>
   <div class='ocr_carea' id='block_1_37' title="bbox 277 2202 1907 2296">
    <p class='ocr_par' dir='ltr' id='par_1_37' title="bbox 277 2202 1907 2296">
     <span class='ocr_line' id='line_1_37' title="bbox 277 2202 1907 2296; baseline -0.02 -9"><span class='ocrx_word' id='word_1_251' title='bbox 277 2202 564 2294; x_wconf 75' lang='lat' dir='ltr'>nonnulli,</span> <span class='ocrx_word' id='word_1_252' title='bbox 599 2223 812 2296; x_wconf 89' lang='lat' dir='ltr'>quibus</span> <span class='ocrx_word' id='word_1_253' title='bbox 870 2211 1306 2286; x_wconf 89' lang='lat' dir='ltr'>supposititium</span> <span class='ocrx_word' id='word_1_254' title='bbox 1353 2211 1412 2264; x_wconf 88' lang='lat' dir='ltr'>et</span> <span class='ocrx_word' id='word_1_255' title='bbox 1441 2204 1774 2262; x_wconf 87' lang='lat' dir='ltr'>recentioris</span> <span class='ocrx_word' id='word_1_256' title='bbox 1805 2202 1907 2257; x_wconf 81' lang='lat' dir='ltr'>aevi</span> 
     </span>
    </p>
   </div>
   <div class='ocr_carea' id='block_1_38' title="bbox 278 2293 1909 2377">
    <p class='ocr_par' dir='ltr' id='par_1_38' title="bbox 278 2293 1909 2377">
     <span class='ocr_line' id='line_1_38' title="bbox 278 2293 1909 2377; baseline -0.02 -2"><span class='ocrx_word' id='word_1_257' title='bbox 278 2335 406 2376; x_wconf 89' lang='lat' dir='ltr'>esse</span> <span class='ocrx_word' id='word_1_258' title='bbox 429 2293 748 2377; x_wconf 74' lang='lat' dir='ltr'>videtur,de</span> <span class='ocrx_word' id='word_1_259' title='bbox 769 2323 834 2362; x_wconf 90' lang='lat' dir='ltr'>eo</span> <span class='ocrx_word' id='word_1_260' title='bbox 857 2301 1112 2374; x_wconf 87' lang='lat' dir='ltr'>amplius</span> <span class='ocrx_word' id='word_1_261' title='bbox 1131 2299 1193 2353; x_wconf 91' lang='lat' dir='ltr'>in</span> <span class='ocrx_word' id='word_1_262' title='bbox 1215 2293 1703 2366; x_wconf 83' lang='lat' dir='ltr'>consequentibus</span> <span class='ocrx_word' id='word_1_263' title='bbox 1732 2307 1909 2362; x_wconf 86' lang='lat' dir='ltr'>agen-</span> 
     </span>
    </p>
   </div>
   <div class='ocr_carea' id='block_1_39' title="bbox 280 2378 1908 2462">
    <p class='ocr_par' dir='ltr' id='par_1_39' title="bbox 280 2378 1908 2462">
     <span class='ocr_line' id='line_1_39' title="bbox 280 2378 1908 2462; baseline -0.017 0"><span class='ocrx_word' id='word_1_264' title='bbox 280 2408 442 2462; x_wconf 90' lang='lat' dir='ltr'>dum.</span> <span class='ocrx_word' id='word_1_265' title='bbox 478 2399 712 2456; x_wconf 88' lang='lat' dir='ltr'>Interim</span> <span class='ocrx_word' id='word_1_266' title='bbox 737 2400 874 2450; x_wconf 90' lang='lat' dir='ltr'>nota</span> <span class='ocrx_word' id='word_1_267' title='bbox 905 2388 1225 2447; x_wconf 88' lang='lat' dir='ltr'>Chronicon</span> <span class='ocrx_word' id='word_1_268' title='bbox 1246 2385 1424 2451; x_wconf 89' lang='lat' dir='ltr'>istud,</span> <span class='ocrx_word' id='word_1_269' title='bbox 1445 2383 1549 2438; x_wconf 87' lang='lat' dir='ltr'>etsi</span> <span class='ocrx_word' id='word_1_270' title='bbox 1575 2378 1908 2436; x_wconf 88' lang='lat' dir='ltr'>recentiaris</span> 
     </span>
    </p>
   </div>
   <div class='ocr_carea' id='block_1_40' title="bbox 279 2470 1911 2551">
    <p class='ocr_par' dir='ltr' id='par_1_40' title="bbox 279 2470 1911 2551">
     <span class='ocr_line' id='line_1_40' title="bbox 279 2470 1911 2551; baseline -0.018 -1"><span class='ocrx_word' id='word_1_271' title='bbox 279 2494 359 2551; x_wconf 87' lang='lat' dir='ltr'>sit</span> <span class='ocrx_word' id='word_1_272' title='bbox 385 2488 659 2551; x_wconf 84' lang='lat' dir='ltr'>auctoris,</span> <span class='ocrx_word' id='word_1_273' title='bbox 711 2500 824 2538; x_wconf 91' lang='lat' dir='ltr'>non</span> <span class='ocrx_word' id='word_1_274' title='bbox 874 2485 1067 2534; x_wconf 85' lang='lat' dir='ltr'>tamen</span> <span class='ocrx_word' id='word_1_275' title='bbox 1098 2477 1374 2532; x_wconf 90' lang='lat' dir='ltr'>continuo</span> <span class='ocrx_word' id='word_1_276' title='bbox 1413 2470 1726 2541; x_wconf 87' lang='lat' dir='ltr'>rejicienda</span> <span class='ocrx_word' id='word_1_277' title='bbox 1783 2482 1911 2522; x_wconf 88' lang='lat' dir='ltr'>esse</span> 
     </span>
    </p>
   </div>
   <div class='ocr_carea' id='block_1_41' title="bbox 282 2556 1910 2654">
    <p class='ocr_par' dir='ltr' id='par_1_41' title="bbox 282 2556 1910 2654">
     <span class='ocr_line' id='line_1_41' title="bbox 282 2556 1910 2654; baseline -0.017 -17"><span class='ocrx_word' id='word_1_278' title='bbox 282 2591 643 2654; x_wconf 73' lang='lat' dir='ltr'>quaecunque</span> <span class='ocrx_word' id='word_1_279' title='bbox 663 2575 724 2627; x_wconf 93' lang='lat' dir='ltr'>in</span> <span class='ocrx_word' id='word_1_280' title='bbox 745 2587 810 2626; x_wconf 92' lang='lat' dir='ltr'>eo</span> <span class='ocrx_word' id='word_1_281' title='bbox 829 2561 1380 2639; x_wconf 84' lang='lat' dir='ltr'>leguntur,maxims</span> <span class='ocrx_word' id='word_1_282' title='bbox 1398 2557 1720 2630; x_wconf 81' lang='lat' dir='ltr'>singularia</span> <span class='ocrx_word' id='word_1_283' title='bbox 1739 2556 1910 2619; x_wconf 81' lang='lat' dir='ltr'>facta,</span> 
     </span>
    </p>
   </div>
   <div class='ocr_carea' id='block_1_42' title="bbox 283 2643 1912 2742">
    <p class='ocr_par' dir='ltr' id='par_1_42' title="bbox 283 2643 1912 2742">
     <span class='ocr_line' id='line_1_42' title="bbox 283 2643 1912 2742; baseline -0.018 -17"><span class='ocrx_word' id='word_1_284' title='bbox 283 2643 411 2742; x_wconf 69' lang='lat' dir='ltr'>quae</span> <span class='ocrx_word' id='word_1_285' title='bbox 433 2643 680 2721; x_wconf 45' lang='lat' dir='ltr'>non—nisi</span> <span class='ocrx_word' id='word_1_286' title='bbox 703 2678 770 2714; x_wconf 86' lang='lat' dir='ltr'>ex</span> <span class='ocrx_word' id='word_1_287' title='bbox 790 2653 1216 2726; x_wconf 88' lang='lat' dir='ltr'>antiquioribus</span> <span class='ocrx_word' id='word_1_288' title='bbox 1237 2645 1631 2704; x_wconf 85' lang='lat' dir='ltr'>monumentis</span> <span class='ocrx_word' id='word_1_289' title='bbox 1653 2643 1912 2715; x_wconf 89' lang='lat' dir='ltr'>accipere</span> 
     </span>
    </p>
   </div>
   <div class='ocr_carea' id='block_1_43' title="bbox 283 2742 1322 2831">
    <p class='ocr_par' dir='ltr' id='par_1_43' title="bbox 283 2742 1322 2831">
     <span class='ocr_line' id='line_1_43' title="bbox 283 2742 1322 2831; baseline -0.022 -17"><span class='ocrx_word' id='word_1_290' title='bbox 283 2755 471 2831; x_wconf 89' lang='lat' dir='ltr'>potuit</span> <span class='ocrx_word' id='word_1_291' title='bbox 499 2753 596 2808; x_wconf 87' lang='lat' dir='ltr'>ille</span> <span class='ocrx_word' id='word_1_292' title='bbox 625 2749 955 2821; x_wconf 89' lang='lat' dir='ltr'>quicunque</span> <span class='ocrx_word' id='word_1_293' title='bbox 986 2746 1074 2798; x_wconf 88' lang='lat' dir='ltr'>est</span> <span class='ocrx_word' id='word_1_294' title='bbox 1104 2742 1322 2794; x_wconf 88' lang='lat' dir='ltr'>auctor.</span> 
     </span>
    </p>
   </div>
   <div class='ocr_carea' id='block_1_44' title="bbox 351 2820 1914 2900">
    <p class='ocr_par' dir='ltr' id='par_1_44' title="bbox 351 2820 1914 2900">
     <span class='ocr_line' id='line_1_44' title="bbox 351 2820 1914 2900; baseline -0.017 -2"><span class='ocrx_word' id='word_1_295' title='bbox 351 2845 569 2900; x_wconf 86' lang='lat' dir='ltr'>Verum</span> <span class='ocrx_word' id='word_1_296' title='bbox 615 2820 978 2893; x_wconf 83' lang='lat' dir='ltr'>luculentum</span> <span class='ocrx_word' id='word_1_297' title='bbox 1026 2831 1115 2884; x_wconf 88' lang='lat' dir='ltr'>est</span> <span class='ocrx_word' id='word_1_298' title='bbox 1156 2829 1226 2882; x_wconf 90' lang='lat' dir='ltr'>de</span> <span class='ocrx_word' id='word_1_299' title='bbox 1275 2830 1602 2878; x_wconf 67' lang='lat' dir='ltr'>Grecorum</span> <span class='ocrx_word' id='word_1_300' title='bbox 1635 2820 1914 2874; x_wconf 89' lang='lat' dir='ltr'>fermento</span> 
     </span>
    </p>
   </div>
   <div class='ocr_carea' id='block_1_45' title="bbox 283 2906 1917 2996">
    <p class='ocr_par' dir='ltr' id='par_1_45' title="bbox 283 2906 1917 2996">
     <span class='ocr_line' id='line_1_45' title="bbox 283 2906 1917 2996; baseline -0.018 -6"><span class='ocrx_word' id='word_1_301' title='bbox 283 2931 527 2990; x_wconf 88' lang='lat' dir='ltr'>Joannis</span> <span class='ocrx_word' id='word_1_302' title='bbox 563 2921 870 2996; x_wconf 81' lang='lat' dir='ltr'>PhilOponi</span> <span class='ocrx_word' id='word_1_303' title='bbox 900 2914 1301 2975; x_wconf 85' lang='lat' dir='ltr'>testimonium</span> <span class='ocrx_word' id='word_1_304' title='bbox 1333 2911 1391 2966; x_wconf 92' lang='lat' dir='ltr'>in</span> <span class='ocrx_word' id='word_1_305' title='bbox 1423 2907 1815 2996; x_wconf 83' lang='lat' dir='ltr'>disputatione</span> <span class='ocrx_word' id='word_1_306' title='bbox 1845 2906 1917 2961; x_wconf 90' lang='lat' dir='ltr'>de</span> 
     </span>
    </p>
   </div>
   <div class='ocr_carea' id='block_1_46' title="bbox 285 2995 1918 3082">
    <p class='ocr_par' dir='ltr' id='par_1_46' title="bbox 285 2995 1918 3082">
     <span class='ocr_line' id='line_1_46' title="bbox 285 2995 1918 3082; baseline -0.018 -4"><span class='ocrx_word' id='word_1_307' title='bbox 285 3019 590 3082; x_wconf 87' lang='lat' dir='ltr'>Paschate,</span> <span class='ocrx_word' id='word_1_308' title='bbox 646 3013 708 3068; x_wconf 90' lang='lat' dir='ltr'>in</span> <span class='ocrx_word' id='word_1_309' title='bbox 744 2995 902 3080; x_wconf 87' lang='lat' dir='ltr'>qua,</span> <span class='ocrx_word' id='word_1_310' title='bbox 962 3011 1027 3061; x_wconf 89' lang='lat' dir='ltr'>ut</span> <span class='ocrx_word' id='word_1_311' title='bbox 1074 3005 1201 3074; x_wconf 89' lang='lat' dir='ltr'>jam</span> <span class='ocrx_word' id='word_1_312' title='bbox 1257 2999 1394 3069; x_wconf 81' lang='lat' dir='ltr'>dixi,</span> <span class='ocrx_word' id='word_1_313' title='bbox 1444 3001 1647 3054; x_wconf 87' lang='lat' dir='ltr'>auctor</span> <span class='ocrx_word' id='word_1_314' title='bbox 1673 2995 1918 3066; x_wconf 88' lang='lat' dir='ltr'>probare</span> 
     </span>
    </p>
   </div>
   <div class='ocr_carea' id='block_1_47' title="bbox 287 3083 1920 3165">
    <p class='ocr_par' dir='ltr' id='par_1_47' title="bbox 287 3083 1920 3165">
     <span class='ocr_line' id='line_1_47' title="bbox 287 3083 1920 3165; baseline -0.017 0"><span class='ocrx_word' id='word_1_315' title='bbox 287 3108 498 3165; x_wconf 86' lang='lat' dir='ltr'>nititur</span> <span class='ocrx_word' id='word_1_316' title='bbox 537 3101 830 3159; x_wconf 89' lang='lat' dir='ltr'>Christum</span> <span class='ocrx_word' id='word_1_317' title='bbox 879 3096 938 3150; x_wconf 91' lang='lat' dir='ltr'>in</span> <span class='ocrx_word' id='word_1_318' title='bbox 983 3091 1192 3148; x_wconf 87' lang='lat' dir='ltr'>ultima</span> <span class='ocrx_word' id='word_1_319' title='bbox 1237 3090 1408 3145; x_wconf 73' lang='lat' dir='ltr'>Cmna</span> <span class='ocrx_word' id='word_1_320' title='bbox 1453 3103 1566 3142; x_wconf 92' lang='lat' dir='ltr'>non</span> <span class='ocrx_word' id='word_1_321' title='bbox 1598 3083 1920 3140; x_wconf 85' lang='lat' dir='ltr'>celebrasse</span> 
     </span>
    </p>
   </div>
   <div class='ocr_carea' id='block_1_48' title="bbox 288 3171 1920 3260">
    <p class='ocr_par' dir='ltr' id='par_1_48' title="bbox 288 3171 1920 3260">
     <span class='ocr_line' id='line_1_48' title="bbox 288 3171 1920 3260; baseline -0.017 -8"><span class='ocrx_word' id='word_1_322' title='bbox 288 3193 512 3251; x_wconf 87' lang='lat' dir='ltr'>Pascha</span> <span class='ocrx_word' id='word_1_323' title='bbox 539 3189 740 3260; x_wconf 84' lang='lat' dir='ltr'>legale,</span> <span class='ocrx_word' id='word_1_324' title='bbox 767 3199 950 3254; x_wconf 86' lang='lat' dir='ltr'>neque</span> <span class='ocrx_word' id='word_1_325' title='bbox 977 3195 1192 3252; x_wconf 87' lang='lat' dir='ltr'>agnum</span> <span class='ocrx_word' id='word_1_326' title='bbox 1215 3181 1314 3232; x_wconf 84' lang='lat' dir='ltr'>aut</span> <span class='ocrx_word' id='word_1_327' title='bbox 1341 3191 1544 3246; x_wconf 84' lang='lat' dir='ltr'>azyma</span> <span class='ocrx_word' id='word_1_328' title='bbox 1574 3171 1920 3239; x_wconf 89' lang='lat' dir='ltr'>comedisse,</span> 
     </span>
    </p>
   </div>
   <div class='ocr_carea' id='block_1_49' title="bbox 2013 1935 3739 2009">
    <p class='ocr_par' dir='ltr' id='par_1_49' title="bbox 2013 1935 3739 2009">
     <span class='ocr_line' id='line_1_49' title="bbox 2013 1935 3739 2009; baseline -0.002 -13"><span class='ocrx_word' id='word_1_329' title='bbox 2013 1957 2235 1996; x_wconf 90' lang='lat' dir='ltr'>morem</span> <span class='ocrx_word' id='word_1_330' title='bbox 2251 1955 2425 1996; x_wconf 90' lang='lat' dir='ltr'>suum</span> <span class='ocrx_word' id='word_1_331' title='bbox 2448 1938 2651 1996; x_wconf 86' lang='lat' dir='ltr'>utendi</span> <span class='ocrx_word' id='word_1_332' title='bbox 2671 1937 2892 2008; x_wconf 84' lang='lat' dir='ltr'>azymis</span> <span class='ocrx_word' id='word_1_333' title='bbox 2909 1935 3330 1994; x_wconf 83' lang='lat' dir='ltr'>Constantino</span> <span class='ocrx_word' id='word_1_334' title='bbox 3355 1935 3739 2009; x_wconf 80' lang='lat' dir='ltr'>imperatori</span> 
     </span>
    </p>
   </div>
   <div class='ocr_carea' id='block_1_50' title="bbox 2014 2029 2389 2101">
    <p class='ocr_par' dir='ltr' id='par_1_50' title="bbox 2014 2029 2389 2101">
     <span class='ocr_line' id='line_1_50' title="bbox 2014 2029 2389 2101; baseline -0.003 -16"><span class='ocrx_word' id='word_1_335' title='bbox 2014 2029 2389 2101; x_wconf 88' lang='lat' dir='ltr'>approbasse.</span> 
     </span>
    </p>
   </div>
   <div class='ocr_carea' id='block_1_51' title="bbox 2083 2113 3735 2189">
    <p class='ocr_par' dir='ltr' id='par_1_51' title="bbox 2083 2113 3735 2189">
     <span class='ocr_line' id='line_1_51' title="bbox 2083 2113 3735 2189; baseline -0.001 -17"><span class='ocrx_word' id='word_1_336' title='bbox 2083 2117 2187 2172; x_wconf 86' lang='lat' dir='ltr'>His</span> <span class='ocrx_word' id='word_1_337' title='bbox 2217 2116 2350 2172; x_wconf 83' lang='lat' dir='ltr'>addi</span> <span class='ocrx_word' id='word_1_338' title='bbox 2411 2119 2663 2189; x_wconf 88' lang='lat' dir='ltr'>possunt</span> <span class='ocrx_word' id='word_1_339' title='bbox 2717 2117 2774 2170; x_wconf 89' lang='lat' dir='ltr'>et</span> <span class='ocrx_word' id='word_1_340' title='bbox 2802 2113 2929 2170; x_wconf 68' lang='lat' dir='ltr'>alia</span> <span class='ocrx_word' id='word_1_341' title='bbox 2959 2114 3370 2184; x_wconf 75' lang='lat' dir='ltr'>conjecturas.</span> <span class='ocrx_word' id='word_1_342' title='bbox 3408 2113 3735 2171; x_wconf 81' lang='lat' dir='ltr'>Nimirum</span> 
     </span>
    </p>
   </div>
   <div class='ocr_carea' id='block_1_52' title="bbox 2015 2201 3740 2276">
    <p class='ocr_par' dir='ltr' id='par_1_52' title="bbox 2015 2201 3740 2276">
     <span class='ocr_line' id='line_1_52' title="bbox 2015 2201 3740 2276; baseline -0.001 -14"><span class='ocrx_word' id='word_1_343' title='bbox 2015 2206 2171 2276; x_wconf 90' lang='lat' dir='ltr'>quod</span> <span class='ocrx_word' id='word_1_344' title='bbox 2193 2204 2518 2272; x_wconf 90' lang='lat' dir='ltr'>Photius,in</span> <span class='ocrx_word' id='word_1_345' title='bbox 2541 2202 2789 2276; x_wconf 87' lang='lat' dir='ltr'>epistola</span> <span class='ocrx_word' id='word_1_346' title='bbox 2812 2201 3184 2274; x_wconf 70' lang='lat' dir='ltr'>64,agnoscit</span> <span class='ocrx_word' id='word_1_347' title='bbox 3203 2201 3663 2260; x_wconf 73' lang='lat' dir='ltr'>diﬂerentiam</span> <span class='ocrx_word' id='word_1_348' title='bbox 3682 2208 3740 2260; x_wconf 81' lang='lat' dir='ltr'>et</span> 
     </span>
    </p>
   </div>
   <div class='ocr_carea' id='block_1_53' title="bbox 2016 2289 3737 2364">
    <p class='ocr_par' dir='ltr' id='par_1_53' title="bbox 2016 2289 3737 2364">
     <span class='ocr_line' id='line_1_53' title="bbox 2016 2289 3737 2364; baseline 0.001 -16"><span class='ocrx_word' id='word_1_349' title='bbox 2016 2293 2554 2350; x_wconf 86' lang='lat' dir='ltr'>dissimilitudinem</span> <span class='ocrx_word' id='word_1_350' title='bbox 2569 2308 2673 2364; x_wconf 89' lang='lat' dir='ltr'>per</span> <span class='ocrx_word' id='word_1_351' title='bbox 2683 2291 2876 2348; x_wconf 87' lang='lat' dir='ltr'>varias</span> <span class='ocrx_word' id='word_1_352' title='bbox 2892 2289 3270 2347; x_wconf 74' lang='lat' dir='ltr'>Ecclesiaslv</span> <span class='ocrx_word' id='word_1_353' title='bbox 3301 2301 3430 2356; x_wconf 78' lang='grc' dir='ltr'>ταῖς</span> <span class='ocrx_word' id='word_1_354' title='bbox 3463 2302 3737 2364; x_wconf 60' lang='lat' dir='ltr'>ponunt;</span> 
     </span>
    </p>
   </div>
   <div class='ocr_carea' id='block_1_54' title="bbox 2016 2378 3741 2454">
    <p class='ocr_par' dir='ltr' id='par_1_54' title="bbox 2016 2378 3741 2454">
     <span class='ocr_line' id='line_1_54' title="bbox 2016 2378 3741 2454; baseline -0.001 -14"><span class='ocrx_word' id='word_1_355' title='bbox 2016 2390 2212 2448; x_wconf 75' lang='grc' dir='ltr'>θυσίαις,</span> <span class='ocrx_word' id='word_1_356' title='bbox 2246 2403 2275 2432; x_wconf 92' lang='grc'>‹‹</span> <span class='ocrx_word' id='word_1_357' title='bbox 2308 2381 2367 2436; x_wconf 89' lang='lat' dir='ltr'>in</span> <span class='ocrx_word' id='word_1_358' title='bbox 2400 2380 2662 2454; x_wconf 83' lang='lat' dir='ltr'>mysticis</span> <span class='ocrx_word' id='word_1_359' title='bbox 2692 2378 3028 2447; x_wconf 85' lang='lat' dir='ltr'>sacrificiis;</span> <span class='ocrx_word' id='word_1_360' title='bbox 3051 2399 3082 2430; x_wconf 83' lang='lat'><strong>»</strong></span> <span class='ocrx_word' id='word_1_361' title='bbox 3116 2379 3296 2452; x_wconf 89' lang='lat' dir='ltr'>quod</span> <span class='ocrx_word' id='word_1_362' title='bbox 3318 2381 3409 2436; x_wconf 86' lang='lat' dir='ltr'>de</span> <span class='ocrx_word' id='word_1_363' title='bbox 3431 2397 3609 2454; x_wconf 84' lang='lat' dir='ltr'>pane</span> <span class='ocrx_word' id='word_1_364' title='bbox 3628 2383 3741 2438; x_wconf 85' lang='lat' dir='ltr'>Eu-</span> 
     </span>
    </p>
   </div>
   <div class='ocr_carea' id='block_1_55' title="bbox 2019 2466 3738 2540">
    <p class='ocr_par' dir='ltr' id='par_1_55' title="bbox 2019 2466 3738 2540">
     <span class='ocr_line' id='line_1_55' title="bbox 2019 2466 3738 2540; baseline -0.001 -12"><span class='ocrx_word' id='word_1_365' title='bbox 2019 2469 2328 2528; x_wconf 87' lang='lat' dir='ltr'>charistieo</span> <span class='ocrx_word' id='word_1_366' title='bbox 2357 2470 2533 2525; x_wconf 88' lang='lat' dir='ltr'>etiam</span> <span class='ocrx_word' id='word_1_367' title='bbox 2563 2466 2810 2540; x_wconf 83' lang='lat' dir='ltr'>intelligi</span> <span class='ocrx_word' id='word_1_368' title='bbox 2849 2470 3063 2540; x_wconf 85' lang='lat' dir='ltr'>potest,</span> <span class='ocrx_word' id='word_1_369' title='bbox 3097 2467 3444 2538; x_wconf 87' lang='lat' dir='ltr'>siquidem</span> <span class='ocrx_word' id='word_1_370' title='bbox 3475 2473 3738 2526; x_wconf 78' lang='lat' dir='ltr'>sanctus</span> 
     </span>
    </p>
   </div>
   <div class='ocr_carea' id='block_1_56' title="bbox 2021 2555 3742 2630">
    <p class='ocr_par' dir='ltr' id='par_1_56' title="bbox 2021 2555 3742 2630">
     <span class='ocr_line' id='line_1_56' title="bbox 2021 2555 3742 2630; baseline 0 -15"><span class='ocrx_word' id='word_1_371' title='bbox 2021 2561 2222 2628; x_wconf 89' lang='lat' dir='ltr'>Nicon,</span> <span class='ocrx_word' id='word_1_372' title='bbox 2251 2575 2366 2614; x_wconf 90' lang='lat' dir='ltr'>non</span> <span class='ocrx_word' id='word_1_373' title='bbox 2397 2559 2622 2630; x_wconf 85' lang='lat' dir='ltr'>integro</span> <span class='ocrx_word' id='word_1_374' title='bbox 2641 2557 2777 2629; x_wconf 90' lang='lat' dir='ltr'>post</span> <span class='ocrx_word' id='word_1_375' title='bbox 2806 2555 3084 2612; x_wconf 85' lang='lat' dir='ltr'>Phatium</span> <span class='ocrx_word' id='word_1_376' title='bbox 3109 2555 3354 2612; x_wconf 65' lang='lat' dir='ltr'>saculo</span> <span class='ocrx_word' id='word_1_377' title='bbox 3379 2557 3638 2628; x_wconf 82' lang='lat' dir='ltr'>elapso,</span> <span class='ocrx_word' id='word_1_378' title='bbox 3655 2575 3742 2614; x_wconf 87' lang='lat' dir='ltr'>re-</span> 
     </span>
    </p>
   </div>
   <div class='ocr_carea' id='block_1_57' title="bbox 2021 2643 3741 2720">
    <p class='ocr_par' dir='ltr' id='par_1_57' title="bbox 2021 2643 3741 2720">
     <span class='ocr_line' id='line_1_57' title="bbox 2021 2643 3741 2720; baseline 0 -18"><span class='ocrx_word' id='word_1_379' title='bbox 2021 2646 2329 2720; x_wconf 88' lang='lat' dir='ltr'>prehendit</span> <span class='ocrx_word' id='word_1_380' title='bbox 2356 2650 2643 2701; x_wconf 87' lang='lat' dir='ltr'>Armenos</span> <span class='ocrx_word' id='word_1_381' title='bbox 2675 2643 2828 2716; x_wconf 89' lang='lat' dir='ltr'>quod</span> <span class='ocrx_word' id='word_1_382' title='bbox 2861 2643 3084 2716; x_wconf 84' lang='lat' dir='ltr'>azymis</span> <span class='ocrx_word' id='word_1_383' title='bbox 3133 2647 3495 2702; x_wconf 84' lang='lat' dir='ltr'>uterentur</span> <span class='ocrx_word' id='word_1_384' title='bbox 3528 2650 3741 2704; x_wconf 82' lang='lat' dir='ltr'>contra</span> 
     </span>
    </p>
   </div>
   <div class='ocr_carea' id='block_1_58' title="bbox 2023 2731 3736 2804">
    <p class='ocr_par' dir='ltr' id='par_1_58' title="bbox 2023 2731 3736 2804">
     <span class='ocr_line' id='line_1_58' title="bbox 2023 2731 3736 2804; baseline -0.001 -12"><span class='ocrx_word' id='word_1_385' title='bbox 2023 2752 2242 2792; x_wconf 91' lang='lat' dir='ltr'>morem</span> <span class='ocrx_word' id='word_1_386' title='bbox 2264 2733 2710 2790; x_wconf 81' lang='lat' dir='ltr'>Graecorum.Ad</span> <span class='ocrx_word' id='word_1_387' title='bbox 2729 2732 2852 2788; x_wconf 71' lang='lat' dir='ltr'>hec</span> <span class='ocrx_word' id='word_1_388' title='bbox 2872 2731 3030 2804; x_wconf 90' lang='lat' dir='ltr'>quod</span> <span class='ocrx_word' id='word_1_389' title='bbox 3053 2732 3248 2788; x_wconf 64' lang='lat' dir='ltr'>Graeci</span> <span class='ocrx_word' id='word_1_390' title='bbox 3262 2737 3429 2790; x_wconf 83' lang='lat' dir='ltr'>ante</span> <span class='ocrx_word' id='word_1_391' title='bbox 3453 2735 3736 2792; x_wconf 81' lang='lat' dir='ltr'>schisma</span> 
     </span>
    </p>
   </div>
   <div class='ocr_carea' id='block_1_59' title="bbox 2024 2820 3738 2894">
    <p class='ocr_par' dir='ltr' id='par_1_59' title="bbox 2024 2820 3738 2894">
     <span class='ocr_line' id='line_1_59' title="bbox 2024 2820 3738 2894; baseline 0.001 -14"><span class='ocrx_word' id='word_1_392' title='bbox 2024 2823 2373 2880; x_wconf 89' lang='lat' dir='ltr'>Photianum</span> <span class='ocrx_word' id='word_1_393' title='bbox 2397 2839 2544 2894; x_wconf 89' lang='lat' dir='ltr'>pane</span> <span class='ocrx_word' id='word_1_394' title='bbox 2559 2821 2762 2878; x_wconf 89' lang='lat' dir='ltr'>eodem</span> <span class='ocrx_word' id='word_1_395' title='bbox 2779 2820 2958 2876; x_wconf 90' lang='lat' dir='ltr'>modo</span> <span class='ocrx_word' id='word_1_396' title='bbox 2973 2820 3539 2889; x_wconf 84' lang='lat' dir='ltr'>formata,scilioet</span> <span class='ocrx_word' id='word_1_397' title='bbox 3551 2825 3738 2880; x_wconf 83' lang='lat' dir='ltr'>denso</span> 
     </span>
    </p>
   </div>
   <div class='ocr_carea' id='block_1_60' title="bbox 2024 2907 3736 2983">
    <p class='ocr_par' dir='ltr' id='par_1_60' title="bbox 2024 2907 3736 2983">
     <span class='ocr_line' id='line_1_60' title="bbox 2024 2907 3736 2983; baseline 0 -16"><span class='ocrx_word' id='word_1_398' title='bbox 2024 2917 2082 2968; x_wconf 91' lang='lat' dir='ltr'>et</span> <span class='ocrx_word' id='word_1_399' title='bbox 2100 2913 2346 2983; x_wconf 90' lang='lat' dir='ltr'>integro,</span> <span class='ocrx_word' id='word_1_400' title='bbox 2359 2909 2566 2966; x_wconf 89' lang='lat' dir='ltr'>iisdem</span> <span class='ocrx_word' id='word_1_401' title='bbox 2582 2908 2820 2964; x_wconf 90' lang='lat' dir='ltr'>omnino</span> <span class='ocrx_word' id='word_1_402' title='bbox 2833 2907 3264 2965; x_wconf 81' lang='lat' dir='ltr'>instrumentis</span> <span class='ocrx_word' id='word_1_403' title='bbox 3285 2913 3502 2982; x_wconf 88' lang='lat' dir='ltr'>atque</span> <span class='ocrx_word' id='word_1_404' title='bbox 3516 2911 3736 2968; x_wconf 83' lang='lat' dir='ltr'>ritibus</span> 
     </span>
    </p>
   </div>
   <div class='ocr_carea' id='block_1_61' title="bbox 2026 2995 3740 3070">
    <p class='ocr_par' dir='ltr' id='par_1_61' title="bbox 2026 2995 3740 3070">
     <span class='ocr_line' id='line_1_61' title="bbox 2026 2995 3740 3070; baseline 0.001 -15"><span class='ocrx_word' id='word_1_405' title='bbox 2026 3000 2340 3055; x_wconf 88' lang='lat' dir='ltr'>utebantur</span> <span class='ocrx_word' id='word_1_406' title='bbox 2357 2997 2418 3052; x_wconf 92' lang='lat' dir='ltr'>in</span> <span class='ocrx_word' id='word_1_407' title='bbox 2439 2996 2678 3070; x_wconf 77' lang='lat' dir='ltr'>liturgia</span> <span class='ocrx_word' id='word_1_408' title='bbox 2697 3011 2865 3052; x_wconf 88' lang='lat' dir='ltr'>sacra</span> <span class='ocrx_word' id='word_1_409' title='bbox 2885 2995 3105 3067; x_wconf 86' lang='lat' dir='ltr'>quibus</span> <span class='ocrx_word' id='word_1_410' title='bbox 3124 2995 3324 3053; x_wconf 88' lang='lat' dir='ltr'>etiam</span> <span class='ocrx_word' id='word_1_411' title='bbox 3350 3015 3547 3056; x_wconf 88' lang='lat' dir='ltr'>nunc</span> <span class='ocrx_word' id='word_1_412' title='bbox 3564 3004 3740 3056; x_wconf 88' lang='lat' dir='ltr'>utun-</span> 
     </span>
    </p>
   </div>
   <div class='ocr_carea' id='block_1_62' title="bbox 2025 3083 3738 3159">
    <p class='ocr_par' dir='ltr' id='par_1_62' title="bbox 2025 3083 3738 3159">
     <span class='ocr_line' id='line_1_62' title="bbox 2025 3083 3738 3159; baseline -0.005 -17"><span class='ocrx_word' id='word_1_413' title='bbox 2025 3092 2144 3155; x_wconf 89' lang='lat' dir='ltr'>tur,</span> <span class='ocrx_word' id='word_1_414' title='bbox 2188 3088 2583 3142; x_wconf 89' lang='lat' dir='ltr'>Instrumenta</span> <span class='ocrx_word' id='word_1_415' title='bbox 2627 3083 2923 3156; x_wconf 68' lang='lat' dir='ltr'>praacipua</span> <span class='ocrx_word' id='word_1_416' title='bbox 2971 3087 3114 3139; x_wconf 90' lang='lat' dir='ltr'>sunt</span> <span class='ocrx_word' id='word_1_417' title='bbox 3158 3091 3369 3159; x_wconf 74' lang='grc' dir='ltr'>λόγχη,</span> <span class='ocrx_word' id='word_1_418' title='bbox 3410 3095 3625 3157; x_wconf 69' lang='grc' dir='ltr'>δίσκος,</span> <span class='ocrx_word' id='word_1_419' title='bbox 3652 3096 3738 3146; x_wconf 78' lang='grc' dir='ltr'>ἀσ.</span> 
     </span>
    </p>
   </div>
   <div class='ocr_carea' id='block_1_63' title="bbox 2028 3171 3742 3248">
    <p class='ocr_par' dir='ltr' id='par_1_63' title="bbox 2028 3171 3742 3248">
     <span class='ocr_line' id='line_1_63' title="bbox 2028 3171 3742 3248; baseline 0.001 -16"><span class='ocrx_word' id='word_1_420' title='bbox 2028 3189 2142 3248; x_wconf 72' lang='grc' dir='ltr'>τὴρ,</span> <span class='ocrx_word' id='word_1_421' title='bbox 2178 3192 2302 3246; x_wconf 77' lang='lat' dir='ltr'>quae</span> <span class='ocrx_word' id='word_1_422' title='bbox 2332 3174 2587 3231; x_wconf 83' lang='lat' dir='ltr'>Joannes</span> <span class='ocrx_word' id='word_1_423' title='bbox 2617 3171 3070 3244; x_wconf 83' lang='lat' dir='ltr'>Chrysostomus</span> <span class='ocrx_word' id='word_1_424' title='bbox 3097 3171 3163 3228; x_wconf 88' lang='lat' dir='ltr'>in</span> <span class='ocrx_word' id='word_1_425' title='bbox 3195 3172 3510 3248; x_wconf 82' lang='lat' dir='ltr'>Liturgia</span> <span class='ocrx_word' id='word_1_426' title='bbox 3540 3193 3663 3233; x_wconf 82' lang='lat' dir='ltr'>sua</span> <span class='ocrx_word' id='word_1_427' title='bbox 3687 3182 3742 3233; x_wconf 84' lang='lat' dir='ltr'>et</span> 
     </span>
    </p>
   </div>
   <div class='ocr_carea' id='block_1_64' title="bbox 291 3238 1904 3339">
    <p class='ocr_par' dir='ltr' id='par_1_64' title="bbox 291 3238 1904 3339">
     <span class='ocr_line' id='line_1_64' title="bbox 291 3238 1427 3260; baseline -0.025 8"><span class='ocrx_word' id='word_1_428' title='bbox 291 3238 314 3251; x_wconf 82' lang='grc'><strong><em>⁵</em></strong></span> <span class='ocrx_word' id='word_1_429' title='bbox 335 3238 512 3251; x_wconf 68' lang='grc' dir='ltr'>*υν⁵⁴“’</span> <span class='ocrx_word' id='word_1_430' title='bbox 539 3238 740 3260; x_wconf 60' lang='lat'>&quot;0“&quot;:</span> <span class='ocrx_word' id='word_1_431' title='bbox 770 3238 796 3240; x_wconf 48' lang='grc' dir='ltr'>τί</span> <span class='ocrx_word' id='word_1_432' title='bbox 818 3238 826 3239; x_wconf 47' lang='grc' dir='ltr'>ί</span> <span class='ocrx_word' id='word_1_433' title='bbox 857 3238 875 3254; x_wconf 79' lang='grc' dir='ltr'><strong><em>ι</em></strong></span> <span class='ocrx_word' id='word_1_434' title='bbox 1014 3238 1046 3252; x_wconf 78' lang='grc' dir='ltr'>υ</span> <span class='ocrx_word' id='word_1_435' title='bbox 1409 3238 1427 3246; x_wconf 76' lang='grc'>,</span> 
     </span>
     <span class='ocr_line' id='line_1_65' title="bbox 291 3259 1904 3339; baseline -0.018 1"><span class='ocrx_word' id='word_1_436' title='bbox 291 3287 418 3339; x_wconf 89' lang='lat' dir='ltr'>tum</span> <span class='ocrx_word' id='word_1_437' title='bbox 458 3275 884 3335; x_wconf 87' lang='lat' dir='ltr'>Eucharistiam</span> <span class='ocrx_word' id='word_1_438' title='bbox 907 3287 1020 3324; x_wconf 92' lang='lat' dir='ltr'>non</span> <span class='ocrx_word' id='word_1_439' title='bbox 1063 3285 1130 3323; x_wconf 83' lang='lat' dir='ltr'>ex</span> <span class='ocrx_word' id='word_1_440' title='bbox 1149 3281 1350 3336; x_wconf 75' lang='lat' dir='ltr'>azyma</span> <span class='ocrx_word' id='word_1_441' title='bbox 1383 3278 1551 3334; x_wconf 86' lang='lat' dir='ltr'>pane,</span> <span class='ocrx_word' id='word_1_442' title='bbox 1584 3261 1685 3316; x_wconf 89' lang='lat' dir='ltr'>sed</span> <span class='ocrx_word' id='word_1_443' title='bbox 1716 3275 1786 3314; x_wconf 85' lang='lat' dir='ltr'>ex</span> <span class='ocrx_word' id='word_1_444' title='bbox 1815 3259 1904 3314; x_wconf 82' lang='lat' dir='ltr'>fer</span> 
     </span>
    </p>
   </div>
   <div class='ocr_carea' id='block_1_65' title="bbox 2143 3238 3738 3339">
    <p class='ocr_par' dir='ltr' id='par_1_65' title="bbox 2143 3238 3738 3333">
     <span class='ocr_line' id='line_1_66' title="bbox 2143 3238 3738 3333; baseline 0.001 -15"><span class='ocrx_word' id='word_1_445' title='bbox 2143 3238 2350 3318; x_wconf 70' lang='lat' dir='ltr'>manus</span> <span class='ocrx_word' id='word_1_446' title='bbox 2373 3259 2702 3333; x_wconf 86' lang='lat' dir='ltr'>patriarcha</span> <span class='ocrx_word' id='word_1_447' title='bbox 2729 3238 3465 3331; x_wconf 48' lang='lat' dir='ltr'>Constantinopolitanu&#39;s</span> <span class='ocrx_word' id='word_1_448' title='bbox 3489 3263 3560 3320; x_wconf 90' lang='lat' dir='ltr'>in</span> <span class='ocrx_word' id='word_1_449' title='bbox 3589 3264 3738 3321; x_wconf 86' lang='lat' dir='ltr'>Con-</span> 
     </span>
    </p>
   </div>
   <div class='ocr_carea' id='block_1_66' title="bbox 293 3347 3739 3452">
    <p class='ocr_par' dir='ltr' id='par_1_66' title="bbox 293 3347 3739 3452">
     <span class='ocr_line' id='line_1_67' title="bbox 293 3347 3739 3452; baseline -0.006 -25"><span class='ocrx_word' id='word_1_450' title='bbox 293 3371 549 3426; x_wconf 90' lang='lat' dir='ltr'>mentato</span> <span class='ocrx_word' id='word_1_451' title='bbox 579 3364 896 3420; x_wconf 82' lang='lat' dir='ltr'>confectam</span> <span class='ocrx_word' id='word_1_452' title='bbox 921 3359 1119 3413; x_wconf 82' lang='lat' dir='ltr'>fuisse.</span> <span class='ocrx_word' id='word_1_453' title='bbox 1153 3355 1297 3409; x_wconf 91' lang='lat' dir='ltr'>Nam</span> <span class='ocrx_word' id='word_1_454' title='bbox 1345 3349 1643 3452; x_wconf 58' lang='lat' dir='ltr'>proposita</span> <span class='ocrx_word' id='word_1_455' title='bbox 1673 3347 1785 3444; x_wconf 79' lang='lat' dir='ltr'>sibi</span> <span class='ocrx_word' id='word_1_456' title='bbox 1809 3347 1922 3444; x_wconf 34' lang='grc' dir='ltr'>,οὺ-ι</span> <span class='ocrx_word' id='word_1_457' title='bbox 2029 3351 2406 3423; x_wconf 81' lang='lat' dir='ltr'>templatione</span> <span class='ocrx_word' id='word_1_458' title='bbox 2433 3366 2544 3404; x_wconf 89' lang='lat' dir='ltr'>sua</span> <span class='ocrx_word' id='word_1_459' title='bbox 2570 3351 3053 3404; x_wconf 85' lang='lat' dir='ltr'>commemorant.</span> <span class='ocrx_word' id='word_1_460' title='bbox 3088 3347 3278 3404; x_wconf 88' lang='lat' dir='ltr'>Porro</span> <span class='ocrx_word' id='word_1_461' title='bbox 3311 3365 3398 3406; x_wconf 71' lang='lat' dir='ltr'>ex</span> <span class='ocrx_word' id='word_1_462' title='bbox 3467 3367 3552 3408; x_wconf 91' lang='lat' dir='ltr'>eo</span> <span class='ocrx_word' id='word_1_463' title='bbox 3582 3353 3739 3426; x_wconf 86' lang='lat' dir='ltr'>quod</span> 
     </span>
    </p>
   </div>
   <div class='ocr_carea' id='block_1_67' title="bbox 285 3434 3742 3530">
    <p class='ocr_par' dir='ltr' id='par_1_67' title="bbox 285 3434 3742 3530">
     <span class='ocr_line' id='line_1_68' title="bbox 285 3434 3742 3530; baseline -0.004 -16"><span class='ocrx_word' id='word_1_464' title='bbox 285 3457 538 3530; x_wconf 89' lang='lat' dir='ltr'>jectione</span> <span class='ocrx_word' id='word_1_465' title='bbox 555 3469 752 3510; x_wconf 89' lang='lat' dir='ltr'>eorum</span> <span class='ocrx_word' id='word_1_466' title='bbox 771 3448 870 3520; x_wconf 90' lang='lat' dir='ltr'>qui</span> <span class='ocrx_word' id='word_1_467' title='bbox 889 3447 1160 3502; x_wconf 78' lang='lat' dir='ltr'>dicebant</span> <span class='ocrx_word' id='word_1_468' title='bbox 1176 3440 1472 3497; x_wconf 74' lang='lat' dir='ltr'>Christum</span> <span class='ocrx_word' id='word_1_469' title='bbox 1496 3434 1921 3530; x_wconf 59' lang='lat' dir='ltr'>Eucharistiafn</span> <span class='ocrx_word' id='word_1_470' title='bbox 2029 3442 2102 3496; x_wconf 89' lang='lat' dir='ltr'>de</span> <span class='ocrx_word' id='word_1_471' title='bbox 2132 3455 2281 3510; x_wconf 88' lang='lat' dir='ltr'>pane</span> <span class='ocrx_word' id='word_1_472' title='bbox 2299 3438 2520 3508; x_wconf 84' lang='lat' dir='ltr'>integro</span> <span class='ocrx_word' id='word_1_473' title='bbox 2543 3441 2600 3494; x_wconf 88' lang='lat' dir='ltr'>et</span> <span class='ocrx_word' id='word_1_474' title='bbox 2627 3435 2808 3492; x_wconf 88' lang='lat' dir='ltr'>denso</span> <span class='ocrx_word' id='word_1_475' title='bbox 2830 3434 3176 3492; x_wconf 87' lang='lat' dir='ltr'>coronulam</span> <span class='ocrx_word' id='word_1_476' title='bbox 3199 3435 3514 3496; x_wconf 84' lang='lat' dir='ltr'>lanceola</span> <span class='ocrx_word' id='word_1_477' title='bbox 3533 3441 3742 3499; x_wconf 80' lang='lat' dir='ltr'>deme-</span> 
     </span>
    </p>
   </div>
   <div class='ocr_carea' id='block_1_68' title="bbox 293 3523 1923 3616">
    <p class='ocr_par' dir='ltr' id='par_1_68' title="bbox 293 3523 1923 3616">
     <span class='ocr_line' id='line_1_69' title="bbox 293 3523 1923 3616; baseline -0.013 -15"><span class='ocrx_word' id='word_1_478' title='bbox 293 3523 598 3616; x_wconf 78' lang='lat' dir='ltr'>discipulis</span> <span class='ocrx_word' id='word_1_479' title='bbox 621 3537 937 3612; x_wconf 62' lang='lat' dir='ltr'>prwbuisse</span> <span class='ocrx_word' id='word_1_480' title='bbox 961 3534 1148 3606; x_wconf 88' lang='lat' dir='ltr'>primo</span> <span class='ocrx_word' id='word_1_481' title='bbox 1179 3530 1274 3585; x_wconf 89' lang='lat' dir='ltr'>die</span> <span class='ocrx_word' id='word_1_482' title='bbox 1303 3541 1658 3598; x_wconf 89' lang='lat' dir='ltr'>azymorum,</span> <span class='ocrx_word' id='word_1_483' title='bbox 1693 3523 1923 3616; x_wconf 82' lang='lat' dir='ltr'>quando</span> 
     </span>
    </p>
   </div>
   <div class='ocr_carea' id='block_1_69' title="bbox 293 3613 1926 3692">
    <p class='ocr_par' dir='ltr' id='par_1_69' title="bbox 293 3613 1926 3692">
     <span class='ocr_line' id='line_1_70' title="bbox 293 3613 1926 3692; baseline -0.017 -1"><span class='ocrx_word' id='word_1_484' title='bbox 293 3613 514 3690; x_wconf 81' lang='lat' dir='ltr'>Pascha</span> <span class='ocrx_word' id='word_1_485' title='bbox 541 3627 944 3692; x_wconf 87' lang='lat' dir='ltr'>immolabant,</span> <span class='ocrx_word' id='word_1_486' title='bbox 978 3619 1273 3691; x_wconf 88' lang='lat' dir='ltr'>simulque</span> <span class='ocrx_word' id='word_1_487' title='bbox 1302 3631 1490 3688; x_wconf 85' lang='lat' dir='ltr'>agnus</span> <span class='ocrx_word' id='word_1_488' title='bbox 1512 3613 1926 3669; x_wconf 89' lang='lat' dir='ltr'>comedebatur</span> 
     </span>
    </p>
   </div>
   <div class='ocr_carea' id='block_1_70' title="bbox 293 3699 1926 3792">
    <p class='ocr_par' dir='ltr' id='par_1_70' title="bbox 293 3699 1926 3792">
     <span class='ocr_line' id='line_1_71' title="bbox 293 3699 1926 3792; baseline -0.016 -12"><span class='ocrx_word' id='word_1_489' title='bbox 293 3727 352 3780; x_wconf 88' lang='lat' dir='ltr'>et</span> <span class='ocrx_word' id='word_1_490' title='bbox 374 3735 642 3792; x_wconf 83' lang='lat' dir='ltr'>azymum</span> <span class='ocrx_word' id='word_1_491' title='bbox 663 3733 796 3773; x_wconf 91' lang='lat' dir='ltr'>cum</span> <span class='ocrx_word' id='word_1_492' title='bbox 819 3713 1016 3770; x_wconf 88' lang='lat' dir='ltr'>herbis</span> <span class='ocrx_word' id='word_1_493' title='bbox 1037 3703 1591 3776; x_wconf 68' lang='lat' dir='ltr'>amaris,respo’ndet</span> <span class='ocrx_word' id='word_1_494' title='bbox 1610 3717 1710 3758; x_wconf 90' lang='lat' dir='ltr'>eos</span> <span class='ocrx_word' id='word_1_495' title='bbox 1730 3717 1798 3756; x_wconf 87' lang='lat' dir='ltr'>ex</span> <span class='ocrx_word' id='word_1_496' title='bbox 1816 3699 1926 3755; x_wconf 91' lang='lat' dir='ltr'>hoc</span> 
     </span>
    </p>
   </div>
   <div class='ocr_carea' id='block_1_71' title="bbox 292 3792 1925 3882">
    <p class='ocr_par' dir='ltr' id='par_1_71' title="bbox 292 3792 1925 3882">
     <span class='ocr_line' id='line_1_72' title="bbox 292 3792 1925 3882; baseline -0.014 -16"><span class='ocrx_word' id='word_1_497' title='bbox 292 3811 418 3882; x_wconf 89' lang='lat' dir='ltr'>ipso</span> <span class='ocrx_word' id='word_1_498' title='bbox 466 3807 714 3864; x_wconf 86' lang='lat' dir='ltr'>maxime</span> <span class='ocrx_word' id='word_1_499' title='bbox 762 3801 1036 3859; x_wconf 88' lang='lat' dir='ltr'>refutari:</span> <span class='ocrx_word' id='word_1_500' title='bbox 1072 3806 1222 3855; x_wconf 73' lang='grc' dir='ltr'>Οὐδὲν</span> <span class='ocrx_word' id='word_1_501' title='bbox 1251 3806 1364 3866; x_wconf 75' lang='grc' dir='ltr'>γὰρ,</span> <span class='ocrx_word' id='word_1_502' title='bbox 1411 3792 1620 3863; x_wconf 88' lang='lat' dir='ltr'>inquit,</span> <span class='ocrx_word' id='word_1_503' title='bbox 1655 3798 1706 3846; x_wconf 74' lang='grc' dir='ltr'>ἐν</span> <span class='ocrx_word' id='word_1_504' title='bbox 1733 3800 1801 3860; x_wconf 83' lang='grc' dir='ltr'>τῷ</span> <span class='ocrx_word' id='word_1_505' title='bbox 1830 3795 1925 3844; x_wconf 80' lang='grc' dir='ltr'>δεί-</span> 
     </span>
    </p>
   </div>
   <div class='ocr_carea' id='block_1_72' title="bbox 291 3879 1924 3963">
    <p class='ocr_par' dir='ltr' id='par_1_72' title="bbox 291 3879 1924 3963">
     <span class='ocr_line' id='line_1_73' title="bbox 291 3879 1924 3963; baseline -0.014 -16"><span class='ocrx_word' id='word_1_506' title='bbox 291 3915 410 3963; x_wconf 81' lang='grc' dir='ltr'>πνῳ,</span> <span class='ocrx_word' id='word_1_507' title='bbox 457 3897 625 3960; x_wconf 79' lang='grc' dir='ltr'>γέγονε</span> <span class='ocrx_word' id='word_1_508' title='bbox 669 3895 906 3949; x_wconf 76' lang='grc' dir='ltr'>τοιοῦτον,</span> <span class='ocrx_word' id='word_1_509' title='bbox 960 3889 1020 3946; x_wconf 82' lang='grc' dir='ltr'>ὡς</span> <span class='ocrx_word' id='word_1_510' title='bbox 1065 3886 1162 3945; x_wconf 71' lang='grc' dir='ltr'>ἠδη</span> <span class='ocrx_word' id='word_1_511' title='bbox 1209 3886 1358 3942; x_wconf 76' lang='grc' dir='ltr'>εἶπον,</span> <span class='ocrx_word' id='word_1_512' title='bbox 1399 3879 1508 3930; x_wconf 74' lang='grc' dir='ltr'>οὐδὲ</span> <span class='ocrx_word' id='word_1_513' title='bbox 1547 3881 1730 3941; x_wconf 78' lang='grc' dir='ltr'>ἄζυμον</span> <span class='ocrx_word' id='word_1_514' title='bbox 1776 3879 1924 3941; x_wconf 81' lang='grc' dir='ltr'>ἄρτον</span> 
     </span>
    </p>
   </div>
   <div class='ocr_carea' id='block_1_73' title="bbox 292 3965 1924 4039">
    <p class='ocr_par' dir='ltr' id='par_1_73' title="bbox 292 3965 1924 4039">
     <span class='ocr_line' id='line_1_74' title="bbox 292 3965 1924 4039; baseline -0.016 -2"><span class='ocrx_word' id='word_1_515' title='bbox 292 3988 550 4036; x_wconf 77' lang='grc' dir='ltr'>ἀντίτυπον</span> <span class='ocrx_word' id='word_1_516' title='bbox 595 3987 681 4032; x_wconf 82' lang='grc' dir='ltr'>τοῦ</span> <span class='ocrx_word' id='word_1_517' title='bbox 729 3981 848 4030; x_wconf 75' lang='grc' dir='ltr'>ἰδίου</span> <span class='ocrx_word' id='word_1_518' title='bbox 896 3979 1118 4039; x_wconf 73' lang='grc' dir='ltr'>σώματος</span> <span class='ocrx_word' id='word_1_519' title='bbox 1153 3975 1249 4028; x_wconf 82' lang='grc' dir='ltr'>τοῖς</span> <span class='ocrx_word' id='word_1_520' title='bbox 1297 3971 1472 4020; x_wconf 77' lang='grc' dir='ltr'>ἑαυτοῦ</span> <span class='ocrx_word' id='word_1_521' title='bbox 1521 3969 1752 4032; x_wconf 55' lang='grc' dir='ltr'>μαθηταῖς</span> <span class='ocrx_word' id='word_1_522' title='bbox 1809 3965 1924 4013; x_wconf 78' lang='grc' dir='ltr'>ἔδω-</span> 
     </span>
    </p>
   </div>
   <div class='ocr_carea' id='block_1_74' title="bbox 291 4053 1926 4138">
    <p class='ocr_par' dir='ltr' id='par_1_74' title="bbox 291 4053 1926 4138">
     <span class='ocr_line' id='line_1_75' title="bbox 291 4053 1926 4138; baseline -0.016 -12"><span class='ocrx_word' id='word_1_523' title='bbox 291 4093 377 4126; x_wconf 69' lang='grc' dir='ltr'>κεν</span> <span class='ocrx_word' id='word_1_524' title='bbox 405 4076 432 4124; x_wconf 82' lang='grc' dir='ltr'><strong>ὁ</strong></span> <span class='ocrx_word' id='word_1_525' title='bbox 459 4074 676 4138; x_wconf 76' lang='grc' dir='ltr'>Χριστὸς.</span> <span class='ocrx_word' id='word_1_526' title='bbox 707 4077 920 4132; x_wconf 82' lang='grc' dir='ltr'>Ἐγενετο</span> <span class='ocrx_word' id='word_1_527' title='bbox 964 4069 1056 4128; x_wconf 71' lang='grc' dir='ltr'>γὰρ</span> <span class='ocrx_word' id='word_1_528' title='bbox 1102 4064 1162 4110; x_wconf 82' lang='grc' dir='ltr'>ἂν</span> <span class='ocrx_word' id='word_1_529' title='bbox 1207 4063 1288 4109; x_wconf 75' lang='grc' dir='ltr'>καὶ</span> <span class='ocrx_word' id='word_1_530' title='bbox 1330 4061 1492 4124; x_wconf 74' lang='grc' dir='ltr'><strong>μέχρι,</strong></span> <span class='ocrx_word' id='word_1_531' title='bbox 1524 4060 1628 4106; x_wconf 83' lang='grc' dir='ltr'>νῦν.</span> <span class='ocrx_word' id='word_1_532' title='bbox 1664 4058 1724 4104; x_wconf 80' lang='grc' dir='ltr'>Εἴ</span> <span class='ocrx_word' id='word_1_533' title='bbox 1767 4055 1818 4104; x_wconf 85' lang='grc' dir='ltr'>δὲ</span> <span class='ocrx_word' id='word_1_534' title='bbox 1863 4053 1926 4113; x_wconf 75' lang='grc' dir='ltr'>ἢν</span> 
     </span>
    </p>
   </div>
   <div class='ocr_carea' id='block_1_75' title="bbox 293 4145 1926 4228">
    <p class='ocr_par' dir='ltr' id='par_1_75' title="bbox 293 4145 1926 4228">
     <span class='ocr_line' id='line_1_76' title="bbox 293 4145 1926 4228; baseline -0.014 -15"><span class='ocrx_word' id='word_1_535' title='bbox 293 4165 464 4228; x_wconf 79' lang='grc' dir='ltr'>πρώτη</span> <span class='ocrx_word' id='word_1_536' title='bbox 507 4165 604 4210; x_wconf 83' lang='grc' dir='ltr'>τῶν</span> <span class='ocrx_word' id='word_1_537' title='bbox 644 4159 840 4220; x_wconf 77' lang='grc' dir='ltr'>ἀζύμων</span> <span class='ocrx_word' id='word_1_538' title='bbox 888 4153 1065 4212; x_wconf 72' lang='grc' dir='ltr'>ἐκείνη,</span> <span class='ocrx_word' id='word_1_539' title='bbox 1113 4151 1352 4198; x_wconf 63' lang='lat' dir='ltr'>sidunt-0v</span> <span class='ocrx_word' id='word_1_540' title='bbox 1400 4145 1462 4206; x_wconf 76' lang='grc' dir='ltr'>ἦν</span> <span class='ocrx_word' id='word_1_541' title='bbox 1509 4147 1723 4208; x_wconf 79' lang='grc' dir='ltr'>ζυμοτὴν</span> <span class='ocrx_word' id='word_1_542' title='bbox 1776 4145 1926 4208; x_wconf 80' lang='grc' dir='ltr'>ἄρτον</span> 
     </span>
    </p>
   </div>
   <div class='ocr_carea' id='block_1_76' title="bbox 295 4234 1928 4322">
    <p class='ocr_par' dir='ltr' id='par_1_76' title="bbox 295 4234 1928 4322">
     <span class='ocr_line' id='line_1_77' title="bbox 295 4234 1928 4322; baseline -0.015 -10"><span class='ocrx_word' id='word_1_543' title='bbox 295 4262 456 4319; x_wconf 74' lang='grc' dir='ltr'>αὐτοῖς</span> <span class='ocrx_word' id='word_1_544' title='bbox 484 4259 752 4322; x_wconf 77' lang='grc' dir='ltr'>εὑρεθῆναι,</span> <span class='ocrx_word' id='word_1_545' title='bbox 785 4246 844 4300; x_wconf 93' lang='lat' dir='ltr'>id</span> <span class='ocrx_word' id='word_1_546' title='bbox 875 4249 981 4311; x_wconf 89' lang='lat' dir='ltr'>est,</span> <span class='ocrx_word' id='word_1_547' title='bbox 1015 4266 1041 4293; x_wconf 87' lang='lat'><strong>«</strong></span> <span class='ocrx_word' id='word_1_548' title='bbox 1071 4242 1217 4296; x_wconf 89' lang='lat' dir='ltr'>Nam</span> <span class='ocrx_word' id='word_1_549' title='bbox 1259 4237 1404 4293; x_wconf 90' lang='lat' dir='ltr'>nihil</span> <span class='ocrx_word' id='word_1_550' title='bbox 1432 4235 1641 4291; x_wconf 89' lang='lat' dir='ltr'>horum</span> <span class='ocrx_word' id='word_1_551' title='bbox 1675 4234 1732 4288; x_wconf 89' lang='lat' dir='ltr'>in</span> <span class='ocrx_word' id='word_1_552' title='bbox 1765 4250 1928 4289; x_wconf 74' lang='lat' dir='ltr'>cmna</span> 
     </span>
    </p>
   </div>
   <div class='ocr_carea' id='block_1_77' title="bbox 297 4321 1927 4412">
    <p class='ocr_par' dir='ltr' id='par_1_77' title="bbox 297 4321 1927 4412">
     <span class='ocr_line' id='line_1_78' title="bbox 297 4321 1927 4412; baseline -0.013 -14"><span class='ocrx_word' id='word_1_553' title='bbox 297 4321 636 4412; x_wconf 86' lang='lat' dir='ltr'>contigit,ut</span> <span class='ocrx_word' id='word_1_554' title='bbox 647 4339 772 4408; x_wconf 86' lang='lat' dir='ltr'>jam</span> <span class='ocrx_word' id='word_1_555' title='bbox 795 4333 934 4400; x_wconf 87' lang='lat' dir='ltr'>dixi,</span> <span class='ocrx_word' id='word_1_556' title='bbox 965 4345 1152 4402; x_wconf 87' lang='lat' dir='ltr'>neque</span> <span class='ocrx_word' id='word_1_557' title='bbox 1173 4341 1440 4399; x_wconf 86' lang='lat' dir='ltr'>azymum</span> <span class='ocrx_word' id='word_1_558' title='bbox 1489 4321 1706 4395; x_wconf 89' lang='lat' dir='ltr'>proprii</span> <span class='ocrx_word' id='word_1_559' title='bbox 1727 4337 1927 4393; x_wconf 82' lang='lat' dir='ltr'>corpo-</span> 
     </span>
    </p>
   </div>
   <div class='ocr_carea' id='block_1_78' title="bbox 297 4411 1929 4500">
    <p class='ocr_par' dir='ltr' id='par_1_78' title="bbox 297 4411 1929 4500">
     <span class='ocr_line' id='line_1_79' title="bbox 297 4411 1929 4500; baseline -0.013 -14"><span class='ocrx_word' id='word_1_560' title='bbox 297 4430 380 4486; x_wconf 90' lang='lat' dir='ltr'>ris</span> <span class='ocrx_word' id='word_1_561' title='bbox 405 4411 730 4500; x_wconf 68' lang='lat' dir='ltr'>antitypum</span> <span class='ocrx_word' id='word_1_562' title='bbox 753 4419 1056 4492; x_wconf 88' lang='lat' dir='ltr'>discipulis</span> <span class='ocrx_word' id='word_1_563' title='bbox 1075 4417 1198 4474; x_wconf 90' lang='lat' dir='ltr'>suis</span> <span class='ocrx_word' id='word_1_564' title='bbox 1217 4415 1482 4470; x_wconf 86' lang='lat' dir='ltr'>Christus</span> <span class='ocrx_word' id='word_1_565' title='bbox 1503 4412 1680 4467; x_wconf 88' lang='lat' dir='ltr'>dedit.</span> <span class='ocrx_word' id='word_1_566' title='bbox 1704 4411 1849 4466; x_wconf 89' lang='lat' dir='ltr'>Nam</span> <span class='ocrx_word' id='word_1_567' title='bbox 1871 4415 1929 4466; x_wconf 90' lang='lat' dir='ltr'>et</span> 
     </span>
    </p>
   </div>
   <div class='ocr_carea' id='block_1_79' title="bbox 296 4499 1927 4575">
    <p class='ocr_par' dir='ltr' id='par_1_79' title="bbox 296 4499 1927 4575">
     <span class='ocr_line' id='line_1_80' title="bbox 296 4499 1927 4575; baseline -0.014 1"><span class='ocrx_word' id='word_1_568' title='bbox 296 4518 406 4575; x_wconf 92' lang='lat' dir='ltr'>hoc</span> <span class='ocrx_word' id='word_1_569' title='bbox 446 4499 621 4573; x_wconf 83' lang='lat' dir='ltr'>etiam</span> <span class='ocrx_word' id='word_1_570' title='bbox 655 4529 810 4568; x_wconf 91' lang='lat' dir='ltr'>nunc</span> <span class='ocrx_word' id='word_1_571' title='bbox 839 4511 1018 4566; x_wconf 83' lang='lat' dir='ltr'>fieret.</span> <span class='ocrx_word' id='word_1_572' title='bbox 1053 4506 1110 4562; x_wconf 90' lang='lat' dir='ltr'>Si</span> <span class='ocrx_word' id='word_1_573' title='bbox 1145 4509 1342 4560; x_wconf 88' lang='lat' dir='ltr'>autem</span> <span class='ocrx_word' id='word_1_574' title='bbox 1375 4501 1475 4556; x_wconf 91' lang='lat' dir='ltr'>illa</span> <span class='ocrx_word' id='word_1_575' title='bbox 1504 4500 1710 4556; x_wconf 81' lang='lat' dir='ltr'>fuisset</span> <span class='ocrx_word' id='word_1_576' title='bbox 1737 4499 1927 4570; x_wconf 88' lang='lat' dir='ltr'>prima</span> 
     </span>
    </p>
   </div>
   <div class='ocr_carea' id='block_1_80' title="bbox 2029 3523 3743 3598">
    <p class='ocr_par' dir='ltr' id='par_1_80' title="bbox 2029 3523 3743 3598">
     <span class='ocr_line' id='line_1_81' title="bbox 2029 3523 3743 3598; baseline 0.001 -14"><span class='ocrx_word' id='word_1_577' title='bbox 2029 3530 2172 3584; x_wconf 82' lang='lat' dir='ltr'>bant</span> <span class='ocrx_word' id='word_1_578' title='bbox 2200 3528 2259 3584; x_wconf 90' lang='lat' dir='ltr'>in</span> <span class='ocrx_word' id='word_1_579' title='bbox 2286 3523 2872 3596; x_wconf 75' lang='lat' dir='ltr'>sacrificium,colligo</span> <span class='ocrx_word' id='word_1_580' title='bbox 2895 3539 3080 3596; x_wconf 87' lang='lat' dir='ltr'>panes</span> <span class='ocrx_word' id='word_1_581' title='bbox 3095 3523 3174 3580; x_wconf 90' lang='lat' dir='ltr'>ab</span> <span class='ocrx_word' id='word_1_582' title='bbox 3197 3524 3365 3598; x_wconf 87' lang='lat' dir='ltr'>ipsis</span> <span class='ocrx_word' id='word_1_583' title='bbox 3391 3531 3546 3585; x_wconf 82' lang='lat' dir='ltr'>tum</span> <span class='ocrx_word' id='word_1_584' title='bbox 3567 3529 3743 3586; x_wconf 85' lang='lat' dir='ltr'>adhi-</span> 
     </span>
    </p>
   </div>
   <div class='ocr_carea' id='block_1_81' title="bbox 2031 3610 3746 3683">
    <p class='ocr_par' dir='ltr' id='par_1_81' title="bbox 2031 3610 3746 3683">
     <span class='ocr_line' id='line_1_82' title="bbox 2031 3610 3746 3683; baseline 0.002 -11"><span class='ocrx_word' id='word_1_585' title='bbox 2031 3617 2182 3672; x_wconf 90' lang='lat' dir='ltr'>bitos</span> <span class='ocrx_word' id='word_1_586' title='bbox 2213 3615 2393 3672; x_wconf 87' lang='lat' dir='ltr'>fuisse</span> <span class='ocrx_word' id='word_1_587' title='bbox 2414 3629 2642 3668; x_wconf 87' lang='lat' dir='ltr'>crassos</span> <span class='ocrx_word' id='word_1_588' title='bbox 2664 3615 2724 3667; x_wconf 88' lang='lat' dir='ltr'>et</span> <span class='ocrx_word' id='word_1_589' title='bbox 2752 3610 3229 3683; x_wconf 85' lang='lat' dir='ltr'>inﬂatos,quales</span> <span class='ocrx_word' id='word_1_590' title='bbox 3249 3613 3321 3670; x_wconf 89' lang='lat' dir='ltr'>in</span> <span class='ocrx_word' id='word_1_591' title='bbox 3347 3631 3563 3674; x_wconf 85' lang='lat' dir='ltr'>usum</span> <span class='ocrx_word' id='word_1_592' title='bbox 3587 3633 3746 3674; x_wconf 71' lang='grc' dir='ltr'>σθω-</span> 
     </span>
    </p>
   </div>
   <div class='ocr_carea' id='block_1_82' title="bbox 2032 3699 3746 3767">
    <p class='ocr_par' dir='ltr' id='par_1_82' title="bbox 2032 3699 3746 3767">
     <span class='ocr_line' id='line_1_83' title="bbox 2032 3699 3746 3767; baseline 0.001 -7"><span class='ocrx_word' id='word_1_593' title='bbox 2032 3721 2267 3760; x_wconf 89' lang='lat' dir='ltr'>munem</span> <span class='ocrx_word' id='word_1_594' title='bbox 2301 3702 2532 3767; x_wconf 89' lang='lat' dir='ltr'>cedunt,</span> <span class='ocrx_word' id='word_1_595' title='bbox 2557 3701 2616 3754; x_wconf 93' lang='lat' dir='ltr'>id</span> <span class='ocrx_word' id='word_1_596' title='bbox 2647 3702 2736 3756; x_wconf 89' lang='lat' dir='ltr'>est</span> <span class='ocrx_word' id='word_1_597' title='bbox 2765 3699 3428 3760; x_wconf 82' lang='lat' dir='ltr'>fermentatos.Verum</span> <span class='ocrx_word' id='word_1_598' title='bbox 3463 3705 3578 3762; x_wconf 85' lang='lat' dir='ltr'>his</span> <span class='ocrx_word' id='word_1_599' title='bbox 3607 3723 3746 3763; x_wconf 80' lang='lat' dir='ltr'>con-</span> 
     </span>
    </p>
   </div>
   <div class='ocr_carea' id='block_1_83' title="bbox 2023 3791 3744 3864">
    <p class='ocr_par' dir='ltr' id='par_1_83' title="bbox 2023 3791 3744 3864">
     <span class='ocr_line' id='line_1_84' title="bbox 2023 3791 3744 3864; baseline 0.002 -16"><span class='ocrx_word' id='word_1_600' title='bbox 2023 3791 2272 3864; x_wconf 87' lang='lat' dir='ltr'>jecturis</span> <span class='ocrx_word' id='word_1_601' title='bbox 2289 3791 2510 3863; x_wconf 89' lang='lat' dir='ltr'>potiora</span> <span class='ocrx_word' id='word_1_602' title='bbox 2530 3791 2670 3843; x_wconf 89' lang='lat' dir='ltr'>sunt</span> <span class='ocrx_word' id='word_1_603' title='bbox 2690 3791 3040 3860; x_wconf 82' lang='lat' dir='ltr'>argumenta</span> <span class='ocrx_word' id='word_1_604' title='bbox 3065 3803 3202 3860; x_wconf 71' lang='lat' dir='ltr'>qua:</span> <span class='ocrx_word' id='word_1_605' title='bbox 3223 3805 3303 3844; x_wconf 83' lang='lat' dir='ltr'>ex</span> <span class='ocrx_word' id='word_1_606' title='bbox 3320 3793 3744 3864; x_wconf 86' lang='lat' dir='ltr'>superiorum</span> 
     </span>
    </p>
   </div>
   <div class='ocr_carea' id='block_1_84' title="bbox 2031 3875 3745 3948">
    <p class='ocr_par' dir='ltr' id='par_1_84' title="bbox 2031 3875 3745 3948">
     <span class='ocr_line' id='line_1_85' title="bbox 2031 3875 3745 3948; baseline 0.002 -12"><span class='ocrx_word' id='word_1_607' title='bbox 2031 3885 2337 3936; x_wconf 86' lang='lat' dir='ltr'>auctorum</span> <span class='ocrx_word' id='word_1_608' title='bbox 2365 3875 2716 3934; x_wconf 87' lang='lat' dir='ltr'>testimoniis</span> <span class='ocrx_word' id='word_1_609' title='bbox 2745 3875 2983 3944; x_wconf 83' lang='lat' dir='ltr'>adduxi,</span> <span class='ocrx_word' id='word_1_610' title='bbox 3016 3876 3342 3948; x_wconf 78' lang='lat' dir='ltr'>exquibus</span> <span class='ocrx_word' id='word_1_611' title='bbox 3363 3879 3518 3937; x_wconf 83' lang='lat' dir='ltr'>sola</span> <span class='ocrx_word' id='word_1_612' title='bbox 3537 3883 3745 3940; x_wconf 82' lang='lat' dir='ltr'>Phila-</span> 
     </span>
    </p>
   </div>
   <div class='ocr_carea' id='block_1_85' title="bbox 2033 3963 3745 4042">
    <p class='ocr_par' dir='ltr' id='par_1_85' title="bbox 2033 3963 3745 4042">
     <span class='ocr_line' id='line_1_86' title="bbox 2033 3963 3745 4042; baseline 0.001 -17"><span class='ocrx_word' id='word_1_613' title='bbox 2033 3969 2168 4042; x_wconf 91' lang='lat' dir='ltr'>poni</span> <span class='ocrx_word' id='word_1_614' title='bbox 2199 3965 2794 4022; x_wconf 81' lang='lat' dir='ltr'>auctaritassufficere</span> <span class='ocrx_word' id='word_1_615' title='bbox 2813 3964 3046 4020; x_wconf 84' lang='lat' dir='ltr'>videtur</span> <span class='ocrx_word' id='word_1_616' title='bbox 3065 3963 3138 4020; x_wconf 86' lang='lat' dir='ltr'>ad</span> <span class='ocrx_word' id='word_1_617' title='bbox 3161 3965 3594 4036; x_wconf 81' lang='lat' dir='ltr'>probandum</span> <span class='ocrx_word' id='word_1_618' title='bbox 3625 3970 3745 4028; x_wconf 80' lang='lat' dir='ltr'>fer-</span> 
     </span>
    </p>
   </div>
   <div class='ocr_carea' id='block_1_86' title="bbox 2034 4051 3748 4126">
    <p class='ocr_par' dir='ltr' id='par_1_86' title="bbox 2034 4051 3748 4126">
     <span class='ocr_line' id='line_1_87' title="bbox 2034 4051 3748 4126; baseline 0.002 -13"><span class='ocrx_word' id='word_1_619' title='bbox 2034 4061 2297 4113; x_wconf 82' lang='lat' dir='ltr'>mentum</span> <span class='ocrx_word' id='word_1_620' title='bbox 2326 4055 2480 4126; x_wconf 86' lang='lat' dir='ltr'>apud</span> <span class='ocrx_word' id='word_1_621' title='bbox 2514 4054 2742 4108; x_wconf 69' lang='lat' dir='ltr'>Graecos</span> <span class='ocrx_word' id='word_1_622' title='bbox 2773 4052 2846 4108; x_wconf 88' lang='lat' dir='ltr'>ab</span> <span class='ocrx_word' id='word_1_623' title='bbox 2882 4051 3049 4108; x_wconf 88' lang='lat' dir='ltr'>initio</span> <span class='ocrx_word' id='word_1_624' title='bbox 3078 4051 3396 4125; x_wconf 62' lang='lat' dir='ltr'>Ecclesia,</span> <span class='ocrx_word' id='word_1_625' title='bbox 3437 4062 3566 4114; x_wconf 86' lang='lat' dir='ltr'>aut</span> <span class='ocrx_word' id='word_1_626' title='bbox 3584 4063 3748 4116; x_wconf 80' lang='lat' dir='ltr'>certe</span> 
     </span>
    </p>
   </div>
   <div class='ocr_carea' id='block_1_87' title="bbox 2033 4142 3752 4219">
    <p class='ocr_par' dir='ltr' id='par_1_87' title="bbox 2033 4142 3752 4219">
     <span class='ocr_line' id='line_1_88' title="bbox 2033 4142 3752 4219; baseline 0.002 -18"><span class='ocrx_word' id='word_1_627' title='bbox 2033 4162 2210 4219; x_wconf 89' lang='lat' dir='ltr'>prope</span> <span class='ocrx_word' id='word_1_628' title='bbox 2239 4145 2310 4200; x_wconf 83' lang='lat' dir='ltr'>ab</span> <span class='ocrx_word' id='word_1_629' title='bbox 2338 4142 2522 4209; x_wconf 90' lang='lat' dir='ltr'>initio,</span> <span class='ocrx_word' id='word_1_630' title='bbox 2555 4143 2853 4214; x_wconf 89' lang='lat' dir='ltr'>receptum</span> <span class='ocrx_word' id='word_1_631' title='bbox 2879 4156 3292 4212; x_wconf 82' lang='lat' dir='ltr'>perseverasse</span> <span class='ocrx_word' id='word_1_632' title='bbox 3307 4143 3396 4198; x_wconf 84' lang='lat' dir='ltr'>ad</span> <span class='ocrx_word' id='word_1_633' title='bbox 3433 4145 3752 4204; x_wconf 62' lang='lat' dir='ltr'>saeculum</span> 
     </span>
    </p>
   </div>
   <div class='ocr_carea' id='block_1_88' title="bbox 2033 4231 3756 4306">
    <p class='ocr_par' dir='ltr' id='par_1_88' title="bbox 2033 4231 3756 4306">
     <span class='ocr_line' id='line_1_89' title="bbox 2033 4231 3756 4306; baseline 0.002 -16"><span class='ocrx_word' id='word_1_634' title='bbox 2033 4234 2350 4306; x_wconf 90' lang='lat' dir='ltr'>septimum</span> <span class='ocrx_word' id='word_1_635' title='bbox 2377 4249 2390 4298; x_wconf 93' lang='lat'><strong>;</strong></span> <span class='ocrx_word' id='word_1_636' title='bbox 2414 4246 2529 4302; x_wconf 91' lang='lat' dir='ltr'>quo</span> <span class='ocrx_word' id='word_1_637' title='bbox 2551 4245 2620 4285; x_wconf 86' lang='lat' dir='ltr'>ex</span> <span class='ocrx_word' id='word_1_638' title='bbox 2635 4234 2898 4302; x_wconf 85' lang='lat' dir='ltr'>tempore</span> <span class='ocrx_word' id='word_1_639' title='bbox 2923 4231 3152 4286; x_wconf 87' lang='lat' dir='ltr'>constat</span> <span class='ocrx_word' id='word_1_640' title='bbox 3172 4246 3534 4303; x_wconf 87' lang='lat' dir='ltr'>nunquam</span> <span class='ocrx_word' id='word_1_641' title='bbox 3561 4235 3756 4294; x_wconf 84' lang='lat' dir='ltr'>inter-</span> 
     </span>
    </p>
   </div>
   <div class='ocr_carea' id='block_1_89' title="bbox 2035 4319 2516 4379">
    <p class='ocr_par' dir='ltr' id='par_1_89' title="bbox 2035 4319 2516 4379">
     <span class='ocr_line' id='line_1_90' title="bbox 2035 4319 2516 4379; baseline -0.012 0"><span class='ocrx_word' id='word_1_642' title='bbox 2035 4323 2281 4379; x_wconf 88' lang='lat' dir='ltr'>missum</span> <span class='ocrx_word' id='word_1_643' title='bbox 2317 4319 2516 4376; x_wconf 81' lang='lat' dir='ltr'>fuisse.</span> 
     </span>
    </p>
   </div>
   <div class='ocr_carea' id='block_1_90' title="bbox 2104 4405 3749 4480">
    <p class='ocr_par' dir='ltr' id='par_1_90' title="bbox 2104 4405 3749 4480">
     <span class='ocr_line' id='line_1_91' title="bbox 2104 4405 3749 4480; baseline 0.003 -14"><span class='ocrx_word' id='word_1_644' title='bbox 2104 4411 2206 4467; x_wconf 85' lang='lat' dir='ltr'>His</span> <span class='ocrx_word' id='word_1_645' title='bbox 2238 4413 2429 4464; x_wconf 88' lang='lat' dir='ltr'>tamen</span> <span class='ocrx_word' id='word_1_646' title='bbox 2448 4423 2774 4478; x_wconf 86' lang='lat' dir='ltr'>repugnare</span> <span class='ocrx_word' id='word_1_647' title='bbox 2787 4405 3021 4462; x_wconf 83' lang='lat' dir='ltr'>videtur</span> <span class='ocrx_word' id='word_1_648' title='bbox 3039 4405 3209 4462; x_wconf 89' lang='lat' dir='ltr'>locus</span> <span class='ocrx_word' id='word_1_649' title='bbox 3233 4409 3419 4480; x_wconf 89' lang='lat' dir='ltr'>apud</span> <span class='ocrx_word' id='word_1_650' title='bbox 3441 4416 3749 4470; x_wconf 79' lang='lat' dir='ltr'>sanctum</span> 
     </span>
    </p>
   </div>
   <div class='ocr_carea' id='block_1_91' title="bbox 2033 4493 3749 4566">
    <p class='ocr_par' dir='ltr' id='par_1_91' title="bbox 2033 4493 3749 4566">
     <span class='ocr_line' id='line_1_92' title="bbox 2033 4493 3749 4566; baseline 0.002 -11"><span class='ocrx_word' id='word_1_651' title='bbox 2033 4499 2331 4556; x_wconf 88' lang='lat' dir='ltr'>Justinum</span> <span class='ocrx_word' id='word_1_652' title='bbox 2363 4496 2422 4550; x_wconf 89' lang='lat' dir='ltr'>in</span> <span class='ocrx_word' id='word_1_653' title='bbox 2455 4495 2696 4566; x_wconf 90' lang='lat' dir='ltr'>Dialogo</span> <span class='ocrx_word' id='word_1_654' title='bbox 2725 4510 2862 4549; x_wconf 91' lang='lat' dir='ltr'>cum</span> <span class='ocrx_word' id='word_1_655' title='bbox 2883 4493 3215 4566; x_wconf 82' lang='lat' dir='ltr'>Tryphone,</span> <span class='ocrx_word' id='word_1_656' title='bbox 3242 4495 3354 4550; x_wconf 88' lang='lat' dir='ltr'>ubi</span> <span class='ocrx_word' id='word_1_657' title='bbox 3383 4497 3649 4558; x_wconf 84' lang='lat' dir='ltr'>oblatio</span> <span class='ocrx_word' id='word_1_658' title='bbox 3669 4501 3749 4558; x_wconf 83' lang='lat' dir='ltr'>si-</span> 
     </span>
    </p>
   </div>
   <div class='ocr_carea' id='block_1_92' title="bbox 296 4581 3755 4678">
    <p class='ocr_par' dir='ltr' id='par_1_92' title="bbox 296 4581 3755 4678">
     <span class='ocr_line' id='line_1_93' title="bbox 296 4581 3755 4678; baseline -0.009 -15"><span class='ocrx_word' id='word_1_659' title='bbox 296 4606 420 4663; x_wconf 88' lang='lat' dir='ltr'>dies</span> <span class='ocrx_word' id='word_1_660' title='bbox 451 4618 805 4678; x_wconf 88' lang='lat' dir='ltr'>azymorum,</span> <span class='ocrx_word' id='word_1_661' title='bbox 840 4615 956 4654; x_wconf 90' lang='lat' dir='ltr'>non</span> <span class='ocrx_word' id='word_1_662' title='bbox 1013 4593 1296 4668; x_wconf 88' lang='lat' dir='ltr'>potuisset</span> <span class='ocrx_word' id='word_1_663' title='bbox 1336 4589 1587 4662; x_wconf 86' lang='lat' dir='ltr'>reperire</span> <span class='ocrx_word' id='word_1_664' title='bbox 1617 4588 1926 4643; x_wconf 82' lang='lat' dir='ltr'>fermenta-</span> <span class='ocrx_word' id='word_1_665' title='bbox 1955 4600 2002 4665; x_wconf 87' lang='lat' dir='ltr'><strong>D</strong></span> <span class='ocrx_word' id='word_1_666' title='bbox 2033 4586 2184 4642; x_wconf 73' lang='lat' dir='ltr'>mila:</span> <span class='ocrx_word' id='word_1_667' title='bbox 2199 4582 2556 4657; x_wconf 82' lang='lat' dir='ltr'>proeisquia</span> <span class='ocrx_word' id='word_1_668' title='bbox 2593 4581 3344 4654; x_wconf 79' lang='lat' dir='ltr'>leprapurgabantur,qua-.</span> <span class='ocrx_word' id='word_1_669' title='bbox 3399 4585 3755 4646; x_wconf 75' lang='lat' dir='ltr'>inferrren-</span> 
     </span>
    </p>
   </div>
   <div class='ocr_carea' id='block_1_93' title="bbox 295 4679 1926 4758">
    <p class='ocr_par' dir='ltr' id='par_1_93' title="bbox 295 4679 1926 4758">
     <span class='ocr_line' id='line_1_94' title="bbox 295 4679 1926 4758; baseline -0.014 -6"><span class='ocrx_word' id='word_1_670' title='bbox 295 4698 446 4752; x_wconf 90' lang='lat' dir='ltr'>tum.</span> <span class='ocrx_word' id='word_1_671' title='bbox 473 4715 500 4742; x_wconf 87' lang='grc'><strong>››</strong></span> <span class='ocrx_word' id='word_1_672' title='bbox 533 4694 610 4748; x_wconf 85' lang='lat' dir='ltr'>Ex</span> <span class='ocrx_word' id='word_1_673' title='bbox 630 4691 722 4745; x_wconf 92' lang='lat' dir='ltr'>his</span> <span class='ocrx_word' id='word_1_674' title='bbox 746 4683 1046 4758; x_wconf 86' lang='lat' dir='ltr'>Phi10poni</span> <span class='ocrx_word' id='word_1_675' title='bbox 1075 4681 1264 4738; x_wconf 88' lang='lat' dir='ltr'>verbis</span> <span class='ocrx_word' id='word_1_676' title='bbox 1295 4679 1516 4735; x_wconf 88' lang='lat' dir='ltr'>clarum</span> <span class='ocrx_word' id='word_1_677' title='bbox 1545 4681 1636 4734; x_wconf 89' lang='lat' dir='ltr'>est</span> <span class='ocrx_word' id='word_1_678' title='bbox 1655 4693 1759 4732; x_wconf 87' lang='lat' dir='ltr'>suo</span> <span class='ocrx_word' id='word_1_679' title='bbox 1779 4680 1926 4732; x_wconf 74' lang='lat' dir='ltr'>tem-</span> 
     </span>
    </p>
   </div>
   <div class='ocr_carea' id='block_1_94' title="bbox 295 4769 1930 4856">
    <p class='ocr_par' dir='ltr' id='par_1_94' title="bbox 295 4769 1930 4856">
     <span class='ocr_line' id='line_1_95' title="bbox 295 4769 1930 4856; baseline -0.013 -16"><span class='ocrx_word' id='word_1_680' title='bbox 295 4800 434 4856; x_wconf 89' lang='lat' dir='ltr'>pore</span> <span class='ocrx_word' id='word_1_681' title='bbox 450 4782 698 4844; x_wconf 73' lang='lat' dir='ltr'>Graecos,</span> <span class='ocrx_word' id='word_1_682' title='bbox 713 4794 825 4832; x_wconf 90' lang='lat' dir='ltr'>non</span> <span class='ocrx_word' id='word_1_683' title='bbox 849 4789 1139 4847; x_wconf 88' lang='lat' dir='ltr'>azymum,</span> <span class='ocrx_word' id='word_1_684' title='bbox 1166 4771 1266 4825; x_wconf 91' lang='lat' dir='ltr'>sed</span> <span class='ocrx_word' id='word_1_685' title='bbox 1291 4769 1698 4824; x_wconf 78' lang='lat' dir='ltr'>fermentatum</span> <span class='ocrx_word' id='word_1_686' title='bbox 1719 4781 1930 4836; x_wconf 88' lang='lat' dir='ltr'>panem</span> 
     </span>
    </p>
   </div>
   <div class='ocr_carea' id='block_1_95' title="bbox 296 4853 1930 4930">
    <p class='ocr_par' dir='ltr' id='par_1_95' title="bbox 296 4853 1930 4930">
     <span class='ocr_line' id='line_1_96' title="bbox 296 4853 1930 4930; baseline -0.013 -4"><span class='ocrx_word' id='word_1_687' title='bbox 296 4853 358 4928; x_wconf 83' lang='lat' dir='ltr'>in</span> <span class='ocrx_word' id='word_1_688' title='bbox 388 4887 510 4928; x_wconf 88' lang='lat' dir='ltr'>rem</span> <span class='ocrx_word' id='word_1_689' title='bbox 539 4883 768 4924; x_wconf 89' lang='lat' dir='ltr'>sacram</span> <span class='ocrx_word' id='word_1_690' title='bbox 825 4862 1186 4926; x_wconf 86' lang='lat' dir='ltr'>adhibuisse,</span> <span class='ocrx_word' id='word_1_691' title='bbox 1242 4853 1712 4930; x_wconf 88' lang='lat' dir='ltr'>quandoquidem</span> <span class='ocrx_word' id='word_1_692' title='bbox 1745 4854 1846 4920; x_wconf 88' lang='lat' dir='ltr'>ait,</span> <span class='ocrx_word' id='word_1_693' title='bbox 1881 4853 1930 4907; x_wconf 92' lang='lat' dir='ltr'>si</span> 
     </span>
    </p>
   </div>
   <div class='ocr_carea' id='block_1_96' title="bbox 296 4943 1932 5025">
    <p class='ocr_par' dir='ltr' id='par_1_96' title="bbox 296 4943 1932 5025">
     <span class='ocr_line' id='line_1_97' title="bbox 296 4943 1932 5025; baseline -0.013 -9"><span class='ocrx_word' id='word_1_694' title='bbox 296 4959 566 5016; x_wconf 87' lang='lat' dir='ltr'>Christus</span> <span class='ocrx_word' id='word_1_695' title='bbox 589 4956 650 5010; x_wconf 91' lang='lat' dir='ltr'>in</span> <span class='ocrx_word' id='word_1_696' title='bbox 678 4971 876 5025; x_wconf 86' lang='lat' dir='ltr'>azyma</span> <span class='ocrx_word' id='word_1_697' title='bbox 894 4947 1313 5007; x_wconf 84' lang='lat' dir='ltr'>Eucharistiam</span> <span class='ocrx_word' id='word_1_698' title='bbox 1336 4943 1640 5014; x_wconf 89' lang='lat' dir='ltr'>discipulis</span> <span class='ocrx_word' id='word_1_699' title='bbox 1659 4943 1782 4998; x_wconf 89' lang='lat' dir='ltr'>suis</span> <span class='ocrx_word' id='word_1_700' title='bbox 1801 4959 1932 5014; x_wconf 91' lang='lat' dir='ltr'>por-</span> 
     </span>
    </p>
   </div>
   <div class='ocr_carea' id='block_1_97' title="bbox 298 5030 1930 5112">
    <p class='ocr_par' dir='ltr' id='par_1_97' title="bbox 298 5030 1930 5112">
     <span class='ocr_line' id='line_1_98' title="bbox 298 5030 1930 5112; baseline -0.011 -9"><span class='ocrx_word' id='word_1_701' title='bbox 298 5045 686 5112; x_wconf 80' lang='lat' dir='ltr'>rexisset,fore</span> <span class='ocrx_word' id='word_1_702' title='bbox 710 5047 775 5097; x_wconf 88' lang='lat' dir='ltr'>ut</span> <span class='ocrx_word' id='word_1_703' title='bbox 801 5042 858 5096; x_wconf 91' lang='lat' dir='ltr'>id</span> <span class='ocrx_word' id='word_1_704' title='bbox 881 5040 1054 5095; x_wconf 88' lang='lat' dir='ltr'>etiam</span> <span class='ocrx_word' id='word_1_705' title='bbox 1087 5042 1210 5090; x_wconf 89' lang='lat' dir='ltr'>tum</span> <span class='ocrx_word' id='word_1_706' title='bbox 1253 5035 1310 5088; x_wconf 91' lang='lat' dir='ltr'>in</span> <span class='ocrx_word' id='word_1_707' title='bbox 1332 5031 1586 5088; x_wconf 84' lang='lat' dir='ltr'>Ecclesia</span> <span class='ocrx_word' id='word_1_708' title='bbox 1627 5032 1806 5086; x_wconf 79' lang='lat' dir='ltr'>fieret.</span> <span class='ocrx_word' id='word_1_709' title='bbox 1849 5030 1930 5085; x_wconf 81' lang='lat' dir='ltr'>Ex</span> 
     </span>
    </p>
   </div>
   <div class='ocr_carea' id='block_1_98' title="bbox 297 5119 1928 5204">
    <p class='ocr_par' dir='ltr' id='par_1_98' title="bbox 297 5119 1928 5204">
     <span class='ocr_line' id='line_1_99' title="bbox 297 5119 1928 5204; baseline -0.01 -13"><span class='ocrx_word' id='word_1_710' title='bbox 297 5153 365 5192; x_wconf 91' lang='lat' dir='ltr'>eo</span> <span class='ocrx_word' id='word_1_711' title='bbox 410 5150 543 5189; x_wconf 91' lang='lat' dir='ltr'>vero</span> <span class='ocrx_word' id='word_1_712' title='bbox 573 5132 726 5204; x_wconf 87' lang='lat' dir='ltr'>quod</span> <span class='ocrx_word' id='word_1_713' title='bbox 759 5146 928 5185; x_wconf 89' lang='lat' dir='ltr'>secus</span> <span class='ocrx_word' id='word_1_714' title='bbox 958 5143 1051 5180; x_wconf 89' lang='lat' dir='ltr'>res</span> <span class='ocrx_word' id='word_1_715' title='bbox 1083 5141 1142 5180; x_wconf 90' lang='lat' dir='ltr'>se</span> <span class='ocrx_word' id='word_1_716' title='bbox 1169 5123 1426 5187; x_wconf 87' lang='lat' dir='ltr'>haberet,</span> <span class='ocrx_word' id='word_1_717' title='bbox 1457 5121 1632 5175; x_wconf 82' lang='lat' dir='ltr'>infert</span> <span class='ocrx_word' id='word_1_718' title='bbox 1659 5119 1928 5189; x_wconf 90' lang='lat' dir='ltr'>Philopo-</span> 
     </span>
    </p>
   </div>
   <div class='ocr_carea' id='block_1_99' title="bbox 298 5207 1929 5285">
    <p class='ocr_par' dir='ltr' id='par_1_99' title="bbox 298 5207 1929 5285">
     <span class='ocr_line' id='line_1_100' title="bbox 298 5207 1929 5285; baseline -0.013 -3"><span class='ocrx_word' id='word_1_719' title='bbox 298 5241 410 5282; x_wconf 89' lang='lat' dir='ltr'>nus</span> <span class='ocrx_word' id='word_1_720' title='bbox 442 5222 738 5279; x_wconf 84' lang='lat' dir='ltr'>Christum</span> <span class='ocrx_word' id='word_1_721' title='bbox 784 5234 898 5271; x_wconf 90' lang='lat' dir='ltr'>non</span> <span class='ocrx_word' id='word_1_722' title='bbox 949 5213 1116 5285; x_wconf 79' lang='lat' dir='ltr'>legali</span> <span class='ocrx_word' id='word_1_723' title='bbox 1153 5227 1312 5266; x_wconf 89' lang='lat' dir='ltr'>more</span> <span class='ocrx_word' id='word_1_724' title='bbox 1343 5225 1565 5262; x_wconf 84' lang='lat' dir='ltr'>coenam</span> <span class='ocrx_word' id='word_1_725' title='bbox 1598 5209 1654 5263; x_wconf 91' lang='lat' dir='ltr'>in</span> <span class='ocrx_word' id='word_1_726' title='bbox 1711 5207 1929 5279; x_wconf 85' lang='lat' dir='ltr'>azymis</span> 
     </span>
    </p>
   </div>
   <div class='ocr_carea' id='block_1_100' title="bbox 296 5295 1928 5386">
    <p class='ocr_par' dir='ltr' id='par_1_100' title="bbox 296 5295 1928 5386">
     <span class='ocr_line' id='line_1_101' title="bbox 296 5295 1928 5386; baseline -0.012 -17"><span class='ocrx_word' id='word_1_727' title='bbox 296 5312 610 5386; x_wconf 85' lang='lat' dir='ltr'>peregisse.</span> <span class='ocrx_word' id='word_1_728' title='bbox 644 5309 917 5363; x_wconf 74' lang='lat' dir='ltr'>Praeterea</span> <span class='ocrx_word' id='word_1_729' title='bbox 973 5301 1114 5357; x_wconf 82' lang='lat' dir='ltr'>satis</span> <span class='ocrx_word' id='word_1_730' title='bbox 1145 5299 1381 5368; x_wconf 84' lang='lat' dir='ltr'>apparet</span> <span class='ocrx_word' id='word_1_731' title='bbox 1438 5295 1735 5366; x_wconf 90' lang='lat' dir='ltr'>Philoponi</span> <span class='ocrx_word' id='word_1_732' title='bbox 1767 5312 1928 5351; x_wconf 90' lang='lat' dir='ltr'>men-</span> 
     </span>
    </p>
   </div>
   <div class='ocr_carea' id='block_1_101' title="bbox 299 5383 1928 5467">
    <p class='ocr_par' dir='ltr' id='par_1_101' title="bbox 299 5383 1928 5467">
     <span class='ocr_line' id='line_1_102' title="bbox 299 5383 1928 5467; baseline -0.016 -9"><span class='ocrx_word' id='word_1_733' title='bbox 299 5383 416 5458; x_wconf 74' lang='lat' dir='ltr'>tem</span> <span class='ocrx_word' id='word_1_734' title='bbox 449 5416 577 5455; x_wconf 88' lang='lat' dir='ltr'>esse</span> <span class='ocrx_word' id='word_1_735' title='bbox 609 5412 910 5467; x_wconf 85' lang='lat' dir='ltr'>nunquam</span> <span class='ocrx_word' id='word_1_736' title='bbox 937 5393 994 5446; x_wconf 90' lang='lat' dir='ltr'>in</span> <span class='ocrx_word' id='word_1_737' title='bbox 1022 5383 1276 5444; x_wconf 85' lang='lat' dir='ltr'>Ecclesia</span> <span class='ocrx_word' id='word_1_738' title='bbox 1295 5383 1490 5436; x_wconf 63' lang='lat' dir='ltr'>Graeca</span> <span class='ocrx_word' id='word_1_739' title='bbox 1511 5399 1717 5452; x_wconf 88' lang='lat' dir='ltr'>panem</span> <span class='ocrx_word' id='word_1_740' title='bbox 1747 5383 1928 5439; x_wconf 85' lang='lat' dir='ltr'>alium</span> 
     </span>
    </p>
   </div>
   <div class='ocr_carea' id='block_1_102' title="bbox 301 5469 1928 5562">
    <p class='ocr_par' dir='ltr' id='par_1_102' title="bbox 301 5469 1928 5562">
     <span class='ocr_line' id='line_1_103' title="bbox 301 5469 1928 5562; baseline -0.02 -16"><span class='ocrx_word' id='word_1_741' title='bbox 301 5504 478 5562; x_wconf 87' lang='lat' dir='ltr'>quam</span> <span class='ocrx_word' id='word_1_742' title='bbox 502 5487 599 5555; x_wconf 88' lang='lat' dir='ltr'>qui</span> <span class='ocrx_word' id='word_1_743' title='bbox 629 5489 765 5540; x_wconf 88' lang='lat' dir='ltr'>tunc</span> <span class='ocrx_word' id='word_1_744' title='bbox 790 5481 920 5538; x_wconf 85' lang='lat' dir='ltr'>usui</span> <span class='ocrx_word' id='word_1_745' title='bbox 946 5475 1206 5540; x_wconf 87' lang='lat' dir='ltr'>erat,hoc</span> <span class='ocrx_word' id='word_1_746' title='bbox 1229 5473 1316 5523; x_wconf 83' lang='lat' dir='ltr'>est</span> <span class='ocrx_word' id='word_1_747' title='bbox 1335 5469 1741 5562; x_wconf 77' lang='lat' dir='ltr'>fermentatum</span> <span class='ocrx_word' id='word_1_748' title='bbox 1765 5473 1928 5526; x_wconf 90' lang='lat' dir='ltr'>adhi-</span> 
     </span>
    </p>
   </div>
   <div class='ocr_carea' id='block_1_103' title="bbox 299 5555 1929 5634">
    <p class='ocr_par' dir='ltr' id='par_1_103' title="bbox 299 5555 1929 5634">
     <span class='ocr_line' id='line_1_104' title="bbox 299 5555 1929 5634; baseline -0.012 0"><span class='ocrx_word' id='word_1_749' title='bbox 299 5555 491 5634; x_wconf 78' lang='lat' dir='ltr'>bitum</span> <span class='ocrx_word' id='word_1_750' title='bbox 514 5572 708 5627; x_wconf 78' lang='lat' dir='ltr'>fuisse.</span> <span class='ocrx_word' id='word_1_751' title='bbox 736 5573 881 5626; x_wconf 88' lang='lat' dir='ltr'>Nam</span> <span class='ocrx_word' id='word_1_752' title='bbox 903 5568 952 5621; x_wconf 91' lang='lat' dir='ltr'>si</span> <span class='ocrx_word' id='word_1_753' title='bbox 980 5559 1364 5620; x_wconf 83' lang='lat' dir='ltr'>mutationem</span> <span class='ocrx_word' id='word_1_754' title='bbox 1388 5555 1696 5626; x_wconf 86' lang='lat' dir='ltr'>aliquando</span> <span class='ocrx_word' id='word_1_755' title='bbox 1719 5561 1929 5616; x_wconf 84' lang='lat' dir='ltr'>factam</span> 
     </span>
    </p>
   </div>
   <div class='ocr_carea' id='block_1_104' title="bbox 301 5642 1932 5735">
    <p class='ocr_par' dir='ltr' id='par_1_104' title="bbox 301 5642 1932 5735">
     <span class='ocr_line' id='line_1_105' title="bbox 301 5642 1932 5735; baseline -0.008 -19"><span class='ocrx_word' id='word_1_756' title='bbox 301 5657 491 5735; x_wconf 81' lang='lat' dir='ltr'>azymi</span> <span class='ocrx_word' id='word_1_757' title='bbox 521 5659 686 5728; x_wconf 85' lang='lat' dir='ltr'>panis</span> <span class='ocrx_word' id='word_1_758' title='bbox 717 5659 774 5713; x_wconf 93' lang='lat' dir='ltr'>in</span> <span class='ocrx_word' id='word_1_759' title='bbox 806 5652 1222 5712; x_wconf 85' lang='lat' dir='ltr'>fermentatum</span> <span class='ocrx_word' id='word_1_760' title='bbox 1247 5642 1592 5712; x_wconf 84' lang='lat' dir='ltr'>agnovisset,</span> <span class='ocrx_word' id='word_1_761' title='bbox 1618 5643 1761 5724; x_wconf 79' lang='lat' dir='ltr'>nihil</span> <span class='ocrx_word' id='word_1_762' title='bbox 1793 5663 1932 5703; x_wconf 88' lang='lat' dir='ltr'>con-</span> 
     </span>
    </p>
   </div>
   <div class='ocr_carea' id='block_1_105' title="bbox 2035 4669 3754 4752">
    <p class='ocr_par' dir='ltr' id='par_1_105' title="bbox 2035 4669 3754 4752">
     <span class='ocr_line' id='line_1_106' title="bbox 2035 4669 3754 4752; baseline 0.002 -21"><span class='ocrx_word' id='word_1_763' title='bbox 2035 4680 2154 4732; x_wconf 87' lang='lat' dir='ltr'>tata</span> <span class='ocrx_word' id='word_1_764' title='bbox 2175 4678 2348 4740; x_wconf 84' lang='lat' dir='ltr'>erat,«</span> <span class='ocrx_word' id='word_1_765' title='bbox 2373 4671 2561 4744; x_wconf 83' lang='lat' dir='ltr'>ﬁgura</span> <span class='ocrx_word' id='word_1_766' title='bbox 2581 4670 2749 4742; x_wconf 88' lang='lat' dir='ltr'>panis</span> <span class='ocrx_word' id='word_1_767' title='bbox 2775 4669 3150 4726; x_wconf 87' lang='lat' dir='ltr'>euoharistici</span> <span class='ocrx_word' id='word_1_768' title='bbox 3175 4689 3204 4720; x_wconf 70' lang='grc' dir='ltr'>ι»</span> <span class='ocrx_word' id='word_1_769' title='bbox 3227 4670 3442 4730; x_wconf 81' lang='lat' dir='ltr'>fuisse</span> <span class='ocrx_word' id='word_1_770' title='bbox 3492 4676 3754 4752; x_wconf 85' lang='lat' dir='ltr'>dicitur,</span> 
     </span>
    </p>
   </div>
   <div class='ocr_carea' id='block_1_106' title="bbox 2036 4757 3750 4832">
    <p class='ocr_par' dir='ltr' id='par_1_106' title="bbox 2036 4757 3750 4832">
     <span class='ocr_line' id='line_1_107' title="bbox 2036 4757 3750 4832; baseline 0.003 -12"><span class='ocrx_word' id='word_1_771' title='bbox 2036 4772 2182 4830; x_wconf 84' lang='grc' dir='ltr'>τύπος</span> <span class='ocrx_word' id='word_1_772' title='bbox 2209 4767 2272 4829; x_wconf 75' lang='grc' dir='ltr'>ἣν</span> <span class='ocrx_word' id='word_1_773' title='bbox 2298 4771 2384 4816; x_wconf 80' lang='grc' dir='ltr'>τοῦ</span> <span class='ocrx_word' id='word_1_774' title='bbox 2413 4769 2448 4814; x_wconf 75' lang='grc' dir='ltr'><strong><em>ἄ</em></strong></span> <span class='ocrx_word' id='word_1_775' title='bbox 2475 4782 2562 4815; x_wconf 81' lang='grc' dir='ltr'>του</span> <span class='ocrx_word' id='word_1_776' title='bbox 2591 4769 2677 4826; x_wconf 83' lang='grc' dir='ltr'>τῆς</span> <span class='ocrx_word' id='word_1_777' title='bbox 2707 4766 3035 4832; x_wconf 74' lang='grc' dir='ltr'>εὐχαριστίας.</span> <span class='ocrx_word' id='word_1_778' title='bbox 3064 4757 3294 4814; x_wconf 85' lang='lat' dir='ltr'>Verum</span> <span class='ocrx_word' id='word_1_779' title='bbox 3315 4769 3614 4822; x_wconf 81' lang='lat' dir='ltr'>necesse</span> <span class='ocrx_word' id='word_1_780' title='bbox 3633 4783 3750 4824; x_wconf 89' lang='lat' dir='ltr'>non</span> 
     </span>
    </p>
   </div>
   <div class='ocr_carea' id='block_1_107' title="bbox 2037 4846 3753 4924">
    <p class='ocr_par' dir='ltr' id='par_1_107' title="bbox 2037 4846 3753 4924">
     <span class='ocr_line' id='line_1_108' title="bbox 2037 4846 3753 4924; baseline 0.001 -16"><span class='ocrx_word' id='word_1_781' title='bbox 2037 4855 2126 4908; x_wconf 90' lang='lat' dir='ltr'>est</span> <span class='ocrx_word' id='word_1_782' title='bbox 2153 4856 2218 4905; x_wconf 88' lang='lat' dir='ltr'>ut</span> <span class='ocrx_word' id='word_1_783' title='bbox 2247 4849 2435 4921; x_wconf 81' lang='lat' dir='ltr'>ﬁgura</span> <span class='ocrx_word' id='word_1_784' title='bbox 2486 4847 2548 4902; x_wconf 88' lang='lat' dir='ltr'>in</span> <span class='ocrx_word' id='word_1_785' title='bbox 2577 4846 2853 4903; x_wconf 91' lang='lat' dir='ltr'>omnibus</span> <span class='ocrx_word' id='word_1_786' title='bbox 2905 4847 2990 4902; x_wconf 88' lang='lat' dir='ltr'>rei</span> <span class='ocrx_word' id='word_1_787' title='bbox 3019 4846 3291 4919; x_wconf 75' lang='lat' dir='ltr'>ﬁguratas</span> <span class='ocrx_word' id='word_1_788' title='bbox 3324 4855 3753 4924; x_wconf 81' lang='lat' dir='ltr'>respondeat.</span> 
     </span>
    </p>
   </div>
   <div class='ocr_carea' id='block_1_108' title="bbox 2673 4987 3040 5046">
    <p class='ocr_par' dir='ltr' id='par_1_108' title="bbox 2673 4987 3040 5046">
     <span class='ocr_line' id='line_1_109' title="bbox 2673 4987 3040 5046; baseline -0.003 -1"><span class='ocrx_word' id='word_1_789' title='bbox 2673 4989 2906 5046; x_wconf 83' lang='lat' dir='ltr'>CAPUT</span> <span class='ocrx_word' id='word_1_790' title='bbox 2947 4987 3040 5044; x_wconf 90' lang='lat' dir='ltr'>IV.</span> 
     </span>
    </p>
   </div>
   <div class='ocr_carea' id='block_1_109' title="bbox 2143 5077 3642 5151">
    <p class='ocr_par' dir='ltr' id='par_1_109' title="bbox 2143 5077 3642 5151">
     <span class='ocr_line' id='line_1_110' title="bbox 2143 5077 3642 5151; baseline 0.003 -15"><span class='ocrx_word' id='word_1_791' title='bbox 2143 5080 2308 5150; x_wconf 79' lang='lat' dir='ltr'>Quali</span> <span class='ocrx_word' id='word_1_792' title='bbox 2340 5094 2482 5151; x_wconf 80' lang='lat' dir='ltr'>pane</span> <span class='ocrx_word' id='word_1_793' title='bbox 2509 5080 2737 5134; x_wconf 80' lang='lat' dir='ltr'>utantur</span> <span class='ocrx_word' id='word_1_794' title='bbox 2758 5079 2886 5135; x_wconf 73' lang='lat' dir='ltr'>aliae</span> <span class='ocrx_word' id='word_1_795' title='bbox 2915 5079 3196 5135; x_wconf 74' lang='lat' dir='ltr'>societates</span> <span class='ocrx_word' id='word_1_796' title='bbox 3227 5077 3642 5144; x_wconf 67' lang='lat' dir='ltr'>Christianas.</span> 
     </span>
    </p>
   </div>
   <div class='ocr_carea' id='block_1_110' title="bbox 2108 5201 3748 5278">
    <p class='ocr_par' dir='ltr' id='par_1_110' title="bbox 2108 5201 3748 5278">
     <span class='ocr_line' id='line_1_111' title="bbox 2108 5201 3748 5278; baseline 0.005 -18"><span class='ocrx_word' id='word_1_797' title='bbox 2108 5203 2432 5260; x_wconf 71' lang='lat' dir='ltr'>Moscovitas</span> <span class='ocrx_word' id='word_1_798' title='bbox 2443 5205 2500 5257; x_wconf 90' lang='lat' dir='ltr'>et</span> <span class='ocrx_word' id='word_1_799' title='bbox 2515 5201 2860 5270; x_wconf 83' lang='lat' dir='ltr'>Rutheni,ut</span> <span class='ocrx_word' id='word_1_800' title='bbox 2875 5201 2935 5257; x_wconf 92' lang='lat' dir='ltr'>in</span> <span class='ocrx_word' id='word_1_801' title='bbox 2950 5205 3291 5258; x_wconf 66' lang='lat' dir='ltr'>Grecorum</span> <span class='ocrx_word' id='word_1_802' title='bbox 3309 5201 3474 5262; x_wconf 80' lang='lat' dir='ltr'>aliis</span> <span class='ocrx_word' id='word_1_803' title='bbox 3489 5207 3748 5278; x_wconf 80' lang='lat' dir='ltr'>ritibus,</span> 
     </span>
    </p>
   </div>
   <div class='ocr_carea' id='block_1_111' title="bbox 2035 5289 3746 5372">
    <p class='ocr_par' dir='ltr' id='par_1_111' title="bbox 2035 5289 3746 5372">
     <span class='ocr_line' id='line_1_112' title="bbox 2035 5289 3746 5372; baseline 0.005 -22"><span class='ocrx_word' id='word_1_804' title='bbox 2035 5295 2118 5350; x_wconf 89' lang='lat' dir='ltr'>ita</span> <span class='ocrx_word' id='word_1_805' title='bbox 2147 5294 2490 5348; x_wconf 87' lang='lat' dir='ltr'>fermentata</span> <span class='ocrx_word' id='word_1_806' title='bbox 2508 5306 2656 5362; x_wconf 89' lang='lat' dir='ltr'>pane</span> <span class='ocrx_word' id='word_1_807' title='bbox 2676 5293 2944 5346; x_wconf 89' lang='lat' dir='ltr'>utuntur.</span> <span class='ocrx_word' id='word_1_808' title='bbox 2961 5289 3297 5347; x_wconf 81' lang='lat' dir='ltr'>Alexander</span> <span class='ocrx_word' id='word_1_809' title='bbox 3326 5291 3746 5372; x_wconf 78' lang='lat' dir='ltr'>Gwagninus</span> 
     </span>
    </p>
   </div>
   <div class='ocr_carea' id='block_1_112' title="bbox 2034 5379 3748 5461">
    <p class='ocr_par' dir='ltr' id='par_1_112' title="bbox 2034 5379 3748 5461">
     <span class='ocr_line' id='line_1_113' title="bbox 2034 5379 3748 5461; baseline 0.008 -27"><span class='ocrx_word' id='word_1_810' title='bbox 2034 5383 2095 5439; x_wconf 89' lang='lat' dir='ltr'>in</span> <span class='ocrx_word' id='word_1_811' title='bbox 2125 5379 2517 5451; x_wconf 87' lang='lat' dir='ltr'>Descriptione</span> <span class='ocrx_word' id='word_1_812' title='bbox 2548 5379 2846 5436; x_wconf 87' lang='lat' dir='ltr'>Moscoviae</span> <span class='ocrx_word' id='word_1_813' title='bbox 2871 5380 3146 5436; x_wconf 89' lang='lat' dir='ltr'>observat</span> <span class='ocrx_word' id='word_1_814' title='bbox 3172 5379 3500 5442; x_wconf 81' lang='lat' dir='ltr'>mulieres</span> <span class='ocrx_word' id='word_1_815' title='bbox 3531 5405 3748 5461; x_wconf 78' lang='lat' dir='ltr'>prave-</span> 
     </span>
    </p>
   </div>
   <div class='ocr_carea' id='block_1_113' title="bbox 2039 5467 3746 5544">
    <p class='ocr_par' dir='ltr' id='par_1_113' title="bbox 2039 5467 3746 5544">
     <span class='ocr_line' id='line_1_114' title="bbox 2039 5467 3746 5544; baseline 0.007 -18"><span class='ocrx_word' id='word_1_816' title='bbox 2039 5475 2141 5526; x_wconf 79' lang='lat' dir='ltr'>ctae</span> <span class='ocrx_word' id='word_1_817' title='bbox 2171 5469 2377 5538; x_wconf 81' lang='lat' dir='ltr'>aetatis,</span> <span class='ocrx_word' id='word_1_818' title='bbox 2409 5471 2462 5522; x_wconf 89' lang='lat' dir='ltr'>et</span> <span class='ocrx_word' id='word_1_819' title='bbox 2494 5467 2745 5523; x_wconf 81' lang='lat' dir='ltr'>maxime</span> <span class='ocrx_word' id='word_1_820' title='bbox 2774 5467 2985 5525; x_wconf 85' lang='lat' dir='ltr'>viduas</span> <span class='ocrx_word' id='word_1_821' title='bbox 3017 5469 3425 5529; x_wconf 84' lang='lat' dir='ltr'>sacerdotum</span> <span class='ocrx_word' id='word_1_822' title='bbox 3465 5476 3746 5544; x_wconf 78' lang='lat' dir='ltr'>relictas,</span> 
     </span>
    </p>
   </div>
   <div class='ocr_carea' id='block_1_114' title="bbox 2039 5556 3740 5642">
    <p class='ocr_par' dir='ltr' id='par_1_114' title="bbox 2039 5556 3740 5642">
     <span class='ocr_line' id='line_1_115' title="bbox 2039 5556 3740 5642; baseline 0.009 -30"><span class='ocrx_word' id='word_1_823' title='bbox 2039 5559 2193 5631; x_wconf 84' lang='lat' dir='ltr'>apud</span> <span class='ocrx_word' id='word_1_824' title='bbox 2223 5556 2522 5612; x_wconf 82' lang='lat' dir='ltr'>Ruthenos</span> <span class='ocrx_word' id='word_1_825' title='bbox 2578 5556 2866 5614; x_wconf 84' lang='lat' dir='ltr'>conﬁcere</span> <span class='ocrx_word' id='word_1_826' title='bbox 2908 5573 3124 5630; x_wconf 87' lang='lat' dir='ltr'>panem</span> <span class='ocrx_word' id='word_1_827' title='bbox 3156 5559 3498 5634; x_wconf 80' lang='lat' dir='ltr'>sacriﬁcii,</span> <span class='ocrx_word' id='word_1_828' title='bbox 3557 5583 3740 5642; x_wconf 86' lang='lat' dir='ltr'>quem</span> 
     </span>
    </p>
   </div>
   <div class='ocr_carea' id='block_1_115' title="bbox 2039 5647 2697 5718">
    <p class='ocr_par' dir='ltr' id='par_1_115' title="bbox 2039 5647 2697 5718">
     <span class='ocr_line' id='line_1_116' title="bbox 2039 5647 2697 5718; baseline 0.005 -20"><span class='ocrx_word' id='word_1_829' title='bbox 2039 5669 2067 5698; x_wconf 73' lang='grc' dir='ltr'><strong>ι(</strong></span> <span class='ocrx_word' id='word_1_830' title='bbox 2101 5647 2386 5718; x_wconf 80' lang='lat' dir='ltr'>proskura</span> <span class='ocrx_word' id='word_1_831' title='bbox 2409 5666 2437 5694; x_wconf 88' lang='lat'>»</span> <span class='ocrx_word' id='word_1_832' title='bbox 2467 5649 2697 5702; x_wconf 88' lang='lat' dir='ltr'>vocant.</span> 
     </span>
    </p>
   </div>
  </div>
