3898 6442
247 505 349 567 251

1501 516 1909 577 EXPOSITIO
1953 516 2431 580 PSALMOBUM
2445 562 2458 577 .

3531 523 3655 590 258

249 637 497 697 rectione
528 642 762 700 conﬁsa
797 664 811 703 :
846 646 1164 720 petensque
1193 660 1256 704 se
1287 663 1321 703 a
1346 645 1469 704 luto
1499 647 1685 719 hujus
1709 646 1877 704 scaeui

2157 649 2610 721 Cmtfortatieunt
2635 650 2734 725 qui
2756 654 3024 725 persecuti
3041 662 3169 711 sunt
3194 673 3281 712 me
3310 658 3528 717 inimici
3543 676 3653 718 mea

246 726 859 803 liberari,pronuntiat
871 752 1000 809 qua:
1022 733 1280 793 inimicis
1291 736 1629 808 contingere
1645 740 1903 792 noverat.

313 834 431 893 TT.
463 836 529 891 In
557 837 729 909 ﬁnem
752 856 856 912 pro
895 840 982 896 his
1010 842 1109 912 qui
1133 843 1612 898 co'mmutabuntur
1638 842 1832 898 David.

310 941 355 997 C
384 946 499 1000 Pro
519 942 616 1000 his
637 945 740 1018 qui
768 947 1429 1004 commutabantur.lsta
1448 948 1628 1022 igitur
1644 964 1908 1005 commu-

235 1029 384 1088 tatio
415 1032 719 1106 significat
745 1024 997 1108 populos
1021 1026 1405 1105 Christianos,
1436 1036 1537 1109 qui
1565 1037 1776 1093 veteris
1807 1035 1908 1092 hov-

235 1117 429 1177 minis
470 1120 758 1193 pravitate
805 1123 1088 1196 deposita,
1139 1123 1199 1180 in
1248 1142 1406 1180 novae
1454 1118 1910 1199 regenerationis

235 1213 387 1265 sunt
417 1214 668 1267 munere
699 1210 1067 1268 commutati.
1100 1212 1262 1276 Quod
1293 1218 1490 1269 autem
1541 1211 1757 1269 dicitur
1807 1229 1910 1286 pro

236 1294 343 1353 his
372 1299 639 1355 ostendit
667 1317 775 1373 pro
805 1300 985 1367 his,id
1015 1306 1105 1357 est
1132 1300 1367 1357 cunctis
1387 1292 1660 1358 fidelibus
1694 1301 1909 1358 Christi

234 1387 594 1458 passionem
624 1388 1056 1445 factam.David
1073 1406 1306 1463 quoque
1335 1391 1714 1463 subjunctdm
1735 1393 1917 1460 est,ut

234 1476 387 1530 ﬁnis
419 1480 480 1532 et
508 1475 749 1533 initium
781 1472 936 1534 tituli
967 1477 1212 1534 Domino
1265 1478 1497 1535 Christo
1542 1483 1909 1553 congrueret,

233 1562 348 1635 qui
379 1567 476 1619 est
503 1586 538 1619 α
567 1567 626 1619 et
653 1589 714 1633 ω,
748 1565 806 1621 id
837 1569 928 1621 est
955 1564 1309 1639 principium
1339 1571 1397 1622 et
1428 1566 1583 1625 finis.
1621 1569 1683 1624 in
1736 1569 1910 1625 finem

230 1651 508 1722 enim(nt
534 1651 867 1725 sapissime
898 1655 1120 1711 dictum
1142 1659 1254 1725 est)
1270 1654 1565 1711 Christum
1596 1655 1913 1729 signiﬁcat,

234 1745 299 1795 et
326 1739 525 1796 David
553 1739 832 1798 eumdem
863 1740 1163 1811 Christum
1194 1743 1450 1801 denotat.

239 1847 275 1901 ιλ
391 1846 631 1903 Salsum
654 1863 744 1903 me
785 1853 844 1914 -:—
868 1848 961 1918 {ac
998 1852 1014 1911 ζ
1057 1849 1200 1906 Deus
1228 1867 1249 1905 :
1278 1850 1543 1923 quoniam
1570 1851 1918 1908 intraverunt

468 1949 666 2008 aquae:

396 2024 578 2096 Usque
605 2023 681 2079 ad
706 2025 960 2082 animam
980 2042 1183 2090 meam.

312 2121 361 2176 C
381 2119 733 2177 Postulabat
751 2121 1092 2178 humanitas
1116 2133 1151 2178 ο.
1171 2122 1340 2180 Patre
1359 2122 1643 2181 auxilium
1664 2138 1916 2182 resurre-

237 2208 492 2266 ctionis.
525 2211 729 2282 Aquas
760 2225 865 2283 pro
895 2210 1284 2269 seditionibus
1305 2212 1493 2285 plebis
1518 2218 1798 2285 motuque
1818 2230 1915 2287 pe—

241 2296 533 2371 pulorum
590 2298 808 2355 debere
866 2298 1110 2372 suscipi,
1163 2301 1379 2374 saepius
1424 2301 1621 2358 divina
1666 2306 1915 2359 testatur

240 2386 583 2459 Scriptum,
642 2392 711 2444 ut
762 2387 841 2442 ibi
896 2406 909 2444 :
963 2388 1229 2445 Forsitan
1256 2400 1422 2461 aqum
1469 2390 1914 2447 absorbuis‘sent

244 2475 593 2532 nardinum
617 2479 676 2531 et
699 2474 797 2531 hic
820 2476 1160 2534 Judaiorum
1179 2477 1433 2551 populus
1459 2478 1707 2534 intrasse
1730 2496 1915 2551 usque

243 2564 323 2619 ad
357 2564 630 2620 animam
655 2563 975 2620 Salvator-is
1006 2565 1238 2633 dicitur,
1268 2566 1505 2638 quando
1553 2582 1688 2623 eum
1728 2567 1913 2624 cruci-

245 2652 439 2726 ﬁgere
465 2650 754 2709 scelerata
783 2656 980 2710 mente
1008 2654 1404 2728 praesumpsit.

231 2760 276 2814 2
394 2750 615 2829 Infiqu
640 2766 764 2814 sam
792 2760 854 2813 in
886 2760 1017 2815 limo
1043 2759 1308 2832 profundi
1336 2776 1356 2816 ε

390 2847 465 2904 Et
494 2862 608 2903 non
640 2855 723 2903 est
748 2845 1079 2904 substantia.

312 2943 358 2999 C
388 2944 554 3000 Facti
585 2950 729 3000 sunt
759 2943 1032 3001 homines
1060 2943 1241 3002 limus
1270 2946 1566 3019 profundi,
1590 2948 1829 3020 quando
1854 2950 1912 3005 et

230 3030 527 3106 originali
556 3036 616 3089 et
643 3032 1009 3104 quotidianis
1039 3035 1292 3106 peccatis
1334 3036 1609 3092 tenentur
1642 3032 1900 3095 obnoxii.

232 3120 351 3178 Per
368 3121 536 3177 hunc
552 3119 765 3178 limum
788 3121 1006 3178 inﬁxus
1029 3126 1118 3178 est
1128 3122 1657 3197 Christus,quando
1677 3126 1910 3181 demen-

228 3208 395 3264 tium
428 3208 609 3265 turba
632 3207 930 3268 clamabat
962 3226 975 3265 :
1007 3209 1313 3283 Cruciilge.
1346 3210 1567 3280 Limus,
1600 3212 1790 3269 dictus
1820 3219 1910 3269 est

229 3297 415 3369 quasi
437 3298 633 3369 ligans
649 3296 978 3353 humum.H
996 3297 1122 3353 Non
1145 3302 1239 3354 est
1255 3299 1586 3356 substantia
1603 3301 1905 3367 evadendi,

2229 740 2428 811 1'an
2456 755 2470 796 :

2155 828 2300 898 Quae
2325 838 2438 884 non
2465 828 2629 900 rapui
2654 836 2782 885 tuae
2804 832 3160 888 exsolvebam.
3365 903 3369 907 ,

2085 913 2471 971 CConi’ortati
2519 920 2661 973 sunt
2706 916 2914 985 Judtei,
2966 921 3203 990 quando
3251 919 3309 977 id
3358 923 3515 994 quod
3559 940 3654 979 ωδ

2019 1001 2314 1058 nabantur
2344 1003 2590 1073 efficere,
2625 1004 2967 1077 implebant.
3039 1008 3268 1079 Injusti,
3321 1025 3523 1067 revera
3565 1010 3677 1087 in.~

2008 1090 2244 1161 justum
2276 1089 2387 1146 fuit
2414 1108 2427 1147 :
2460 1096 2526 1147 ut
2555 1092 2655 1165 qui
2698 1089 2941 1150 venerat
2973 1092 3047 1151 ad
3093 1097 3365 1154 iudaicos
3409 1099 3656 1172 populos

2017 1177 2347 1250 salvandos,
2378 1196 2479 1236 eos
2497 1181 2691 1253 potius
2718 1176 3037 1240 invenisset
3074 1185 3375 1243 inimicos.
3395 1187 3659 1247 Christus

2018 1270 2253 1338 peccata
2284 1282 2395 1323 non
2427 1268 2641 1341 rapuit,
2674 1269 2775 1342 qui
2823 1268 3036 1328 delicta
3084 1278 3287 1331 nostra
3334 1274 3657 1345 abluit,.ta-

2020 1368 2154 1411 men
2184 1371 2419 1411 crucem
2443 1357 2687 1429 excepit,
2721 1361 2777 1413 et
2805 1358 2975 1416 solvit
3005 1375 3110 1433 pro
3139 1361 3500 1435 nobis,quod
3533 1379 3660 1436 pro-

2017 1461 2082 1499 se
2103 1444 2264 1515 justo
2295 1458 2409 1500 non
2440 1444 2695 1517 pertulit.

2013 1534 2053 1586 7
2162 1533 2318 1599 Deus,
2354 1540 2413 1588 tu
2439 1535 2542 1589 scis
2570 1536 2945 1608 insipientiam
2971 1552 3149 1595 meam
3181 1556 3199 1595 ι

2160 1621 2227 1676 Et
2248 1620 2445 1677 delicta
2471 1637 2591 1678 mea
2608 1640 2646 1679 a
2672 1631 2720 1680 te
2746 1639 2857 1681 non
2884 1631 3011 1682 sunt
3037 1627 3381 1684 abscondita.

2090 1711 2129 1763 C
2157 1708 2307 1764 Dum
2331 1709 2474 1765 dicit
2520 1710 2674 1768 Deus
2726 1716 2791 1768 tu
2836 1714 2955 1769 scis
3001 1714 3398 1787 insipientiam
3445 1732 3658 1787 meam,

2019 1795 2280 1869 loquitur
2308 1814 2411 1870 pro
2440 1803 2603 1871 parte
2634 1801 3347 1876 membrorum,insipiens
3366 1804 3523 1862 enim
3542 1822 3659 1863 non
3724 1870 3741 1881 ρ

2020 1890 2209 1957 potest
2237 1896 2367 1942 esse
2395 1882 2697 1944 Christus:
2723 1902 2859 1945 cum
2884 1889 2986 1946 Dei
3010 1890 3299 1964 sapientia
3317 1907 3447 1950 esse
3465 1892 3664 1967 digne-

1920 1974 1923 1977 ’
1942 2009 1989 2075 Β
2025 1974 2227 2075 scitur.
2260 1973 2531 2075 Conversi
2767 1978 2841 2035 ad
2873 1974 3055 2075 fidem.
3083 1995 3099 2034 :
3306 1985 3481 2075 erant
3518 1981 3663 2075 insi-

2024 2062 2429 2135 pientes,nunc
2459 2063 2516 2118 in
2549 2062 2777 2122 Christo
2806 2067 3227 2139 sapiontesésti
3251 2068 3411 2126 enim
3429 2074 3574 2127 sunt
3590 2071 3664 2127 de

2012 2147 2241 2219 quibus
2266 2147 2415 2203 dixit
2442 2149 2671 2219 titulus,
2705 2151 2859 2223 quod
2885 2155 3416 2225 commutabantar,
3439 2156 3663 2213 scilicet

2021 2234 2356 2307 insipientia
2383 2235 2742 2295 inﬁdelitatis
2771 2239 2859 2295 vel
2890 2245 3263 2312 peccatorum
3308 2244 3382 2300 ad
3428 2243 3657 2316 sapien-

2021 2324 2164 2379 tiam
2193 2323 2591 2381 Christinem
2619 2326 2933 2383 dicendum
2954 2333 3044 2384 est
3059 2329 3131 2385 de
3146 2330 3522 2404 delictis,qua
3544 2350 3658 2390 non

2023 2416 2162 2468 sunt
2190 2414 2418 2486 capitis,
2448 2414 2551 2470 sed
2580 2415 2978 2471 membrorum
3001 2417 3233 2474 Christi.

2020 2501 2056 2553 8
2163 2498 2278 2555 Non
2325 2499 2643 2556 erubescant
2691 2503 2753 2557 in
2804 2518 2892 2559 me
2932 2505 3031 2575 qui
3074 2509 3388 2577 exspectant
3435 2514 3509 2575 te,
3547 2512 3660 2566 Do-

2229 2604 2426 2645 mne:

2162 2678 2388 2733 Domine
2413 2678 2696 2734 virtutum.

2091 2763 2137 2820 Η
2170 2769 2444 2821 Precatur
2486 2780 2622 2839 ergo
2670 2764 2937 2823 Christus
2987 2784 3001 2823 :
3056 2784 3127 2825 ne
3176 2769 3247 2826 de
3295 2770 3491 2843 seipse
3521 2787 3659 2829 eru-

2020 2853 2276 2921 bescant,
2305 2854 2406 2927 qui
2436 2855 2918 2912 risurrectionem
2947 2857 3077 2928 ejus
3121 2860 3337 2931 magno
3372 2859 3659 2917 desiderio

2014 2943 2453 3015 exspectabant.
2480 2942 2627 2998 Cum
2656 2943 2799 3000 dicit
2828 2961 2843 3000 :
2876 2944 3143 3013 Domine,
3188 2945 3432 3004 Domine
3474 2948 3658 3005 virtu-

2017 3034 2165 3099 tum,
2198 3031 2455 3086 ostendit
2484 3030 2632 3087 nihil
2661 3030 3023 3105 impossibile
3052 3049 3181 3089 esse
3226 3035 3657 3107 omnipotentia

2015 3117 2225 3190 ipsius.

2015 3208 2050 3261 9
2155 3206 2270 3262 Non
2303 3204 2708 3278 confundantur
2733 3222 2897 3279 super
2921 3224 3009 3265 me
3037 3225 3051 3266 :

2158 3296 2265 3363 Qui
2291 3302 2550 3367 qumnt
2574 3303 2624 3352 te
2651 3299 2787 3352 Deus
2812 3298 3000 3354 Israel.

230 3366 357 3439 nisi
393 3388 464 3441 tu
485 3366 714 3451 salvas,
746 3383 1093 3457 Pater,qnia
1121 3385 1335 3442 inlisus
1364 3401 1497 3442 sum
1528 3388 1587 3443 in
1613 3366 1906 3445 veteribus
1937 3366 1979 3433 ο
2084 3381 2130 3438 Η
2159 3383 2283 3439 Non
2306 3366 2765 3451 confundantur.
2799 3385 2856 3440 id
2900 3389 3011 3452 est,
3042 3401 3115 3441 ne
3161 3391 3473 3445 evacuatur
3514 3407 3652 3464 spes

228 3473 507 3547 peccatis
526 3472 711 3545 hujus
730 3471 933 3546 populi
955 3472 1239 3530 scelerata
1261 3473 1574 3532 calliditate
1594 3476 1904 3533 saevientis.

230 3580 270 3633 3
392 3578 535 3636 Veni
563 3580 621 3634 in
648 3577 1012 3635 altitudinem
1040 3581 1215 3635 maris
1237 3598 1258 3635 .·

382 3668 457 3723 Et
483 3670 774 3739 tempesta:
804 3667 1055 3724 dimsit
1081 3681 1189 3725 me.

308 3765 421 3821 Hic
458 3762 717 3821 altitudo
765 3764 969 3833 maris,
1002 3765 1238 3839 copiosa
1276 3769 1367 3823 est
1409 3765 1607 3839 populi
1653 3768 1904 3827 insania.

230 3853 465 3911 Eadem
497 3856 823 3927 tempestas
854 3857 941 3909 est
970 3853 1259 3911 concitata
1284 3856 1645 3911 dementiam
1676 3856 1901 3917 seditio.

231 3940 372 4016 Ipsa
403 3940 694 3998 demersit
714 3940 1070 4013 Dominum,
1101 3943 1336 4015 quando
1365 3961 1498 4000 eum
1530 3944 1724 4002 venire
1772 3946 1908 4002 fecit

233 4032 307 4087 ad
341 4047 611 4088 crucem.

232 4140 264 4192 li
384 4137 667 4193 Laboravi
692 4136 1191 4195 clamans:Rauc.:e
1215 4140 1375 4211 facta
1388 4143 1523 4195 sunt
1540 4141 1725 4211 fauces
1745 4156 1904 4199 meae:

378 4227 716 4297 Defererunt
743 4225 905 4282 oeuli
918 4229 1031 4282 nisi
1055 4226 1187 4283 dum
1213 4238 1365 4299 spero
1395 4229 1454 4283 in
1492 4229 1662 4284 Deum
1700 4245 1899 4286 meum.

299 4335 346 4387 C
377 4331 719 4387 Laborabat
747 4347 886 4404 ergo
910 4332 1457 4405 ci‘amans,-quando
1500 4333 1731 4391 diccbat
1760 4352 1773 4391 :
1808 4335 1903 4390 Vae

228 4420 426 4488 vobis,
460 4416 768 4478 Seribo‘et
796 4418 1095 4476 Pharisai.
1126 4420 1283 4478 Dicit
1308 4421 1486 4481 etiam
1533 4432 1663 4480 esse
1694 4436 1903 4481 raucas

226 4508 440 4565 fauces
471 4516 641 4576 duas,
672 4506 819 4580 quia
837 4508 996 4565 dicta
1014 4508 1148 4580 ejus
1177 4520 1550 4582 nequaquam
1583 4511 1903 4584 sacrilegus

227 4595 501 4669 populus
524 4595 830 4653 audiebat.
860 4596 1076 4656 Oculos
1103 4597 1273 4665 istos.
1303 4598 1568 4656 carnales
1611 4599 1903 4675 intelliga-

2012 3471 2374 3528 credentiam
2404 3470 2475 3527 de
2504 3471 2775 3544 passione
2804 3488 2937 3529 mea
2956 3491 2976 3529 .·
2996 3474 3098 3529 sed
3126 3479 3653 3551 cognoscant,qnia

2013 3559 2371 3616 voluntatem
2400 3565 2562 3616 tuam
2592 3556 2721 3615 veni
2752 3560 2957 3617 facem.
2992 3564 3033 3617 ϐ
3056 3561 3157 3619 Vel
3203 3579 3321 3620 non
3359 3564 3650 3624 humanas

2011 3647 2422 3706 insultationes
2448 3648 2675 3704 diutius
2689 3649 2763 3704 de
2779 3663 2911 3705 mea
2927 3650 3277 3709 dormitione
3301 3653 3649 3726 sustineant,

2013 3737 2117 3808 qui
2145 3741 2416 3809 quaerunt
2443 3741 2499 3792 te
2529 3741 2680 3793 Deus
2707 3736 2906 3794 lsrael.

2012 3826 2086 3879 10
2156 3828 2434 3898 Quoniam
2458 3834 2679 3897 pmpter
2704 3833 2756 3881 te
2780 3828 3021 3883 sustinui
3041 3828 3393 3901 opprobrium
3422 3848 3441 3885 :

2153 3913 2381 3985 aperuit
2406 3915 2652 3985 confinio
2680 3914 2879 3986 faciem
2904 3930 3102 3973 mam.

2082 4001 2377 4057 Sustinuit
2418 4000 2575 4057 enim
2624 4000 2889 4058 Christus
2936 4004 3318 4077 approbrium
3351 4023 3365 4061 :
3396 4020 3534 4063 cum
3565 4008 3654 4064 di-

2009 4090 2253 4145 cebatur
2298 4106 2332 4145 a
2376 4088 2613 4158 Judaais,
2664 4088 2724 4144 in
2769 4090 3086 4147 Beelzebub
3140 4093 3303 4164 ejicit
3370 4095 3657 4152 damonis

2011 4178 2223 4247 (Matth.
2256 4181 2380 4246 xu).
2413 4179 2462 4231 Η
2490 4176 2732 4249 Opsruit
2758 4177 3024 4235 confusio
3044 4180 3250 4239 faciem
3271 4198 3654 4255 ωακεφιελ-

2007 4265 2086 4321 do
2115 4269 2471 4339 negaverunt
2496 4262 2767 4337 apostoli.

2010 4356 2073 4411 11
2150 4356 2454 4411 Eumaeus
2480 4355 2658 4424 fucat:
2684 4370 2805 4410 sum
2830 4356 3097 4427 putribus
3122 4359 3259 4414 mei:
3287 4375 3309 4413 :

2151 4438 2217 4499 Et
2238 4445 2563 4515 peregrinus
2584 4442 2720 4512 ﬁliis
2748 4445 2946 4498 matris
2974 4458 3131 4502 mete.

2080 4532 2123 4588 C
2153 4533 2477 4589 Extraneus
2498 4530 2768 4588 Christus
2800 4531 2990 4595 iactus
3018 4537 3109 4590 est
3147 4534 3386 4602 Judtels,
3418 4536 3653 4607 quando

2006 4622 2061 4678 ei
2092 4622 2325 4679 credere
2355 4618 2691 4688 noluerunt,
2724 4635 2873 4692 quos
2903 4620 2998 4676 hic
3028 4622 3240 4678 fratres
3266 4622 3538 4695 appellat.
3556 4623 3653 4679 Fi-

224 4700 392 4751 mus,
416 4685 532 4757 qui
557 4684 621 4741 in
645 4688 835 4742 morte
856 4684 1151 4794 passionis
1187 4685 1371 4744 clausi
1390 4687 1823 4761 sunt:8peravit
1839 4688 1877 4746 il

2101 4728 2120 4767 ε
2150 4709 2375 4777 matris,
2407 4708 2567 4781 ipsos
2596 4684 2909 4780 dicit-quos
2939 4710 3210 4782 superius
3240 4684 3446 4768 frdtres
3460 4711 3652 4768 nomi-

225 4789 392 4841 eum,
421 4772 487 4829 id
518 4776 614 4829 est
640 4773 701 4827 in
733 4773 984 4829 Patrem.
1017 4773 1168 4831 Nota
1194 4790 1330 4831 vero
1376 4779 1535 4837 recte
1566 4775 1707 4846 dici,
1739 4776 1900 4834 labo-

223 4860 548 4935 ravi,un
578 4860 918 4918 inauditum
948 4860 1899 4935 sign‘iiloatolameremiaborare

221 4950 389 5008 enim
419 4948 603 5006 illum
633 4948 914 5018 dicimus,
948 4949 1049 5022 qui
1084 4953 1297 5009 votum
1340 4950 1614 5008 clamoris
1664 4965 1781 5009 non
1809 4957 1900 5009 est

214 5042 573 5107 «secutus,
607 5036 668 5094 id
698 5041 792 5095 est
821 5036 924 5094 ubi
954 5038 1146 5096 audiri
1172 5042 1497 5096 recusatur.

212 5148 251 5203 5
364 5144 743 5216 lutﬁplicati
766 5149 901 5200 sunt
924 5156 1087 5216 super
1111 5144 1339 5217 capillos
1364 5146 1563 5217 capiti:
1582 5147 1699 5203 arei
1717 5162 1745 5203 -:

366 5234 487 5302 Qui
514 5228 759 5290 oderunt
779 5235 1081 5302 marcus.
1122 5262 1125 5269 -

279 5336 327 5389 Ο
359 5330 526 5405 Ergo
554 5334 627 5387 ut
646 5329 991 5387 ostenderet
1020 5329 1153 5403 plus
1180 5334 1313 5387 esse
1342 5346 1654 5388 numerum
1692 5331 1899 5389 infide.

208 5421 386 5489 lium,
420 5423 620 5495 quam
643 5419 1010 5490 devotorum,
1024 5418 1169 5476 dicit
1198 5412 1617 5490 multiplicatos
1646 5421 1899 5493 perﬁdos

206 5500 454 5568 Judcos
488 5523 683 5584 super
714 5522 1034 5564 numerum
1064 5506 1433 5581 capillorum,
1454 5507 1514 5563 id
1543 5512 1634 5564 est
1656 5509 1897 5567 creden-

207 5594 822 5659 tiu'm.‘(ii-etistenlim
874 5593 1069 5653 odisse
1112 5594 1386 5661 dicimur,
1418 5596 1655 5668 quando
1690 5606 1893 5669 quem-

204 5691 365 5763 piam
396 5690 538 5746 sine
573 5683 893 5761 aliquibus
923 5682 1345 5742 ou‘ensiouibes
1388 5696 1781 5755 exsecramur,
1819 5686 1895 5743 si-

203 5773 299 5839 cut
326 5779 524 5841 Judaei
556 5773 815 5837 Christo
841 5772 1122 5836 fecerunt.

2011 4798 2189 4855 navit.
2214 4798 2334 4853 Sed
2366 4796 2417 4851 si
2462 4794 2570 4851 lilii
2615 4797 2735 4853 veri
2786 4797 3043 4855 fuissent
3082 4798 3286 4855 matris
3323 4813 3650 4873 synagogas,

2006 4904 2123 4943 non
2154 4890 2220 4942 ut
2243 4886 2641 4959 peregrinum,
2673 4886 2771 4943 sed
2804 4891 2870 4943 ut
2900 4886 3136 4944 fratrem
3184 4885 3600 4945 charissimam
3633 4904 3647 4945 :

2003 4975 2299 5031 Christum
2320 4973 2748 5046 suscepissent.

2005 5065 2075 5120 12
2136 5064 2416 5132 Quoniam
2443 5062 2593 5119 setas
2620 5060 2811 5118 domu:
2842 5071 2956 5121 tu
2977 5063 3205 5120 comedit
3231 5080 3354 5121 me:

2144 5152 2212 5209 Et
2237 5153 2529 5225 opprobria
2558 5151 2978 5227 eaprobuntium
3005 5152 3109 5209 tibi
3134 5151 3443 5211 ceciderunt
3485 5169 3651 5227 super

2218 5257 2324 5298 me.

2081 5331 2121 5387 li
2150 5330 2414 5387 Comedit
2439 5344 2574 5387 eum
2606 5329 2766 5387 scius
2793 5330 3007 5387 domus
3036 5326 3157 5399 Dei,
3180 5331 3421 5403 quando
3444 5346 3546 5388 eos
3574 5330 3648 5388 ds

2003 5414 2222 5492 templo
2249 5417 2583 5491 ejecit,quia
2610 5419 2852 5476 domum
2868 5432 3002 5476 eam
3023 5419 3283 5477 fecerunt
3303 5418 3643 5492 speluncam

2004 5506 2298 5564 latronum
2323 5508 2538 5577 (Matth.
2570 5508 2771 5577 xxvn).
2812 5511 2853 5562 Ο
2888 5507 3312 5580 Exprobratum
3352 5510 3446 5564 est
3478 5504 3645 5560 Patri

2004 5595 2075 5652 ab
2106 5596 2212 5665 eis,
2245 5595 2479 5668 quando
2511 5594 2785 5651 dicebant
2814 5594 2926 5651 illi
2955 5599 3096 5652 sunt
3124 5594 3205 5651 dii
3230 5595 3319 5651 tui
3348 5592 3449 5666 qui
3480 5591 3641 5646 .edm-

2000 5688 2210 5739 xerunt
2263 5688 2319 5739 ts
2375 5681 2564 5751 (Exod.
2620 5683 2820 5751 mn.)
2852 5681 2906 5737 Ἠ
2961 5681 3069 5747 Qui
3114 5696 3248 5739 vero
3293 5677 3641 5752 exprobrant

2001 5770 2181 5842 Patri,
2221 5770 2573 5852 exprobrant
2616 5766 2785 5832 Filio.
2832 5770 2874 5827 Ο
2917 5769 3264 5829 Ceciderunt
3319 5776 3498 5840 super
3530 5773 3639 5817 ms
