3864 6444
150 486 289 573 isti

1107 488 1567 555 MABILLONII
1609 482 2087 562 DISQUISITIO
2133 486 2235 551 DE
2279 487 2576 555 AZYMD.

3372 485 3545 577 taque,

217 622 561 693 Nestoriani,
595 624 677 681 sic
710 625 847 681 dicti
883 642 916 681 a
946 624 1208 682 Nestorio
1239 627 1406 696 cujus
1438 641 1661 681 errores
1692 641 1778 679 se-
1809 626 1875 711 Α
1897 623 2311 695 Eutychianam
2345 623 2617 696 proprius
2649 639 2765 680 non
2795 625 2887 679 est
2918 637 3062 677 usus
3092 619 3530 693 azymorum,si-

157 719 396 777 otantur.
454 735 475 763 ι
510 732 577 770 ex
610 716 952 770 fermentato
1002 739 1029 763 υ
1080 716 1277 770 itidem
1335 736 1356 762 ι
1389 715 1583 769 divino
1624 730 1783 769 more

157 805 473 861 Griecorum
506 806 842 869 conﬁciunt,
882 828 908 851 υ
938 808 1186 859 testante
1219 806 1434 860 Jacobo
1469 822 1502 859 a
1534 804 1787 858 Vitriaco

162 895 216 949 in
244 892 502 948 Historia:
533 893 840 947 Orientalis
872 911 998 963 cap.
1050 898 1139 956 68,
1175 896 1433 964 adeoque
1468 893 1549 947 illi
1600 893 1694 964 qui
1730 893 1786 947 in

158 988 296 1037 terra
327 982 643 1053 presbyteri
675 983 917 1035 Joannis
952 989 1409 1045 commorantur,
1432 983 1629 1037 itidem
1680 982 1789 1037 Nc-

158 1071 407 1135 storiani,
437 1088 551 1140 quo
570 1076 731 1125 notat
757 1073 1082 1125 Cassander
1099 1074 1280 1126 facere
1302 1072 1484 1125 libum
1512 1088 1788 1141 magnum

160 1163 253 1215 aut
282 1176 521 1230 parvum
575 1176 676 1230 pro
725 1161 1103 1213 multitudine
1151 1162 1360 1229 gentis,
1395 1162 1533 1233 quia
1588 1178 1791 1215 omnes

160 1248 583 1303 communicant
609 1254 687 1311 ;ct
709 1265 808 1318 pro
829 1250 1226 1315 magnitudine
1257 1267 1521 1304 crassum
1548 1250 1789 1303 dimidio

161 1337 330 1408 digito
360 1342 459 1391 aut
489 1337 841 1405 iutegro,aut
869 1337 1043 1392 etiam
1077 1340 1421 1393 crassiorem
1457 1356 1668 1409 magno
1700 1338 1792 1393 di-

161 1425 290 1500 gito.

226 1514 453 1569 Suriani
486 1514 686 1581 etiam,
718 1515 817 1584 qui
860 1516 917 1569 in
966 1517 1129 1586 Syria
1176 1518 1413 1587 degunt,
1458 1520 1790 1571 Griecorum

160 1602 444 1660 erroribus
476 1602 739 1669 involuti,
788 1621 856 1658 ex
906 1606 1248 1660 fermentato
1299 1623 1445 1677 pane
1476 1607 1794 1661 coniiciunt

160 1695 537 1756 sacramenta,
570 1698 802 1746 auctore
832 1692 1046 1749 Jacobo
1080 1711 1113 1749 a
1144 1696 1394 1750 V'itriaco
1441 1696 1496 1749 in
1530 1696 1791 1765 ejusdem

160 1780 414 1839 Historia:
449 1796 576 1851 cap.
608 1783 698 1836 75.

226 1870 435 1927 Contra
464 1872 754 1924 Marotince
777 1876 834 1925 et
856 1873 1244 1935 Armenii,seu
1276 1874 1570 1937 Jacobitm;
1596 1891 1795 1946 azymo

1895 714 2126 783 quidem
2158 714 2414 768 Joannes
2464 712 2842 784 Philoponus,
2885 715 2943 765 et
2976 711 3100 782 ipse
3142 708 3538 781 Eutychianus

1897 802 2162 857 fermenti
2195 820 2365 858 usum
2398 803 2456 857 in
2490 820 2548 858 re
2580 819 2747 857 sacra
2776 802 3003 873 probat,
3037 804 3101 855 ut
3139 799 3413 870 superius
3460 797 3540 852 vi-

1898 892 2111 945 dimus.

1970 980 2176 1033 Praeter
2228 980 2335 1034 hos
2390 980 2744 1046 Mozarabes,
2776 978 2899 1056 ‘sive
2943 977 3115 1035 Gothi
3165 978 3225 1033 in
3256 976 3542 1050 Hispania

1901 1068 2533 1137 degentes,Mozarabes
2564 1068 2877 1139 dicti,quod
2912 1072 3113 1139 postea
3132 1066 3401 1138 permisti
3423 1066 3545 1122 sint

1901 1158 2190 1211 Arabibus
2223 1157 2762 1223 Sarracenis,etiam
2794 1174 2993 1228 azymo
3026 1173 3175 1228 pane
3198 1156 3289 1212 usi
3313 1155 3542 1212 suntab

1902 1246 2164 1316 antiquo,
2201 1252 2263 1299 ut
2296 1247 2557 1300 fusiusin
2590 1246 3078 1316 consequentibus
3100 1246 3535 1301 demonstrabo.

1904 1334 1999 1390 Usi
2034 1340 2167 1389 sunt
2200 1335 2376 1388 etiam
2413 1334 3003 1406 Ilierosolymitani,ut
3035 1334 3539 1406 probatHumber-

1902 1429 1997 1478 tus
2029 1423 2343 1479 cardinalis
2375 1424 2433 1478 in
2466 1424 2836 1495 responsione
2869 1424 2938 1479 ad
2993 1422 3333 1480 Michaelem
3363 1423 3535 1480 Geru-

1903 1513 2136 1569 larium.

2554 1637 2787 1694 CAPUT
2823 1636 2890 1694 V.

2142 1730 2321 1785 Varia:
2342 1731 2622 1783 sententias
2652 1728 2717 1783 de
2739 1728 2942 1798 Λιμνηο
2972 1728 3318 1785 Latinorum.

1974 1873 2183 1927 Mirum
2216 1877 2304 1927 est
2334 1888 2511 1943 quam
2537 1871 2705 1926 variae
2729 1872 2849 1926 sint
2877 1870 3185 1942 opiniones
3215 1872 3285 1927 de
3316 1888 3551 1945 azymo-

160 1975 302 2032 pane
327 1958 656 2014 utunturzin
691 1960 929 2014 calicem
945 1978 1075 2015 vero
1108 1962 1250 2015 nihil
1279 1980 1442 2033 aqum
1476 1964 1797 2019 admiscent
1825 1987 1873 2053 B
1907 1980 2036 2018 rum
2072 1979 2180 2016 usu
2204 1962 2259 2014 in
2280 1960 2536 2015 Ecclesia
2566 1960 3063 2032 Latina.Quinque
3082 1963 3383 2017 auctorum
3399 1960 3548 2027 clas-

159 2048 432 2105 Armenii.
463 2047 687 2103 Juverit
718 2048 823 2102 hoc
848 2048 971 2104 loco
995 2056 1189 2105 notare
1216 2055 1521 2106 Armenios
1548 2053 1604 2106 in
1631 2054 1796 2124 Euty-

161 2136 497 2193 chianorum
528 2136 815 2199 hazresim,
868 2138 1193 2193 Theodosio
1229 2140 1571 2211 imperante,
1606 2141 1796 2212 prola-

161 2242 292 2299 psos
324 2224 595 2289 fuisse,ut
626 2225 959 2282 docentncs
988 2227 1243 2297 epistolas
1269 2228 1451 2283 Procli
1472 2232 1798 2285 Constanti-

161 2314 473 2385 nopolitani
507 2313 786 2385 episc0pi,
820 2321 877 2369 et
926 2316 1184 2387 Dionysii
1216 2318 1407 2387 exigui
1460 2320 1559 2389 qui
1612 2318 1796 2373 Procli

160 2403 465 2475 epistolam
497 2402 763 2459 Latinam
798 2404 1042 2459 fecit.Ab
1066 2422 1132 2459 eo
1155 2410 1413 2477 tempore
1430 2424 1629 2478 azymo
1650 2424 1799 2479 pane

160 2500 218 2549 et
246 2492 369 2547 solo
397 2491 529 2545 vino
549 2491 635 2546 usi
658 2494 927 2546 videntur
948 2493 1003 2547 in
1030 2511 1087 2547 re
1112 2497 1383 2557 sacra,uti
1420 2497 1529 2567 ipsi
1562 2499 1801 2552 tradunt

158 2578 613 2635 Armenii.Certe
633 2581 785 2649 quod
808 2580 997 2633 solum
1027 2582 1224 2636 vinum
1275 2584 1622 2639 adhiberent
1650 2602 1802 2656 aqua

161 2669 655 2739 rejecta,damnati
690 2675 829 2723 sunt
859 2669 930 2722 ab
960 2669 1249 2741 episcopis
1273 2675 1607 2729 auctoribus
1629 2692 1802 2731 cano-

160 2773 301 2813 num
331 2755 392 2811 in
422 2756 616 2811 Trullo
648 2757 936 2811 editorum
971 2766 1101 2829 post
1131 2762 1417 2830 synodum
1461 2770 1705 2829 sextam,
1740 2769 1804 2819 ut

160 2850 317 2921 patet
346 2862 415 2901 ex
444 2862 663 2901 canone
695 2847 847 2909 3:3,in
882 2864 995 2919 quo
1027 2850 1279 2919 graviter
1297 2852 1804 2921 reprehenduntur

161 2933 313 3007 quod
344 2930 471 2982 οἶνον
504 2935 653 2996 μόνον
682 2933 739 2988 in
774 2951 975 2991 mensa
1014 2954 1180 2991 sacra
1229 2939 1518 2995 offerrent.
1570 2944 1691 3007 Quo
1743 2942 1801 2997 in

161 3022 287 3077 loco
318 3022 426 3078 etsi
460 3021 623 3077 nulla
648 3024 814 3093 panis
847 3026 1029 3095 azymi
1055 3028 1154 3079 tiat
1186 3028 1626 3093 mentio,tamen
1648 3031 1804 3101 ipsos

152 3113 280 3183 jam
311 3127 376 3167 eo
406 3128 541 3166 usos
564 3112 744 3168 fuisse
804 3129 895 3167 res
936 3120 1094 3168 certa
1148 3115 1393 3172 videtur.
1428 3118 1661 3174 Primus
1708 3136 1806 3176 eos

160 3200 236 3257 ob
269 3216 441 3255 usum
475 3202 658 3272 azymi
692 3203 886 3271 arguit
934 3209 1169 3258 sanctus
1218 3204 1418 3269 Nicon,
1473 3209 1707 3263 natione
1751 3216 1807 3264 et

158 3289 284 3361 ipse
314 3290 644 3355 Armenius,
677 3290 776 3361 qui
823 3292 1012 3346 medio
1063 3292 1271 3349 saeculo
1321 3295 1545 3350 decimo
1588 3298 1802 3353 ﬂoruit.

159 3378 306 3434 Nam
342 3378 491 3433 inter
520 3378 709 3434 varios
740 3395 965 3435 errores
994 3398 1143 3452 quos
1164 3381 1219 3435 in
1254 3383 1397 3453 ipsis
1431 3386 1633 3456 carpit,
1653 3404 1805 3443 unus
1836 3355 1878 3422 C

157 3471 249 3522 est
279 3466 434 3538 quod
466 3466 526 3521 in
558 3491 583 3515 ‹‹
616 3485 763 3539 pane
796 3470 1039 3539 mystico
1088 3476 1328 3526 utantur
1375 3475 1615 3544 azymis,
1662 3480 1718 3531 et
1746 3476 1805 3530 in

156 3560 429 3611 sanctum
451 3554 689 3611 calicem
720 3574 931 3628 aquam
982 3576 1095 3614 non
1130 3560 1470 3617 immittant.
1508 3584 1533 3609 »ι
1582 3565 1662 3619 Ex
1692 3582 1806 3635 quo

162 3642 521 3714 intelligitur
552 3643 749 3700 Patres
772 3646 1081 3702 Trullanos
1104 3650 1286 3720 azymi
1308 3666 1478 3706 usum
1507 3652 1657 3708 inter
1673 3652 1809 3701 ἀδαέ-

164 3748 295 3796 φορα
325 3733 678 3804 reposuisse,
698 3750 829 3789 cum
853 3752 985 3791 eum
1017 3738 1310 3794 Armeniis
1344 3756 1457 3794 non
1480 3742 1806 3811 objicerint.

158 3821 411 3895 Ideoque
443 3821 754 3879 formulam
786 3824 946 3881 illam
995 3827 1380 3883 confessionis
1423 3828 1578 3898 fidei,
1628 3848 1807 3902 quam

154 3909 342 3968 Graeci
391 3910 463 3967 ab
507 3913 801 3969 Armeniis
849 3915 924 3970 ad
976 3914 1308 3971 Graecorum
1353 3918 1666 3974 Ecclesiam
1721 3937 1809 3975 re-

156 4000 481 4057 deuntibus
511 4002 838 4073 exigebant,
863 4009 1035 4074 prout
1056 4006 1128 4059 ab
1158 4007 1557 4063 eruditissimo
1585 4009 1810 4065 Joanne

156 4089 427 4161 Baptista
442 4087 723 4146 Cotelorio
737 4092 891 4146 edita
908 4094 1300 4149 estconditam
1326 4112 1452 4150 esse
1475 4103 1605 4168 post
1627 4098 1811 4153 schis-

156 4193 259 4234 ma
289 4176 590 4234 Michaelis
619 4179 1067 4237 Cerularii.Nam
1094 4182 1243 4238 inter
1260 4184 1451 4240 varios
1477 4186 1810 4241 anathema-

151 4265 368 4321 tismos
399 4282 548 4338 quos
590 4268 895 4338 proferunt
944 4271 1371 4342 resipiscentes,
1413 4272 1507 4329 hic
1552 4274 1805 4346 legitur:

146 4354 208 4404 Εἴ
234 4369 305 4409 τις
335 4353 391 4402 οὐ
423 4353 597 4418 βάλλιι
635 4354 698 4415 εἰς
738 4360 830 4416 τὴν
878 4362 1161 4422 προσφορὰν
1206 4361 1362 4422 ζυμὴν
1393 4364 1474 4409 ut
1504 4362 1640 4423 ἅλις,
1699 4364 1808 4413 οὐδὲ

142 4445 292 4507 ἅγιον
319 4444 553 4507 ποτήριον
611 4445 947 4517 (legendum
992 4448 1103 4496 οὐδὲ
1135 4448 1261 4512 ὕδωρ
1294 4448 1355 4508 εἰς
1385 4452 1522 4513 ἅγιον
1554 4453 1808 4517 ποτήριον)

143 4535 280 4595 μετὰ
309 4534 398 4580 τοῦ
426 4534 576 4592 οἴνου,
606 4532 847 4605 ἀνάθεμα,
876 4536 933 4591 id
967 4541 1055 4593 est
1090 4553 1103 4592 :
1138 4560 1165 4587 ‹‹
1201 4538 1259 4593 Si
1301 4538 1435 4609 quis
1485 4540 1541 4594 in
1594 4558 1808 4613 panem

140 4620 473 4678 oblationis
486 4636 598 4678 non
620 4623 1249 4682 immittitfermentum
1270 4634 1325 4683 et
1348 4629 1566 4694 sal,nec
1592 4648 1807 4703 aquam

1905 2070 1997 2108 ses
2027 2051 2259 2106 invenio
2291 2050 2397 2105 hac
2430 2050 2486 2104 in
2519 2066 2576 2104 re
2626 2050 2696 2103 ab
2728 2066 2853 2103 sese
2882 2047 3314 2105 dissidentium.
3349 2049 3548 2109 Prima

1904 2146 1993 2196 est
2021 2146 2346 2195 Graecorum
2380 2137 3055 2209 quorumdamzsecunda
3086 2136 3419 2196 Latinorum
3441 2155 3543 2196 eo-

1905 2247 2034 2285 rum
2053 2230 2151 2301 qui
2165 2235 2423 2299 tempore
2438 2226 2807 2298 autproxime
2820 2230 2951 2296 post
2964 2231 3195 2299 tempus
3209 2225 3546 2285 schismatis

1908 2337 1941 2374 a
1983 2317 2254 2371 Mirhaele
2302 2316 2589 2371 Cerulario
2637 2314 2868 2369 conflati
2914 2314 3217 2382 vixerunt;
3261 2315 3434 2370 tertia
3458 2319 3548 2371 est

1909 2408 2392 2463 scholasticorum
2408 2410 2665 2459 veterum
2690 2420 2754 2458 ac
2770 2402 3284 2474 recentiorum,qui
3298 2419 3413 2458 non
3425 2420 3549 2459 om-

1911 2514 2015 2553 nes
2046 2496 2197 2551 inter
2229 2511 2290 2549 se
2322 2494 2715 2559 conveniunt;
2741 2497 2947 2565 quarta
2978 2495 3066 2547 est
3095 2491 3325 2546 Martini
3346 2491 3554 2560 Polini,

1910 2586 2149 2641 Platinte
2164 2590 2217 2640 et
2238 2584 2482 2639 Joannis
2497 2582 2741 2647 Calvini;
2767 2581 2972 2652 quinta
2996 2581 3196 2636 Jacobi
3230 2581 3554 2650 Sirmundi,

1910 2691 2088 2746 quam
2120 2671 2629 2728 eminentissimus
2659 2668 2971 2726 cardinalis
3000 2670 3159 2725 Bona
3177 2669 3554 2742 aliquomodo

1911 2762 2274 2833 temperavit,
2310 2761 2392 2815 uti
2413 2762 2541 2831 jam
2573 2759 2715 2814 satis
2744 2759 3006 2830 exposita
3035 2764 3142 2813 est.

1982 2852 2155 2907 Graeci
2188 2849 2475 2915 nonnulli,
2509 2865 2656 2919 quos
2678 2846 2923 2903 Allatius
2945 2846 3002 2901 in
3027 2845 3450 2904 Exercitatione
3480 2849 3552 2903 28

1914 2942 1970 2996 in
2003 2938 2311 2996 concilium
2347 2936 2748 2992 Florentinum
2777 2938 3353 3002 oommemorat,eam
3375 2935 3556 2992 iniere

1914 3028 2566 3097 sententiam,azymum
2597 3024 2655 3079 in
2674 3024 2936 3079 Latinam
2948 3023 3268 3080 Ecclesiam
3292 3024 3557 3080 introdu-

1914 3125 2071 3174 ctum
2098 3117 2277 3171 fuisse
2290 3119 2565 3185 regnante
2588 3113 2788 3169 Carolo
2804 3113 3103 3185 Magno.ln
3118 3113 3212 3169 his
3230 3113 3562 3170 Demetrius

1914 3204 2721 3274 Chomalenus,Bulgarorum
2753 3202 3250 3275 archiepiscopus,
3284 3219 3417 3258 cum
3441 3202 3567 3258 nul-

1916 3298 2037 3352 lum
2063 3312 2343 3349 canonem
2371 3310 2471 3365 pro
2484 3292 2846 3348 admittendo
2870 3309 3069 3364 azymo
3093 3292 3392 3347 conditum
3410 3292 3563 3347 aLao

1917 3386 2055 3442 tinis
2078 3380 2795 3451 animadvertisset,azymi
2818 3397 2992 3434 usum
3008 3380 3069 3433 in
3093 3378 3347 3435 Ecclesia
3359 3378 3560 3435 Latina

1917 3493 2030 3531 non
2064 3470 2592 3544 nisipostschisma
2615 3469 2799 3524 Photii
2825 3468 3141 3523 invaluisse
3178 3468 3558 3540 putavit,qua

1917 3572 2002 3619 est
2026 3566 2273 3635 ipsamet
2293 3559 2591 3615 Sirmundi
2628 3558 2933 3613 sententia.
2966 3561 3041 3611 At
3060 3557 3368 3612 observare
3388 3557 3560 3627 juvat

1918 3654 2208 3708 neminem
2243 3650 2571 3705 Graecorum
2587 3645 2687 3719 qui
2701 3645 2868 3701 initio
2890 3644 3228 3702 schismatis
3261 3643 3559 3701 Michaelis

1917 3741 2196 3800 Cerularii
2230 3740 2514 3810 scripsere
2566 3738 2845 3792 adversus
2890 3734 3148 3802 Latinos,
3181 3733 3562 3791 recentiorem

1918 3846 2257 3903 azymorum
2288 3844 2463 3883 usum
2496 3826 2555 3880 in
2588 3823 2843 3880 Ecclesia
2857 3823 3337 3895 Latinaunquam
3354 3838 3559 3880 causa-

1916 3926 2045 3976 tum
2076 3919 2295 3974 fuisse:
2330 3916 2484 3989 quod
2529 3914 2669 3971 solis
2719 3912 3137 3969 recentioribus
3167 3910 3378 3970 Graecis
3403 3910 3561 3971 venit

1918 4011 1977 4065 in
2011 4012 2289 4065 mentem.
3129 4043 3144 4061 ,

1992 4096 2175 4153 Latini
2226 4093 2548 4150 econtrario
2595 4091 2717 4163 qui,
2770 4090 3025 4147 fervente
3070 4088 3342 4162 prmdicto
3374 4088 3561 4146 schis-

1919 4192 2095 4251 mate,
2126 4184 2339 4239 Graecis
2371 4199 2640 4253 azymum
2655 4178 3118 4236 obtrectantibus
3137 4178 3567 4250 responderunt

1919 4291 2252 4348 azymorum
2285 4289 2459 4326 usum
2493 4271 2564 4326 ab
2596 4270 2763 4325 initio
2788 4266 3566 4340 Ecclesiaapudseviguisse

1919 4370 2020 4421 aut
2064 4365 2425 4436 supponunt,
2483 4363 2586 4415 aut
2635 4359 2906 4431 probant,
2957 4357 3189 4413 nemine
3233 4356 3565 4413 Graecorum

1918 4455 2095 4529 (quod
2130 4452 2333 4523 sciam)
2365 4448 2811 4505 reclamante.ln
2831 4446 3037 4519 primis
3060 4452 3169 4501 Leo
3192 4462 3343 4518 papa
3374 4461 3571 4513 nonus

1916 4545 1977 4599 in
2010 4541 2255 4615 epistola
2284 4541 2353 4595 ad
2367 4536 2700 4593 Michaelem
2717 4534 3081 4591 Cerularium
3104 4534 3176 4588 de
3207 4532 3427 4605 azymis
3448 4533 3564 4588 duo

1918 4634 2104 4702 docet,
2138 4646 2350 4702 nempe
2379 4629 2672 4683 Christum
2704 4624 2763 4679 in
2795 4623 3155 4679 instituenda
3199 4620 3565 4677 Eucharistia

140 4726 290 4767 cum
322 4709 456 4764 vino
488 4711 545 4765 in
578 4717 846 4769 sanctum
879 4716 1462 4783 calicem,anathema
1494 4720 1628 4774 sit.»
1660 4721 1811 4791 Haec,
1846 4728 1891 4793 ι)
1923 4739 2097 4779 usum
2130 4722 2311 4776 fuisse
2343 4718 2582 4790 azymis,
2613 4720 2664 4771 et
2714 4713 2903 4787 ipsius
2934 4711 3196 4783 exemplo
3227 4710 3387 4765 hunc
3435 4725 3559 4765 mo-

136 4799 769 4871 inquam,formula,in
803 4820 920 4876 qua
952 4805 1017 4859 fit
1037 4806 1255 4861 mentio
1288 4808 1548 4877 septimae
1572 4810 1801 4881 synodi,

143 4887 395 4945 condita
421 4887 654 4945 videtur
682 4897 814 4963 post
860 4892 1118 4949 schisma
1154 4894 1455 4951 Michaelis
1488 4896 1803 4954 Cerularii:

139 4992 273 5050 quo
304 4992 375 5033 ex
402 4981 666 5051 tempore
695 4980 873 5037 Graeci
910 4984 1145 5039 Latinos
1166 4985 1237 5039 ob
1268 5001 1606 5057 azymorum
1632 5005 1805 5043 usum

140 5065 301 5121 diris
332 5065 613 5123 devovere
641 5076 961 5142 coeperunt.
988 5072 1050 5128 In
1084 5073 1191 5128 hac
1222 5089 1356 5128 vero
1389 5074 1641 5131 formula
1673 5093 1807 5132 cum

140 5155 371 5227 legitur
400 5159 710 5215 Armenios
743 5162 816 5217 ad
847 5163 1021 5219 fidem
1056 5186 1083 5213 ‹‹
1117 5163 1573 5221 orthodoxorum
1606 5167 1810 5222 Roma-

140 5261 369 5302 norum
403 5268 432 5296 n
465 5254 973 5319 revertentes,eam
995 5276 1021 5304 ‹‹
1055 5255 1567 5311 Renuntiationis»
1592 5257 1809 5313 formu-

137 5335 271 5391 lam
297 5335 469 5392 edere
501 5338 726 5407 solitos,
760 5364 787 5391 «
824 5343 1218 5400 Romanorum
1255 5367 1277 5397 ι
1323 5344 1559 5401 nomine
1590 5344 1807 5400 intelli-

143 5423 335 5495 gendi
371 5430 512 5481 sunt
542 5426 810 5487 homines
841 5432 1047 5488 Gragcze
1079 5432 1531 5498 communionis,
1553 5434 1637 5488 sic
1666 5435 1806 5490 dicti

135 5514 219 5569 ab
252 5513 465 5570 incolis
500 5533 657 5573 novin
684 5520 1032 5594 Romamque:
1049 5527 1222 5596 caput
1242 5522 1576 5595 estimperii
1599 5523 1804 5580 Orien-

133 5601 408 5659 talis.Sic
439 5606 669 5664 Graecos
695 5633 723 5660 ‹‹
759 5611 1050 5668 Romanos
1084 5638 1112 5661 ››
1144 5617 1308 5668 vocat
1354 5611 1711 5667 Theorianus
1745 5613 1803 5668 in

125 5692 395 5767 Dialogo
429 5696 709 5755 adversus
738 5701 1065 5771 Armenios,
1100 5702 1334 5759 tametsi
1369 5707 1500 5775 post
1548 5701 1807 5759 schisma

124 5785 327 5859 edito,
359 5790 417 5844 et
444 5786 543 5845 alii
574 5792 1142 5868 permulti.Deniquc
1173 5794 1465 5851 Armeniis
1484 5793 1555 5850 ob
1579 5797 1799 5851 sectam

1915 4809 2284 4879 rem,Latinis
2318 4810 2635 4878 receptum,
2668 4804 2740 4859 ab
2771 4802 2936 4857 initio
2966 4798 3381 4857 tenuisse.Hoc
3404 4798 3563 4870 quod

1917 4900 2206 4975 posterius
2238 4896 2355 4953 dixi
2389 4897 2473 4954 sic
2513 4897 2678 4966 urget
2725 4892 3017 4965 pontifex,
3033 4887 3375 4945 Michaelem
3421 4885 3564 4958 allo-

1917 5007 2141 5064 quens:
2175 5011 2203 5037 «
2239 4986 2387 5041 Illud
2420 4989 2613 5040 autem
2636 4982 2769 5055 quis
2799 4998 2915 5037 non
2946 4982 3179 5053 stupeat
3225 4977 3385 5051 quod
3434 4980 3570 5050 post

1916 5086 2003 5136 tot
2030 5081 2262 5135 sanctos
2293 5079 2349 5130 et
2388 5072 2740 5129 orthodoxos
2790 5070 2989 5126 Patres
3037 5086 3141 5143 per
3187 5066 3350 5124 mille
3397 5071 3455 5122 et
3489 5066 3570 5121 vi-

1918 5170 2063 5243 ginti
2091 5185 2124 5223 a
2152 5164 2423 5239 passione
2454 5161 2768 5217 Salvatoris
2799 5177 2984 5216 annos
3015 5175 3200 5216 novus
3240 5155 3565 5213 calumnia-

1918 5257 2276 5315 torEcclesice
2329 5252 2663 5308 Latinorum
2710 5249 3023 5318 emersisti,
3064 5246 3567 5305 anathematizans

1917 5364 2124 5404 omnes
2159 5341 2519 5416 etpublicam
2537 5340 3003 5412 persecutionem
3042 5338 3302 5394 excitans
3341 5335 3422 5405 [in
3444 5333 3565 5405 eos]

1917 5437 2256 5509 quicunque
2279 5431 2768 5505 participarentur
2797 5446 2865 5485 ex
2890 5427 3109 5500 azymis
3129 5426 3156 5482 ?
3186 5446 3215 5476 »
3254 5422 3399 5479 Hinc
3445 5418 3562 5476 col-

1913 5525 2030 5599 ligo
2056 5522 2258 5579 Leonis
2292 5524 2547 5575 mentem
2581 5518 2763 5574 fuisse
2795 5532 3130 5591 azymorum
3159 5528 3334 5569 usum
3364 5510 3425 5565 in
3455 5510 3562 5566 Eo-

1914 5614 2090 5669 clesia
2122 5612 2325 5668 Latina
2354 5609 2651 5672 exstitisse
2704 5625 2739 5664 a
2793 5606 3063 5681 passione
3120 5598 3435 5661 Salvatoris
3491 5599 3563 5655 ad

1912 5704 2072 5760 mille
2104 5718 2310 5766 annos,
2342 5699 2400 5754 id
2433 5703 2522 5755 est
2552 5716 2585 5754 a
2614 5698 2851 5756 condita
2869 5696 3125 5755 Ecclesia
3153 5693 3225 5750 ad
3258 5707 3434 5749 suum
3465 5706 3563 5747 us-

1913 5810 2026 5866 que
2055 5796 2308 5864 tempus.
2349 5790 2491 5845 Gum
2510 5786 2668 5845 enim
2700 5788 3212 5861 conqueraturLeo
3234 5779 3562 5854 quodapost
