3864 6420
377 485 540 554 1243

1407 483 1800 550 ΑΡΡΕΝΠῙΧ
1841 483 1945 550 AD
1989 480 2252 550 OPERA
2293 482 2728 553 HUMBERTI.

3693 471 3808 536 ηιι

383 621 548 680 mille
575 626 632 680 et
655 619 860 696 viginti
890 637 924 679 a
951 620 1218 695 passione
1245 619 1556 678 Salvatoris
1585 637 1769 677 annos
1805 643 1826 670 α
1862 637 2000 693 pra-
2032 613 2092 688 κ
2188 620 2250 676 In
2279 622 2534 678 secundo
2578 620 2784 679 ordine
2829 621 2922 679 est
2973 615 3346 678 Alexander
3398 609 3657 671 Alensis
3701 608 3751 666 in
3788 610 3807 665 εί

381 714 471 768 ter
498 709 834 766 Michaelem
864 709 1130 766 inventus
1177 709 1252 764 sit
1297 727 1490 776 nemo,
1535 709 1635 782 qui
1665 709 1900 766 Latinos
1931 708 2003 764 ob

385 816 719 872 azymorum
767 815 939 854 usum
990 799 1404 870 reprehendere
1453 815 1634 854 ausus
1681 798 1775 862 sit,
1809 814 2007 852 conse-

383 905 570 960 quens
599 893 688 943 est
717 903 812 942 eos
843 903 944 958 per
963 891 1148 941 totum
1171 885 1314 941 illud
1347 891 1580 958 tempus
1599 887 1815 958 azymis
1847 901 2004 948 usos,

384 981 485 1032 aut
508 976 712 1032 saltem
745 975 912 1030 Leoni
945 975 1024 1028 ita
1055 991 1396 1045 persuasum
1430 975 1628 1030 fuisse.
1650 975 1808 1028 Alias
1860 971 2007 1027 nihil

381 1064 596 1120 valeret
625 1065 808 1133 ipsius
857 1068 1265 1132 argumentum
1317 1064 1594 1118 adversus
1648 1060 2004 1117 Michaelcm.

379 1153 575 1224 Neque
605 1151 757 1206 enim
782 1150 1085 1206 calumnia
1117 1151 1478 1206 occasionem
1505 1151 1758 1221 prabere
1788 1149 2006 1220 potuis-

381 1244 468 1296 set
499 1257 642 1295 usus
671 1238 844 1305 ille,si
877 1239 1136 1292 nondum
1168 1237 1644 1292 exstitisset.Eam
1680 1252 1848 1308 porro
1879 1251 2006 1290 esse

378 1326 581 1382 Leonis
613 1330 1080 1394 mentem,neque
1113 1325 1182 1378 de
1204 1325 1358 1393 jure,
1383 1325 1482 1378 sed
1530 1324 1600 1378 de
1648 1324 1795 1378 facto
1827 1322 2004 1394 expli-

377 1415 495 1470 cari
527 1431 696 1485 posse
727 1417 880 1483 patet
909 1429 978 1466 ex
1005 1411 1248 1482 epistola
1275 1411 1296 1466 4
1339 1411 1408 1466 ad
1451 1411 1720 1466 eumdem
1769 1409 2006 1465 Michae-

377 1503 579 1569 lem,in
613 1518 728 1572 qua
756 1499 957 1555 scribit
989 1515 1190 1554 omnes
1213 1503 1494 1570 quotquot
1519 1501 1588 1553 ab
1612 1498 1882 1553 instituta
1911 1498 2006 1552 Ec-

379 1589 556 1645 clesia
611 1589 877 1644 exstitere
921 1592 1201 1659 martyres
1260 1588 1411 1658 apud
1473 1587 1724 1653 Latinos,
1765 1585 2000 1658 azymis,

377 1679 436 1733 id
467 1682 554 1732 est
597 1675 957 1731 Eucharistia
999 1676 1055 1731 in
1105 1675 1320 1746 azymis
1369 1679 1722 1741 consecrata,
1772 1674 2002 1746 sagina-

376 1769 467 1821 tos
492 1765 690 1829 fuisse,
736 1768 792 1818 et
839 1763 1008 1834 paulo
1065 1767 1196 1818 ante
1249 1763 1440 1818 innuit
1485 1762 1818 1818 Latinorum
1849 1763 2003 1817 hunc

376 1869 596 1908 morem
644 1869 710 1907 ex
759 1850 940 1906 sancti
991 1851 1139 1905 Petri
1190 1851 1555 1906 institutione
1590 1850 1998 1906 descendisse:

374 1964 401 1991 ‹‹
434 1942 810 2013 Quapropter,
841 1938 1050 2009 inquit,
1083 1955 1116 1994 a
1147 1942 1309 1992 tanta
1351 1938 1605 1993 amentia
1644 1939 1765 2008 jam
1797 1937 2000 2009 resipi-

371 2031 534 2095 scite,
585 2034 641 2084 et
688 2028 918 2082 Latinos
964 2043 1094 2082 vere
1143 2025 1478 2091 catholicos,
1537 2031 1711 2098 atque
1766 2026 2002 2082 maximi

370 2118 520 2174 Petri
551 2117 864 2174 familiares
887 2114 1738 2186 discipulos,institutionisque
1770 2117 1896 2185 ejus
1913 2117 2006 2170 de-

367 2207 614 2262 votiores
645 2208 954 2261 sectatores
985 2207 1208 2258 cessate
1255 2203 1671 2258 subsannando
1721 2205 2000 2276 azymitas

374 2312 443 2351 νο
453 2312 602 2350 care.
639 2316 666 2344 »

438 2409 653 2465 Eadem
685 2406 794 2460 fuit
817 2405 1102 2460 sententia
1131 2405 1435 2461 Humberti
1463 2405 1777 2462 cardinalis
1828 2405 1887 2460 in
1921 2422 2006 2462 re-

369 2497 682 2570 sponsione
715 2495 785 2548 ad
811 2493 1146 2549 Michaelem
1179 2493 1423 2549 dicentis
1455 2493 1771 2550 Ecclesiam
1794 2499 1997 2550 Roma-

369 2602 506 2642 nam
531 2585 602 2640 ad
634 2599 806 2638 suum
839 2598 1025 2654 usque
1055 2586 1286 2654 tempus
1319 2599 1433 2638 non
1465 2597 1725 2638 cessasse
1776 2583 1848 2639 ab
1883 2600 1996 2638 usu

367 2689 722 2748 azymorum,
755 2671 894 2727 etin
943 2670 1315 2741 responsione
1363 2671 1434 2725 ad
1480 2669 1758 2738 Nicetam,
1811 2670 1990 2726 tradi-

365 2765 582 2820 tionem
599 2777 726 2818 esse
742 2758 1068 2831 apostolica
1083 2757 1648 2814 sedis.Consentiunt
1672 2757 1920 2830 Algerus
1942 2758 2002 2813 in

365 2851 467 2908 lib.
499 2869 560 2919 ΙΙ,
594 2867 720 2922 cap.
746 2849 907 2920 3,qui
943 2863 1177 2902 omnem
1225 2847 1540 2902 Ecclesiam
1590 2851 1795 2918 prater
1852 2848 2006 2902 Gra-

363 2955 489 2996 cam
512 2957 579 2995 ex
595 2937 902 2993 traditione
927 2935 1256 3008 principum
1277 2934 1540 2991 Ecclesia
1579 2935 1730 2991 Petri
1757 2939 1814 2991 et
1836 2935 2006 2990 Pauli

365 3027 427 3083 in
457 3027 675 3100 azymis
703 3025 1060 3091 celebrasse;
1090 3027 1255 3095 Hugo
1293 3025 1518 3079 Tuscus
1539 3039 1639 3079 seu
1675 3024 2001 3093 Eterianus,

369 3115 469 3188 qui
502 3115 564 3170 in
597 3114 696 3170 lib.
728 3130 770 3168 ιι
802 3113 874 3168 de
899 3111 1246 3180 Haresibus,
1271 3128 1395 3183 cap.
1431 3113 1516 3181 17,
1553 3111 1867 3167 Ecclesiam
1902 3117 2004 3168 La-

368 3203 549 3260 tinam
579 3217 782 3275 azyma
810 3203 1084 3272 perpetuo
1116 3199 1456 3255 immolasse
1487 3218 1500 3268 ;
1535 3205 1592 3256 et
1631 3199 1922 3271 Rupertus
1944 3199 2004 3255 in

2119 714 2322 780 quast.
2355 711 2448 778 32,
2480 711 2743 766 membro
2773 711 2828 778 3,
2861 709 2936 767 ad
2967 708 3277 766 ultimum
3309 723 3327 775 ;
3367 717 3657 774 eumque
3683 715 3805 756 secn-

2115 801 2214 853 t‘cs
2243 797 2644 855 Bonaventura
2669 799 2912 855 totidem
2959 797 3209 866 verbis;
3274 798 3346 852 et
3397 794 3667 848 sanctus
3689 788 3802 844 The

2117 901 2242 941 mas
2273 887 2330 941 in
2363 887 2658 958 prolixiori
2689 886 3120 943 commentario
3155 885 3226 940 in
3264 885 3308 940 4
3337 882 3508 939 dist.
3545 885 3800 951 x1,qnast.

2115 971 2170 1040 2,
2203 979 2309 1029 art.
2341 978 2413 1042 2;
2448 975 2548 1046 qui
2580 979 2847 1032 auctores
2878 979 3092 1032 testem
3116 975 3422 1030 afferunt
3457 974 3716 1026 Leonem
3735 984 3802 1038 pa-

2115 1079 2248 1134 pam
2299 1063 2610 1133 dicentem,
2669 1063 3014 1120 imminente
3065 1061 3304 1118 heresi
3378 1057 3799 1122 Ebionitarum,

2115 1156 2345 1208 sanctos
2376 1153 2571 1208 Patres
2601 1151 2888 1224 recepisse
2917 1155 2984 1208 ut
3013 1149 3429 1208 sacriﬁcium
3473 1165 3556 1204 ex
3585 1147 3799 1204 fermen-

2113 1245 2234 1296 tata
2267 1241 2648 1296 conficeretur
2676 1241 2750 1296 ad
2780 1244 3036 1312 tempus.

2182 1354 2442 1425 Denique
2471 1354 2783 1410 Durandus
2813 1355 2871 1410 in
2903 1356 2936 1410 4
2966 1355 3204 1420 dist.xr,
3228 1356 3485 1426 quaest.
3523 1353 3583 1416 4,
3617 1349 3673 1406 in
3699 1365 3798 1404 cor-

2112 1457 2248 1512 pore
2279 1441 2359 1495 ait
2387 1439 2679 1512 apostolos
2709 1441 2771 1496 in
2803 1441 3103 1513 primitiva
3136 1440 3444 1498 Ecclesia
3477 1455 3665 1495 usum
3696 1453 3798 1508 azy-

2113 1543 2342 1584 morum
2369 1527 2648 1595 tenuisse,
2680 1533 2738 1584 et
2767 1528 2841 1584 ab
2871 1528 2944 1584 iis
2987 1529 3154 1584 hunc
3207 1544 3484 1584 morem
3533 1527 3795 1596 accepisse

2108 1615 2424 1672 Ecclesiam
2439 1616 2994 1673 Romanam.Postea
3003 1615 3417 1673 increscente
3431 1614 3656 1672 haeresi
3670 1613 3799 1670 Ebio-

2109 1705 2388 1772 nitarum,
2421 1704 2520 1776 qui
2551 1703 2820 1760 dicebant
2840 1704 3020 1761 simul
3052 1721 3198 1762 cum
3223 1703 3596 1778 Evangelia
3621 1701 3799 1774 legalis

2109 1791 2728 1858 observanda,sanctos
2757 1793 2978 1860 Patres,
3011 1809 3086 1849 ne
3117 1793 3210 1850 eis
3249 1793 3640 1850 consentire
3665 1793 3798 1848 vide-

2108 1885 2329 1950 rentur,
2377 1879 2632 1936 voluisse
2675 1882 2746 1936 ad
2793 1885 3030 1954 tempus
3078 1882 3196 1937 hoc
3245 1887 3724 1940 sacramentum
3750 1902 3801 1942 ex

2034 1974 2078 2038 Β
2109 1969 2454 2024 fermentata
2486 1969 2724 2036 conﬁci;
2755 1973 2817 2024 at
2863 1974 3137 2026 cessante
3189 1969 3441 2027 haresi
3497 1972 3798 2030 Ecclesiam

2115 2061 2434 2112 Romanam
2465 2057 2538 2111 ad
2576 2057 2889 2128 pristinum
2938 2057 3193 2114 rediisse
3247 2073 3548 2128 morem,
3599 2060 3800 2118 Graecos

2114 2159 2244 2200 vero
2274 2143 2530 2201 noluisse
2556 2144 2762 2199 redire.
2811 2144 2944 2200 Haec
2973 2145 3046 2200 de
3095 2145 3364 2217 placitis
3421 2147 3801 2206 scholastico-

2113 2249 2244 2288 rum
2272 2236 2556 2299 veterum,
2585 2231 2800 2304 quibus
2827 2233 3184 2290 recentiores
3219 2233 3664 2306 plerique,alii
3693 2238 3801 2295 aliis

2113 2338 2215 2393 pro
2248 2338 2356 2376 sua
2388 2320 2636 2392 quisque
2667 2324 2846 2387 secta,
2875 2319 3203 2377 adharent.
3243 2322 3555 2381 Joannes
3605 2325 3798 2382 Gerson

2112 2409 2172 2464 in
2205 2411 2476 2464 Tractatu
2507 2408 2578 2463 de
2616 2406 3029 2463 communione
3059 2413 3274 2465 censet
3329 2411 3608 2468 Latinos
3639 2431 3798 2486 quon-

2113 2497 2248 2553 dam
2280 2497 2606 2553 sacerdotes
2635 2495 2954 2552 confecisse
2983 2495 3463 2556 Eucharistiam
3483 2501 3554 2557 in
3579 2502 3801 2559 fermen-

2111 2589 2230 2640 tata
2257 2603 2269 2653 ;
2303 2589 2363 2641 at
2391 2601 2506 2656 quo
2538 2587 2819 2655 tempore,
2853 2600 3040 2656 quave
3067 2585 3444 2657 occasione,
3485 2606 3616 2648 non
3643 2592 3802 2666 expri-

2112 2671 2238 2728 mit.

2181 2787 2372 2842 Aliam
2394 2786 2573 2842 iniere
2601 2785 2752 2842 viam
2785 2785 3051 2843 historici
3085 2787 3360 2860 quidam
3401 2793 3797 2850 recentiores:

2113 2875 2392 2931 nimirum
2421 2873 2704 2930 Martinus
2735 2873 2992 2930 Polonus
3013 2877 3072 2930 et
3089 2874 3640 2952 Platina,quibus
3659 2883 3800 2938 Joan-

2113 2979 2214 3019 nes
2261 2961 2528 3018 Calvinus
2576 2960 2947 3034 astipulatur.
3000 2961 3085 3017 Ex
3137 2961 3243 3020 his
3296 2967 3577 3038 primus
3617 2971 3692 3026 ad
3719 2987 3798 3026 an-

2113 3067 2252 3106 num
2286 3050 2407 3113 132,
2441 3048 2542 3104 ubi
2575 3048 2645 3104 de
2671 3047 2996 3106 Alexandro
3025 3065 3185 3122 papa
3219 3053 3388 3126 agit,
3427 3055 3577 3114 haec
3609 3058 3796 3117 habet:

2117 3161 2144 3190 «
2169 3139 2272 3194 Hic
2302 3137 2473 3193 etiam
2505 3136 2711 3193 statuit
2737 3139 2802 3192 ut
2829 3137 2962 3194 vino
2986 3153 3142 3212 aqua
3169 3140 3651 3204 misceretur...
3683 3153 3736 3204 et
3754 3155 3798 3203 ut

2113 3226 2326 3284 oblatio
2355 3226 2519 3282 ﬁeret
2563 3241 2632 3282 ex
2677 3241 2877 3298 azyma
2926 3229 2984 3282 et
3032 3227 3094 3283 in
3145 3229 3417 3288 modica
3451 3237 3796 3306 quantitate,

367 3293 470 3396 ξδ’
503 3309 562 3358 ¹¹⁹
597 3291 666 3347 de
695 3289 911 3396 θίνίηίῗ
939 3287 1183 3396 emam"
1229 3304 1355 3388 “9'
1405 3291 1494 3354 22’
1527 3287 1638 3396 9pm,
1677 3287 1990 3344 ECCleSiam
2025 3328 2068 3396 α
2110 3316 2346 3372 dicens:
2381 3314 2510 3369 Hac
2539 3287 2766 3369 oblatio.
2787 3317 3008 3386 quanto
3039 3315 3262 3386 potior,

368 3382 688 3438 Romanam
719 3382 916 3434 censet
943 3376 1296 3433 fermentum
1313 3375 1372 3432 in
1395 3375 1679 3432 sacriﬁcio
1693 3393 1994 3449 nunquam

365 3468 722 3526 adhibuisse.

425 3583 703 3655 Ejusdem
732 3579 1062 3636 traditionis
1111 3579 1348 3634 ineunte
1394 3577 1588 3633 seculo
1637 3595 1735 3633 xm
1773 3594 1994 3651 propu-

363 3676 571 3744 gnator
596 3669 706 3724 fuit
731 3667 1100 3724 Innocentius
1132 3667 1287 3738 Papa
1314 3666 1514 3738 III,qui
1547 3666 1618 3721 de
1654 3668 1990 3724 Latinorum

364 3758 580 3832 azymis
610 3773 807 3830 agens,
840 3772 1040 3812 eorum
1073 3758 1418 3826 perpetuum
1454 3770 1625 3809 usum
1653 3754 1914 3810 defendit
1941 3755 2000 3810 in

362 3849 464 3904 lib.
499 3864 572 3916 ιν,
603 3847 674 3902 de
701 3846 894 3908 Missa,
927 3861 1052 3916 cap.
1088 3844 1122 3898 4
1155 3859 1168 3896 :
1219 3863 1248 3892 «
1282 3841 1370 3895 Ab
1407 3840 1552 3914 ipsis
1600 3857 1756 3914 ergo,
1789 3843 2002 3914 inquit,

363 3935 548 3992 beatis
561 3933 839 4006 apostolis
861 3933 1022 3987 Petro
1047 3935 1103 3986 et
1135 3929 1338 3998 Paulo,
1359 3945 1504 4000 quos
1535 3932 1592 3984 et
1618 3929 1776 3986 vivos
1801 3930 2008 3986 habuit

363 4024 666 4095 (Romana
694 4019 1030 4087 Ecclesia)et
1075 4018 1378 4074 defunctos
1423 4018 1694 4084 custodit,
1726 4018 1883 4074 hunc
1913 4035 2005 4074 sa-

365 4109 570 4167 crificii
623 4108 798 4164 ritum
845 4108 1090 4178 accepit,
1143 4122 1316 4177 quem
1364 4105 1646 4161 hactenus
1688 4099 2009 4163 inviolabili

381 4196 545 4254 cultu
575 4195 837 4252 servavit.
876 4214 904 4244 ››

443 4320 780 4377 Innocentio
809 4337 839 4374 e
870 4318 1115 4390 vestigio
1139 4317 1420 4373 successit
1441 4315 1919 4374 scholasticorum
1945 4336 2014 4378 a3-

367 4427 492 4484 tas,
524 4425 772 4482 quorum
803 4407 998 4480 opinio
1029 4409 1099 4463 de
1128 4423 1326 4478 azyma
1367 4406 1702 4461 Latinorum
1751 4411 1838 4462 est
1884 4407 2010 4478 ejus

376 4515 552 4556 usum
585 4499 656 4553 ab
688 4497 855 4556 initio
888 4495 1181 4552 nascentis
1211 4492 1476 4549 Ecclesia
1501 4493 1808 4565 incapisse
1831 4499 2011 4566 ;post-

374 4606 443 4646 ea
469 4604 623 4656 vero,
657 4587 965 4660 ingruente
1003 4585 1409 4640 Ebionaorum
1453 4581 1656 4636 haresi
1706 4581 1807 4652 qui
1855 4581 2012 4654 lega-

2107 3403 2310 3460 Nescio
2343 3419 2414 3458 an
2444 3419 2512 3457 ex
2542 3403 2743 3458 eodem
2790 3401 2950 3458 fonte
2992 3403 3372 3464 Barlaamus
3431 3410 3799 3470 Hiemcensis

2109 3493 2436 3564 episcopus,
2466 3489 2694 3545 Martini
2729 3489 2847 3546 fere
2876 3490 3142 3562 aqualis,
3175 3492 3355 3552 idem
3385 3501 3602 3558 tradit
3631 3503 3692 3558 in
3712 3504 3802 3574 epi-

2111 3579 2258 3637 stola
2286 3579 2357 3635 de
2389 3579 2604 3634 unione
2633 3577 2943 3650 utriusque
2971 3579 3281 3637 Ecclesia.
3329 3584 3604 3645 Platina
3651 3591 3708 3646 id
3748 3592 3803 3646 ab

2109 3668 2433 3724 Alexandro
2463 3668 2747 3722 statutum
2777 3665 2937 3736 dicit,
2971 3689 3001 3718 «
3036 3672 3103 3722 ut
3135 3669 3470 3731 Ebionitis
3529 3677 3804 3735 haereticis

2111 3754 2505 3812 calumniandi
2536 3753 2760 3810 occasio
2791 3753 3262 3813 auferretur.»Et
3295 3759 3620 3822 Calvinus
3651 3767 3712 3822 in
3739 3767 3807 3823 In.

2112 3843 2485 3902 stitutionum
2513 3841 2675 3896 lib.Iv
2698 3859 2711 3898 :
2745 3841 3254 3912 «Fermentatum,
3275 3847 3608 3921 inquit,et
3626 3855 3806 3927 vulga-

2112 3937 2238 3988 tum
2269 3947 2479 4004 panem
2509 3930 2689 3985 fuisse
2719 3933 2852 3985 ante
2879 3935 3124 4004 tempus
3167 3932 3536 3996 Alexandri
3573 3944 3804 4000 Romani

2115 4020 2367 4094 episcopi
2395 4023 2635 4075 narrant
2655 4017 2934 4088 historia,
2979 4021 3083 4091 qui
3115 4021 3372 4092 primus
3411 4043 3647 4102 azyma
3678 4047 3805 4104 pane

2116 4109 2433 4167 delectatus
2463 4111 2570 4163 est.
2602 4108 2726 4173 Qua
2751 4105 2810 4162 id
2853 4107 3101 4175 ratione,
3151 4127 3279 4166 non
3329 4114 3557 4186 video,
3613 4119 3732 4177 nisi
3759 4127 3804 4174 ut

2117 4197 2302 4270 plebis
2331 4195 2531 4252 oculos
2562 4211 2708 4250 novo
2737 4194 3071 4268 spectaculo
3093 4197 3154 4252 in
3179 4198 3700 4264 admirationem
3717 4215 3811 4264 tra-

2117 4286 2280 4342 heret
2307 4282 2493 4356 magis
2531 4299 2709 4354 quam
2759 4285 2826 4338 ut
2855 4283 3086 4340 animos
3135 4286 3340 4356 proba
3398 4292 3716 4368 religione
3743 4299 3809 4350 in-

2120 4377 2386 4430 strueret.
2424 4395 2444 4420 »
2481 4371 2680 4426 Eidem
2711 4371 3013 4427 sententia
3045 4375 3286 4430 accedit
3315 4380 3656 4442 Radulfus
3682 4389 3813 4441 Tun-

2119 4461 2346 4536 grensis
2373 4459 2444 4514 de
2471 4474 2761 4514 canonum
2793 4459 3191 4529 observantia,
3226 4478 3374 4538 cap.
3424 4470 3536 4527 23.

2190 4586 2334 4641 Tam
2350 4585 2678 4655 pugnantes
2695 4581 3005 4638 hominum
3027 4587 3380 4647 sententias
3401 4595 3716 4655 retulisse
3727 4597 3814 4654 her

376 4677 456 4734 lia
483 4674 776 4733 observari
809 4677 1071 4746 oportere
1101 4671 1405 4738 docebant,
1428 4673 1780 4742 praceptum
1829 4669 2012 4726 fuisse
2039 4685 2085 4751 ι)
2116 4673 2322 4730 saltem
2349 4670 2584 4744 juverit,
2618 4674 2682 4726 ut
2711 4669 3045 4744 intelligant
3063 4689 3284 4733 omnes
3308 4694 3529 4751 quam
3548 4685 3811 4744 intricati

366 4769 435 4822 ut
463 4765 694 4836 rejectis
726 4762 946 4835 azymis
980 4761 1390 4816 fermentatum
1423 4757 1826 4814 admitteretur
1849 4761 2003 4826 ;tum

371 4851 672 4908 desinente
701 4840 1170 4918 haresi,[.’atinos
1200 4848 1272 4902 ad
1304 4863 1504 4920 azyma
1518 4845 1710 4902 denuo
1739 4845 2000 4903 rediisse.

370 4940 558 5009 Hujus
587 4937 854 5010 pracepti
885 4943 1128 4993 Leonem
1173 4952 1381 5009 papam
1431 4932 1528 4990 alii
1574 4934 1776 4989 dicunt
1805 4939 2000 4990 aucto-

369 5041 519 5094 rem,
557 5023 654 5078 alii
684 5040 799 5078 non
833 5029 1145 5094 auctorem,
1179 5024 1276 5079 sed
1309 5027 1516 5078 testem
1566 5026 1856 5087 asserunt,
1907 5021 2002 5076 alii

374 5129 480 5168 nec
507 5115 735 5177 testem,
764 5127 867 5168 nec
897 5117 1214 5168 auctorem.
1245 5111 1308 5166 In
1357 5109 1564 5182 primis
1617 5113 1704 5164 est
1749 5109 2003 5166 Joannes

370 5201 534 5258 Duns
562 5203 764 5256 Scotus
793 5200 851 5256 in
881 5203 912 5256 4
943 5201 1080 5257 dist.
1124 5217 1204 5268 x1,
1253 5201 1458 5269 quast.
1506 5197 1576 5251 5:
1627 5219 1654 5246 «
1689 5197 1810 5253 Sub
1853 5215 2004 5270 papa

372 5297 580 5356 Leone,
631 5287 840 5362 inquit,
904 5289 1014 5344 fuit
1059 5285 1297 5342 haeresis
1345 5301 1580 5340 servans
1627 5284 1814 5358 legem
1869 5303 2002 5343 cum

369 5375 697 5450 Evangelia.
730 5378 796 5432 Et
841 5381 1001 5446 tunc,
1053 5391 1124 5430 ne
1170 5374 1501 5428 viderentur
1551 5373 1732 5427 Latini
1780 5391 2006 5431 servare

369 5466 558 5538 legem
588 5465 945 5532 Judaorum,
980 5465 1333 5537 praceptum
1351 5459 1454 5514 fuit
1473 5460 1752 5516 conﬁcere
1772 5461 1830 5516 in
1855 5479 2004 5534 pane

372 5552 854 5608 fermentato.Sed
889 5549 1266 5624 postquando
1297 5545 1468 5602 rediit
1489 5545 1630 5602 fides
1655 5551 1710 5602 et
1738 5548 2001 5619 invaluit,

373 5638 467 5694 usi
499 5642 636 5692 sunt
668 5639 844 5696 Latini
875 5656 1023 5714 pane
1070 5651 1294 5712 azyma,
1346 5633 1498 5690 sicut
1543 5632 1724 5703 prius.
1760 5657 1787 5684 »
1841 5637 1999 5695 Idem

367 5723 515 5782 entit
543 5723 870 5784 Richardus
896 5729 956 5784 in
988 5725 1258 5784 eumdem
1291 5723 1508 5778 locum.

2113 4763 2191 4817 sit
2219 4757 2613 4816 controversia
2643 4759 2714 4814 de
2739 4775 2964 4832 azyma,
3015 4763 3264 4832 quantis
3301 4771 3714 4847 ambagibus
3739 4776 3805 4830 in.

2110 4849 2343 4916 voluta;
2377 4853 2502 4903 tum
2536 4849 2823 4918 quantum
2855 4847 3111 4916 intersit,
3145 4867 3272 4908 non
3308 4871 3394 4913 ex
3428 4862 3632 4920 trivia
3657 4864 3808 4920 falsa-

2111 4955 2242 4994 rum
2281 4936 2686 5002 traditionum,
2716 4938 2819 4990 aut
2848 4951 2917 4990 ex
2949 4939 3371 5009 supposititiis
3435 4953 3806 5020 auctoribus

2112 5027 2208 5084 sed
2239 5043 2304 5082 ex
2337 5024 2575 5098 optimis
2606 5023 2974 5096 antiquitatis
3007 5035 3454 5092 monumentis
3476 5055 3704 5098 eruere
3737 5057 3811 5094 ve-

2111 5115 2366 5170 ritatem.
2401 5115 2585 5178 Quam
2613 5110 2765 5167 viam
2799 5113 3142 5186 quicunque
3201 5134 3334 5176 non
3369 5126 3730 5188 tenuerunt
3772 5129 3809 5181 ir.

2114 5202 2358 5274 supinos
2382 5203 2439 5256 et
2467 5199 2730 5273 insignes
2760 5215 2987 5256 errores
3018 5201 3253 5277 delapsi
3292 5217 3486 5270 sunt.
3512 5219 3720 5275 ,δείδιε
3741 5231 3806 5270 γει.

2111 5295 2304 5347 terum
2328 5288 2812 5344 scholasticorum
2837 5287 3450 5358 circumferebantur
3470 5308 3697 5364 nescio
3713 5320 3802 5378 qn:

2117 5378 2334 5452 scripta
2381 5394 2483 5433 seu
2551 5377 2781 5432 decreta
2827 5377 3038 5435 Leonis
3092 5384 3152 5436 et
3179 5381 3578 5465 Alexandri,
3641 5377 3831 5470 spari;1

2109 5470 2278 5534 certe,
2313 5465 2414 5520 sed
2448 5465 2710 5520 nondum
2743 5468 2888 5520 nota
2921 5465 3242 5542 falsitatis;
3298 5479 3568 5548 quibus
3607 5465 3794 5543 adduc!

2111 5559 2376 5611 auctores
2407 5551 2958 5626 superiores,varias
2989 5555 3065 5612 de
3093 5575 3316 5632 azyma
3343 5576 3724 5632 sententias
3749 5577 3802 5625 te-

2110 5646 2382 5698 nuerunt.
2417 5643 2633 5698 Forsan
2665 5641 2838 5697 etiam
2887 5642 2991 5716 qui
3042 5645 3254 5708 dixere
3308 5664 3670 5722 occasione
3717 5664 3799 5718 ha

2109 5731 2254 5786 resis
2309 5729 2594 5786 Ebionica
2645 5732 2886 5786 cautum
2945 5731 3136 5793 fuisse
3200 5756 3274 5796 ut
3341 5757 3720 5813 cessaretur
3765 5746 3800 5803 εἴ
