3864 6400
111 522 253 589 im

1060 520 1511 587 MABILLONII
1553 516 2033 595 DISQUISITIO
2074 514 2176 579 DE
2219 515 2521 582 AZYMO.

3333 526 3486 590 1246

113 673 317 729 azymo,
350 657 463 715 huc
508 656 732 716 inducti
791 662 932 716 sunt
960 658 1303 715 auctoritate
1362 657 1548 713 sancti
1597 657 1731 729 Epi-
1760 656 1816 722 Α
1846 653 1906 709 in
1938 652 2196 708 Caesarea
2243 651 2621 721 Bibliotheca,
2665 651 2917 711 habetur
2974 654 3272 714 canticum
3329 658 3489 718 istud

111 748 469 820 phanii.Cum
500 749 656 804 enim
687 749 844 820 apud
866 748 1255 819 Epiphanium
1289 746 1542 817 legerent
1563 746 1732 801 Ebio-

1844 758 1975 797 cum
2012 741 2119 796 hoc
2148 741 2357 798 titulo:
2393 764 2420 792 «
2455 742 2722 813 Hymnus
2754 761 2930 816 quem
2964 752 3208 804 sanctus
3247 750 3493 806 Ambro-

114 854 257 892 nazos
303 838 515 892 erroris
578 842 829 905 notatos,
854 837 1009 907 quod
1045 835 1317 907 mysteria
1364 836 1638 890 offerrent
1670 851 1738 889 ex
1845 831 1969 886 sius
2002 835 2056 885 et
2082 835 2319 885 sanctus
2349 832 2717 903 Augustinus
2744 832 2993 890 invicem
3017 837 3424 895 condiderunt.
3462 862 3490 892 »

114 942 301 997 azymo
317 932 371 980 et
389 944 541 997 aqua
565 926 1080 997 sola,putaverunt
1101 942 1432 995 azymorum
1468 941 1641 978 usum
1673 940 1739 977 ea
1847 920 2008 984 Quod
2028 924 2092 973 ut
2124 936 2326 989 parum
2352 924 2570 975 certum
2606 921 2844 988 sit,hi_nc
2876 927 3073 979 tamen
3108 934 3353 998 apparet
3374 947 3498 1001 per-

114 1016 403 1069 occasione
426 1016 708 1084 rejectum
743 1016 813 1069 ab
848 1014 1099 1069 Ecclesia
1132 1014 1330 1067 fuisse.
1366 1014 1431 1067 Et
1463 1013 1600 1083 quia
1621 1029 1743 1083 per-

115 1120 345 1158 suasum
376 1103 670 1158 habebant
700 1120 922 1158 morem
958 1103 1391 1173 utendiazymis
1412 1102 1565 1173 apud
1590 1100 1743 1155 Lati-

116 1208 217 1245 nos
246 1208 277 1246 a
308 1191 520 1247 Christi
564 1192 826 1261 exemplo
883 1191 1275 1257 descendisse,
1310 1190 1458 1245 hanc
1507 1191 1742 1243 domum

115 1280 452 1334 invenerunt
483 1280 857 1334 conciliandae
891 1279 1255 1334 difficultatis
1312 1279 1487 1341 viam,
1522 1282 1587 1332 ut
1616 1294 1744 1345 azy-

115 1383 272 1423 mum
303 1374 534 1440 propter
554 1369 853 1424 Ebionzeos
908 1368 981 1422 ab
1041 1368 1292 1422 Ecclesia
1332 1369 1610 1436 rejectum
1644 1382 1744 1421 seu

115 1458 508 1513 intermissum
534 1458 825 1525 dicerent;
860 1462 1063 1528 postea
1090 1473 1223 1512 vero
1253 1461 1514 1511 cessante
1539 1456 1744 1510 haeresi

113 1547 376 1617 praedicta
407 1546 989 1601 restitutum.\’erum
1022 1547 1091 1599 de
1112 1544 1434 1617 Epiphanio
1458 1550 1677 1616 postea.

738 1688 973 1743 CAPUT
1011 1686 1105 1742 Vl.

276 1796 532 1863 Quantam
561 1798 873 1849 testimonia
892 1794 1075 1849 dubiae
1108 1794 1232 1863 ﬁdei
1260 1810 1356 1864 pro
1388 1809 1579 1864 azyma

550 1868 873 1921 Latinorum
902 1865 1307 1937 expenduntur.

1850 1009 2179 1065 suasionem
2212 1010 2282 1063 de
2325 1010 2661 1065 auctoribus
2705 1011 2876 1067 istius
2928 1014 3138 1069 cantici
3199 1034 3313 1072 non
3362 1035 3495 1076 esse

1850 1098 2165 1153 admodum
2200 1114 2407 1151 novam
2440 1102 2496 1152 et
2524 1104 2832 1165 recentem,
2858 1102 2954 1156 sed
2990 1105 3091 1157 aut
3122 1104 3309 1174 ipsius
3339 1107 3491 1164 Datii

1851 1191 2133 1256 tempore,
2166 1190 2265 1239 aut
2296 1186 2465 1256 paulo
2496 1192 2627 1258 post
2650 1195 2958 1259 receptam.

1924 1275 2236 1329 Menardus
2270 1280 2466 1329 noster
2485 1275 2543 1329 in
2567 1276 2716 1331 notis
2740 1278 2808 1331 ad
2833 1277 3047 1335 librum
3086 1282 3492 1340 Sacramenta-

1855 1379 2007 1428 rum,
2045 1364 2143 1416 ubi
2188 1364 2257 1417 de
2307 1362 2414 1418 hoc
2463 1366 2685 1420 cantico
2742 1367 2879 1437 agit,
2935 1369 3162 1425 duobus
3228 1378 3495 1429 movetur

1855 1452 2220 1521 argumentis
2253 1452 2323 1506 ad
2372 1452 2695 1508 Chronicon
2746 1455 2900 1509 istud
2936 1457 3095 1513 Datio
3143 1460 3495 1518 subtrahen-

1855 1541 2020 1607 dum,
2055 1556 2263 1611 nempe
2293 1545 2349 1595 et
2391 1543 2547 1613 quod
2594 1544 2906 1613 Augustini
2965 1548 3262 1604 conversio
3316 1549 3377 1604 in
3429 1568 3495 1607 eo

1855 1629 2138 1683 Chronico
2171 1628 2340 1685 aliter
2388 1647 2567 1702 quam
2616 1649 2648 1685 a
2696 1634 2962 1689 Possidio
2992 1641 3049 1689 et
3103 1637 3175 1691 ab
3231 1637 3358 1709 ipso
3379 1640 3500 1695 Au-

1857 1719 2094 1789 gustino
2136 1720 2438 1786 referatur,
2463 1724 2518 1775 et
2548 1723 2701 1792 quod
2734 1722 3060 1780 Chronicon
3110 1742 3145 1781 a
3174 1726 3335 1783 nullo
3367 1745 3502 1785 auc-

1856 1810 1981 1861 tore
2014 1807 2254 1862 citatum
2289 1808 2534 1879 legatur.
2562 1810 2778 1867 Verum
2829 1818 2891 1867 ut
2934 1813 3100 1884 prius
3145 1814 3228 1871 ita
3258 1817 3355 1884 sit,
3386 1834 3503 1875 non

1862 1912 1992 1950 raro
2020 1901 2285 1951 auctores
2321 1898 2497 1952 etiam
2534 1899 2787 1969 aequales
2819 1900 2876 1956 in
2905 1903 3081 1958 unius
3119 1906 3504 1979 ejusdemque

190 1992 248 2046 In
280 1992 433 2045 omni
459 1990 872 2058 controversia,
908 1996 973 2045 ut
1000 2007 1136 2045 vera
1184 2007 1218 2046 a
1266 1988 1449 2057 falsis,
1484 1989 1568 2044 sic
1598 1993 1754 2043 certa
1786 2024 1834 2089 Β
1866 1983 1999 2037 facti
2025 1986 2357 2040 narratione
2393 1986 2744 2059 discrepant.
2771 1990 3064 2047 Posterius
3107 1993 3241 2049 inde
3288 1995 3502 2052 refelli-

114 2079 192 2136 αἱ)
253 2079 485 2133 incertis
544 2086 599 2134 et
658 2080 853 2135 dubiis
913 2096 1207 2133 secernere
1230 2080 1415 2149 juvat,
1480 2078 1619 2133 Hinc
1672 2083 1759 2134 est,
1789 2073 1834 2089 ν
1866 2073 2140 2141 tur,quod
2165 2073 2483 2129 Chronicon
2508 2076 2661 2131 istud
2688 2079 2797 2132 sub
2837 2081 3072 2136 nomine
3095 2083 3500 2140 Datiicitatum

110 2168 266 2238 quod
299 2167 493 2222 minus
512 2169 711 2235 peritis
736 2184 958 2222 morem
991 2185 1197 2239 gerens
1222 2168 1320 2238 qui
1363 2168 1432 2221 ad
1458 2167 1577 2221 hcec
1601 2171 1756 2221 trac-

110 2256 291 2311 tanda
321 2256 494 2310 rudes
526 2261 581 2310 et
629 2257 903 2327 imparati
937 2258 1241 2321 accedunt,
1277 2256 1384 2311 hoc
1435 2256 1559 2310 loco
1601 2272 1757 2310 seor-

112 2346 230 2400 sim
263 2344 487 2399 institui
519 2362 687 2416 agere
718 2346 786 2399 de
819 2344 1119 2400 nonnullis
1162 2345 1511 2399 testimoniis
1534 2349 1634 2399 aut
1655 2344 1758 2399 fal-

112 2434 201 2488 sis
234 2438 331 2488 aut
361 2434 556 2488 dubiis
581 2451 706 2504 quae
730 2451 832 2505 pro
868 2451 1066 2506 azymo
1098 2433 1289 2489 atl‘erri
1318 2438 1687 2504 possunt,ne,
1712 2434 1760 2494 si

114 2540 191 2578 ea
220 2522 429 2577 tacitus
462 2523 905 2593 praetermisero,
940 2524 1040 2577 fiat
1088 2528 1152 2577 ut
1199 2522 1415 2577 incauti
1447 2521 1533 2577 vel
1566 2521 1761 2576 dubiis

116 2611 257 2683 pius
289 2628 452 2681 aequo
507 2612 680 2665 tidem
727 2612 1061 2678 adhibeant,
1093 2611 1179 2666 vel
1232 2611 1396 2665 falsis
1444 2611 1668 2666 seducti
1702 2610 1760 2665 in

118 2716 380 2755 errorem
405 2700 697 2755 labantur.

196 2786 259 2845 In
293 2788 488 2843 dubiis
540 2789 795 2859 primum
842 2788 1092 2844 occurrit
1120 2788 1441 2843 Chronicon
1467 2788 1618 2859 quod
1653 2788 1762 2843 sub

110 2876 356 2931 nomine
392 2876 538 2931 Datii
571 2877 1019 2933 Mediolanensis
1049 2876 1304 2947 episcopi
1335 2876 1392 2930 in
1413 2876 1767 2931 bibliotheca

106 2964 385 3034 ejusdem
414 2965 673 3020 Ecclesia:
703 2970 1178 3035 asservatur;quo
1223 2965 1281 3019 in
1320 2964 1603 3019 Chronico
1645 2966 1766 3021 hazc

107 3054 196 3108 de
229 3057 427 3109 sancto
450 3055 756 3110 Ambrosio
774 3053 1077 3126 leguntur:
1099 3078 1125 3103 «
1155 3054 1403 3108 Sanctus
1425 3055 1768 3109 Ambrosius

106 3140 453 3197 Grrccorum
487 3140 803 3196 Ecclesiam
837 3142 894 3195 in
936 3139 1207 3213 plurimis
1240 3140 1447 3194 officiis
1476 3140 1769 3195 venerabi-

104 3229 254 3284 liter
281 3227 547 3285 imitatus
580 3235 687 3295 est,
720 3230 819 3300 qui
851 3234 905 3285 et
936 3229 1289 3285 sacrificium
1322 3229 1771 3294 eorum,scilicet

114 3318 558 3385 fermentatum,
594 3336 728 3373 cum
772 3324 972 3373 nostro
1005 3334 1205 3389 azymo
1267 3317 1323 3371 in
1373 3318 1768 3373 celeberrimis

1866 2160 2153 2227 videatur,
2176 2165 2300 2216 tum
2326 2163 2479 2232 apud
2520 2163 2766 2220 Paulum
2807 2167 3118 2223 diaconum
3144 2169 3203 2225 in
3238 2171 3503 2228 Historiae

1869 2247 2136 2302 Miscellze
2165 2250 2311 2305 libro
2332 2256 2580 2317 xvr,tum
2610 2254 2764 2324 apud
2795 2254 3098 2325 vulgatum
3128 2261 3503 2316 Anastasium

1870 2337 1941 2391 de
1972 2338 2161 2391 Gestis
2210 2340 2577 2409 pontificium
2624 2342 2681 2396 in
2728 2342 2964 2400 Silverio
3013 2362 3185 2417 papa,
3230 2350 3329 2404 ubi
3361 2354 3507 2406 tem-

1870 2442 2006 2495 pore
2028 2425 2208 2496 hujus
2230 2428 2524 2497 pontificis
2544 2430 2725 2485 fames
2757 2431 2965 2503 ingens
3004 2434 3261 2492 saeviisse
3292 2454 3513 2494 memo-

1870 2518 2034 2568 ratur
2065 2538 2091 2563 ‹‹
2126 2533 2193 2570 ex
2223 2516 2501 2572 relatione
2520 2519 2669 2573 Datii
2692 2520 2945 2593 episcopi
2979 2524 3451 2583 Mediolanensis.
3486 2552 3513 2579 ››

1871 2602 2006 2665 Quae
2040 2621 2129 2658 res
2153 2606 2199 2659 si
2222 2606 2277 2659 in
2302 2608 2575 2678 prcedicto
2598 2608 2882 2665 Chronico
2934 2611 3180 2684 legatur,
3211 2614 3513 2673 fatendum

1872 2696 1961 2745 est
1988 2696 2089 2746 aut
2118 2693 2352 2749 Datium
2386 2698 2514 2765 ejus
2556 2714 2683 2752 esse
2740 2704 3057 2767 auctorem,
3092 2707 3192 2757 aut
3225 2710 3377 2760 certe
3407 2705 3518 2760 ali-

1873 2796 2046 2851 quem
2080 2782 2259 2838 alium
2293 2784 2468 2840 Paulo
2514 2784 2786 2855 Diacono,
2821 2789 2878 2843 id
2926 2795 3034 2856 cst,
3066 2796 3265 2849 octavo
3299 2794 3514 2851 saaculo

1873 2870 2257 2940 superiorem,
2288 2874 2533 2944 ejusque
2564 2877 3003 2945 persuasionem
3049 2879 3229 2936 fuisse
3275 2898 3513 2954 azymo-

1875 2975 2004 3012 rum
2038 2976 2211 3014 usum
2244 2979 2361 3016 awo
2391 2964 2681 3019 Ambrosii
2712 2966 2973 3037 viguisse
3000 2970 3153 3040 apud
3178 2970 3431 3027 Latinos.

1948 3048 2193 3103 Demum
2226 3050 2453 3105 etiamsi
2484 3052 2808 3109 Chronicon
2854 3055 3013 3110 istud
3064 3057 3166 3112 aevi
3214 3059 3292 3115 sit
3319 3077 3517 3117 recen-

1876 3134 2065 3202 tioris,
2098 3155 2211 3192 non
2242 3142 2436 3195 tamen
2472 3141 2747 3197 continuo
2798 3147 3198 3216 respuendum
3230 3153 3320 3205 est
3350 3151 3519 3222 quid-

1878 3225 2018 3295 quid
2042 3225 2101 3280 in
2136 3226 2234 3282 illo
2268 3230 2622 3299 continetur,
2654 3242 2777 3287 tum
2814 3234 2951 3305 quia
2989 3240 3213 3305 auctor,
3248 3238 3520 3310 quisquis

1877 3313 2112 3369 tandem
2148 3316 2242 3371 ille
2271 3311 2368 3384 'sit,
2403 3318 2460 3373 id
2502 3336 2570 3374 ex
2601 3321 2887 3377 veteribus
2937 3326 3334 3383 monumentis
3366 3329 3518 3383 acci-

114 3405 559 3471 festivitatibus,
596 3406 845 3461 maxime
877 3407 932 3460 in
959 3404 1379 3461 resurrectione
1409 3406 1641 3460 Domini
1675 3406 1767 3461 be-
1796 3392 1838 3459 C
1878 3419 2011 3473 pere
2039 3404 2379 3474 potuit,tum
2410 3407 2546 3478 quia
2580 3408 2687 3463 hoc
2717 3410 2908 3481 ipsum
2944 3414 3098 3483 quod
3130 3415 3202 3469 de
3231 3432 3433 3488 azymo
3454 3417 3515 3473 in

112 3493 446 3552 nedicebat.
486 3517 511 3543 ››
546 3496 603 3551 Si
630 3496 699 3549 de
731 3496 908 3565 hujus
956 3493 1224 3549 Chronici
1266 3494 1607 3549 auctoritate
1638 3511 1768 3549 con-

110 3582 695 3645 staret,luculentum
720 3583 1069 3638 haberemus
1103 3581 1505 3637 testimonium
1540 3583 1611 3637 ad
1638 3599 1764 3651 pro-

109 3671 382 3729 bandum
430 3672 699 3727 Latinam
731 3671 1045 3727 Ecclesium
1096 3676 1357 3742 tempore
1391 3671 1673 3726 Ambrosii
1707 3670 1765 3726 in

109 3777 324 3832 azymo
357 3778 749 3817 consecrasse.
782 3764 852 3816 At
875 3761 981 3815 viri
1029 3760 1182 3815 docti
1233 3759 1497 3815 nonnulli
1526 3761 1765 3816 Chroni-

108 3867 229 3909 con
275 3849 434 3905 istud
485 3852 775 3906 recentius
831 3867 957 3907 esse
1015 3852 1241 3922 putant.
1276 3849 1436 3905 Datio
1495 3850 1764 3922 episcopo

106 3938 245 4013 qui,
277 3936 488 4010 Vigilio
548 3957 699 4011 papa
748 3939 1006 4006 sedente,
1036 3938 1146 3993 hoc
1194 3942 1281 3993 est
1322 3942 1453 3993 ante
1505 3939 1765 3994 medium

103 4024 402 4087 naculum
436 4032 686 4096 sextum,
719 4028 1211 4083 Mediolanensem
1243 4026 1559 4082 Ecclesiam
1604 4043 1764 4099 rege-

99 4115 500 4176 bat.Causam
530 4133 635 4172 cur
661 4118 815 4172 istud
850 4118 1174 4172 Chronicon
1206 4116 1370 4172 Datio
1403 4116 1765 4187 adjudicare-

98 4210 214 4263 tur
241 4204 447 4261 sedulo
479 4204 777 4277 inquisivi,
804 4210 927 4259 tum
954 4206 1188 4277 scriptis
1237 4205 1309 4260 ad
1357 4205 1577 4260 amicos
1606 4204 1765 4261 litte-

98 4295 220 4363 ris,
283 4297 411 4348 tum
470 4294 647 4367 petito
706 4296 833 4366 ejus
890 4294 1152 4366 exemplo
1230 4311 1298 4349 ex
1348 4294 1766 4351 Mediolanensi

97 4381 501 4449 Bibliotheca,
558 4386 622 4438 ut
676 4382 921 4439 lectione
992 4382 1258 4439 Chronici
1328 4382 1409 4439 rei
1468 4382 1767 4440 veritatem

94 4471 406 4545 expiscari
437 4487 693 4544 possem.
723 4472 939 4527 Verum
971 4471 1116 4527 nihil
1149 4470 1305 4526 aliud
1338 4487 1407 4527 ea
1427 4472 1497 4527 de
1529 4488 1587 4527 re
1623 4473 1767 4527 mihi

91 4559 331 4619 rescire
362 4558 527 4617 licuit
556 4566 764 4633 praeter
792 4578 859 4616 ea
906 4578 1032 4632 quas
1065 4577 1198 4616 mox
1240 4560 1550 4627 adducam,
1579 4578 1767 4633 neque

90 4652 405 4707 hactenus
454 4650 786 4723 exemplum
848 4650 1168 4721 expetitum
1224 4648 1502 4721 accipere.
1537 4650 1659 4714 Quo
1702 4652 1768 4706 fit

1878 3506 1943 3545 eo
1983 3491 2197 3563 legitur
2241 3510 2306 3549 ex
2355 3497 2539 3551 missa
2584 3498 2969 3555 Ambrosiana
3024 3503 3255 3573 pondus
3304 3504 3519 3562 habere

1875 3579 2192 3636 videtur.In
2216 3582 2321 3637 hac
2353 3584 2508 3638 enim
2545 3585 2642 3640 ubi
2677 3586 2748 3642 de
2776 3587 3068 3645 oblatione
3100 3593 3270 3663 panis
3303 3594 3515 3667 agitur,

1877 3669 2120 3725 orationi
2150 3672 2520 3742 praemittitur
2550 3674 2658 3730 hoc
2702 3674 2909 3733 titulus
2958 3681 3114 3751 apud
3154 3683 3518 3741 Pamelium:

1878 3781 1905 3808 ‹‹
1934 3759 2159 3814 Oblatio
2192 3762 2359 3831 panis
2391 3764 2576 3834 azymi
2625 3782 2758 3819 cum
2804 3771 3032 3836 patena.
3065 3792 3094 3821 »
3121 3774 3293 3827 Porro
3324 3773 3519 3830 missas

1876 3847 2077 3919 hujus,
2111 3851 2641 3920 quaeAmbrosiana
2668 3854 2901 3923 dicitur,
2928 3862 3220 3914 auctorem
3255 3863 3523 3933 agnoscit

1877 3941 2146 3992 sanctum
2181 3938 2935 3999 Ambrosium.Walafridus
2962 3944 3207 4002 Strabus
3226 3946 3286 4002 in
3309 3947 3409 4003 lib.
3434 3948 3517 4004 De

1877 4026 2051 4080 rebus
2082 4024 2512 4095 ecclesiasticis,
2544 4045 2671 4101 cap.
2704 4033 2801 4085 22:
2837 4053 2865 4081 ‹‹
2904 4033 3275 4104 Ambrosius,
3298 4037 3515 4109 inquit,

1875 4112 2326 4169 Mediolanensis
2354 4116 2685 4189 episcopus,
2714 4122 2834 4175 tam
2856 4122 3049 4178 missas
3083 4140 3259 4196 quam
3296 4131 3524 4183 cetero-

1876 4219 2005 4257 rum
2024 4202 2471 4274 dispositionem
2496 4208 2822 4265 ofﬁciorum
2864 4228 2981 4266 suae
3021 4213 3289 4271 Ecclesiae
3310 4221 3369 4272 et
3388 4215 3522 4272 aliis

1878 4291 2191 4363 Liguribus
2213 4292 2523 4362 ordinavit,
2546 4313 2672 4368 qua
2696 4302 2753 4353 et
2790 4316 2980 4371 usque
3015 4301 3186 4357 hodie
3216 4303 3276 4359 in
3310 4305 3525 4361 Medio-

1877 4380 2102 4436 lanensi
2150 4385 2421 4436 tenentur
2477 4384 2749 4441 Ecclesia.
2811 4410 2839 4437 «
2902 4389 3098 4462 Neque
3166 4408 3303 4448 vero
3351 4394 3523 4451 facile

1876 4470 2187 4526 dicendum
2220 4475 2308 4525 est
2352 4470 2590 4528 titulum
2630 4475 2972 4545 praedictum
3021 4495 3056 4533 a
3096 4482 3520 4540 recentioribus

1874 4559 2162 4615 insertum
2195 4559 2393 4628 fuisse,
2427 4560 2541 4617 nisi
2562 4562 2618 4617 id
2651 4564 2929 4635 probetur
2949 4566 3175 4624 idoneis
3207 4586 3520 4642 argumen-

1874 4648 1972 4705 tis.

89 4743 169 4796 ut
198 4737 277 4794 de
321 4737 502 4809 hujus
542 4738 809 4795 Chronici
857 4738 1203 4795 auctoritate
1262 4737 1405 4792 mihi
1454 4743 1607 4795 certo
1635 4756 1765 4812 pro-
1797 4758 1844 4823 D
1949 4737 2104 4792 Inter
2134 4737 2507 4809 supposititia
2536 4756 2637 4811 pro
2681 4756 2881 4813 azymo
2907 4743 3241 4804 testimonia
3269 4763 3517 4805 censen-

85 4825 390 4886 nuntiare
422 4844 537 4884 non
568 4827 758 4884 liceat.
1878 4826 2021 4881 dum
2052 4831 2142 4881 est
2163 4828 2552 4899 fragmentum
2588 4828 2841 4901 epistolae
2866 4833 2973 4888 sub
2996 4834 3232 4891 nomine
3254 4836 3521 4910 Gregorii

171 4913 341 4972 Illud
392 4915 451 4972 in
502 4917 710 4988 primis
759 4921 1100 4989 suspectum
1156 4915 1345 4971 reddit
1412 4932 1558 4988 opus
1607 4917 1764 4972 istud
1874 4916 2275 4987 papa,partim
2309 4921 2562 4972 asancto
2600 4918 2824 4977 Thoma
2861 4923 3147 4995 Aquinate
3174 4925 3425 4983 relatum
3458 4928 3520 4986 in

81 5020 227 5079 quo
259 5004 441 5060 refert
460 5007 747 5064 Antonius
786 5006 1136 5063 Possevinus
1198 5006 1269 5061 de
1316 5005 1423 5061 hoc
1453 5005 1762 5073 Chronico,
1875 5006 2130 5060 Summae
2153 5023 2213 5059 III
2246 5009 2431 5075 parte,
2452 5006 2641 5063 fusius
2663 5025 2794 5065 vero
2829 5010 2885 5066 in
2908 5013 3174 5083 ejusdem
3198 5025 3401 5073 catena
3421 5033 3520 5074 su-

78 5118 113 5146 ‹‹
158 5095 231 5149 in
258 5109 377 5165 quo
414 5095 634 5151 scilicet
673 5097 753 5152 ait
789 5097 1072 5167 scriptum
1115 5099 1341 5150 exstare
1381 5095 1674 5150 canticum
1704 5097 1768 5151 Te
1873 5112 1975 5165 per
1996 5094 2336 5149 Matthazum
2360 5094 2449 5149 his
2474 5096 2702 5153 verbis:
2729 5123 2755 5147 ‹‹
2786 5100 3102 5175 Gregorius
3133 5105 3195 5161 in
3231 5106 3516 5180 Registro.

73 5185 285 5240 Deum
312 5183 604 5239 laudamus
647 5202 679 5241 a
710 5187 927 5241 sanctis
976 5184 1281 5239 Ambrosio
1331 5187 1387 5238 et
1433 5184 1764 5256 Augustino
1874 5184 2029 5239 Solet
2060 5188 2254 5238 autem
2303 5184 2619 5241 nonnullos
2672 5203 2903 5247 movere
2953 5195 3107 5265 quod
3152 5195 3214 5251 in
3263 5195 3520 5252 Ecclesia

71 5270 320 5330 statim
353 5289 386 5330 a
407 5272 702 5345 baptismo
732 5276 995 5346 ejusdem
1021 5272 1678 5345 Augustinialternatim
1710 5278 1767 5330 et
1874 5272 2141 5328 nonnulli
2189 5273 2443 5328 offerunt
2485 5292 2667 5346 panes
2700 5294 2958 5353 azymos,
2987 5283 3085 5338 alii
3116 5284 3511 5341 fermentatos.

69 5379 159 5419 ex
194 5362 476 5433 tempore
519 5367 822 5420 cantatum
868 5364 1070 5430 tuisse,
1116 5365 1289 5434 atque
1338 5361 1472 5417 inde
1510 5363 1582 5417 ab
1632 5362 1763 5418 uni-
1874 5362 2129 5417 Ecclesia
2173 5378 2427 5434 namque
2479 5364 2744 5422 Romana
2806 5364 2973 5427 offert
3028 5389 3257 5444 azymos
3306 5389 3509 5445 panes,

60 5463 278 5508 versa
307 5449 564 5507 Ecclesia
598 5452 953 5525 frequentari
986 5450 1249 5523 cmpisse.
1283 5470 1311 5499 »
1345 5450 1478 5514 Quae
1506 5466 1597 5505 res
1620 5467 1763 5507 non-
1872 5457 2175 5524 propterea
2223 5452 2376 5523 quod
2426 5453 2711 5511 Dominus
2750 5459 2877 5515 sine
2943 5461 3062 5516 ulla
3103 5461 3514 5520 commistione

65 5535 292 5597 nullis
312 5545 604 5612 suspecta,
637 5557 708 5597 ne
741 5542 931 5597 dicam
973 5540 1141 5608 falsa,
1171 5538 1355 5594 videri
1387 5539 1573 5610 possit
1604 5541 1759 5597 etab
1872 5542 2131 5612 suscepit
2172 5556 2427 5597 carnem.
2467 5543 2604 5599 Aliae
2643 5563 2776 5602 vero
2817 5549 3077 5606 Ecclesiae
3119 5551 3371 5608 offerunt
3398 5552 3511 5609 fer-

57 5626 421 5687 recentiori
453 5631 709 5701 quodam
750 5636 988 5689 auctore
1031 5630 1287 5685 inventa.
1322 5629 1669 5699 Quanquam
1702 5630 1761 5685 in
1871 5634 2159 5698 mentum,
2189 5646 2292 5702 pro
2324 5646 2389 5685 eo
2421 5633 2575 5702 quod
2605 5632 2863 5692 Verbum
2906 5637 3092 5695 Patris
3116 5638 3392 5697 indutum
3424 5645 3515 5698 est

58 5732 209 5775 ms.
253 5712 408 5773 libro
447 5719 837 5790 Psalmorum,
870 5737 1047 5794 quem
1102 5717 1346 5775 Carolus
1393 5719 1640 5791 Magnus
1689 5721 1760 5775 ad
1872 5735 2127 5786 carnem,
2159 5723 2217 5775 et
2246 5723 2335 5775 est
2355 5737 2525 5777 verus
2554 5722 2708 5779 Deus
2735 5729 2791 5781 et
2835 5742 3005 5784 verus
3051 5728 3248 5786 homo.
3281 5730 3429 5787 Nam
3454 5734 3514 5787 et

48 5804 433 5869 Adrianum
456 5825 667 5882 papam
698 5812 877 5884 misit,
910 5811 1080 5881 cujus
1113 5807 1545 5882 autographum
1572 5814 1762 5867 exstat
1872 5811 2223 5869 fermentum
2272 5809 2684 5869 commiscetur
2734 5814 2954 5875 farinm.
2998 5818 3109 5877 Sed
3158 5823 3352 5879 tamen
3385 5822 3503 5876 tam
