3864 6386
221 419 374 484 1247

1248 419 1646 500 APPENDIX
1682 419 1784 481 AD
1827 417 2086 506 erant
2131 419 2566 506 HUMBERTI.

3438 419 3620 508 ηιξ
3639 489 3648 502 ,

220 573 494 630 azymum
524 574 700 631 quam
731 558 1138 615 fermentatum
1169 555 1310 610 dum
1331 554 1641 622 sumimus,
1663 569 1847 608 unum
1875 550 1932 621 Α
1961 554 2052 625 pio
2090 555 2309 611 Sancta
2335 555 2558 628 Sophia:
2589 571 2753 612 sacra
2782 571 2850 612 ex
2887 555 3222 628 praescripto
3257 554 3617 612 Latinorum

220 663 432 718 corpus
454 648 684 704 Domini
703 647 1012 703 Salvatoris
1046 645 1224 700 nostri
1263 642 1564 698 efficimur.
1594 663 1620 690 ››
1651 642 1847 712 Neque

221 735 377 791 enim
397 736 519 792 haec
557 737 730 791 verba
769 735 1134 806 reperiuntur
1169 731 1228 785 in
1269 731 1532 802 Registro
1574 730 1690 784 sive
1717 731 1851 785 Gre-

220 823 366 896 gorii
423 841 587 896 papae
643 823 835 894 primi,
886 823 1002 876 sive
1046 820 1302 890 Gregorii
1363 819 1610 889 septimi.
1649 819 1848 872 Exstat

223 913 460 982 quidem
492 913 644 983 apud
669 911 1005 982 Gregorium
1029 909 1702 980 primum,cognomento
1727 907 1843 961 Ma-

218 1015 420 1071 gnum,
445 999 686 1071 epistola
711 999 996 1070 quaedam,
1031 997 1306 1052 nimirum
1337 997 1428 1059 64,
1453 995 1551 1048 lib.
1575 1011 1672 1061 v11,
1695 995 1844 1048 indi-

217 1088 423 1143 ctionis
447 1088 730 1152 secundae,
755 1103 870 1157 qua
907 1087 964 1140 in
986 1085 1230 1156 epistola
1265 1084 1670 1138 sanctissimus
1703 1099 1842 1153 pon-

215 1177 351 1229 tifex
373 1175 490 1246 agit
511 1175 579 1228 de
600 1174 774 1229 variis
796 1175 1006 1228 ritibus
1046 1173 1305 1228 Ecclesiae
1343 1189 1476 1227 cum
1503 1171 1691 1226 Greca)
1717 1175 1840 1226 tum

215 1264 506 1328 Romanae;
558 1267 616 1316 at
661 1279 731 1318 ne
771 1264 1011 1317 verbum
1043 1262 1278 1332 quidem
1312 1261 1380 1314 de
1433 1275 1650 1331 azymo.
1689 1262 1843 1323 Qua-

212 1357 444 1422 propter
483 1368 551 1406 ex
594 1351 868 1422 pradicto
917 1351 1242 1422 fragmento
1290 1347 1435 1403 nihil
1484 1347 1620 1402 certi
1666 1347 1840 1402 confi-

212 1456 338 1496 cere
368 1457 702 1511 pOSSUIIIUS.

281 1528 450 1584 Aliud
469 1529 733 1598 ejusdem
757 1528 983 1599 generis
1005 1530 1415 1599 argumentum
1441 1523 1605 1579 nobis
1628 1539 1838 1593 suppe-

214 1618 360 1674 ditat
371 1616 882 1687 epistolaquzedam
901 1616 1102 1671 Isidori
1123 1613 1478 1686 Hispalensis
1496 1611 1746 1682 episcopi
1766 1611 1837 1665 ad

213 1707 556 1762 Redemtum
605 1705 1100 1768 archidiaconum,
1127 1704 1184 1757 in
1216 1719 1330 1773 qua
1378 1702 1494 1754 hazc
1544 1700 1718 1754 verba
1757 1699 1836 1753 le-

213 1799 468 1868 guntur:
502 1817 530 1842 ‹‹
560 1792 866 1848 lnnotuisti
925 1791 1094 1846 nobis
1141 1789 1199 1843 in
1251 1789 1443 1844 animo
1485 1788 1586 1842 tibi
1621 1787 1838 1840 versari

213 1882 574 1954 scrupulum,
599 1881 750 1978 quod
780 1879 1087 1978 Orientalis
1119 1878 1332 1934 Christi
1365 1875 1620 1930 Ecclesia
1639 1892 1705 1971 ex
1729 1874 1836 1971 fer:
1868 1913 1914 1978 B

213 1975 468 2027 mentato
493 1985 660 2041 pane,
693 1966 1075 2022 Occidentalis
1105 1983 1171 2020 ex
1207 1981 1406 2036 azymo
1456 1961 1835 2018 sacratissimi

212 2059 466 2132 corporis
495 2061 924 2112 sacramentum
965 2055 1244 2110 conficere
1273 2053 1591 2116 consuevit,
1620 2055 1676 2105 et
1700 2048 1836 2120 quia

209 2148 321 2219 ipsi
343 2145 660 2202 Orientales
693 2144 922 2198 Latinos
944 2159 1120 2214 super
1156 2143 1262 2197 hoc
1284 2141 1698 2211 reprehendere
1719 2153 1834 2191 non

208 2241 495 2292 verentur.
533 2255 560 2283 »
592 2235 741 2288 Tum
771 2237 971 2287 auctor
1001 2233 1270 2286 Romanae
1317 2229 1581 2284 Ecclesiae
1614 2241 1832 2281 morem

212 2325 529 2397 approbare
560 2326 615 2376 et
651 2322 979 2377 Graecorum
1022 2320 1264 2390 objectis
1308 2317 1638 2373 satisfacere
1670 2331 1834 2369 cona-

209 2418 322 2470 tur.
354 2412 524 2483 Atqui
547 2411 668 2465 hzec
689 2408 933 2480 epistola
967 2408 1170 2462 merito
1193 2411 1462 2477 suspecta
1481 2405 1729 2469 videtur,
1761 2417 1834 2456 ne

209 2503 396 2557 dicam
424 2499 642 2571 spuria.
676 2497 794 2552 Etsi
828 2496 983 2552 enim
1031 2495 1291 2549 Isidorus
1321 2491 1681 2563 Hispalensis
1714 2491 1832 2560 epi-

209 2606 418 2662 scOpus
449 2587 793 2642 Redemtum
825 2583 1299 2639 archidiaconum
1331 2579 1619 2643 habuerit,
1637 2583 1831 2633 tamen

207 2678 364 2733 inea
393 2673 655 2747 epistola,
691 2673 843 2729 sicut
889 2672 1065 2727 etiam
1117 2671 1176 2726 in
1232 2668 1595 2742 praecedenti,
1647 2665 1834 2721 multa

206 2769 344 2822 sunt
365 2782 489 2838 quae
512 2762 863 2836 persuadent
883 2764 1276 2815 commentum
1297 2775 1424 2813 esse
1447 2755 1830 2812 recentiorum

204 2859 552 2925 temporum.
601 2849 773 2906 Nulla
838 2849 993 2904 enim
1053 2849 1139 2920 (ut
1185 2851 1388 2904 caatera
1441 2843 1829 2913 dissimulem)

204 2941 521 2999 Orientales
549 2939 701 2994 inter
740 2941 797 2992 et
838 2936 1238 2992 Occidentales
1288 2933 1674 2990 controversia
1722 2931 1831 2986 fuit

203 3032 276 3086 de
293 3047 489 3102 azymo
519 3033 650 3084 ante
675 3025 949 3082 sazculum
977 3041 1053 3090 x1,
1082 3029 1146 3077 ut
1177 3027 1402 3077 constat
1421 3019 1752 3076 testimonio
1768 3017 1828 3072 in

199 3119 404 3191 primis
435 3115 641 3172 Leonis
671 3130 832 3185 papae
867 3111 1020 3176 noni,
1066 3111 1162 3182 qui
1216 3109 1554 3165 Michaelem
1603 3105 1829 3163 Cerula-

202 3208 352 3263 rium
386 3221 598 3260 novum
623 3201 960 3257 Latinorum
999 3201 1071 3254 ob
1104 3216 1304 3271 azyma
1351 3199 1826 3253 calumniatorem

203 3299 334 3368 post
363 3293 522 3350 mille
551 3295 608 3347 et
625 3288 824 3361 viginti
857 3307 890 3344 a
909 3288 1120 3344 Christi
1150 3288 1420 3359 passione
1450 3303 1630 3342 annos
1660 3286 1829 3342 exsti-
1859 3271 1900 3336 C

201 3385 343 3441 tisse
372 3383 643 3438 afﬁrmat.

272 3473 427 3526 Inter
455 3468 636 3523 dubia
657 3467 793 3521 item
817 3468 1160 3537 argumenta
1182 3480 1284 3535 pro
1306 3480 1511 3534 azymu
1541 3461 1824 3516 recenseri

201 3559 372 3616 debet
400 3558 458 3612 id
481 3555 634 3627 quod
657 3555 1008 3610 Humbertus
1029 3551 1338 3607 cardinalis
1377 3551 1434 3604 in
1454 3549 1827 3621 responsione

201 3648 272 3702 ad
291 3647 550 3702 Nicetam
583 3633 952 3698 Pectoratum
997 3642 1172 3696 refert
1208 3657 1276 3696 ex
1301 3639 1651 3711 quibusdam
1683 3639 1826 3694 actis

203 3740 374 3792 sextae
407 3733 634 3807 synodi,
656 3731 714 3788 in
737 3732 954 3803 quibus
983 3729 1281 3801 legebatur
1300 3728 1520 3800 legatos
1551 3727 1822 3798 apostoli-

201 3841 296 3881 cos
325 3829 556 3896 peraeta
602 3822 822 3894 synodo
861 3838 894 3876 a
943 3817 1320 3874 Constantino
1362 3817 1706 3888 imperatore
1737 3817 1824 3871 in-

198 3916 540 3984 terrogatos,
580 3909 832 3982 qualiter
881 3909 1142 3962 Romana
1182 3904 1439 3960 Ecclesia
1487 3905 1556 3958 de
1605 3905 1824 3959 sacriﬁ-

197 4001 285 4058 cio
316 3999 574 4069 corporis
595 4003 652 4053 et
673 3996 978 4068 sanguinis
1001 3995 1227 4048 Domini
1251 3992 1432 4048 nostri
1449 3997 1583 4048 Jesu
1609 3993 1824 4048 Christi

197 4087 462 4143 ordinem
481 4089 720 4150 teneret,
743 4085 893 4138 inter
930 4083 1046 4138 alia
1083 4083 1479 4153 respondisse:
1507 4105 1534 4130 ‹‹
1567 4081 1826 4137 Oblatio-

197 4191 334 4231 nem
379 4191 502 4244 quae
553 4173 614 4227 in
661 4171 1012 4228 sacrificium
1053 4168 1252 4224 altaris
1298 4170 1553 4234 offertur,
1603 4169 1824 4226 nullam

199 4261 664 4319 commistionem
695 4263 796 4316 aut
841 4258 1265 4330 corruptionem
1307 4259 1572 4312 fermenti
1611 4259 1826 4314 habere

204 4351 432 4416 debere,
467 4351 567 4405 sed
600 4349 805 4405 debere
851 4364 978 4403 esse
1037 4347 1337 4414 mundam,
1362 4348 1529 4416 juxta
1575 4348 1728 4419 quod
1767 4347 1826 4402 in

196 4440 386 4495 Gestis
415 4438 845 4510 pontificalibus
865 4435 1114 4508 legimus
1147 4451 1274 4490 esse
1295 4439 1598 4490 statutum.
1629 4459 1649 4487 πυ
1677 4439 1821 4490 Tum

199 4527 398 4584 suddit
417 4528 802 4582 Humbertus:
827 4548 854 4576 ‹‹
873 4530 1031 4579 Tunc
1051 4523 1269 4595 placuit
1292 4524 1555 4594 piissimo
1580 4525 1825 4596 principi

197 4617 574 4673 Constantino
595 4616 716 4671 hmo
735 4615 968 4670 traditio
993 4611 1316 4684 apostolica:
1341 4611 1552 4666 sedis.»
1567 4612 1682 4667 Hoc
1704 4613 1826 4683 qui-
1860 4633 1904 4696 ι)

198 4705 330 4762 dem
349 4705 752 4762 testimonium
769 4703 1027 4758 validum
1065 4705 1216 4755 esset
1245 4700 1315 4754 ad
1343 4701 1705 4771 probandum
1729 4719 1825 4756 an-

197 4791 614 4862 tiquumusum
637 4807 971 4864 azymorum
1015 4789 1165 4859 apud
1207 4787 1441 4843 Latinos
1480 4793 1611 4843 ante
1647 4806 1826 4860 syno-

197 4879 338 4936 dum
361 4884 604 4944 sextam,
627 4879 762 4936 side
791 4880 998 4934 horum
1040 4881 1317 4932 Actorum
1339 4877 1575 4932 veritate
1597 4883 1824 4934 consta-

199 4965 524 5022 ret.Verum
547 4971 818 5036 suspecta
839 4965 1104 5020 videntur
1135 4963 1256 5018 haec
1293 4965 1432 5018 Acta
1453 4969 1576 5018 tum
1601 4965 1736 5036 quia
1767 4966 1827 5020 in

197 5051 450 5124 vulgatis
479 5056 648 5108 sexta
677 5054 880 5124 synodi
929 5051 1088 5106 Actis
1135 5049 1296 5105 nulla
1325 5051 1452 5121 ejus
1497 5051 1578 5107 rei
1613 5054 1827 5109 mentio

199 5139 507 5214 reperitur,
537 5145 664 5196 tum
695 5143 832 5210 quia
879 5140 938 5194 in
979 5139 1170 5194 Gestis
1219 5139 1652 5209 pontiﬁcalibus
1685 5141 1828 5196 nihil

201 5232 270 5286 de
293 5246 552 5303 azymon
598 5227 872 5284 Silvestro
926 5243 1074 5299 papa
1123 5230 1408 5282 statutum
1457 5227 1689 5299 legitur,
1725 5231 1826 5285 sed

199 5324 426 5376 tantum
457 5319 528 5376 de
557 5317 734 5374 linteo
765 5317 918 5390 quod
951 5316 1170 5370 lineum
1203 5331 1328 5369 esse
1361 5317 1648 5387 praecepit.

269 5407 683 5466 Verumtamen
710 5407 964 5462 Hilarion
997 5403 1340 5468 monachus,
1375 5403 1434 5457 in
1473 5405 1730 5461 oratione
1759 5409 1829 5464 de

205 5511 351 5564 pane
379 5494 706 5552 Graecorum
738 5494 982 5567 mystico
1023 5499 1080 5548 et
1116 5491 1451 5546 Latinorum
1483 5509 1703 5564 azymo,
1736 5496 1828 5552 his

203 5579 360 5636 Actis
373 5583 634 5638 nonnihil
650 5583 1008 5640 auctoritatis
1022 5577 1329 5635 conciliare
1341 5579 1726 5648 videtur,cum
1750 5587 1832 5641 ait

229 5671 684 5742 egatos,peracta
697 5671 1055 5746 synodo,Deo
1069 5665 1284 5742 gratias
1313 5670 1564 5735 acturos,
1593 5669 1652 5724 in
1683 5675 1830 5728 tem-

1958 644 2296 710 celebrasse,
2324 644 2534 700 Graecis
2551 644 2824 700 omnibus
2847 645 3088 700 modum
3111 643 3384 700 sacriﬁcii
3403 641 3616 700 Latini

1955 732 2446 788 collaudantibus.
2489 742 2564 789 Ἐν
2600 745 2667 804 τῷ
2705 743 2821 804 νάῳ,
2861 732 3072 804 inquit,
3103 743 3190 801 τῆς
3225 741 3381 804 ’Δγίας
3421 741 3620 805 Σοφίας

1953 831 2020 892 τῷ
2082 830 2184 893 Θέῷ
2249 829 2565 894 χαρίζμένους
2629 829 2857 894 ἑορτάσαι
2919 833 3195 890 Δατινικῶς,
3263 830 3614 879 ἐπαινοῦντων

1955 919 2082 967 ὅλων
2135 921 2232 982 τῷν
2284 917 2531 976 Ἑλλήνιον
2590 917 2769 982 τρόπον
2828 921 2912 966 τὸν
2971 919 3135 974 θυσίας
3192 921 3464 978 Δατινικῆς.
3529 909 3611 965 Id

1955 1000 2144 1054 forsan
2179 997 2374 1052 hausit
2393 997 2648 1053 Hilarion
2681 1015 2748 1053 ex
2773 998 3008 1070 vulgato
3041 999 3349 1055 Anastasio
3383 999 3486 1070 qui
3507 998 3610 1054 ita

1953 1087 2010 1141 in
2037 1087 2337 1158 Agathone
2370 1103 2518 1157 papa
2548 1085 2840 1158 loquitur:
2878 1109 2906 1136 «
2939 1087 3122 1142 Tanta
3170 1093 3364 1143 autem
3397 1087 3608 1160 gratia.

1951 1175 2144 1230 divina
2159 1173 2581 1246 Omnipotentis
2603 1191 2877 1230 concessa
2898 1180 2984 1231 est
3025 1176 3225 1232 missis
3264 1175 3421 1232 sedis
3443 1192 3604 1247 apo-

1950 1264 2162 1318 stolicae
2193 1269 2258 1317 ut
2287 1263 2358 1318 ad
2377 1262 2632 1318 laztitiam
2657 1263 2854 1334 pOpuli
2881 1262 2966 1318 vel
2989 1263 3170 1319 sancti
3193 1263 3447 1334 concilii,
3483 1264 3602 1335 qui

1949 1351 2008 1406 in
2040 1352 2198 1422 regia
2227 1352 2368 1405 urbe
2397 1355 2584 1418 erant,
2604 1351 2860 1407 Joannes
2908 1351 3212 1424 episcopus
3244 1351 3602 1408 Portuensis

1951 1441 2246 1494 Dominico
2271 1440 2361 1494 die
2383 1443 2714 1494 octavarum
2751 1440 2982 1496 Pascha:
3023 1440 3083 1495 in
3114 1439 3359 1497 ecclesia
3389 1441 3602 1497 Beata:

1949 1529 2176 1600 Sophiaa
2208 1529 2419 1584 missas
2467 1527 2729 1599 publicas
2779 1529 2976 1584 Latine
3021 1529 3338 1585 celebraret
3380 1546 3598 1585 coram

1947 1617 2206 1687 principe
2252 1620 2309 1671 et
2355 1617 2704 1687 patriarcha,
2741 1621 2803 1672 ut
2853 1634 3053 1673 omnes
3109 1617 3468 1674 unanimiter
3521 1618 3596 1673 in

1945 1705 2147 1760 laudes
2170 1709 2224 1759 et
2243 1705 2511 1759 victorias
2534 1705 2932 1775 piissimorum
2960 1705 3380 1778 imperatorum
3403 1721 3470 1762 eo
3489 1706 3600 1762 die

1953 1792 2169 1848 Latinis
2197 1791 2435 1847 vocibus
2458 1791 2864 1849 acclamarent.
2883 1815 2909 1841 »
2927 1794 3010 1848 Ex
3029 1793 3242 1864 quibus
3275 1793 3468 1848 verbis
3491 1794 3595 1848 in-

1944 1879 2260 1952 telligimus
2293 1880 2532 1934 missam
2565 1881 2635 1934 ab
2667 1879 2874 1952 legatis
2906 1881 3105 1936 Latino
3129 1897 3290 1936 more
3321 1880 3594 1936 celebra-

1947 1973 2064 2024 tam
2095 1967 2316 2032 fuisse;
2353 1984 2424 2022 an
2471 1984 2602 2022 vero
2645 1968 2704 2021 in
2759 1968 2975 2039 azymis
3018 1968 3152 2024 inde
3181 1985 3298 2024 non
3325 1973 3592 2025 constat.

1945 2061 2073 2112 Haac
2104 2057 2172 2112 de
2201 2055 2393 2112 dubiis
2423 2059 2481 2110 et
2511 2054 2673 2110 falsis
2703 2055 3083 2127 argumentis.
3593 2039 3598 2042 ’

2567 2195 2794 2252 CAPUT
2831 2195 2949 2250 VII.

1941 2305 2325 2375 Proponuntur
2365 2303 2689 2372 conjectura:
2733 2304 2783 2356 et
2829 2305 3152 2375 argumenta
3195 2301 3450 2372 quaedam
3473 2320 3593 2375 pro

2179 2377 2402 2444 antiquo
2432 2389 2536 2428 usu
2566 2388 2882 2443 azymorum
2911 2372 3056 2442 apud
3085 2374 3326 2430 Latinos.

2009 2503 2158 2553 Ante
2183 2495 2377 2552 omnia
2398 2494 2884 2550 considerandum
2905 2497 2994 2550 est
3013 2494 3312 2550 silentium
3332 2495 3590 2554 Patrum

1941 2587 2276 2642 Latinorum
2309 2582 2495 2638 Photii
2539 2586 2702 2637 aetate
2747 2583 3135 2653 superiorum,
3166 2584 3274 2654 qui
3295 2583 3590 2639 Euchari-

1941 2676 2112 2731 stiam
2161 2673 2396 2728 ineunte
2443 2687 2690 2746 vespera.
2731 2687 3063 2742 azymorum
3119 2688 3184 2726 ac
3231 2673 3474 2742 proinde
3515 2673 3587 2746 in

1941 2763 2179 2835 azymis,
2201 2761 2530 2816 institutam
2571 2759 2796 2814 docent.
2831 2759 2938 2824 Qui
2985 2775 3118 2814 cum
3165 2759 3312 2814 facto
3355 2760 3588 2818 Christi

1939 2849 2170 2908 Domini
2194 2849 2592 2903 inhaerendum
2614 2863 2740 2902 esse
2763 2847 2822 2900 in
2861 2845 3033 2902 istius
3054 2847 3400 2903 sacramenti
3432 2865 3582 2903 con-

1937 2941 2184 2996 fectione
2214 2937 2427 3002 dicant,
2463 2939 2636 3006 atque
2668 2935 2728 2989 in
2775 2934 3072 2990 nonnullis
3117 2934 3343 3003 ritibus,
3377 2936 3583 2993 sicubi

1938 3026 2168 3085 obvenit
2198 3024 2462 3090 mutatio,
2495 3023 2746 3078 rationes
2796 3023 2957 3078 factae
2996 3024 3336 3079 mutationis
3371 3017 3582 3097 inqui-

1939 3119 2086 3182 rant,
2122 3113 2342 3169 nullam
2375 3116 2568 3166 tamen
2601 3112 2670 3166 de
2700 3115 2923 3167 mutato
2943 3121 3154 3182 'azymo
3185 3111 3582 3183 quaestionem

1938 3207 2186 3260 movent.
2229 3202 2323 3257 Sic
2353 3217 2420 3256 ex
2448 3199 2716 3256 Patribus
2763 3200 3192 3271 antiquioribus
3239 3199 3586 3274 complures

1939 3291 2182 3350 sollicite
2221 3305 2459 3344 causam
2481 3287 2760 3359 indagant
2781 3304 2884 3342 cur
2905 3305 2938 3341 a
2951 3287 3172 3358 jejunis
3203 3288 3585 3348 Eucharistia

1936 3377 2305 3451 percipiatur,
2324 3391 2456 3429 cum
2480 3373 2550 3428 ab
2595 3373 2832 3428 cmnatis
2855 3373 3133 3445 apostolis
3153 3380 3423 3448 percepta
3453 3377 3538 3438 sit
3563 3397 3578 3448 ;

1935 3466 2132 3522 nullus
2157 3481 2288 3520 vero
2333 3461 2576 3534 inquirit
2623 3478 2727 3517 cur
2754 3461 3006 3518 Ecclesia
3055 3461 3317 3535 neglecto
3367 3481 3583 3536 azymo

1935 3553 2251 3628 praetulerit
2281 3553 2713 3607 fermentatum.
2746 3551 2906 3615 Quod
2956 3567 3096 3607 sane
3121 3551 3171 3607 si
3204 3552 3584 3626 contigisset,

1935 3660 2048 3698 non
2080 3639 2354 3697 omissuri
2401 3639 2582 3694 fuisse
2627 3638 2898 3693 videntur
2944 3655 3183 3707 omnes;
3214 3657 3346 3696 cum
3378 3643 3583 3716 magis

1933 3731 2005 3786 ad
2035 3747 2158 3786 rem
2189 3727 2534 3784 sacramenti
2565 3727 2801 3782 accedat
2833 3727 3184 3782 fermentum
3218 3743 3394 3799 quam
3417 3730 3588 3802 jeju-

1931 3820 2097 3875 nium
2129 3821 2229 3873 aut
2255 3816 2498 3872 coenatio
2531 3813 2924 3887 percipientis.

2003 3908 2168 3962 Dices
2225 3905 2494 3960 Patribus
2537 3903 2792 3974 antiquis
2831 3904 2888 3957 id
2939 3903 3120 3959 fuisse
3174 3903 3579 3980 exploratum,

1932 3995 2153 4053 scilicet
2189 3993 2503 4058 Christum,
2548 3995 2776 4047 tantum
2817 4008 2884 4046 ex
2915 3991 3215 4063 occasione
3245 3997 3300 4048 et
3329 4000 3583 4066 propter

1933 4101 2153 4140 morem
2175 4081 2654 4156 gentis,azymum
2676 4081 2746 4135 ad
2767 4080 3188 4148 Eucharistiam
3202 4081 3579 4152 adhibuisse,

1933 4175 2198 4244 ideoque,
2231 4175 2288 4226 et
2319 4169 2366 4225 si
2397 4169 2742 4224 fermentato
2774 4185 2922 4240 pane
2943 4169 3034 4224 usi
3057 4170 3194 4236 sint,
3228 4186 3343 4226 non
3373 4171 3584 4230 visum

1932 4263 2114 4317 fuisse
2179 4258 2572 4314 necessarium
2642 4257 2934 4328 inquirere
2983 4259 3172 4313 factae
3222 4259 3582 4322 mutationis

1934 4365 2171 4406 causam
2203 4364 2328 4419 quae
2369 4345 2640 4422 omnibus
2671 4350 2870 4418 aperta
2901 4349 3042 4400 erat.

2005 4439 2090 4492 Ad
2137 4437 2247 4492 hoc
2295 4451 2508 4506 repono
2574 4433 2747 4488 etiam
2793 4434 3111 4506 Christum,
3162 4437 3220 4490 et
3268 4436 3588 4500 occasione

1933 4531 2162 4583 tantum
2188 4529 2246 4580 et
2274 4523 2344 4580 ob
2379 4538 2600 4578 morem
2629 4521 2964 4588 Judaicum,
2991 4539 3202 4593 aquam
3236 4525 3296 4578 in
3327 4524 3584 4584 calicem

1935 4613 2346 4670 immiscuisse.
2371 4611 2537 4677 Nam,
2563 4614 2628 4665 ut
2673 4611 2924 4665 Jacohus
2965 4627 2998 4666 a
3023 4611 3277 4667 Vitriaco
3305 4614 3590 4678 observat

1933 4705 1992 4760 in
2012 4701 2270 4759 Historiae
2293 4698 2675 4756 Occidentalis
2720 4716 2846 4771 cap.
2883 4699 2973 4765 38,
3001 4720 3028 4748 ‹‹
3057 4699 3189 4755 vino
3220 4718 3367 4772 puro
3400 4719 3586 4762 nemo

1933 4792 2117 4847 utitur
2153 4789 2212 4844 in
2255 4788 2518 4860 partibus
2551 4785 2687 4842 illis.
2721 4810 2748 4836 »
2783 4791 2837 4842 et
2865 4791 3057 4843 tamen
3099 4794 3316 4845 veteres
3348 4794 3586 4866 Patres,

1936 4879 2254 4952 Cyprianus
2275 4877 2334 4932 in
2358 4873 2562 4948 primis
2597 4875 2655 4930 in
2695 4875 2942 4948 epistola
2968 4878 3038 4931 ad
3065 4877 3379 4944 Caecilium,
3412 4883 3590 4938 tanta

1935 4951 2069 5024 cum
2093 4965 2366 5039 religione
2384 4964 2788 5020 admistionem
2808 4981 2970 5037 aquae
2991 4966 3049 5020 in
3071 4965 3310 5021 calicem
3335 4951 3596 5030 tuentur:

1935 5055 2197 5128 exemplo
2223 5053 2562 5118 Servatoris,
2585 5055 2651 5107 ut
2688 5069 2857 5108 secus
2899 5053 3226 5110 factitantes
3265 5073 3368 5128 pro
3391 5056 3586 5114 haere-

1936 5145 2067 5201 ticis
2089 5143 2423 5200 habuerint.
2444 5142 2501 5196 Si
2541 5157 2675 5213 ergo
2715 5141 2974 5214 antiquis
2997 5141 3114 5198 illis
3137 5143 3409 5200 Patribus
3445 5162 3586 5218 per-

1938 5249 2178 5290 suasum
2201 5231 2410 5302 fuit(ut
2450 5233 2599 5285 certe
2629 5233 2857 5285 constat
2895 5233 3049 5302 apud
3091 5231 3244 5305 illos)
3273 5233 3588 5292 Christum

1937 5323 1996 5377 in
2021 5319 2380 5376 instituenda
2398 5317 2762 5374 Eucharistia
2781 5335 2955 5374 usum
2991 5321 3210 5392 azymis
3229 5321 3436 5390 fuisse,
3459 5340 3587 5380 non

1935 5410 2100 5466 video
2141 5425 2262 5476 cur,
2289 5407 2336 5462 si
2376 5405 2546 5461 aliter
2575 5405 2634 5460 id
2667 5411 2789 5460 tum
2835 5407 3065 5463 fecisset
3101 5407 3378 5476 Ecclesia,
3403 5427 3588 5480 nemo

1937 5500 2067 5570 ejus
2100 5497 2178 5552 rei
2211 5511 2446 5551 causam
2480 5493 2939 5563 autinquisisset
2967 5500 3068 5551 aut
3097 5499 3488 5570 exposuisset.

2007 5585 2118 5640 Afﬁ
2129 5601 2196 5639 ne
2215 5583 2350 5638 huic
2368 5587 2778 5654 argumentum
2793 5588 2880 5639 est
2892 5587 3044 5655 quod
3059 5585 3236 5642 iidem
3255 5585 3338 5642 illi
3353 5585 3587 5660 Patres,

1938 5675 2038 5746 qui
2053 5675 2112 5728 in
2132 5672 2336 5744 primis
2347 5669 2612 5727 Ecclesiae
2630 5671 2858 5727 saeculis
2887 5672 3229 5746 ﬂoruerunt,
3246 5692 3382 5732 cum
3395 5661 3598 5752 agunt.
