3864 6396
226 430 381 495 1249

1194 433 1650 497 MABILLONII
1693 429 2169 507 DISQUISITIO
2215 434 2318 496 DE
2362 433 2659 498 AZYMO.

3463 443 3622 507 1250

223 566 1517 638 depanesacriﬁcii,ejusquecompositioncm
1535 567 1959 633 describuntA
1988 566 2173 623 nisset
2227 568 2475 623 mutatio
2528 568 2587 624 in
2640 584 2791 640 pane
2846 568 3253 626 eucharistico.
3294 575 3438 628 Cum
3467 575 3623 632 enim

225 668 527 726 nusquam
579 656 847 711 {ermenti
881 656 1094 710 faciant
1130 656 1507 712 mentionem.
1544 659 1620 711 Ex
1652 658 1743 713 his
1774 659 1875 729 Cy-

233 745 480 818 prianus
521 745 575 799 in
601 744 847 816 epistola
874 747 943 799 ad
968 746 1279 811 Caecilium,
1303 752 1509 817 etpost
1534 764 1668 802 eum
1695 748 1875 802 Isido-

226 850 330 890 rus
363 833 726 904 Hispalensis
758 834 1065 904 episcopus
1100 835 1156 888 in
1192 834 1291 888 lib.
1317 852 1333 889 ι
1357 836 1425 889 de
1449 836 1668 891 Ofﬁciis
1695 836 1875 891 eccle-

227 922 505 985 siasticis,
540 938 666 992 cap.
708 925 789 983 l8,
825 923 1082 993 loquitur
1118 924 1172 977 in
1222 924 1375 978 hunc
1410 926 1685 979 modum:
1721 950 1747 973 ‹‹
1783 925 1875 979 Sic

224 1027 361 1066 vero
393 1011 543 1065 calix
594 1011 822 1065 Domini
876 1013 1056 1066 nostri
1107 1014 1243 1067 Jesu
1294 1014 1504 1068 tibristi
1542 1032 1654 1069 non
1690 1020 1879 1085 potest

226 1117 357 1155 esse
382 1118 537 1170 aqua
555 1100 698 1167 sola,
719 1108 815 1155 aut
836 1102 1032 1155 vinum
1056 1102 1269 1171 Solum,
1292 1103 1400 1157 nisi
1426 1110 1741 1173 utrumque
1765 1104 1873 1157 sibi

229 1190 565 1251 misceatur,
592 1192 882 1259 quomodo
909 1208 1008 1244 nec
1032 1209 1242 1261 Corpus
1268 1192 1494 1245 Domini
1530 1198 1721 1263 potest
1751 1209 1877 1246 csso

228 1278 426 1333 simila
448 1277 590 1341 sola,
613 1284 711 1332 aut
733 1296 883 1348 aqua
907 1280 1051 1341 sola,
1076 1280 1183 1332 nisi
1212 1286 1527 1351 utrumque
1551 1283 1874 1335 adunatum

229 1367 818 1437 fueritetcopulatum
838 1370 1004 1437 panis
1021 1369 1877 1439 uniuscompagcsolidatum.»

232 1458 448 1512 Eadem
482 1458 655 1511 verba
689 1464 893 1527 praeter
919 1458 1206 1512 Isidorum
1238 1459 1439 1529 repetit
1466 1458 1792 1512 Amalarius
1820 1460 1876 1512 in

231 1544 334 1600 lib.
370 1562 433 1599 ιιι
467 1546 535 1600 de
565 1546 785 1600 Ofﬁciis
818 1546 1249 1611 ecclesiasticis,
1281 1564 1405 1617 cap.
1446 1550 1527 1601 ltl.
1562 1551 1711 1602 Sane
1744 1564 1877 1602 cum

231 1634 555 1706 Cyprianus
590 1634 693 1688 hoc
728 1635 849 1688 loco
883 1641 1015 1703 agat
1038 1636 1105 1688 de
1128 1637 1546 1705 compositione
1568 1637 1737 1707 panis
1768 1638 1879 1690 Eu-

231 1722 800 1793 charistici,ejusque
822 1731 1015 1794 partes
1038 1724 1307 1777 distincte
1322 1725 1584 1795 explicet,
1603 1743 1714 1778 non
1740 1725 1881 1779 omi-

232 1811 406 1866 sisset
439 1812 812 1878 fermentum,
847 1813 893 1865 si
927 1812 1094 1882 panis
1128 1830 1366 1883 azymus
1400 1831 1505 1868 suo
1532 1818 1790 1885 tempore
1822 1813 1878 1867 in

233 1918 345 1955 usu
378 1918 491 1955 non
528 1901 751 1954 fuisset.

304 2009 395 2073 At,
428 2006 647 2078 inquis,
684 2008 827 2061 satis
884 2009 1235 2063 fermentum
1286 2009 1559 2081 exprimit
1606 2027 1737 2063 cum
1781 2009 1877 2075 ait,

233 2111 446 2168 corpus
478 2095 706 2150 Domini
741 2113 866 2151 esse
908 2113 1019 2151 non
1057 2114 1226 2168 posse.
1276 2098 1533 2152 similam
1568 2098 1750 2153 solam
1785 2102 1884 2152 aut

232 2201 447 2256 aquam
482 2185 686 2247 solam,
725 2209 749 2233 ‹‹
787 2186 894 2238 nisi
933 2193 1245 2257 utrumque
1278 2188 1598 2240 adunatum
1637 2187 1807 2241 fuerit
1830 2191 1885 2241 et

234 2273 655 2344 copulatum,et
675 2274 842 2344 panis
858 2274 1032 2327 unius
1047 2291 1324 2345 compage
1339 2276 1672 2329 solidatum.
1692 2276 1881 2338 vrQuod

234 2364 391 2419 enim
426 2362 681 2433 cepulat,
716 2364 932 2416 adunat
964 2369 1019 2417 et
1051 2364 1282 2429 solidat,
1318 2366 1665 2418 fermentum
1701 2370 1809 2418 est.

306 2477 520 2533 Verum
542 2479 676 2533 huic
702 2480 1062 2550 responsioni
1088 2481 1279 2533 obviat
1301 2481 1737 2549 Augustinusin
1762 2498 1882 2535 scr-

237 2584 409 2623 mone
441 2569 508 2619 83
531 2569 600 2621 de
624 2569 889 2633 diversis,
919 2568 1013 2622 ul-i
1040 2585 1237 2622 recens
1261 2569 1567 2639 baptizatis
1590 2586 1885 2640 exponens

236 2671 451 2712 mensa:
486 2656 793 2712 Dominicm
828 2664 1280 2719 sacramentum,
1306 2665 1359 2712 et
1384 2658 1616 2727 singula
1638 2675 1883 2729 qumque

237 2746 552 2801 traducens
586 2747 653 2802 ad
692 2764 901 2803 mores.
936 2765 1051 2801 non
1086 2747 1272 2801 solum
1311 2748 1575 2801 fermenti
1610 2765 1722 2801 non
1758 2764 1883 2801 me-

237 2836 431 2901 minit,
467 2836 566 2889 sed
598 2836 771 2889 etiam
807 2853 1122 2907 granorum
1149 2854 1247 2889 seu
1273 2836 1503 2907 pollinis
1528 2836 1884 2905 conjunctio-

237 2941 372 2979 nem
406 2928 460 2977 et
484 2923 909 2994 copulationeni
938 2942 1048 2977 non
1076 2926 1186 2979 nisi
1213 2942 1313 2995 per
1334 2942 1547 2996 aquam
1574 2926 1693 2979 ﬁeri
1719 2926 1886 2980 docet

236 3014 331 3068 his
362 3014 589 3067 verbis:
626 3038 651 3059 ‹‹
689 3014 1071 3068 Commendat
1114 3015 1276 3067 vobis
1311 3016 1365 3067 in
1405 3016 1511 3069 isto
1546 3032 1692 3086 pane
1738 3032 1883 3085 quo-

238 3102 552 3156 dammodo
574 3103 854 3155 unitatem
876 3122 1089 3156 amare.
1118 3103 1389 3174 Nunquid
1417 3104 1573 3157 enim
1601 3105 1768 3175 panis
1794 3104 1884 3158 ille

238 3190 310 3246 de
342 3208 457 3246 uno
490 3208 669 3263 grano
699 3193 884 3246 factus
917 3193 1046 3245 est?
1078 3192 1277 3245 Nonne
1303 3193 1486 3246 multa
1517 3198 1682 3247 erant
1711 3192 1882 3247 tritici

237 3296 419 3354 grana
438 3281 465 3335 ?
495 3282 603 3335 Sed
639 3286 951 3351 antequam
978 3282 1045 3333 ad
1074 3298 1281 3352 panem
1304 3282 1588 3345 venirent,
1616 3287 1884 3353 separata

238 3375 442 3433 erant;
478 3386 579 3441 per
610 3387 820 3441 aquam
870 3372 1181 3439 conjuncta
1229 3375 1387 3435 sunt,
1420 3375 1475 3425 et
1514 3376 1647 3443 post
1678 3389 1882 3442 quam-

238 3458 374 3514 dam
407 3459 838 3514 contritionem.
876 3459 993 3513 Nisi
1028 3461 1182 3514 enim
1236 3459 1488 3514 molatur
1519 3460 1799 3528 triticum,
1831 3464 1887 3515 et

237 3563 342 3621 per
372 3564 583 3620 aquam
610 3552 1052 3619 conspergatur,
1079 3549 1147 3601 ad
1174 3549 1343 3602 istam
1370 3549 1616 3603 formam
1646 3548 1885 3605 minime

233 3636 393 3692 venit
427 3654 554 3707 qua:
588 3636 753 3709 panis
786 3642 1041 3691 vocatur.
1066 3638 1155 3691 Sic
1179 3642 1233 3690 ct
1263 3655 1361 3691 vos
1391 3638 1749 3707 antejejunii
1777 3638 1883 3691 hu-

237 3725 621 3781 miliationem
677 3725 981 3779 cxorcismi
1032 3731 1394 3779 sacramento
1428 3727 1595 3796 quasi
1631 3725 1884 3780 moleba-

239 3815 405 3870 mini.
438 3814 697 3870 Accessit
726 3815 1056 3885 baptismus
1080 3820 1133 3868 et
1167 3833 1354 3885 aqua;
1390 3815 1557 3886 quasi
1591 3816 1884 3886 conspersi

237 3904 403 3967 estis,
430 3910 491 3958 ut
513 3904 582 3958 ad
606 3904 848 3958 formam
878 3904 1042 3975 panis
1067 3904 1357 3957 veniretis.
1381 3905 1490 3958 Sed
1518 3905 1773 3958 nendum
1800 3908 1888 3959 est

238 3991 407 4067 panis
441 3993 565 4048 sine
599 3993 747 4065 igne.
782 3994 940 4056 Quod
976 4010 1110 4063 ergo
1136 3993 1422 4061 signiﬁcat
1456 3993 1629 4064 ignis,
1663 3993 1771 4047 hoc
1798 3998 1887 4048 est

239 4082 519 4138 chrisma.
550 4106 575 4129 ››
607 4083 971 4153 Augustinus
1006 4082 1094 4137 his
1123 4082 1367 4153 aliisque
1397 4082 1587 4136 verbis
1619 4088 1886 4137 accurate

238 4170 477 4243 singula
508 4171 856 4241 distinguit;
911 4188 1225 4241 granorum
1287 4170 1714 4238 contritionem,
1750 4188 1886 4225 con-

236 4262 601 4333 Spersionem
635 4267 691 4316 et
721 4261 1190 4329 conjunctionem
1224 4278 1323 4331 per
1351 4277 1564 4330 aquam
1590 4258 1798 4327 solam,
1830 4264 1887 4315 et

235 4351 579 4405 coctionem.
603 4349 797 4404 Altum
819 4352 889 4403 de
914 4351 1195 4403 fermento
1213 4349 1511 4403 silentium
1531 4348 1673 4403 satis
1694 4348 1885 4403 innuit

234 4436 384 4493 illud
411 4455 476 4494 eo
509 4446 765 4509 tempore
798 4438 1142 4492 inusitatum
1189 4438 1392 4492 fuisse.
1422 4438 1580 4492 Adde
1614 4443 1882 4493 sanctum

234 4529 531 4583 doctorem
567 4529 647 4582 uti
680 4526 961 4583 vocabulo
999 4530 1292 4598 conspersi,
1327 4544 1441 4598 quo
1474 4543 1731 4582 massam
1759 4527 1884 4582 sine

236 4616 509 4672 fermenti
531 4615 878 4672 admistione
902 4634 1053 4687 aqua
1072 4615 1531 4688 conglutinatam
1566 4615 1883 4687 signiﬁcari

233 4707 486 4773 constat,
520 4710 583 4759 ut
614 4706 856 4759 inferius
881 4706 1311 4760 demonstrabo.

309 4818 518 4875 Eodem
556 4821 726 4875 modo
760 4820 855 4875 alii
908 4820 1107 4875 Patres
1140 4819 1461 4892 loquuntur
1491 4820 1561 4874 de
1593 4820 1881 4893 composi-

234 4905 391 4963 tione
449 4909 618 4981 panis
675 4909 1068 4973 eucharistici,
1124 4927 1270 4979 quos
1328 4909 1478 4963 inter
1519 4911 1883 4965 Gaudentius

234 4996 549 5053 Brixiensis
580 5000 889 5071 episcopus
923 5000 978 5053 in
1011 4999 1281 5053 'l‘ractatu
1302 5002 1334 5051 2
1358 5000 1426 5053 de
1460 4999 1758 5067 Paschate,
1790 5016 1883 5054 ve-

234 5085 516 5142 nerabilis
545 5087 699 5141 Beda
732 5088 786 5142 in
812 5088 972 5142 Luca:
996 5105 1121 5159 cap.
1150 5105 1289 5151 xxn,
1317 5091 1372 5142 et
1395 5087 1517 5154 alii,
1541 5087 1703 5143 nulla
1734 5088 1885 5143 facta

236 5175 534 5231 mentione
556 5176 847 5231 fermenti.

304 5281 583 5338 Praeterea
600 5282 762 5337 nulla
780 5283 889 5349 lex,
909 5282 1134 5336 nullum
1150 5282 1470 5343 decretum,
1489 5280 1715 5335 nullum
1735 5280 1881 5353 legis

233 5375 336 5426 aut
363 5371 578 5426 decreti
610 5373 919 5443 vestigium
952 5376 1139 5426 exstat
1188 5371 1343 5441 apud
1374 5375 1593 5425 veteres
1630 5369 1702 5423 de
1736 5370 1880 5424 reci-

230 5459 440 5532 piendo
474 5459 530 5514 in
566 5459 820 5515 Ecclesia
848 5477 1075 5531 axymo,
1109 5476 1298 5530 neque
1339 5459 1410 5513 de
1457 5457 1737 5512 mutando
1768 5458 1879 5512 fer-

231 5554 454 5616 mento,
488 5565 593 5604 nec
623 5550 694 5604 de
725 5549 1127 5605 transferendo
1148 5546 1333 5621 azymi
1364 5551 1420 5602 et
1450 5546 1719 5601 fermenti
1753 5562 1880 5617 pro-

228 5639 460 5696 miscuo
491 5654 602 5694 usu
634 5639 694 5693 in
717 5640 901 5711 azymi
923 5654 1295 5693 communem
1320 5637 1499 5691 ritum
1523 5651 1535 5688 :
1560 5635 1714 5706 quod
1740 5648 1879 5689 sane

228 5729 449 5791 mirum
483 5731 658 5801 esset,
689 5727 739 5785 si
771 5727 1085 5805 aliquando
1117 5727 1177 5786 in
1197 5725 1455 5786 Ecclesia
1473 5723 1672 5784 Latina
1701 5724 1879 5785 obve-

1984 657 2166 711 sancti
2202 657 2395 713 Patres
2420 666 2535 712 tam
2565 657 2799 713 solliciti
2826 659 3043 713 fuerint
3063 659 3135 715 de
3166 659 3237 715 iis
3262 677 3390 733 quas
3422 662 3496 717 ad
3524 680 3626 719 au-

1984 746 2389 816 gustissimum
2423 746 2804 801 Eucharistia:
2837 754 3271 803 sacramentum
3300 752 3626 822 pertinent;

1983 850 2114 888 cum
2138 839 2219 889 tot
2252 836 2479 890 decreta
2511 836 2874 892 condiderint
2905 837 2977 892 de
3008 837 3314 903 altaribus,
3349 844 3471 895 tam
3500 842 3630 898 fixis

1984 940 2158 993 quam
2193 925 2529 988 mobilibus,
2563 926 2634 981 de
2664 926 2817 980 vasis
2848 927 3091 980 sacratis
3124 928 3311 999 deque
3341 928 3540 985 linteis
3572 932 3629 985 in

1986 1013 2267 1065 sacriﬁcio
2317 1014 2577 1079 usitatis,
2610 1015 2681 1068 de
2712 1014 3077 1069 Eu'charistia
3118 1017 3209 1086 pie
3261 1034 3327 1071 ac
3361 1019 3632 1091 religiose

1988 1107 2110 1153 tum
2130 1102 2525 1167 conﬁcienda;
2556 1107 2676 1156 tum
2699 1103 3067 1173 porrigenda,
3086 1110 3209 1158 tum
3230 1107 3628 1178 percipienda,

1987 1194 2111 1242 tum
2128 1191 2478 1243 asservanda
2500 1207 2632 1244 cum
2651 1196 2733 1244 tot
2753 1192 2985 1245 statutis
3004 1194 3358 1248 decreverint
3380 1197 3634 1252 retinen-

1987 1278 2121 1330 dam
2140 1295 2303 1347 aqua?
2322 1279 2729 1333 admistionem
2754 1280 2811 1333 in
2831 1278 3089 1345 calicem,
3115 1282 3446 1338 mirandum
3471 1291 3630 1340 certe

1989 1367 2161 1419 fuerit
2192 1367 2239 1420 si
2275 1367 2459 1420 Latini
2510 1366 2825 1437 aliquando
2867 1368 3088 1437 abjccto
3120 1370 3399 1426 fermento
3433 1373 3629 1428 admic

1991 1456 2172 1509 serint
2203 1472 2494 1526 azymum,
2532 1454 2587 1509 id
2620 1456 2916 1509 communi
2952 1472 3237 1513 consensu
3260 1459 3477 1516 factum
3501 1462 3631 1518 sine

1991 1542 2114 1614 lege
2146 1543 2346 1608 fuisse,
2384 1544 2615 1598 nemine
2650 1546 3002 1600 reclamante
3028 1551 3130 1601 aut
3153 1547 3449 1605 referente.

2058 1660 2141 1713 Ad
2176 1659 2330 1714 hunc
2360 1659 2552 1713 locum
2589 1676 2854 1714 revocare
2878 1660 3048 1729 juvat
3077 1660 3133 1715 id
3180 1662 3332 1734 quod
3366 1665 3638 1737 superius

1989 1749 2286 1803 observavi
2320 1766 2387 1803 ex
2420 1751 2600 1804 missa
2630 1750 3042 1818 Ambrosiana,
3094 1748 3152 1805 in
3205 1767 3323 1823 qua
3361 1776 3390 1803 «
3424 1753 3639 1811 oblatio

1992 1837 2161 1909 panis
2190 1839 2373 1910 azymi
2406 1854 2541 1891 cum
2575 1842 2782 1908 patena
2841 1837 3106 1894 facienda
3152 1841 3571 1911 prmscribitur.
3607 1866 3637 1894 ››

1912 1937 1961 2002 Β
1994 1926 2281 1980 Pamelius
2314 1928 2527 1997 quippe
2559 1926 2679 1980 haec
2703 1926 2878 1981 verba
2910 1925 3050 1999 legit
3073 1928 3129 1982 in
3153 1928 3349 1985 codice
3380 1947 3489 1987 ms.
3518 1947 3635 2003 quo

1994 2032 2136 2070 Usus
2166 2022 2253 2069 est
2278 2017 2333 2069 in
2367 2016 2617 2069 editione
2644 2016 2811 2070 istius
2846 2016 3055 2082 Missze,
3091 2032 3215 2089 quae
3264 2019 3335 2073 ab
3366 2019 3632 2093 antiquis

1993 2105 2299 2159 Ambrosio
2329 2104 2644 2171 tribuitur;
2704 2121 2806 2158 nec
2864 2104 3031 2160 facile
3089 2107 3432 2164 crediderim
3466 2126 3633 2165 men-

1993 2194 2207 2248 tionem
2241 2194 2422 2265 azymi
2448 2212 2479 2246 a
2504 2192 2922 2248 recentioribus
2945 2195 3252 2265 adjectam,
3284 2197 3500 2268 quibus
3521 2196 3632 2253 du-

1991 2284 2196 2337 bitatio
2230 2284 2299 2336 de
2328 2284 2619 2337 offerendo
2650 2299 2848 2354 azymo
2896 2283 3057 2337 nulla
3102 2285 3355 2340 suboriri
3385 2292 3631 2359 poterat.

2067 2400 2313 2469 Insuper
2338 2403 2690 2469 argumenta
2720 2416 2844 2469 qua:
2876 2399 3121 2455 inferius
3153 2418 3255 2473 pro
3286 2402 3637 2461 stabiliendo

1995 2506 2331 2561 azymorum
2364 2488 2663 2542 communi
2700 2505 2806 2541 usu
2839 2492 2969 2543 ante
3001 2489 3260 2545 schisma
3286 2490 3638 2549 Photianum

1996 2579 2381 2643 adducentur,
2417 2577 2527 2631 huc
2558 2584 2880 2632 recurrunt.
2909 2577 3016 2640 Qui
3041 2578 3195 2633 enim
3221 2596 3489 2652 azymum
3515 2600 3642 2655 pro-

1995 2667 2137 2722 bant
2168 2672 2434 2721 auctores
2468 2666 2571 2732 illi,
2608 2667 2662 2720 id
2697 2670 2831 2720 ante
2875 2684 3111 2722 omnem
3144 2670 3485 2726 memoriam
3517 2671 3639 2728 usi-

1995 2760 2181 2810 tatum
2216 2756 2550 2810 ostendunt.

2606 2896 2838 2952 CAPUT
2878 2897 3025 2953 VIII.

1994 3009 2128 3063 Alia"
2159 3006 2503 3080 probationes
2525 3020 2592 3058 ex
2612 3006 2791 3073 forma
2816 3012 2865 3080 et
2883 3004 3285 3059 conditionibus
3314 3004 3637 3080 hostiarum,

2070 3076 2167 3131 ubi
2189 3079 2535 3146 explicantur
2565 3093 2794 3129 canones
2816 3076 2941 3139 duo,
2973 3093 3119 3131 unus
3147 3080 3369 3133 concilii
3416 3076 3643 3137 seem/di

2069 3150 2409 3211 Turonensis,
2443 3149 2583 3203 alter
2618 3150 2867 3203 Toletani
2886 3164 3002 3203 xvr.

2067 3274 2305 3330 Oblatas
2330 3290 2429 3327 seu
2446 3272 2668 3328 hostias
2683 3273 2942 3327 minutas
2964 3290 3028 3327 ac
3045 3276 3246 3329 tenues
3260 3274 3468 3331 saeculo
3488 3282 3640 3333 nono

2000 3364 2197 3428 fuisse,
2231 3362 2435 3433 quales
2468 3363 2584 3417 fere
2616 3362 2787 3416 modo
2820 3361 3188 3429 adhibemus,
3211 3362 3347 3418 hinc
3375 3369 3553 3435 patet,
3582 3370 3641 3422 et

1996 3454 2149 3524 quod
2184 3450 2380 3505 rotula:
2413 3448 2785 3521 appellantur
2812 3451 2967 3521 apud
3021 3451 3247 3505 Isonem
3281 3452 3636 3510 monachum

1996 3539 2574 3603 Sancti-Gallensem,
2610 3542 2667 3593 et
2695 3538 2845 3610 quod
2880 3537 3035 3592 intra
3082 3539 3298 3594 ferrum
3339 3539 3637 3597 characte-

1997 3634 2189 3684 ratum
2224 3628 2699 3683 conﬁciebantur.
2753 3626 3009 3681 Modicas
3055 3642 3188 3682 vero
3239 3632 3414 3700 atque
3461 3629 3639 3687 exiles

1995 3719 2163 3790 longe
2196 3722 2327 3772 ante
2358 3716 2513 3770 istud
2546 3720 2781 3786 tempus
2815 3714 2992 3770 fuisse
3026 3716 3234 3788 colligo
3264 3722 3391 3773 tum
3413 3735 3482 3774 ex
3503 3736 3638 3775 con-

1996 3808 2127 3862 cilio
2159 3806 2435 3862 Toletano
2466 3822 2579 3868 xvi,
2612 3808 2739 3859 tum
2798 3821 2865 3859 ex
2925 3805 3127 3877 ﬁguris
3158 3806 3478 3871 nonnullis,
3512 3825 3638 3880 quae

1996 3899 2053 3951 in
2078 3895 2334 3966 antiquis
2353 3892 2809 3948 numismatibus
2832 3892 3116 3949 hactenus
3133 3900 3468 3966 supersunt.
3493 3897 3637 3951 Tres

1995 3986 2164 4039 nobis
2195 3984 2425 4038 exhibet
2447 3982 2727 4036 Claudius
2752 3981 3108 4048 Boterovius,
3135 3983 3205 4037 de
3228 3983 3527 4054 republica
3548 3984 3639 4040 Iit-

1994 4075 2210 4128 teraria
2242 4075 2386 4127 bene
2417 4072 2683 4136 meritus,
2740 4071 2799 4124 in
2858 4071 3207 4126 collectaneo
3238 4076 3498 4128 veterum
3528 4091 3639 4130 nu-

1993 4164 2335 4217 mismatum
2350 4160 3270 4225 Francorum,omnesChariberti
3287 4163 3641 4220 Francorum

1993 4254 2167 4325 regis,
2208 4251 2305 4323 qui
2339 4265 2582 4321 regnare
2630 4250 2805 4320 cmpit
2852 4266 3004 4303 anno
3052 4252 3153 4305 561
3209 4252 3266 4306 in
3308 4268 3494 4308 annos
3521 4269 3638 4309 sex.

1993 4343 2190 4397 Prima
2220 4341 2405 4411 ﬁgura
2438 4342 2627 4393 exstat
2657 4337 2716 4392 in
2747 4355 2878 4409 pag.
2908 4340 3033 4405 247,
3079 4340 3176 4394 ubi
3207 4340 3470 4413 pingitur
3496 4342 3643 4399 calix

1994 4437 2235 4487 ansatus
2268 4430 2323 4482 in
2356 4427 2570 4481 lunulze
2606 4444 2823 4482 cornua
2845 4426 2960 4481 duo
2982 4428 3272 4495 eminens,
3295 4429 3354 4483 in
3387 4446 3638 4501 quorum

1994 4522 2185 4576 medio
2218 4524 2457 4590 apparet
2488 4516 2730 4587 exiguus
2762 4514 3020 4570 circulus
3041 4517 3113 4571 ad
3137 4516 3388 4572 hostiam
3423 4519 3510 4590 (ut
3536 4518 3640 4575 Bo—

1992 4610 2209 4665 terovio
2238 4608 2426 4662 visum
2459 4606 2567 4675 est)
2595 4605 3041 4676 designandam,
3065 4605 3293 4676 adjecta
3318 4622 3424 4678 per
3452 4608 3639 4663 circu-

1913 4677 1959 4741 D
1991 4699 2114 4755 lum
2139 4698 2246 4752 hac
2271 4695 2668 4766 inscriptione,
2694 4694 3037 4759 Gavalctano,
3059 4694 3156 4765 qui
3182 4677 3346 4750 locus
3369 4700 3458 4751 est
3481 4712 3635 4752 cusa

1994 4792 2237 4843 monetae
2268 4804 2280 4853 ;
2315 4802 2382 4841 ex
2416 4784 2529 4840 alia
2567 4799 2700 4839 vero
2744 4786 2906 4855 parte
2945 4783 3167 4854 efﬁgies
3200 4783 3356 4855 regis
3386 4784 3513 4839 sine
3540 4784 3637 4839 in-

1993 4878 2329 4949 scriptione.

2065 4984 2365 5038 Habentur
2395 4979 2520 5033 alia:
2556 4979 2680 5033 duce
2714 4978 2773 5033 in
2805 4994 2936 5050 pag.
2986 4980 3112 5047 252,
3164 4996 3419 5052 quarum
3451 4980 3641 5053 prima

1993 5072 2278 5143 superiori
2310 5070 2549 5124 omnino
2594 5067 2803 5123 similis
2848 5072 2975 5135 est;
3027 5068 3209 5124 altera
3238 5073 3357 5125 tres
3391 5069 3641 5128 circulos

1993 5180 2141 5234 quos
2176 5160 2511 5215 Boterovius
2542 5159 2745 5213 itidem
2793 5157 3021 5213 hostias
3069 5175 3199 5214 esse
3245 5163 3433 5231 putat,
3472 5160 3642 5217 nobis

1992 5252 2221 5307 exhibet
2253 5266 2387 5305 cum
2419 5249 2624 5302 eadem
2670 5246 3073 5318 inscriptione,
3122 5249 3439 5320 eademque
3486 5247 3636 5321 regis

1991 5340 2203 5412 efﬁgie,
2237 5344 2295 5392 at
2326 5338 2452 5393 sine
2484 5336 2744 5392 nominis
2774 5338 3179 5409 designatione
3199 5354 3419 5393 omnes.

2062 5455 2135 5509 Ut
2168 5460 2363 5509 autem
2396 5452 2737 5508 Boterovius
2763 5468 2862 5507 eas
2885 5452 3220 5508 Chariberto
3243 5450 3359 5523 regi
3391 5451 3630 5520 tribuat,

1988 5543 2219 5597 duobus
2236 5545 2504 5595 movetur
2520 5539 3166 5612 argumentis.Primum
3190 5544 3275 5594 est
3296 5538 3446 5610 quod
3464 5539 3635 5612 plura

1988 5632 2103 5688 alia
2134 5631 2503 5686 numismata
2533 5630 2604 5685 ab
2638 5632 2765 5702 ipso
2798 5630 3049 5684 exhibita
3069 5645 3135 5683 ex
3152 5645 3272 5683 una
3292 5634 3459 5700 parte
3488 5646 3631 5702 prte-

1989 5721 2184 5781 ferunt
2212 5717 2457 5779 calicem
2491 5722 2765 5779 ansatum
2795 5733 2928 5779 cum
2967 5733 3134 5777 cruce
3178 5718 3552 5797 superposita
3576 5722 3633 5784 et
