3864 6376
277 321 427 389 1251
1313 319 1703 382 APPENDIX
1749 320 1854 382 AD
1898 318 2155 382 OPERA
2198 319 2633 385 HUMBERTI.
3501 317 3662 384 i259

278 453 816 529 designationeloci
851 454 946 509 ubi
981 471 1118 509 cusa
1147 457 1234 508 est
1263 457 1512 518 moneta,
1544 452 1908 508 Bannz’acz’aco
1939 457 1988 524 Α
2021 451 2382 509 Eucharistia
2424 452 2482 506 in
2525 451 2804 509 calicibus
2850 451 3166 526 aliquando
3211 453 3290 510 sit
3333 455 3660 510 asservata.

277 545 524 612 scilicet,
557 543 654 616 qui
689 542 849 598 locus
878 541 1078 596 itidem
1101 541 1157 595 in
1179 541 1366 595 tribus
1388 539 1517 595 aliis
1539 541 1663 608 jam
1697 554 1909 594 memo-
2018 539 2162 595 Nam
2195 544 2296 596 aut
2325 539 2382 595 in
2413 539 2716 608 turricula,
2748 546 2851 597 aut
2877 541 2938 598 in
2959 541 3235 598 columba
3256 545 3538 614 argentea
3568 554 3662 598 re-

280 633 442 699 ratis,
475 633 668 686 tribus
697 631 976 684 duntaxat
1003 629 1292 699 prioribus
1313 627 1522 681 litteris
1547 626 1906 697 exprimitur,
2017 623 2152 698 poni
2183 627 2424 684 solebat.
2488 627 2760 702 Legimus
2809 629 3046 702 quidem
3101 630 3256 703 apud
3309 629 3664 704 Gregorium

279 737 400 776 una
429 737 565 775 cum
595 718 767 774 verbo
801 716 1164 781 Gavaletano;
1192 732 1259 770 ex
1281 713 1394 768 alia
1414 729 1546 768 vero
1572 717 1732 784 parte
1754 712 1907 784 regis
2017 717 2413 772 Turonensem
2445 715 2781 788 episcopum
2827 717 2885 773 in
2928 717 3030 773 lib.
3063 736 3080 773 ι
3111 717 3183 774 de
3211 717 3405 774 Gloria
3436 722 3664 790 marty-

278 807 535 879 efﬁgiem
566 807 934 877 reprmsentat
962 819 1092 857 cum
1123 802 1231 856 hac
1261 801 1671 872 inscriptione:
1709 799 1905 855 Chari-
2014 820 2170 871 rum,
2199 821 2326 876 cap.
2366 805 2453 869 47,
2516 805 2754 860 calicem
2813 804 3216 878 crystallinum
3277 805 3378 878 qui
3436 806 3666 862 fractus

279 897 464 951 bertus
496 911 614 950 rex.
646 892 900 946 Alterum
931 894 1340 960 argumentum
1385 893 1490 955 est,
1522 889 1676 960 quod
1707 887 1905 942 Chari—
2014 891 2220 960 fuerat,
2241 891 2468 948 diaconi
2487 892 2746 949 oratione
2766 897 3180 964 restauratum,
3197 893 3372 965 jussu
3394 887 3661 966 episcopi

276 984 440 1039 berto
473 984 744 1052 regnante
774 983 945 1048 atque
975 983 1211 1032 curante
1232 975 1586 1032 celebratum
1609 980 1698 1030 est
1718 975 1908 1030 conci-
2011 993 2327 1050 suspensum
2343 997 2506 1052 super
2524 980 2701 1035 altare
2719 981 2921 1049 fuisse,
2941 982 3184 1053 ejusque
3203 981 3284 1036 rei
3305 979 3660 1037 memoriam

276 1070 418 1126 lium
453 1067 772 1125 secundum
827 1067 1162 1120 Turonense
1194 1082 1343 1120 anno
1373 1065 1498 1132 566,
1532 1080 1646 1135 quo
1679 1063 1735 1117 in
1768 1079 1904 1118 con-
2012 1083 2205 1122 annua
2251 1067 2558 1123 festivitate
2601 1068 2916 1139 quotannis
2963 1067 3333 1125 celebratam.
3382 1073 3474 1124 An
3517 1084 3660 1125 vero

275 1157 408 1213 cilio
441 1157 658 1221 Patres,
691 1169 913 1208 canone
933 1155 984 1219 3,
1009 1157 1262 1207 statuere
1289 1176 1315 1202 «
1346 1157 1410 1206 ut
1440 1169 1647 1223 corpus
1675 1151 1903 1206 Domini
2011 1155 2376 1211 Eucharistia
2404 1155 2463 1210 in
2493 1171 2560 1212 eo
2601 1161 3017 1225 asservaretur,
3047 1174 3164 1214 non
3195 1157 3398 1229 liquet.
3429 1156 3662 1214 Clarior

272 1245 332 1300 in
363 1243 531 1300 altari
563 1259 674 1297 non
706 1241 764 1296 in
805 1239 1147 1314 imaginario
1188 1239 1409 1306 ordine,
1443 1241 1542 1294 sed
1575 1239 1684 1294 sub
1715 1237 1904 1294 crucis
2009 1247 2097 1299 est
2125 1243 2288 1300 locus
2307 1242 2368 1298 in
2391 1243 2580 1299 Gestis
2602 1243 2858 1316 Gregorii
2879 1261 3040 1316 papa;
3062 1245 3336 1317 tertiiqui
3360 1243 3659 1302 «calicem

270 1332 438 1387 titulo
487 1331 884 1401 componatur.
921 1352 948 1378 ››
1001 1331 1122 1393 Quo
1171 1345 1240 1382 ex
1285 1327 1410 1382 loco
1448 1328 1535 1382 vir
1563 1326 1902 1397 antiquaria:
2011 1347 2194 1386 unum
2232 1335 2570 1404 argenteum
2600 1331 2700 1402 qui
2722 1333 2951 1404 pendet,
2986 1355 3014 1382 »
3045 1333 3238 1405 inquit
3267 1336 3486 1401 auctor,
3525 1353 3556 1383 «
3587 1331 3656 1386 in

271 1419 353 1476 rei
384 1418 854 1474 studiosissimus
899 1415 1117 1486 colligit
1161 1416 1494 1470 Chariberto
1525 1415 1810 1486 placuisse
1840 1417 1904 1468 ut
2009 1419 2210 1489 apside
2241 1418 2498 1488 oratorii,
2521 1441 2550 1469 ››
2583 1419 2812 1476 dedisse
2834 1420 3196 1492 perhibetur,
3219 1437 3336 1476 non
3357 1420 3565 1488 alium,
3589 1421 3665 1475 ut

267 1507 330 1563 in
362 1507 707 1562 memoriam
743 1506 921 1576 hujus
954 1505 1152 1560 statuti
1187 1521 1248 1559 se
1287 1507 1631 1576 procurante
1661 1501 1899 1568 conditi,
2008 1505 2257 1573 videtur,
2289 1507 2361 1562 ad
2393 1523 2590 1574 usum,
2623 1523 2798 1578 quam
2829 1508 2900 1564 ad
2933 1507 3392 1565 sacratissimam
3421 1507 3656 1564 Eucha-

273 1601 518 1652 monetze
545 1595 714 1667 regiae
743 1594 918 1649 calice
939 1599 1138 1648 ansato
1162 1609 1294 1647 cum
1319 1593 1524 1646 hostiis
1549 1591 1902 1661 insigniren-
2010 1593 2235 1649 ristiam
2267 1594 2742 1651 consecrandam.

270 1688 386 1751 tur,
421 1701 486 1738 eo
517 1683 737 1740 scilicet
760 1683 929 1737 modo
956 1699 1068 1753 quo
1099 1680 1520 1735 Eucharistiam
1544 1680 1601 1733 in
1625 1678 1903 1733 calicibus

271 1772 490 1827 ansatis
523 1772 594 1826 ab
626 1787 689 1825 eo
714 1776 968 1840 tempore
989 1772 1341 1824 asservatam
1366 1769 1543 1822 fuisse
1569 1766 1892 1822 Boterovius

2186 1781 2508 1852 Explicatur
2535 1797 2706 1836 canon
2731 1781 2766 1836 3
2794 1783 3014 1836 concilii
3044 1799 3084 1838 II
3119 1785 3464 1840 Turonensis.

270 1861 511 1932 probare
540 1859 808 1913 intendit.
846 1859 978 1921 Quae
1001 1859 1196 1911 omnia
1221 1857 1266 1910 si
1285 1863 1438 1910 certa
1457 1857 1594 1924 sint,
1622 1856 1752 1910 inde
1775 1872 1829 1926 p1
1847 1872 1902 1909 o-
1933 1825 1980 1888 Β

267 1931 456 2002 babile
505 1947 788 2000 habemus
846 1950 1258 2016 argumentum
1323 1944 1546 1998 oblatas
1607 1941 1817 1997 saeculo
1846 1959 1900 1996 v1
2081 1932 2148 1986 Et
2177 1932 2647 2004 quandoquidem
2697 1931 2810 1986 huc
2853 1933 3083 1988 devenit
3129 1935 3331 2002 oratio,
3375 1936 3659 2007 quaedam

267 2039 470 2090 tenues
502 2051 566 2088 ac
596 2033 876 2097 modicas,
909 2031 1110 2103 quales
1143 2034 1258 2086 fere
1295 2033 1462 2086 modo
1497 2031 1801 2096 habemus,
1835 2047 1900 2086 ac
2008 2019 2312 2075 observare
2339 2021 2506 2090 juvat
2535 2020 2606 2074 ad
2645 2019 3182 2090 interpretationem
3215 2022 3456 2080 canonis
3485 2023 3659 2079 tertii

267 2121 505 2193 proinde
537 2121 972 2177 infer-mammas
1002 2121 1198 2174 fuisse,
2007 2107 2234 2162 concilii
2264 2107 2640 2173 Turonensis,
2686 2124 2800 2178 quo
2848 2107 3200 2180 przccipitur,
3255 2131 3284 2160 ι(
3335 2115 3400 2165 ut
3429 2127 3661 2183 corpus

2006 2195 2236 2250 Domini
2265 2195 2324 2250 in
2355 2195 2542 2262 altari,
2588 2210 2702 2250 non
2749 2195 3093 2266 imaginario
3141 2197 3364 2266 ordine,
3396 2199 3499 2254 sed
3529 2201 3661 2256 sub

2005 2285 2192 2338 crucis
2223 2282 2390 2338 titulo
2437 2287 2836 2354 componatur.
2888 2305 2916 2332 ››
2964 2283 3159 2340 Canon
3217 2285 3326 2341 iste
3379 2286 3661 2343 eruditos

2004 2370 2156 2426 viros
2169 2371 2522 2442 jamdudum
2543 2375 2776 2442 torquet
2791 2375 3095 2442 versatque
3113 2371 3170 2426 in
3193 2371 3382 2428 varias
3410 2378 3656 2445 partes;

2003 2459 2072 2514 de
2093 2475 2206 2529 quo
2220 2462 2286 2513 ut
2303 2456 2571 2513 nonnihil
2589 2457 2802 2524 dicam,
2820 2459 3139 2512 notandum
3159 2459 3323 2514 estin
3341 2459 3663 2518 nonnullis

2002 2547 2301 2602 codicibus
2359 2546 2564 2602 abesse
2611 2546 3049 2617 praepositiones
3082 2569 3108 2596 «
3151 2545 3211 2600 in
3248 2569 3275 2596 ››
3306 2551 3364 2602 et
3393 2570 3422 2598 ‹‹
3445 2549 3584 2604 sub.
3625 2571 3660 2600 »

1999 2633 2639 2705 Deindeimaginarium
2655 2633 2919 2688 ordinem
2933 2649 3067 2688 eum
3092 2649 3220 2689 esse
3241 2635 3340 2706 qui
3367 2635 3659 2708 imagini-

2001 2723 2110 2778 bus
2123 2721 2305 2778 sacris
2319 2720 2490 2794 vulgo
2501 2721 3012 2784 tribuebatur.Quo
3023 2720 3082 2776 in
3101 2737 3278 2778 sensu
3300 2745 3327 2772 «
3351 2722 3660 2796 imagina-

1999 2809 2085 2866 ria
2114 2810 2340 2882 pictura
2373 2831 2400 2858 »
2431 2807 2644 2864 dicitur
2668 2809 2820 2880 apud
2851 2809 3230 2865 Anastasium
3264 2809 3328 2869 in
3371 2811 3658 2870 versione

2002 2898 2242 2953 secundi
2273 2895 2499 2952 concilii
2530 2896 2763 2951 Niczeni.

334 2228 570 2292 Verum,
604 2232 667 2282 ut
697 2227 804 2281 hac
835 2227 904 2282 de
931 2243 990 2280 re
1020 2227 1206 2281 dicam
1253 2225 1407 2296 quod
1436 2225 1642 2284 sentio,
1676 2228 1896 2278 certum
1936 2271 1948 2281 .

268 2314 407 2370 mihi
431 2315 656 2370 videtur
677 2316 864 2386 primo
887 2315 1117 2386 quidem
1145 2314 1350 2368 calices
1373 2313 1696 2383 antiquitus
1717 2311 1896 2366 fuisse

267 2408 523 2466 ansalos,
555 2407 619 2456 ut
659 2401 858 2457 multis
886 2389 1091 2473 probat
1121 2401 1476 2470 Boterovius,
1497 2405 1622 2454 tum
1655 2417 1722 2455 ex
1751 2403 1895 2455 Ana-

267 2491 444 2545 stasio
477 2491 710 2563 vulgato
754 2491 810 2544 in
862 2489 1051 2544 Gestis
1104 2489 1443 2560 pontiﬁcum
1477 2489 1890 2554 Romanorum,

267 2584 392 2632 tum
425 2595 492 2633 ex
523 2578 670 2633 aliis.
721 2579 826 2640 Qui
886 2594 1013 2632 mos
1067 2578 1198 2632 inde
1245 2578 1432 2631 forsan
1469 2575 1895 2648 promanaverit

268 2668 418 2738 quod
454 2667 616 2733 calix,
651 2683 764 2738 quo
797 2665 1062 2720 Christus
1097 2665 1374 2719 Dominus
1404 2663 1460 2718 in
1496 2663 1701 2718 ultima
1731 2679 1895 2718 ccnna

266 2772 410 2810 usus
437 2760 544 2823 est,
577 2759 800 2810 ansatus
833 2755 1010 2809 fuisse
1052 2753 1387 2825 perhibetur
1415 2753 1566 2823 apud
1603 2753 1892 2806 Adamna-

264 2859 406 2898 num
435 2842 725 2898 Hiiensem
761 2841 1108 2897 monachum
1140 2841 1197 2894 in
1221 2840 1322 2895 lib.
1355 2847 1469 2895 IDe
1492 2841 1630 2896 locis
1653 2841 1888 2908 sanctis,

264 2945 390 3002 cap.
422 2933 476 2986 8.
509 2930 719 2986 Locum
752 2930 864 2986 huc
895 2929 1181 2985 ascribam
1213 2929 1271 2984 in
1324 2928 1571 3000 gratiam
1598 2929 1893 2984 studioso-

263 3001 434 3073 rum:
469 3038 496 3068 α
530 3016 862 3074 Interillam
885 3033 1114 3088 quoque
1138 3015 1556 3088 Golgothanam
1591 3015 1890 3071 basilicam
2069 3004 2198 3059 Jam
2232 3003 2286 3056 in
2319 3003 2427 3058 hoc
2452 3018 2668 3057 canone
2700 3001 3042 3075 explicando
3075 3003 3316 3060 diversae
3346 3008 3484 3060 sunt
3508 3023 3659 3063 sen-

269 3111 326 3162 et
353 3107 718 3178 martyrium,
767 3107 1030 3176 quzedam
1081 3106 1232 3160 inest
1274 3106 1500 3172 exedra,
1549 3105 1607 3159 in
1657 3121 1771 3175 qua
1806 3107 1894 3158 est
2000 3092 2196 3147 tentia;
2225 3095 2361 3146 tres.
2396 3091 2586 3146 Prima
2615 3090 2868 3146 Severini
2901 3090 3048 3146 Binii
3097 3091 3346 3148 dicentis
3390 3093 3503 3148 hoc
3533 3095 3657 3150 de-

267 3193 414 3248 calix
446 3194 691 3260 Domini,
725 3210 896 3264 quem
923 3210 954 3246 a
985 3209 1045 3247 se
1069 3193 1436 3248 benedictum
1460 3191 1692 3264 propria
1713 3207 1886 3245 manu

2071 3185 2155 3236 elo
2187 3177 2478 3251 prohiberi
2528 3201 2556 3228 ‹‹
2590 3195 2661 3234 ne
2707 3195 2922 3250 corpus
2970 3179 3200 3234 Domini
3247 3179 3400 3236 inter
3439 3197 3656 3239 sacras

261 3281 323 3338 in
355 3299 515 3336 cmna
761 3297 936 3352 quam
985 3287 1296 3352 pateretur,
1335 3283 1458 3352 ipse
1489 3280 1723 3335 conviva
1754 3295 1888 3348 apo-
1997 3267 2282 3340 imagines
2314 3283 2489 3338 smper
2511 3266 2676 3322 altari
2701 3266 2834 3338 ροηὶ
2859 3267 3080 3332 εοΙὶῒεὶε,
3105 3267 3207 3324 εθᾶ
3233 3267 3428 3340 ροιίυε
3459 3268 3656 3327 00110-

263 3369 426 3425 stolis
479 3369 720 3424 tradidit
749 3369 1206 3435 convivantibus,
1251 3368 1346 3441 qui
1406 3373 1712 3439 argenteus
1743 3366 1892 3420 calix
1998 3363 2159 3413 cetur
2179 3355 2432 3427 subipsa
2448 3371 2636 3424 cruce,
2658 3372 2782 3426 quae
2802 3355 2860 3410 in
2884 3355 3416 3429 meditullioipsius
3437 3357 3658 3418 altaris

261 3457 492 3514 sextarii
515 3457 719 3513 Gallici
744 3474 1077 3512 mensuram
1102 3457 1342 3523 habens,
1368 3457 1630 3526 duasque
1652 3454 1890 3511 ungulas
1997 3445 2133 3518 poni
2155 3443 2470 3500 consuevit.
2498 3465 2526 3494 »
2551 3443 2746 3499 Altera
2769 3448 2858 3499 est
2873 3443 3075 3498 Jacobi
3099 3443 3401 3500 Sirmundi
3423 3445 3485 3501 in
3507 3462 3656 3520 cap.

260 3546 316 3600 in
340 3563 402 3602 se
423 3563 492 3601 ex
512 3551 757 3617 utraque
781 3550 940 3616 parte
962 3545 1307 3601 altrinsecus
1333 3545 1634 3600 continens
1656 3560 1887 3614 compo-
1997 3535 2030 3587 4
2060 3531 2502 3604 Πίείίυίείῐίοηίε
2525 3533 2594 3586 de
2617 3548 2836 3602 azymO,
2861 3531 3154 3588 censentis
3178 3531 3325 3588 nihil
3347 3532 3511 3588 αῘίιΙά
3534 3533 3661 3592 hoc

260 3633 424 3688 sitas.
457 3655 485 3684 ››
519 3633 647 3687 Haec
671 3633 1047 3688 Adamnanus
1078 3637 1210 3688 ante
1251 3649 1434 3688 annos
1468 3633 1582 3687 fere
1613 3631 1770 3686 mille
1802 3647 1890 3685 re-
1997 3637 2215 3676 canone
2246 3636 2418 3692 quam
2458 3643 2477 3669 «ι
2516 3624 2579 3674 ut
2609 3619 2775 3690 panis
2805 3620 2865 3675 in
2918 3637 3128 3693 corpus
3159 3621 3390 3676 Domini
3439 3638 3661 3680 conse-

257 3719 392 3778 tulit
421 3737 488 3776 ex
521 3720 846 3776 narratione
893 3720 1106 3776 Arculﬁ
1165 3720 1445 3776 Gallicani
1475 3720 1754 3791 episcopi,
1787 3719 1888 3791 qui
1998 3709 2269 3776 orandus.
2323 3725 2438 3763 Ποη
2493 3706 2659 3762 aliter
2705 3724 2808 3779 PFO
2852 3708 3138 3778 cujusque
3186 3707 3425 3764 arbitrio
3455 3725 3658 3781 quam

257 3809 495 3866 calicem
525 3810 701 3865 istum
735 3813 1126 3882 conspexerat.
1997 3797 2285 3868 impressa
2313 3810 2482 3850 cruce
2531 3795 2828 3851 formetur.
2864 3817 2892 3845 ››
2923 3795 3116 3850 Tertia
3147 3800 3235 3852 est
3261 3795 3370 3851 viri
3413 3797 3660 3856 doctis-

1999 3883 2153 3950 simi,
2187 3882 2284 3954 qui
2317 3881 2611 3938 existimat
2665 3881 2820 3936 hunc
2872 3896 3152 3936 canonem
3185 3880 3658 3956 intelligendum

1997 3987 2125 4027 esse
2155 3971 2225 4026 de
2256 3969 2656 4042 componenda
2683 3969 2970 4024 oblatione
3002 3985 3132 4024 cum
3165 3969 3342 4026 calice
3373 3975 3658 4044 tempore

1999 4057 2268 4116 sacriﬁcii
2299 4073 2328 4113 e
2360 4056 2592 4130 regione
2629 4057 2817 4112 crucis
2870 4057 2928 4112 in
2988 4058 3180 4113 medio
3211 4057 3378 4114 altari
3409 4059 3660 4132 positae,

1999 4164 2113 4202 non
2144 4163 2276 4202 vero
2307 4145 2379 4200 ad
2412 4147 2708 4201 dexteram
2741 4149 2842 4201 aut
2883 4145 2955 4200 ad
3003 4145 3306 4201 sinistram
3339 4162 3370 4202 e
3399 4148 3660 4220 regione

1997 4235 2344 4307 imaginum.

2071 4340 2182 4396 Sed
2207 4343 2269 4394 ut
2297 4339 2547 4410 ingenue
2577 4340 2830 4394 mentem
2864 4355 3052 4394 meam
3095 4339 3376 4412 aperiam,
3407 4340 3664 4400 videtur

2000 4446 2181 4484 canon
2217 4427 2311 4483 ille
2370 4444 2557 4499 neque
2615 4426 2688 4482 de
2744 4426 3163 4499 compositione
3215 4427 3385 4500 panis
3426 4431 3664 4488 eucha-

2002 4514 2206 4582 ristici,
2256 4529 2442 4586 neque
2491 4515 2560 4568 de
2607 4513 2806 4569 ordine
2850 4531 3024 4585 quem
3070 4518 3328 4586 tempore
3367 4518 3666 4576 sacriﬁcii

2002 4603 2214 4660 oblatio
2231 4607 2425 4657 tenere
2442 4601 2630 4669 debet,
2645 4600 2917 4674 explicari
2933 4618 3120 4674 posse.
3140 4603 3447 4674 Nusquam
3461 4606 3666 4679 enim,

2003 4693 2052 4749 si
2083 4709 2194 4747 non
2229 4690 2413 4757 fallor,
2446 4689 2822 4745 Eucharistize
2855 4707 3060 4746 nomen
3085 4691 3238 4762 apud
3261 4696 3508 4762 veteres,
3536 4695 3671 4754 nisi

2005 4797 2107 4853 pro
2127 4779 2319 4835 hostia
2335 4783 2670 4834 consecrata
2681 4782 3016 4849 usurpatur.
3031 4779 3439 4851 Etantiquitus
3451 4782 3674 4841 oblata

2005 4866 2270 4924 sacriﬁcii
2302 4871 2582 4938 tempore,
2604 4882 2718 4921 non
2749 4866 2950 4921 ordine
2973 4871 3126 4922 recto
3147 4883 3177 4922 e
3195 4868 3432 4939 regione
3454 4873 3672 4929 crucis

2007 4954 2273 5026 componi
2305 4953 2546 5022 solebat,
2581 4953 2682 5009 sed
2727 4954 2794 5008 ad
2828 4953 3125 5009 sinistram
3166 4961 3392 5026 partem
3423 4958 3674 5032 calicis,

2007 5060 2110 5098 seu
2143 5041 2335 5114 potius
2366 5040 2514 5096 calix
2545 5063 2573 5092 ‹‹
2605 5041 2677 5096 ad
2709 5041 3007 5096 dexterum
3038 5041 3194 5098 latus
3225 5041 3454 5115 oblatas,
3478 5049 3675 5118 quasi

2007 5129 2352 5202 sanguinem
2373 5128 2605 5184 Domini
2628 5135 3032 5201 suscepturus,
3054 5147 3231 5201 quam
3252 5131 3324 5187 de
3343 5131 3533 5192 latere
3560 5141 3678 5194 Do-

2009 5219 2220 5274 minico
2243 5217 2586 5290 proﬂuxisse
2608 5217 2957 5286 credimus,»
2981 5222 3046 5273 ut
3061 5235 3130 5274 ex
3149 5219 3364 5276 Ordine
3385 5221 3675 5284 Romano

563 5304 1900 5386 3“:3:::13”:fff‘ujj’:':‘1:‘:‘;‘:if‘i“LP"f“”
2009 5306 2209 5362 scribit
2239 5304 2606 5378 Micrologus,
2656 5309 2713 5361 et
2753 5322 2885 5362 cum
2929 5323 2994 5362 eo
3041 5307 3296 5364 Joannes
3335 5309 3676 5386 episc0pus

269 5361 607 5466 ξ’θῖηᾙθξλίίῗ
640 5361 924 5418 θΧδίδθθδ⁸
957 5363 1152 5466 N93“
1199 5361 1357 5417 enim
1389 5363 1621 5434 animas
1650 5371 1739 5466 es}
1769 5366 1900 5466 Plu‘s
2007 5361 2872 5466 Abrincatensis.UQuapropter
2921 5361 3676 5466 prreferendam-‘e—x‘istirm-o

271 5448 542 5564 Pogdfm‘s
571 5451 706 5506 dare
750 5455 1106 5564 λῗξυωῗηυδ
1362 5462 1582 5564 “Emi
1601 5469 1663 5506 se
1693 5454 1898 5511 {erant
2010 5480 2356 5537 sententiam
2375 5447 2666 5554 primamr;
2692 5447 2888 5552 iniqua
2905 5447 3101 5539 tamen
3122 5484 3386 5558 scrupuli
3408 5447 3677 5562 quidam

343 5551 559 5610 Deinde
589 5555 884 5618 nonnullis
913 5555 1088 5614 etiam
1117 5555 1368 5616 dubium
1408 5551 1585 5612 videri
1615 5561 1800 5633 possit
1827 5579 1900 5622 an
2013 5567 2158 5628 mihi
2187 5551 2411 5631 restant
2439 5584 2584 5653 quos
2613 5567 2708 5627 hic
2737 5551 3026 5630 discutere
3053 5551 3324 5634 conabor.

326 3915 592 3973 Secundo
623 3919 844 3971 certum
893 3915 1038 3970 mihi
1078 3915 1304 3970 videtur
1333 3915 1688 3970 numismata
1719 3931 1752 3970 a
1783 3916 1888 3970 Bo-

256 4005 474 4061 terovio
503 4003 757 4059 exhibita
785 4020 912 4059 vere
950 4020 1076 4058 esse
1127 4002 1446 4058 Chariberti
1499 4003 1670 4075 regis,
1704 4020 1891 4074 quan-

258 4091 574 4163 doquidem
597 4090 714 4146 alia
733 4089 900 4162 plura
921 4092 1184 4162 ejusdem
1204 4090 1434 4164 generis
1455 4091 1640 4163 ipsius
1658 4093 1892 4149 nomine

261 4181 496 4252 signata
519 4179 809 4235 videntur.

331 4285 524 4342 Tertio
551 4301 714 4357 aeque
744 4285 1106 4358 exploratum
1139 4291 1298 4356 puto,
1330 4286 1390 4340 in
1420 4285 1539 4342 illis
1573 4287 1893 4342 numisma-

259 4374 417 4429 tibus
447 4391 644 4430 revera
671 4373 879 4430 calices
909 4379 1144 4430 ansatos
1189 4376 1610 4446 reprmsentari,
1644 4379 1893 4432 maxime

261 4462 398 4534 quia
427 4463 687 4534 plerique
718 4463 950 4534 signum
983 4464 1169 4518 crucis
1201 4465 1630 4534 superpositum
1655 4463 1888 4534 habent,

259 4555 318 4606 et
338 4568 490 4607 unus
514 4552 749 4624 quidem
777 4568 908 4606 cum
933 4558 1430 4624 monogrammate
1450 4552 1664 4607 Christi
1685 4554 1890 4624 adjuno
1921 4535 1969 4598 D

262 4645 375 4696 cto.

332 4729 545 4792 Quarto
578 4745 921 4799 persuasum
953 4729 1129 4782 etiam
1163 4727 1303 4782 mihi
1331 4733 1435 4793 est,
1471 4747 1750 4785 canonem
1782 4735 1894 4786 ter-

260 4815 408 4870 tium
441 4816 668 4870 concilii
698 4817 1052 4872 Turonensis
1074 4818 1142 4872 de
1164 4820 1512 4872 asscrvanda
1535 4819 1897 4876 Eucharistia

264 4903 760 4973 interpretandum
795 4921 940 4959 esse.

342 5010 416 5062 At
444 5024 577 5063 vero
608 5025 726 5063 non
755 5009 834 5063 ita
864 5016 1228 5081 perspectum
1253 5011 1436 5067 habeo
1459 5030 1529 5067 an
1555 5016 1780 5070 minimi
1814 5016 1896 5072 illi

268 5093 491 5161 circuli,
528 5095 626 5166 qui
674 5095 950 5151 calicibus
997 5099 1213 5152 ansatis
1253 5107 1747 5170 superponuntur,
1781 5103 1900 5158 sint

267 5199 414 5239 vero:
446 5182 668 5239 oblataa.
703 5184 825 5239 Non
861 5187 1012 5256 quod
1046 5187 1103 5240 id
1135 5187 1278 5242 mihi
1303 5188 1537 5242 omnino
1559 5191 1673 5244 veri
1707 5191 1898 5246 simile

269 5289 382 5328 non
414 5271 696 5342 videatur,
729 5274 828 5328 sed
853 5275 1002 5345 quod
1027 5275 1266 5329 artiﬁcis
1289 5275 1577 5344 imperitia
1595 5294 1708 5332 non
1731 5278 1900 5350 plane
