3978 6394
156 361 187 420 1
201 358 326 419 253

1146 352 1601 416 MABILLONII
1645 350 2122 426 DISQUISITIO
2164 350 2267 413 nn
2310 308 2606 415 AZYMo'.

3424 357 3448 413 Ι
3461 353 3579 416 254

239 488 382 546 Duae
414 489 555 544 sunt
575 481 953 542 difﬁcultates
987 502 1113 558 quae
1136 486 1293 542 hunc
1315 504 1598 544 canonem
1630 487 1820 559 primo
1851 496 1904 561 Α
1935 485 2137 541 minici
2167 485 2427 557 corporis
2474 485 2819 552 habebatur,
2857 506 2882 533 ››
2925 483 3133 541 tulisse
3179 484 3392 543 dicitur
3424 508 3451 535 «
3508 487 3582 543 ad

158 576 272 634 illo
312 577 488 633 modo
510 574 860 647 explicatum
889 572 1213 646 implicant.
1248 576 1585 648 Prima,quo
1616 576 1676 631 in
1698 576 1822 631 loco

162 667 507 738 prostarent
552 668 694 719 tunc
748 663 1031 734 temporis
1070 662 1357 736 imagines
1402 664 1463 720 in
1506 664 1821 731 Ecclesiis;

165 754 361 810 altera
390 769 508 826 quo
531 752 645 807 ritu
668 750 1035 807 Eueharistia
1073 773 1102 802 «
1148 753 1259 809 sub
1300 754 1490 809 crucis
1542 752 1709 808 titulo
1764 752 1825 806 in

166 842 343 899 altari
380 863 408 892 ››
439 845 908 913 componeretur.

244 932 337 987 Ad
389 930 665 1003 primam,
725 929 1074 984 crediderim
1122 930 1261 984 totis
1321 930 1521 986 decem
1559 930 1826 986 Ecclesiae

166 1019 410 1077 saculis
440 1018 731 1090 imagines
764 1034 960 1074 sacras
982 1018 1100 1073 aris
1132 1035 1247 1073 non
1282 1018 1461 1074 fuisse
1491 1019 1568 1074 im
1582 1020 1825 1091 positas.

166 1111 454 1166 Testatur
476 1112 585 1163 Leo
616 1123 766 1179 papa
799 1112 1043 1179 quartus
1075 1106 1134 1161 in
1164 1106 1408 1163 homilia
1438 1108 1692 1179 quadam
1735 1108 1829 1163 his

165 1197 399 1254 verbis:
435 1220 464 1247 «
486 1197 676 1268 Super
699 1196 880 1251 altare
902 1195 1046 1250 nihil
1071 1198 1342 1266 ponatur,
1365 1196 1480 1252 nisi
1531 1214 1715 1269 capsa:
1776 1203 1832 1252 et

167 1286 460 1358 reliquiae,
492 1289 592 1340 aut
624 1285 767 1340 forte
822 1288 1075 1356 quatuor
1123 1284 1456 1357 Evangelia,
1505 1290 1561 1341 et
1618 1285 1835 1341 buxida

167 1392 316 1432 cum
348 1390 591 1447 corpore
612 1373 844 1428 Domini
875 1374 947 1428 ad
964 1373 1239 1429 viaticum
1289 1374 1579 1442 inﬁrmis;
1628 1381 1834 1430 caetera

167 1463 240 1520 in
264 1464 448 1520 nitido
478 1463 605 1518 loco
634 1462 1077 1517 recondantur.»
1114 1463 1328 1518 Eadem
1387 1464 1563 1518 v'erba
1626 1464 1835 1536 repetit

169 1552 497 1609 Ratherius
508 1550 863 1607 Veronensis
880 1552 1190 1622 episcopus
1204 1551 1261 1605 in
1282 1552 1559 1623 synodica
1572 1554 1835 1608 oratione

170 1642 253 1698 ad
289 1641 660 1714 presbyteros
692 1656 849 1696 suos.
904 1639 1100 1695 Flores
1133 1644 1329 1695 tamen
1374 1642 1547 1696 etiam
1580 1664 1608 1691 «
1660 1658 1838 1714 super

170 1729 366 1788 altare
398 1753 427 1779 ››
479 1729 702 1803 positos
745 1728 954 1801 probat
1004 1728 1322 1785 Venantius
1371 1731 1723 1786 Fortunatus
1776 1732 1836 1785 in

169 1819 418 1891 lib.vm,
451 1818 709 1874 carmine
740 1820 792 1873 8.
822 1818 890 1872 Et
920 1833 1062 1873 crux
1112 1835 1291 1890 super
1346 1818 1526 1875 altare
1585 1821 1837 1892 pendere

171 1909 428 1975 solebat,
477 1912 624 1964 teste
682 1906 954 1979 Gregorio
1007 1907 1355 1975 Turonensi,
1408 1914 1613 1980 praeter
1671 1910 1836 1967 alios.

176 1998 308 2054 Etsi
339 2012 474 2052 veru
501 1996 962 2067 scrinia,quibus
988 2000 1323 2051 sanctorum
1351 1996 1606 2070 reliquiae
1662 1998 1843 2055 inelu-

180 2084 902 2157 duntur,imaginumloco
920 2084 1121 2140 haberi
1140 2083 1388 2156 possint,
1406 2092 1841 2143 constattamen

180 2174 471 2246 reliquias
501 2190 717 2241 sacras,
744 2190 808 2227 ac
840 2172 1081 2245 proinde
1110 2172 1449 2244 reliquiaria
1495 2175 1641 2247 ipsa,
1667 2193 1846 2250 super

181 2263 369 2321 altare
402 2262 593 2334 posita
621 2261 714 2316 vix
744 2262 924 2317 fuisse
967 2267 1100 2316 ante
1141 2260 1421 2317 sreculum
1462 2280 1706 2333 nonum,
1757 2266 1841 2320 uti

182 2348 335 2409 alias
350 2350 744 2407 demonstravi
776 2350 834 2404 in
868 2350 1206 2421 prmfatione
1233 2350 1431 2405 seaculi
1459 2354 1702 2408 secundi
1737 2359 1840 2410 Be~

186 2440 493 2497 nedictini.
526 2440 607 2494 Ex
667 2439 884 2511 quibus
940 2438 1291 2511 intelligitur
1345 2444 1608 2512 tempore
1657 2443 1843 2498 habiti

184 2528 423 2587 concilii
453 2527 1203 2601 Turonensisimaginesin
1236 2526 1518 2584 altaribus
1567 2547 1682 2586 non
1748 2531 1845 2588 ha-

186 2617 886 2689 buisselocum.Ubiergo
910 2618 938 2671 ?
968 2616 1185 2689 inquis.
1222 2621 1387 2673 Certe
1417 2618 1476 2672 in
1504 2618 1842 2688 batisteriis,

186 2709 253 2764 in
285 2706 728 2764 secretariisseu
751 2706 1038 2762 sacristiis
1070 2710 1240 2778 (quas
1289 2712 1609 2777 vocamus),
1630 2708 1687 2763 in
1714 2728 1848 2782 por-

188 2796 429 2865 ticibus,
462 2795 520 2850 in
549 2794 871 2867 parietibus
904 2798 960 2849 et
981 2794 1368 2866 :1aquearibus
1417 2796 1641 2868 templi.
1705 2798 1852 2853 Ima-

192 2886 364 2959 gines
390 2885 449 2939 in
482 2883 823 2955 baptisterio
855 2882 1163 2939 collocatas
1194 2900 1228 2938 a
1257 2884 1462 2939 Severo
1486 2885 1666 2941 fuisse
1683 2888 1851 2944 docet

195 2977 439 3031 sanctus
466 2971 745 3028 Paulinus
767 2972 1077 3044 episcopus
1111 2972 1169 3026 in
1190 2972 1440 3044 epistola
1467 2974 1533 3029 12
1553 2975 1625 3029 ad
1653 2976 1849 3047 ipsum

193 3063 435 3134 scripta.
468 3065 734 3116 Statuam
788 3060 1001 3115 Christi
1042 3061 1295 3131 Domini,
1347 3079 1474 3133 qua:
1525 3080 1558 3118 a
1608 3065 1850 3122 muliere

193 3151 504 3225 sanguinis
526 3149 806 3222 profluvio
837 3149 1081 3205 liberata
1100 3156 1291 3205 erecta
1320 3152 1528 3219 fuerat,
1556 3171 1591 3209 a
1619 3154 1849 3225 gentili-

194 3244 310 3298 bus
340 3238 902 3306 mutilatamﬁdeles
936 3240 993 3293 in
1033 3240 1400 3296 diaconicum
1448 3257 1551 3297 seu
1602 3248 1848 3300 secreta-

194 3330 353 3386 rium
383 3327 637 3384 basilicae
673 3327 1019 3394 intulerunt,
1079 3334 1507 3400 competentem
1547 3332 1599 3386 ei
1649 3350 1849 3390 curam

192 3423 371 3490 atque
387 3417 819 3473 observantiam
844 3417 1624 3492 deferentes.Philos‘orgius
1648 3427 1850 3479 auctor

189 3509 254 3564 in
279 3506 546 3563 Historiae
576 3505 677 3561 lib.
704 3524 803 3573 vn,
827 3506 897 3562 de
919 3506 1189 3561 leonibus
1221 3507 1402 3562 sacris
1436 3508 1493 3563 in
1520 3510 1839 3580 porticibus

190 3596 707 3669 etinlaquearibus
722 3596 968 3667 depictis
987 3602 1086 3650 aut
1106 3597 1293 3651 aflixis
1320 3614 1332 3664 ;
1362 3597 1530 3653 testis
1566 3604 1653 3654 est
1685 3601 1840 3657 idem

191 3684 480 3743 Paulinus
511 3684 571 3740 in
604 3685 961 3757 praelaudata
986 3684 1268 3756 epistola;
1302 3685 1467 3742 testis
1501 3688 1637 3743 item
1679 3706 1850 3746 vene-

193 3775 403 3830 rabilis
432 3772 774 3829 Bedainlib.
812 3775 916 3829 [de
937 3774 1070 3829 Vita
1106 3775 1341 3846 Biscopi
1374 3776 1604 3832 abbatis
1631 3778 1850 3849 sui,ubi

195 3863 280 3921 ait
294 3862 608 3935 Biscopum
640 3863 825 3919 Roma
843 3862 1122 3917 detulisse
1152 3886 1181 3914 «
1214 3862 1474 3935 picturas
1524 3865 1850 3940 imaginum

199 3957 719 4023 sanctarum,quas
734 3952 804 4007 ad
838 3952 1164 4007 ornandam
1187 3952 1493 4007 ecclesiam
1518 3956 1676 4011 Beati
1701 3957 1850 4014 Petri

197 4041 446 4116 apostoli
471 4045 894 4107 construxerat,
920 4041 1237 4113 imaginem
1252 4040 1517 4099 videlicet
1546 4044 1725 4100 beata:
1747 4045 1851 4102 Dei

186 4130 493 4206 genitricis
515 4129 919 4197 Marim,simul
946 4130 1267 4185 duodecim
1300 4132 1729 4204 apostolorum;
1749 4136 1849 4208 qui

178 4221 299 4276 bus
331 4219 588 4275 mediam
620 4219 884 4290 ejusdem
906 4217 1161 4273 ecclesia:
1193 4217 1571 4287 testudinem,
1615 4223 1788 4280 ducto
1815 4243 1848 4281 a

182 4307 409 4382 pariete
440 4309 511 4363 ad
541 4308 823 4379 parietem
854 4305 1136 4373 tabulato,
1176 4308 1574 4382 praecingeret.
1605 4335 1632 4360 ››
1657 4312 1716 4368 Si
1752 4330 1850 4369 au-

180 4402 307 4453 tem
338 4397 675 4469 reliquiaria
708 4402 852 4469 (quae
883 4396 1177 4468 vocamus)
1209 4396 1538 4470 imaginum
1570 4399 1693 4457 loco
1716 4419 1848 4459 cen-

182 4491 448 4555 seantur,
485 4487 606 4541 haec
636 4487 1103 4542 recondebantur
1125 4501 1190 4542 eo
1222 4490 1484 4558 tempore
1511 4490 1725 4545 subtus
1748 4495 1850 4546 aut

1870 1872 1917 1936 B

1936 575 2175 640 ostium,
2210 590 2359 645 aquo
2391 573 2612 630 scilicet
2657 591 2726 629 ex
2773 574 3086 630 secretario
3142 572 3203 628 in
3252 574 3585 631 interiorem

1933 663 2258 727 basilicam,
2285 680 2385 719 seu
2405 664 2477 718 ad
2500 663 2692 719 locum
2711 662 2912 718 altaris
2930 664 3126 719 aditus
3146 667 3287 729 erat,
3325 687 3352 714 (ο
3369 665 3590 737 ingres-

1936 768 2155 824 susque
2177 752 2463 823 templum
2498 755 2563 806 ut
2591 768 2719 806 eam
2745 751 2914 807 altari
2947 753 3591 826 superpo’neret,elapsa

1934 840 2005 893 de
2028 856 2205 894 manu
2237 841 2385 910 ejus,
2422 839 2712 895 ferebatur
2732 839 2790 894 in
2821 844 3153 906 aera.»Quo
3184 841 3339 896 enim
3373 859 3440 897 ex
3464 843 3586 899 loco

1941 949 1968 977 «
2001 929 2393 983 ministerium
2427 928 2687 1000 corporis
2724 928 3004 983 Dominici
3060 951 3089 979 »
3141 930 3420 988 detulisse
3476 934 3589 988 dici

1938 1020 2147 1088 potest,
2173 1017 2286 1073 nisi
2317 1034 2385 1072 ex
2410 1017 2719 1072 secretario
2742 1018 2769 1071 ?
2791 1018 2890 1088 qui
2915 1017 3077 1073 locus
3100 1018 3158 1073 in
3182 1021 3592 1091 exedra(desti-

1942 1123 2078 1161 nam
2110 1107 2397 1160 vocabant
2428 1104 2696 1160 nonnulli
2725 1106 2739 1169 )
2772 1106 3023 1161 basilicae
3065 1108 3332 1163 exteriori
3390 1109 3592 1167 innixa

1939 1194 2369 1259 continebatur,
2402 1195 2470 1249 ad
2506 1195 2769 1249 dextram
2805 1193 3030 1249 scilicet
3080 1201 3303 1267 partem
3363 1199 3588 1270 altaris,

1940 1286 2191 1337 testante
2223 1281 2464 1336 Paulino
2496 1282 2554 1336 in
2588 1283 2888 1354 prmcitata
2917 1284 3164 1354 epistola
3185 1286 3254 1341 ad
3286 1288 3589 1359 Severum,

1942 1371 2043 1426 ubi
2077 1369 2336 1441 loquitur
2361 1394 2387 1418 »
2416 1371 2485 1425 de
2507 1372 2836 1426 secretariis
2857 1373 3085 1427 duobus
3103 1374 3271 1443 juxta
3291 1378 3588 1447 apsidem»

1943 1457 2128 1525 (locus
2160 1458 2357 1513 altaris
2389 1461 2530 1527 erat)
2562 1459 2859 1529 utrimque
2888 1460 3123 1531 positis;
3160 1462 3447 1534 refertque
3467 1484 3593 1524 ver-

1945 1563 2046 1601 sus
2068 1547 2393 1602 indicantes
2422 1547 2655 1602 «ofﬁcia
2673 1547 3062 1621 singulorum.
3087 1572 3112 1597 ››
3131 1550 3199 1605 Et
3230 1552 3500 1623 quidem“
3522 1555 3596 1611 ad

1944 1636 2205 1691 dextram
2227 1658 2255 1686 »
2282 1635 2341 1690 hi
2372 1638 2563 1692 erant:

2009 1770 2103 1841 Hic
2124 1769 2271 1841 locus
2301 1773 2381 1819 est
2400 1770 2719 1841 _veneran_da
2741 1785 2913 1832 penus
2933 1785 3039 1841 qua
3058 1773 3324 1841 conditur,
3347 1779 3399 1825 et
3426 1790 3537 1841 qua

2072 1833 2335 1881 Promitur
2365 1833 2506 1881 alma
2526 1834 2661 1881 sacri
2684 1847 2877 1895 pompa
2907 1835 3206 1885 ministerii.

1949 1956 2036 2012 Ad
2068 1957 2547 2012 sinistramerant
2587 1956 2718 2010 libri
2772 1956 2923 2012 sacri
2982 1975 3116 2013 cum
3160 1958 3273 2015 alio
3317 1962 3595 2033 disticho,

1952 2062 2289 2118 quanquam
2314 2061 2428 2100 non
2454 2045 2745 2100 immerito
2761 2046 3015 2102 dubitari
3036 2051 3224 2120 potest
3245 2066 3318 2104 an
3348 2051 3600 2108 hislocis

1954 2155 1981 2182 ‹‹
2013 2132 2405 2188 ministerium
2439 2133 2695 2205 corporis
2726 2134 3013 2190 Dominici
3036 2158 3064 2183 ››
3096 2153 3199 2207 pro
3231 2138 3602 2197 Eueharistia

1952 2221 2107 2276 sumi
2140 2221 2368 2288 debeat,
2401 2238 2534 2276 cum
2568 2223 2764 2293 potius
2795 2224 2864 2277 de
2895 2240 3063 2277 sacra
3116 2224 3474 2296 supellectile
3526 2230 3600 2284 ad

1954 2311 2305 2366 sacrificium
2340 2311 2616 2382 deputata
2644 2310 3089 2382 intelligendum
3121 2313 3403 2369 videatur.
3437 2315 3600 2379 Quod

1954 2399 2131 2454 etiam
2168 2399 2280 2455 dici
2319 2404 2507 2471 potest
2529 2401 2599 2455 de
2626 2423 2645 2449 α
2691 2400 2838 2454 turri
2872 2421 2899 2448 »
2963 2399 3169 2455 Felicis
3224 2403 3605 2462 Bituricensis

1955 2488 2234 2561 episcopi,
2269 2505 2445 2560 quam
2470 2488 2667 2543 laudat
2696 2489 3048 2544 Fortunatus
3079 2488 3139 2544 in
3168 2489 3270 2545 lib.
3336 2509 3418 2559 III,
3477 2510 3605 2548 car-

1958 2579 2115 2632 mine
2146 2579 2233 2632 23.
2270 2578 2583 2632 Dubitandi
2607 2579 2752 2633 ratio
2786 2577 3001 2649 petitur
3018 2579 3299 2634 exeodem
3331 2582 3607 2654 Gregorio

1958 2669 2017 2721 in
2048 2666 2148 2721 lib.
2184 2667 2321 2721 nde
2363 2666 2560 2722 Gloria
2610 2671 2956 2738 martyrum,
3017 2684 3144 2739 cap.
3188 2670 3242 2737 8,
3296 2670 3467 2740 cujus
3511 2670 3606 2727 hic

1959 2755 2166 2811 titulus
2193 2772 2204 2811 :
2245 2759 2353 2810 «De
2385 2755 2624 2811 interitu
2655 2772 2857 2811 eorum
2888 2755 2988 2826 qui
3017 2755 3408 2813 ministerium
3449 2758 3606 2815 basi-

1957 2844 2083 2900 licae
2116 2848 2581 2917 exportaverunt.
2609 2866 2637 2894 »
2669 2844 2776 2899 Ubi
2810 2843 3186 2899 «ministerii»
3224 2846 3461 2903 nomine
3512 2848 3605 2903 in-

1960 2934 2171 3006 telligit
2202 2957 2227 2984 ‹‹
2267 2938 2534 3005 patenam
2584 2938 2641 2989 et
2681 2922 2902 3002 urcem,
2967 2934 3070 3005 qui
3121 2951 3272 2989 anax
3314 2935 3603 3007 dicitur,»

1959 3024 2305 3096 inquit,qum
2319 3042 2351 3078 a
2369 3023 2604 3077 nefariis
2621 3023 2975 3094 quibusdam
2991 3024 3365 3095 praedonibus
3377 3025 3612 3083 sublata

1961 3113 2182 3167 scribit.
2246 3113 2313 3167 Et
2357 3128 2565 3167 versus
2624 3111 2919 3166 Fortunati
2959 3112 3029 3167 de
3077 3112 3254 3167 calice
3299 3129 3438 3169 auro
3477 3126 3611 3170 con-

1882 3227 1925 3294 C
1964 3204 2153 3253 stante
2174 3204 2325 3253 recte
2356 3197 2629 3270 explicari
2653 3202 2921 3270 possunt,
2952 3216 3085 3254 cum
3119 3200 3200 3254 ita
3223 3200 3455 3256 canitin
3481 3218 3611 3257 car-

1966 3297 2123 3353 mine
2145 3299 2216 3352 de
2246 3301 2407 3351 turre
2438 3295 2643 3351 Felicis
2674 3296 2951 3368 episc0pi.

2024 3440 2139 3497 Qua
2158 3439 2302 3502 bene
2323 3438 2512 3500 juncta
2540 3439 2746 3495 decent,
2767 3438 2957 3502 sacrati
2988 3442 3047 3502 ut
3066 3439 3305 3500 corporis
3326 3439 3482 3502 Agni.

2087 3501 2424 3563 Margaritum
2460 3502 2649 3562 ingens
2670 3514 2831 3549 aurea
2848 3500 2991 3548 dona
3013 3500 3204 3549 ferant.

2022 3565 2225 3615 Cedant
2254 3563 2596 3624 cbrysolithis
2618 3562 3055 3612 Salomoniavasa
3073 3562 3316 3612 metallis.

2088 3628 2203 3690 Ipsa
2224 3626 2431 3688 placere
2451 3626 2617 3687 magis
2637 3639 2722 3674 ars
2738 3624 2866 3674 facit
2892 3629 3051 3688 atque
3080 3626 3230 3674 ﬁdes.

2032 3778 2293 3849 Denique
2323 3776 2381 3832 in
2408 3793 2517 3832 ms.
2553 3781 3063 3832 Sacramentorum
3096 3776 3267 3845 libro,
3292 3779 3392 3850 qui
3425 3778 3483 3833 in
3519 3779 3612 3835 Bi-

1960 3867 2251 3923 bliotheca
2281 3866 2477 3921 Sancti
2493 3864 2835 3921 Theodorici
2872 3882 3049 3938 prope
3096 3867 3309 3922 Remos
3349 3883 3610 3925 asserva-

1958 3961 2075 4024 tur,
2109 3953 2385 4010 chrisma]
2418 3954 2596 4025 (quod
2638 3953 2935 4026 corporale
2971 3960 3267 4021 vocamus)
3292 3978 3317 4004 ‹‹
3346 3954 3608 4012 ministe-

1960 4046 2113 4100 rium
2145 4042 2403 4124 corporis
2434 4041 2650 4096 Christi
2681 4041 2948 4114 gerulum
2984 4065 3011 4092 »
3044 4042 3374 4115 appellatur
3402 4044 3460 4100 in
3487 4062 3611 4101 ora-

1959 4134 2134 4200 tione,
2171 4131 2367 4204 quain
2400 4148 2575 4186 usum
2608 4148 2841 4187 sacrum
2866 4132 3250 4188 benedicitur.
3278 4138 3358 4188 Ex
3387 4135 3607 4206 quibus

1960 4221 2226 4278 dubitare
2249 4220 2403 4287 licet,
2428 4224 2493 4276 ut
2514 4222 2641 4291 jam
2672 4221 2810 4288 dixi,
2844 4239 2917 4276 an
2952 4221 3250 4277 Paulinus.
3298 4223 3609 4297 Gregorius

1958 4316 2015 4367 et
2043 4311 2395 4366 Fortunatus
2436 4309 2495 4363 in
2546 4309 2838 4381 praedictis
2898 4309 3042 4366 locis
3102 4311 3174 4366 de
3244 4312 3611 4369 Eueharistia

1958 4399 2295 4473 loquantur.
2318 4403 2443 4452 Non
2464 4399 2889 4454 desunttamen
2908 4400 3063 4471 apud
3097 4404 3315 4455 veteres
3345 4401 3445 4473 qui
3476 4401 3610 4458 Gre-

1957 4488 2103 4561 gorii
2134 4486 2327 4542 locum
2361 4488 2431 4542 de
2488 4486 2854 4542 Eueharistia
2899 4487 3208 4559 explicent.
3253 4489 3316 4543 In
3376 4488 3470 4546 bis
3519 4492 3609 4546 est

180 4577 341 4631 intra
371 4576 567 4648 ipsum
601 4576 809 4632 altare:
834 4577 1004 4647 cujus
1028 4574 1107 4629 rei
1163 4582 1511 4648 argumenta
1570 4578 1740 4635 retuli
1779 4580 1837 4636 in
1880 4596 1922 4660 υ
1955 4574 3603 4645 sanetusOdoabbasCluniacensisinCollationum.libII,

181 4664 526 4737 praefatione
543 4664 741 4720 saeculi
760 4664 1181 4735 secundi.Ergo
1210 4668 1273 4720 ut
1303 4665 1375 4719 ad
1407 4682 1648 4722 sensum
1671 4685 1844 4724 cano-

182 4753 283 4809 nis
311 4757 586 4823 revertar,
612 4769 746 4809 cum
770 4752 1080 4826 prohibent
1110 4753 1309 4809 Patres
1368 4769 1439 4810 ne
1476 4755 1846 4813 Eueharistia

184 4863 215 4894 «
249 4842 309 4897 in
342 4841 692 4915 imaginario
714 4842 917 4899 ordine
947 4864 970 4886 ιε
999 4847 1486 4915 ponatur,eorum
1547 4847 1841 4904 sententia

185 4948 319 4988 esse
339 4933 664 4998 videtur,ut
681 4949 753 4987 ne
786 4931 846 4986 in
869 4932 1249 5004 baptisteriis,
1283 4932 1457 4988 autin
1485 4935 1835 5005 secretariis,

186 5024 293 5077 aut
309 5020 565 5092 denique
595 5021 704 5075 sub
732 5019 1434 5092 altari,proutnonnnulis
1454 5021 1512 5076 in
1543 5020 1689 5077 locis
1720 5023 1845 5079 ﬁeri

183 5114 594 5178 consueverat,
626 5126 759 5165 cum
804 5110 1163 5183 imaginibus
1195 5110 1376 5165 sacris
1419 5116 1844 5168 asservaretur-

182 5200 325 5265 Quae
345 5216 484 5273 pars
507 5215 730 5271 negans
757 5203 847 5255 est
874 5198 1116 5255 canonis
1136 5198 1416 5271 praedicti.

254 5287 689 5344 Eucharistiam
708 5288 1001 5359 siquidem
1053 5286 1366 5359 aliquando
1405 5288 1463 5342 in
1511 5290 1840 5347 secretariis

180 5380 476 5433 servatam
500 5374 681 5431 fuisse
699 5375 891 5448 colligi
916 5379 1108 5447 potest
1128 5390 1195 5429 ex
1215 5374 1489 5445 Gregorio
1511 5375 1836 5433 Turonensi

178 5465 459 5539 episcopo
490 5463 551 5518 in
581 5461 725 5517 lib.I
755 5464 825 5519 de
845 5463 1041 5519 Gloria
1070 5465 1416 5534 martyrum,
1440 5479 1565 5534 cap.
1587 5463 1677 5531 86,
1736 5464 1836 5520 ubi

175 5554 469 5613 diaconus
491 5550 732 5625 quidam
745 5553 1327 5625 impurus,adventan
1336 5554 1388 5605 te
1409 5551 1678 5607 sacrificii
1693 5556 1836 5609 tem-

171 5659 340 5726 pore,
369 5643 716 5716 cacceptam
749 5645 992 5717 turrem,
1028 5639 1088 5700 in
1136 5657 1251 5719 qua
1286 5638 1683 5705 ministerium
1721 5643 1832 5706 Do-

1955 4682 2083 4738 cap.
2117 4667 2204 4732 32,
2235 4666 2331 4720 ubi
2356 4666 2476 4739 agit
2506 4666 2575 4720 de
2606 4664 2811 4718 infami
2846 4664 2941 4719 illo
2974 4664 3217 4719 diacono
3249 4665 3404 4735 apud
3463 4666 3602 4721 Gre-

1954 4754 2184 4826 gorium
2206 4758 2548 4820 memorato,
2577 4776 2603 4803 «
2633 4754 2732 4825 qui
2764 4753 2904 4808 dum
2938 4770 3173 4825 capsam
3197 4769 3333 4808 cum
3362 4771 3604 4827 corpore

1954 4842 2181 4898 Domini
2205 4843 2549 4910 det‘erret,de
2571 4842 2846 4897 manibus
2877 4841 3258 4914 elapsaest,et
3289 4859 3391 4915 per
3412 4860 3607 4901 aerem

1953 4950 2129 5004 super
2159 4931 2338 4987 altare
2362 4949 2610 4988 reversa.
2652 4953 2676 4977 η
2698 4933 2782 4986 Ad
2815 4931 2955 4999 hmo,
2983 4932 3039 4986 in
3064 4931 3387 5001 chrismali,
3444 4934 3603 5006 quod

1954 5042 1981 5069 «
2007 5018 2397 5073 ministerium
2422 5017 2680 5090 corporis
2712 5017 2923 5073 Christi
2944 5018 3214 5091 gerulum
3252 5042 3272 5070 η
3328 5021 3604 5093 superius

1952 5108 2185 5174 dicitur,
2217 5106 2580 5162 Eueharistia
2609 5109 2969 5175 servabatur,
3017 5112 3080 5162 ut
3120 5108 3330 5182 colligo
3370 5127 3439 5166 ex
3473 5109 3605 5167 Gla-

1951 5197 2039 5251 bri
2061 5195 2287 5252 Rodulii
2310 5195 2604 5268 lib.v,cap.
2630 5198 2676 5251 1.
2705 5196 2960 5252 Ibienim
2980 5214 3160 5270 agens
3183 5199 3253 5254 de
3277 5198 3600 5267 chrismali,

1950 5310 1978 5336 ‹‹
2013 5286 2168 5358 quod
2200 5302 2231 5340 a
2263 5285 2619 5357 quibusdam
2668 5286 2998 5359 Corporalis
3047 5287 3397 5360 appellatur,
3434 5309 3462 5336 ››
3519 5286 3603 5344 ait

1947 5376 2135 5431 multa
2163 5392 2265 5447 per
2293 5374 2449 5429 istud
2485 5375 2742 5431 remedia
2771 5377 3057 5448 praestari,
3085 5399 3113 5428 (ι
3138 5377 3184 5431 si
3218 5376 3363 5430 ﬁdos
3392 5378 3592 5447 peten-

1946 5465 2096 5520 tium
2120 5466 2331 5536 exigat.
2364 5467 2513 5520 Nam
2544 5469 2748 5521 contra
2781 5464 3068 5533 incendia,
3118 5462 3327 5534 inquit,
3378 5464 3595 5534 saepius

1945 5553 2252 5619 elevatum,
2277 5554 2789 5629 autextinguendo
2829 5551 3206 5626 compescuit,
3240 5555 3344 5604 aut
3390 5557 3600 5609 retror-

1944 5659 2079 5703 sum
2112 5641 2357 5720 pepulit,
2390 5648 2493 5709 aut
2522 5645 2582 5705 in
2612 5650 2840 5725 partem
2871 5643 3114 5705 alteram
3131 5638 3384 5703 retorsit.
3410 5641 3598 5711 nTum
