3864 6358
324 387 483 448 1255

1341 379 1731 444 APPENDIX
1781 378 1884 440 AD
1929 376 2188 442 OPERA
2230 375 2663 442 HUMBERTI.

3563 357 3732 440 4956

325 531 449 573 rem
473 523 696 589 gestam
723 515 894 571 refert
918 515 976 570 in
1000 513 1347 570 monasterio
1398 512 1736 568 Reomaensi
1765 533 1792 561 ‹‹
1824 513 1966 566 tem-
1991 512 2048 579 Α
2075 528 2378 583 nunquam
2407 511 2582 568 etiam
2604 510 2838 583 lapillis,
2872 525 3046 582 quem
3067 513 3219 565 certe
3277 507 3524 565 modum
3575 523 3731 580 pra}-

329 621 470 676 pore
515 602 862 662 venerabilis
917 600 1190 656 Willelmi
1242 599 1526 654 abbatis»
1579 598 1686 652 sub
1722 597 1956 652 initium

327 693 594 748 videlicet
623 690 816 748 saeculi
843 709 920 758 x1,
945 703 1293 760 nempecutn
1322 686 1682 741 «incendium
1717 686 1962 742 circum-

323 778 928 852 jacentiamonasterii
952 775 1660 846 »depopularetur,fratres
1691 775 1956 843 ejusdem

331 868 444 924 loci
489 891 517 918 «
579 865 921 936 accipientes
965 862 1270 917 chrismate
1312 865 1481 917 conto
1537 862 1899 933 impositum,
1926 885 1954 912 ››

331 957 584 1012 elevasse
613 953 750 1008 illud
787 975 813 1002 «
843 956 1044 1006 contra
1073 949 1327 1006 incendii
1365 951 1632 1005 ﬂammas
1680 951 1802 1005 dire
1853 950 1953 1006 ﬂa-

329 1049 583 1117 grantes.
616 1039 823 1094 Statim
849 1055 1003 1103 vero,
1051 1037 1261 1108 inquit,
1292 1037 1444 1092 idem
1493 1038 1644 1110 ignis
1701 1039 1760 1092 in
1827 1055 1955 1094 sese

328 1126 931 1200 retorquens,minime
944 1125 1196 1196 amplius
1213 1143 1389 1197 quam
1403 1127 1692 1181 invaserat
1703 1127 1954 1198 arripere

326 1217 519 1272 valuit.
533 1215 710 1269 «Tum
733 1213 931 1268 subdit
952 1213 1009 1267 id
1032 1213 1188 1284 quod
1211 1213 1280 1268 ad
1303 1213 1665 1284 propositum
1688 1219 1952 1270 nostrum

325 1301 691 1361 facit.«Panis
719 1306 912 1356 tamen
970 1299 1067 1356 ille
1117 1301 1452 1356 Dominicus
1498 1319 1642 1356 aura
1693 1303 1865 1357 ﬂante
1921 1320 1955 1358 a

324 1391 554 1448 contulo
585 1387 978 1462 elapsus,plus
1010 1387 1204 1443 minus
1230 1389 1460 1444 duobus
1515 1387 1780 1444 miliariis
1821 1406 1952 1445 avo-

321 1479 462 1536 lavit
485 1493 672 1550 usque
695 1478 768 1533 ad
796 1475 994 1531 villam
1025 1475 1117 1531 cui
1147 1475 1416 1548 Tivalgas
1453 1475 1801 1533 vocabulum
1841 1483 1950 1546 est,

323 1567 520 1638 ibique
539 1581 716 1637 super
743 1565 981 1620 domum
1005 1564 1310 1635 cujusdam
1345 1565 1582 1620 veniens
1631 1565 1798 1620 sedit.
1831 1567 1952 1630 Quo

320 1653 762 1728 proascutus,ad
787 1651 1204 1709 monasterium
1227 1652 1536 1723 dignanter
1549 1657 1638 1708 est
1652 1652 1898 1709 delatus.
1925 1676 1947 1703 ι»

319 1743 466 1798 Hine
497 1745 654 1814 patet
684 1739 1105 1797 Eucharistiam
1126 1740 1185 1795 in
1206 1739 1506 1795 chrismali
1535 1755 1638 1796 seu
1669 1739 1953 1812 corporali

2069 599 2320 656 scribere
2342 601 2572 655 videtur
2599 599 2912 655 concilium
2954 599 3313 654 Turonense.
3351 600 3480 653 Non
3520 599 3728 652 tamen

2065 689 2280 742 recedit
2303 705 2338 743 a
2367 691 2561 742 mente
2591 685 2820 743 concilii
2851 703 2980 742 mos
3017 685 3302 741 hactenus
3347 684 3614 742 usitatus
3662 681 3730 738 in

2065 775 2367 831 nonnullis
2397 775 2750 840 ecclesiis,in
2775 775 2991 846 quibus
3017 791 3046 829 e
3077 772 3274 846 stipite
3293 771 3488 828 crucis
3533 786 3729 842 super

2061 863 2240 918 altare
2271 863 2329 918 in
2352 862 2537 918 altum
2559 863 2626 918 de
2640 863 2764 917 fixe
2788 861 3131 933 producitur
3149 861 3620 917 instrumentum
3652 857 3729 914 ad

2065 951 2321 1006 medium
2340 949 2539 1006 altaris
2558 954 2888 1022 porrectum
2935 955 2992 1004 et
3040 949 3432 1012 incurvatum,
3477 964 3548 1004 ex
3591 962 3716 1018 quo

2063 1039 2260 1094 divina
2289 1038 2652 1094 Eucharistia
2680 1039 2739 1094 in
2762 1037 2996 1094 vasculo
3026 1037 3264 1109 pendet.

2133 1131 2266 1181 Haec
2295 1131 2434 1182 sunt
2453 1143 2580 1196 quae
2612 1143 2714 1198 pro
2737 1125 3124 1199 intelligentia
3151 1123 3408 1196 praedicti
3460 1121 3726 1180 canonis

2063 1214 2208 1270 mihi
2231 1219 2510 1270 venerunt
2535 1212 2596 1268 in
2619 1219 2896 1281 mentem,
2918 1213 3112 1269 nescio
3143 1229 3216 1269 an
3237 1211 3523 1268 studiosis
3567 1226 3724 1267 non-

2062 1301 2209 1358 nihil
2242 1303 2544 1376 profutura
2566 1302 2860 1374 quaedieta
2887 1305 3028 1358 sunt
3043 1299 3348 1358 occasione
3375 1299 3726 1356 hostiarum

2063 1406 2210 1463 quas
2233 1390 2510 1448 exhibeat
2535 1395 2760 1446 veteres
2791 1394 3058 1449 monetae.

2273 1521 2595 1596 Explicatur
2620 1537 2799 1579 canon
2825 1523 2860 1578 6
2886 1521 3110 1578 concilii
3134 1534 3231 1578 xv:
3262 1519 3527 1578 Toletani.

2133 1655 2300 1712 Aliud
2357 1657 2769 1728 argumentum
2825 1671 2928 1728 pro
2985 1653 3164 1712 veteri
3201 1669 3314 1710 usu
3363 1665 3725 1726 azymorum

2061 1744 2216 1817 apud
2248 1743 2480 1800 Latinos
2503 1742 2639 1799 inde
2659 1743 2915 1800 sumitur
2939 1743 3095 1816 quod
3115 1741 3344 1816 antiqui
3363 1745 3573 1798 Patres
3609 1741 3724 1797 Ec-

321 1831 420 1888 illo
441 1830 704 1903 (quodad
733 1827 1066 1928 «sinistrum
1089 1845 1268 1884 cornu
1285 1828 1486 1884 altaris
1496 1845 1728 1936 semper
1735 1830 1950 1929 jacere,
1980 1869 2029 1936 Β
2062 1831 2248 1888 clesizs
2295 1831 2504 1886 Latinae
2551 1831 2868 1888 utebantur
2899 1847 3049 1902 pane
3091 1830 3352 1888 studiose
3417 1830 3726 1900 confecto,

321 1923 386 1976 ut
414 1920 485 1975 ad
519 1934 761 1974 manum
792 1917 976 1989 possit
1004 1933 1132 1972 esse
1159 1921 1361 1972 contra
1389 1917 1710 1988 periculum
1739 1917 1950 1990 ignis,»

321 2008 501 2065 tradit
529 2005 835 2064 Udalricus
862 2005 920 2060 in
949 2005 1439 2061 Consuetudinem
1481 2005 1950 2063 Cluniacensium

321 2097 422 2154 lib.
455 2096 777 2168 II,cap.30)
803 2093 1096 2166 aliquibus
1148 2093 1355 2150 saltem
1412 2094 1472 2148 in
1527 2093 1672 2150 locis
1729 2095 1950 2152 Eucha-

323 2185 549 2242 ristiam
580 2183 889 2256 repositam
923 2181 1122 2238 fuisse.
1181 2181 1368 2244 Quare
1407 2181 1553 2237 nihil
1593 2186 1750 2238 vetat
1787 2185 1948 2255 quin,

325 2273 668 2330 «ministerii
700 2270 983 2327 Dominici
1007 2271 1265 2342 corporis
1299 2292 1326 2320 »
1359 2271 1615 2337 nomine,
1656 2271 1951 2345 intelliga-

325 2379 460 2418 mus
484 2359 900 2433 supellectilem
929 2363 986 2414 et
1012 2375 1150 2413 vasa
1168 2374 1352 2424 sacra,
1397 2359 1456 2413 in
1513 2359 1728 2430 quibus
1775 2361 1950 2416 etiam

325 2447 689 2506 Eucharistia
728 2446 1084 2512 servabatur,
1127 2445 1214 2500 vel
1271 2445 1330 2501 in
1369 2447 1698 2514 secretario,
1748 2447 1833 2504 vel
1890 2448 1950 2503 in

324 2535 777 2609 baptisterio,vel
809 2550 982 2606 super
1019 2534 1196 2590 altare
1218 2535 1364 2589 «sub
1393 2535 1562 2592 titulo
1593 2537 1804 2593 crucis.
1825 2559 1852 2586 »

395 2626 518 2682 Non
551 2629 744 2680 tamen
758 2622 1245 2695 praetermittenda
1268 2627 1356 2678 est
1384 2622 1496 2680 alia
1513 2625 1690 2696 hujus
1710 2626 1952 2682 canonis

325 2715 518 2780 lectio,
550 2713 648 2768 ubi
672 2729 772 2784 pro
791 2733 819 2760 ‹‹
853 2711 911 2766 in
939 2711 1283 2784 imaginario
1333 2713 1556 2780 ordine,
1599 2735 1627 2762 ››
1654 2714 1949 2783 scribitur,

327 2805 428 2859 «in
457 2802 728 2869 armario,
749 2801 834 2857 vel
866 2802 922 2855 in
952 2799 1294 2872 imaginario
1323 2802 1888 2859 ordine.Armarium
1920 2824 1947 2856 η

323 2891 692 2965 glossematis
722 2890 840 2945 vice
871 2889 1134 2944 additum
1175 2889 1461 2956 existimo,
1507 2907 1622 2945 non
1671 2893 1738 2946 ad
1799 2892 1953 2948 desi-

328 2981 561 3052 gnanda
589 2976 964 3034 tabernacula
993 2982 1193 3031 nostra
1221 2977 1668 3044 recentiora,sed
1685 2981 1755 3034 ad
1779 2979 1954 3052 expli-

328 3069 578 3124 candum
602 3088 629 3115 «
663 3063 1072 3136 imaginarium
1111 3064 1392 3120 ordinem.
1417 3088 1444 3116 »
1485 3067 1630 3121 Nam
1671 3067 1954 3140 imagines

329 3157 399 3214 ad
433 3156 676 3228 parietes
699 3153 978 3208 altaribus
998 3153 1325 3222 adjacentes
1353 3155 1602 3226 appendi
1634 3160 1690 3210 et
1718 3156 1952 3228 depingi

328 3223 610 3310 solebant,
643 3241 838 3312 ibique
867 3242 938 3296 ad
967 3241 1120 3296 latus
1137 3223 1542 3314 Evangelii—seu
1568 3245 1635 3298 ad
1659 3223 1952 3316 aquilona-
1981 3223 2024 3289 (ἶ

327 3351 444 3390 rem
463 3338 684 3406 partem
707 3330 1070 3385 habebantur
1085 3329 1434 3402 quibusdam
1451 3332 1509 3386 in
1526 3331 1666 3387 locis
1680 3333 1951 3403 armaria,

327 3423 384 3479 in
401 3423 613 3494 quibus
625 3419 1059 3474 sanctissimum
1083 3424 1514 3474 sacramentum
1534 3421 1956 3484 recondebatur

328 3515 396 3566 Et
424 3509 658 3582 quidem
690 3523 816 3562 mos
854 3506 964 3562 iste
1006 3505 1287 3562 hactenus
1345 3513 1673 3578 perseverat
1710 3509 1768 3564 in
1829 3509 1954 3580 qui-

329 3597 575 3654 busdam
606 3595 883 3658 ecclesiis,
918 3599 1060 3666 puta
1079 3599 1270 3648 Romae
1331 3597 1392 3650 in
1443 3596 1687 3651 ecclesia
1731 3597 1953 3652 Sanctae

329 3685 529 3742 Crucis
553 3684 613 3738 in
637 3682 1076 3748 Hierusalem,in
1106 3681 1416 3738 Gallicanis
1451 3684 1838 3754 nonnullis,ut
1858 3692 1958 3741 Pa-

328 3772 554 3832 ronaein
577 3770 890 3844 parochiali
921 3771 1163 3826 ecclesia
1183 3772 1630 3828 SanctiJoannis
1661 3775 1952 3846 Baptistae,

327 3867 383 3920 et
411 3867 542 3918 ante
579 3877 763 3916 annos
789 3860 987 3915 decem
1016 3859 1075 3914 in
1125 3859 1365 3914 basilica
1422 3861 1734 3930 Furseana,
1784 3868 1956 3935 atque

327 3951 388 4006 in
418 3948 666 4022 Belgicis
690 3947 1001 4020 plerisque.
1034 3951 1198 4002 Hunc
1223 3965 1394 4003 usum
1419 3949 1696 4018 abrogare
1733 3949 1958 4006 videtur

327 4047 514 4093 canon
542 4035 916 4102 Turonensis,
941 4033 1350 4090 deﬁnientibus
1398 4036 1689 4104 Patribus,
1740 4042 1803 4092 ut
1848 4043 1955 4094 Eu-

327 4124 605 4182 charistia
640 4139 816 4195 super
857 4121 1037 4178 altare
1093 4128 1535 4194 componeretur
1591 4127 1749 4181 «sub
1787 4127 1958 4184 titulo

329 4211 542 4270 crucis.
572 4233 599 4260 »

397 4305 530 4355 Hazc
561 4303 648 4355 est
675 4299 788 4354 alia
821 4297 1136 4354 difﬁcultas
1187 4315 1312 4370 qua?
1351 4301 1521 4356 modo
1577 4301 1962 4358 examinanda

327 4393 436 4457 est,
461 4405 575 4462 quo
605 4392 769 4462 pacto
800 4386 1020 4443 scilicet
1049 4403 1197 4460 saepe
1227 4388 1418 4443 dietus
1452 4405 1635 4443 canon
1668 4389 1962 4462 praecipiat

328 4484 394 4534 ut
415 4501 442 4528 ‹‹
469 4477 903 4534 Eucharistiain
935 4475 1100 4532 altari
1131 4477 1240 4532 sub
1286 4475 1453 4532 titulo
1500 4478 1686 4532 crucis
1726 4495 1960 4550 compo-

2059 1919 2305 1975 candido
2325 1936 2504 1992 supra
2532 1935 2931 1986 communem,
2962 1919 3218 1976 rotundo
3247 1936 3314 1976 ac
3351 1918 3542 1986 tenui,
3593 1933 3729 1974 non

2057 2007 2247 2080 spisso
2269 2023 2456 2078 neque
2477 2008 2680 2064 denso.
2701 2009 2835 2072 Quae
2861 2023 3066 2063 omnes
3099 2007 3278 2064 simul
3332 2006 3730 2064 conditiones

2059 2113 2260 2169 azymo
2295 2096 2431 2168 pani
2459 2095 2648 2168 magis
2677 2095 2970 2167 quadrant
2995 2111 3172 2168 quam
3201 2095 3580 2162 fermentata,
3603 2093 3721 2167 qui

2057 2183 2297 2240 inﬂatus
2327 2201 2393 2240 ac
2433 2185 2652 2240 densus
2693 2200 2823 2240 esse
2875 2182 3042 2240 solet.
3101 2184 3276 2239 Porro
3326 2182 3436 2239 has
3495 2199 3730 2240 omnes

2058 2272 2425 2329 eucharistici
2446 2272 2614 2344 panis
2634 2271 3102 2327 circumstantias
3131 2270 3307 2342 exigit
3325 2267 3564 2326 concilii
3619 2287 3730 2326 xxx

2058 2360 2316 2417 Toletani
2338 2377 2523 2416 canon
2554 2363 2774 2427 sextus,
2805 2359 2864 2415 in
2914 2375 3031 2431 quo
3073 2360 3294 2426 Patres,
3328 2357 3730 2430 reprehensis

2059 2449 2457 2505 sacerdotibus
2479 2447 2780 2504 nonnullis
2800 2447 2900 2519 qui
2919 2463 3128 2520 panem
3143 2469 3171 2498 «
3189 2445 3398 2502 usibus
3418 2447 3552 2502 suis
3572 2464 3734 2520 prae-

2059 2541 2328 2610 paratum
2362 2559 2392 2588 »
2450 2536 2512 2592 in
2547 2535 2900 2592 sacriﬁcium
2949 2535 3325 2601 adhibebant,
3378 2535 3727 2592 decernunt

2061 2649 2088 2675 ‹‹
2113 2642 2322 2698 panem
2345 2642 2458 2682 non
2480 2625 2593 2680 nisi
2614 2624 2908 2697 integrum
2933 2628 2988 2680 et
3005 2622 3280 2692 nitidum,
3305 2623 3490 2695 quiex
3509 2624 3730 2681 studio

2059 2715 2233 2771 fuerit
2253 2717 2629 2786 praeparatus,
2661 2729 2850 2784 neque
2865 2712 3082 2786 grande
3103 2710 3346 2784 aliquid,
3380 2711 3484 2768 sed
3515 2713 3727 2769 modi-

2061 2821 2188 2860 cam
2211 2807 2440 2858 tantum
2463 2800 2717 2857 oblatam
2745 2823 2772 2850 »
2807 2817 2910 2872 pro
2930 2799 3107 2856 veteri
3127 2799 3552 2856 consuetudine
3575 2801 3728 2858 olfe-

2061 2891 2300 2946 rendam
2329 2905 2474 2944 esse.
2525 2889 2586 2943 Si
2634 2904 2770 2960 ergo
2822 2888 3066 2960 probare
3117 2892 3358 2960 potuero
3403 2903 3726 2956 lcanonem

2061 2979 2240 3035 istum
2261 2994 2375 3033 non
2397 2977 2466 3031 de
2485 2975 3148 3041 fermentato,utJacobo
3167 2975 3482 3032 Sirmundo
3502 2975 3723 3033 visum

2061 3072 2169 3134 est,
2195 3066 2293 3121 sed
2308 3065 2377 3120 de
2401 3080 2600 3136 azymo
2625 3080 2770 3136 pane
2793 3061 3040 3136 intelligi
3067 3068 3350 3134 oportere,
3381 3079 3559 3120 nemo
3593 3081 3726 3122 non

2061 3154 2336 3211 concedet
2365 3151 2573 3208 saeculo
2605 3152 2874 3224 septimo,
2924 3168 3036 3223 quo
3089 3152 3391 3208 desinente
3431 3151 3724 3209 habitum

2061 3248 2151 3300 est
2179 3239 2487 3298 concilium
2510 3257 2637 3296 eam
2656 3240 2836 3295 fuisse
2873 3239 3352 3312 Hispaniensium
3402 3239 3725 3312 episcopo-

2062 3348 2189 3386 rum
2215 3329 2675 3402 persuasionem.
2717 3328 2976 3383 Latinam
3034 3327 3350 3383 Ecclesiam
3398 3345 3726 3400 nunquam

2063 3418 2240 3482 alium
2261 3414 2470 3490 panem
2503 3433 2678 3488 quam
2713 3431 2962 3488 azynum
2995 3415 3054 3471 in
3079 3433 3202 3472 rem
3251 3432 3484 3472 sacram
3513 3417 3730 3473 admi-

2064 3507 2231 3562 sisse.

2135 3597 2388 3668 Agevero
2415 3594 2542 3664 jam
2567 3589 2866 3648 videamus
2894 3609 2966 3648 an
2999 3593 3072 3648 de
3102 3591 3216 3648 alio
3266 3610 3414 3666 pane
3437 3609 3632 3666 quam
3655 3595 3734 3652 de

2064 3700 2264 3756 azymo
2287 3681 2472 3754 possit
2492 3681 2765 3754 explicari
2797 3697 2984 3737 canon
3015 3681 3146 3748 iste,
3188 3698 3366 3753 quem
3409 3681 3733 3755 integrum

2064 3771 2156 3826 hic
2180 3769 2524 3842 praemittere
2547 3770 2732 3840 juvat.
2755 3770 2838 3824 Ad
2879 3775 3198 3826 conventus
3232 3769 3420 3827 nostri
3440 3771 3733 3844 ,agnitio-

2063 3876 2198 3916 nem
2227 3857 2481 3914 delatum
2503 3863 2591 3913 est
2612 3858 2765 3930 quod
2785 3857 2846 3913 in
2895 3857 3250 3930 quibusdam
3284 3858 3730 3930 Hispaniarum

2063 3947 2328 4021 partibus
2349 3945 2588 4018 quidam
2605 3947 2970 4002 sacerdotum
2992 3963 3107 4002 non
3137 3963 3322 4019 panes
3358 3947 3630 4004 mundos
3669 3953 3734 4005 et

2065 4035 2259 4092 studio
2291 4037 2640 4106 praeparatos
2673 4050 2848 4106 supra
2878 4051 3139 4090 mensam
3162 4034 3395 4091 Domini
3413 4037 3474 4090 in
3491 4036 3736 4092 sacriﬁ-

2066 4124 2153 4180 cio
2183 4123 2446 4187 offerant,
2477 4123 2577 4178 sed
2610 4121 2680 4178 de
2710 4122 2963 4194 panibus
2987 4123 3112 4178 suis
3135 4122 3342 4180 usibus
3367 4125 3738 4196 prmparatis

2067 4211 2390 4267 crustulam
2422 4211 2480 4265 in
2513 4210 2925 4266 rotunditatem
2946 4212 3232 4281 auferant,
3257 4227 3511 4284 eamque
3543 4228 3743 4286 super

2067 4300 2248 4356 altare
2270 4316 2403 4354 cum
2423 4298 2556 4354 vino
2586 4304 2642 4353 et
2662 4315 2814 4370 aqua
2823 4315 2927 4370 pro
2949 4315 3113 4355 sacro
3137 4298 3419 4355 libamine
3442 4299 3733 4358 offerant.

2067 4389 2225 4454 Quod
2253 4388 2469 4442 factum
2489 4403 2860 4458 nequaquam
2883 4387 2941 4443 in
2961 4403 3136 4444 sacrae
3151 4387 3522 4445 auctoritatis
3539 4388 3742 4446 histo-

2069 4477 2155 4532 ria
2170 4481 2397 4549 gestum
2416 4475 2809 4548 perpenditur.
2829 4475 2991 4532 Unde
3005 4475 3062 4532 id
3081 4475 3487 4532 unanimitatis
3503 4482 3737 4535 nostra

327 4572 519 4623 natur.
553 4589 582 4617 »
612 4565 838 4622 Titulus
852 4566 1041 4621 crucis
1063 4564 1352 4636 significat
1373 4581 1598 4619 crucem
1624 4566 1808 4637 ipsam
1833 4584 1960 4638 quae
1991 4579 2036 4644 D
2067 4565 2279 4638 delegit
2297 4568 2612 4620 conventus
2643 4569 2707 4619 ut
2722 4580 2838 4620 non
2867 4563 3012 4620 alter
3041 4565 3208 4637 panis
3255 4564 3316 4620 in
3370 4563 3548 4620 altari
3610 4567 3743 4624 Do-

329 4671 504 4728 super
531 4655 708 4711 altare
740 4655 988 4726 pendere
1005 4654 1244 4720 solebat,
1277 4655 1524 4708 testante
1545 4653 1815 4725 Gregorio
1833 4656 1956 4726 jam

330 4744 563 4800 laudato
598 4741 923 4800 inlib.11de
954 4740 1250 4796 miraculis
1301 4739 1482 4794 sancti
1541 4740 1778 4808 Juliani,
1833 4759 1958 4814 cap.

333 4831 437 4886 43:
473 4855 500 4882 ‹‹
533 4832 846 4898 Pendebat,
885 4830 1096 4902 inquit,
1138 4845 1313 4902 super
1361 4829 1554 4901 ipsum
1597 4829 1776 4885 altare
1825 4848 1964 4886 crux

332 4917 678 4989 holocbrysa
701 4919 948 4990 eleganti
971 4933 1141 4990 opere
1160 4919 1328 4972 facta.
1366 4941 1386 4965 η
1437 4921 1504 4972 At
1545 4933 1658 4988 quo
1716 4920 1774 4974 in
1819 4920 1964 4989 loco,

337 5021 521 5077 quove
567 5007 740 5060 modo
780 5023 920 5062 crux
965 5022 1142 5077 super
1187 5003 1367 5060 altare
1422 5007 1720 5077 penderet,
1777 5008 1968 5063 adhuc

336 5094 654 5149 obscurum
687 5099 792 5149 est.
839 5093 1118 5158 Quocirca
1175 5107 1357 5162 operas
1415 5094 1664 5164 pretium
1706 5099 1794 5148 est
1823 5095 1968 5150 scire

337 5182 490 5254 apud
515 5181 786 5252 antiquos
818 5196 1036 5236 morem
1059 5179 1240 5234 fuisse
1257 5185 1318 5233 ut
1338 5195 1514 5251 super
1532 5181 1738 5236 altaria
1770 5189 1970 5238 sancta

339 5271 701 5344 erigerentur
716 5269 1057 5338 ciboria,seu
1071 5266 1638 5340 turriculaz,quatuor
1657 5269 1968 5326 minimum

337 5359 627 5416 columnis
646 5358 878 5425 innixae,
911 5373 1034 5430 qua:
1067 5357 1410 5410 transversis
1437 5357 1495 5410 in
1520 5358 1779 5412 medium
1800 5357 1969 5417 lineis

340 5448 604 5504 adunatze
635 5448 1004 5505 sustinebant
1025 5459 1253 5500 crucem
1285 5442 1486 5500 altaris
1517 5447 1708 5500 medio
1731 5462 1970 5518 respon-

343 5534 574 5590 dentem
601 5555 614 5606 ;
645 5553 714 5593 ex
742 5551 858 5610 qua
874 5534 1160 5609 pendebat
1182 5531 1544 5588 Eucharistia
1565 5551 1750 5601 sacra,
1777 5552 1974 5592 vascu-

345 5617 553 5680 lts‘seu
581 5621 867 5684 columbis
907 5621 1196 5701 argenteis
1245 5619 1506 5682 aureisve
1533 5620 1780 5695 inclusa,
1817 5639 1970 5685 non-

2071 4653 2215 4709 mini
2235 4650 2577 4710 sacerdotali
2609 4651 3006 4708 benedictione
3027 4653 3492 4709 sanctiﬁcandus
3519 4671 3746 4730 propo-

2071 4745 2262 4810 natur,
2295 4741 2406 4796 nisi
2437 4739 2660 4813 integer
2679 4746 2736 4796 et
2765 4740 3005 4806 nitidus,
3030 4741 3132 4812 qui
3172 4757 3241 4798 ex
3291 4740 3492 4797 studio
3550 4741 3746 4800 fuerit

2072 4833 2429 4903 praeparatus
2455 4846 2468 4884 :
2494 4845 2680 4900 neque
2701 4830 2919 4902 grande
2938 4827 3183 4902 aliquid,
3205 4829 3306 4886 sed
3333 4828 3578 4886 modica
3607 4835 3748 4888 tan-

2073 4924 2199 4973 tum
2217 4917 2758 4981 oblata,seeundum
2772 4919 2926 4990 quod
2939 4916 3336 4974 ecclesiastica
3356 4919 3744 4977 consuetudo

2077 5008 2348 5062 retentat.
2376 5027 2404 5053 »

2145 5091 2353 5150 Omnia
2381 5091 2716 5164 praejudicia
2745 5094 2971 5167 exigere
2984 5094 3275 5163 videntur,
3308 5099 3586 5153 utcanon
3627 5096 3746 5154 iste

2077 5181 2395 5254 explicetur
2418 5182 2488 5237 de
2518 5198 2666 5254 pane
2697 5182 3127 5240 infermentato.
3160 5183 3357 5240 Primo
3388 5185 3557 5255 quod
3588 5190 3748 5242 vete-

2078 5269 2516 5326 resMozarabes
2538 5285 2640 5325 seu
2661 5270 2832 5326 Gothi
2880 5273 2939 5328 in
2990 5272 3290 5345 Hispaniis
3329 5289 3467 5328 cum
3521 5274 3746 5330 Arabi-

2079 5360 2191 5414 bus
2219 5358 2490 5428 degentes
2515 5359 2690 5430 (quod
2727 5359 2902 5415 etiam
2950 5360 3021 5416 de
3068 5361 3476 5434 superioribus
3526 5362 3749 5419 Gothis

2081 5446 2344 5518 ejusdem
2377 5445 2536 5518 regni
2568 5445 2772 5502 incolis
2794 5446 3230 5522 dicendum),ab
3245 5450 3495 5522 antiquo
3509 5450 3748 5525 azymis

2081 5533 2141 5588 in
2164 5531 2446 5588 sacriﬁcio
2468 5533 2800 5589 utebantur.
2827 5534 3045 5592 Deinde
3071 5533 3225 5608 quod
3255 5543 3500 5594 centum
3558 5540 3745 5598 annis

2086 5623 2220 5702 post
2259 5617 2573 5681 concilium
2629 5617 2975 5684 Toletanum
3029 5640 3164 5686 cum
3205 5625 3340 5688 aliis
3376 5627 3618 5694 Latinis
3683 5629 3748 5694 in
