3864 6382
220 424 373 489 125⁸7

1190 424 1649 491 MABILLONII
1694 425 2164 503 DISQUISITIO
2210 428 2312 495 DE
2353 434 2649 500 AZYMO.

3458 439 3615 503 1258

216 577 419 635 azymo
450 560 888 625 conveniebant,
922 564 985 615 ut
1012 566 1212 633 postea
1242 563 1675 619 demonstrabo.
1709 564 1862 619 Praz-
1893 568 1948 633 Α
1980 583 2189 637 panem
2222 570 2540 626 candidum
2572 588 2689 643 pra:
2721 571 3169 641 communi,non
3196 586 3616 643 repugno,nam

216 657 372 707 terea
402 651 553 723 quod
585 667 652 705 ex
703 650 985 721 opusculo
1034 650 1325 705 Eldefonsi
1371 653 1627 724 episcopi
1680 654 1861 723 perfe-

214 744 375 797 ctum
410 741 507 807 sit,
538 740 810 796 eumdem
845 756 1018 794 usum
1050 756 1202 795 anno
1242 743 1345 795 845
1392 742 1646 813 viguisse
1706 743 1859 814 apud

216 831 524 903 Hispanos.

286 923 354 976 At
386 937 501 975 non
536 920 731 974 minus
755 920 943 974 favent
965 918 1138 973 verba
1162 919 1286 989 ipsa
1308 918 1627 975 concilii.In
1656 920 1858 992 primis

211 1010 503 1081 siquidem
538 1009 705 1081 panis
745 1008 1189 1073 eucharisticus,
1245 1014 1307 1061 ut
1353 1008 1688 1079 patet,alius
1736 1014 1858 1063 tum

212 1101 285 1155 ab
315 1116 381 1153 eo
413 1114 541 1153 esse
571 1098 819 1152 debebat
850 1098 947 1167 qui
1001 1097 1205 1150 usibus
1258 1114 1470 1150 mensa:
1527 1098 1856 1152 communis

214 1194 453 1261 paratus
482 1192 623 1251 erat,
658 1186 831 1249 alius,
867 1184 1129 1255 inquam,
1178 1188 1250 1239 ab
1291 1185 1657 1251 usitato.Qua
1684 1187 1860 1257 igitur

212 1278 435 1334 ratione
466 1276 819 1330 Sirmundus
851 1274 1025 1328 infert
1054 1292 1121 1328 ex
1152 1274 1477 1339 Ambrosio,
1512 1275 1611 1345 qui
1646 1292 1853 1346 panem

211 1366 665 1423 eucharisticuin
702 1367 961 1418 usitatum
993 1370 1314 1425 vocat,eum
1338 1365 1517 1417 fuisse
1545 1365 1853 1419 fermenta—

212 1461 340 1512 tum
380 1456 582 1511 eadem
631 1470 863 1525 quoque
906 1469 1011 1522 ego
1059 1452 1243 1506 infero
1292 1452 1488 1506 Patres
1546 1452 1855 1507 Toletanos

212 1547 513 1601 censuisse
529 1560 735 1615 panem
761 1560 990 1597 sacrum
1014 1542 1193 1596 alium
1218 1560 1343 1596 esse
1367 1547 1629 1612 oportere
1653 1544 1723 1597 ab
1745 1542 1859 1598 usi-

212 1639 355 1701 tato,
390 1634 445 1689 id
477 1638 565 1689 est
614 1650 648 1688 a
696 1632 1064 1687 fermentato.
1117 1631 1506 1699 Expendenda
1552 1636 1689 1686 sunt
1736 1632 1854 1686 Sir-

210 1722 417 1778 mundi
449 1722 642 1784 verba,
686 1721 783 1791 qui
834 1719 1011 1774 relato
1059 1719 1348 1773 Ambrosii
1398 1720 1729 1775 testimonio
1788 1737 1857 1775 ex

210 1811 313 1867 lib.
348 1830 423 1877 1v,
457 1811 525 1865 de
559 1810 951 1864 Sacramentis
984 1825 1109 1879 cap.
1145 1810 1195 1868 4.
1242 1809 1337 1862 ubi
1391 1808 1640 1864 dicitur:
1696 1832 1722 1859 α
1768 1812 1854 1865 Tu

209 1901 355 1956 forte
385 1900 565 1954 dicis:
602 1898 764 1953 Meus
811 1896 976 1967 panis
1024 1903 1109 1950 est
1162 1897 1434 1962 usitatus,
1486 1902 1619 1963 etc.,
1654 1921 1680 1945 ››
1736 1899 1855 1953 baz-c

209 1990 529 2047 subinfert:
568 2009 595 2036 ‹‹
626 1988 843 2056 Nempe
876 1986 973 2055 qui
1008 1987 1289 2040 usitatum
1325 1987 1665 2057 mensisque
1712 2005 1854 2058 quo-

204 2079 446 2136 tidianis
471 2082 818 2147 usurpatum
842 2092 1051 2146 panem
1082 2075 1243 2141 dicit,
1267 2092 1536 2146 azymum
1571 2077 1724 2131 haud
1749 2078 1855 2131 du-

208 2171 373 2225 bium
406 2186 517 2224 non
553 2167 863 2236 significat.
904 2188 929 2211 ››
964 2165 1131 2233 Ergo,
1165 2181 1230 2218 ex
1279 2166 1579 2219 Sirmundi
1638 2172 1851 2231 mente,

208 2258 313 2332 qui
359 2260 641 2313 usitatum
694 2256 1029 2324 mensisque
1086 2254 1443 2324 quotidianis
1503 2262 1850 2325 usurpatum

210 2364 420 2420 panem
452 2363 486 2402 a
515 2346 797 2400 sacrificio
828 2344 1188 2398 exclundunt
1219 2360 1283 2398 ac
1319 2348 1612 2398 removent
1646 2345 1846 2401 Patres

207 2436 471 2493 Toletani
503 2450 771 2505 azymum
806 2434 960 2487 haud
996 2433 1169 2486 dubie
1202 2431 1553 2501 signiﬁcant.

276 2526 473 2597 Neque
504 2522 930 2593 argumentatio
966 2522 1020 2575 in
1056 2539 1147 2575 me
1181 2522 1361 2589 regeri
1396 2526 1604 2593 potest,
1658 2523 1757 2593 qui
1792 2523 1849 2577 in

206 2632 274 2673 eo
330 2613 623 2670 Ambrosii
674 2612 796 2667 loco
847 2612 1127 2666 usitatum
1181 2626 1388 2680 panem
1450 2627 1560 2665 non
1604 2628 1705 2682 pro
1738 2612 1848 2667 fer-

205 2708 463 2761 mentato
494 2706 843 2771 usurpatum
876 2700 1180 2755 contendo.
1216 2700 1355 2753 Nem
1390 2700 1437 2754 si
1469 2705 1760 2755 constaret
1782 2718 1847 2757 eo

204 2795 265 2849 in
296 2794 421 2849 loco
453 2792 543 2862 agi
577 2790 647 2844 de
679 2788 895 2859 duplici
933 2805 1079 2859 pane
1113 2787 1417 2851 materiali,
1463 2806 1576 2844 uno
1611 2790 1845 2856 usitato,

1973 660 2031 709 et
2082 655 2187 711 hoc
2219 658 2411 728 potius
2459 676 2660 731 azymo
2709 660 2981 715 convenit
3028 678 3205 733 quam
3257 660 3617 719 fermentato.

1972 743 2271 801 Udalricus
2304 747 2359 801 in
2394 747 2567 803 lib.m
2598 749 3109 806 Consuetudinum
3142 749 3617 807 Cluniacensium

1971 850 2096 905 cap.
2134 836 2217 901 13,
2248 852 2425 908 agens
2456 838 2526 893 de
2556 839 2915 894 confectione
2937 839 3268 895 hostiarum
3295 840 3619 898 secundum

1972 939 2190 978 morem
2223 927 2558 981 monasterii
2595 928 2719 983 sui:
2756 952 2783 977 «
2822 928 3619 1001 Conspergunt,inquit,cum

1970 1028 2122 1081 aqua
2154 1014 2527 1085 frigida,quia
2559 1016 2689 1069 inde
2716 1017 2863 1071 ﬁunt
2894 1016 3093 1072 hostiae
3116 1016 3620 1090 candidiores,qui

1971 1102 2116 1155 ritus
2149 1104 2361 1156 servari
2394 1121 2505 1158 non
2542 1108 2734 1176 potest
2766 1105 2822 1159 in
2858 1121 3004 1177 pane
3034 1107 3486 1176 termentato,ad
3522 1124 3619 1162 cu-

1961 1188 2061 1258 jus
2094 1192 2509 1246 confectionem
2547 1211 2700 1263 aqua
2730 1193 2918 1248 calida
2948 1194 3271 1249 necessaria
3303 1198 3411 1250 est.
3438 1194 3613 1250 Panis

1969 1279 2259 1347 ejusmodi
2293 1279 2459 1334 nitidi
2494 1282 2759 1337 meminit
2788 1284 2939 1337 Beda
2969 1283 3227 1338 Historia
3259 1282 3359 1337 lib.
3392 1300 3453 1348 II,
3478 1299 3607 1355 cap.

1965 1368 2019 1421 5.
2055 1367 2197 1421 Nam
2231 1368 2454 1423 Seberti
2486 1369 2797 1423 Christiani
2831 1371 2981 1442 regis
3022 1371 3394 1427 orientalium
3426 1371 3607 1427 Saxo-

1968 1472 2108 1509 num
2162 1457 2261 1511 filii
2308 1461 2423 1512 tres
2458 1458 2791 1526 idololatrae,
2826 1476 2956 1513 cum
2979 1460 3239 1513 viderent
3268 1459 3605 1531 pontiﬁcem

1968 1544 2250 1599 Mellitum
2284 1546 2590 1601 celebratis
2612 1546 2668 1601 in
2695 1547 2950 1602 Ecclesia
2971 1547 3280 1602 Missarum
3304 1542 3610 1603 solemniis

1967 1633 2392 1689 Eucharistiam
2418 1635 2631 1707 populo
2656 1637 2813 1704 dare,
2832 1636 3101 1691 dicebant
3121 1637 3191 1691 ad
3216 1652 3351 1692 eum
3364 1637 3617 1694 barbara

1966 1721 2456 1795 inflatisuperbia:
2486 1750 2510 1771 ››
2535 1725 2721 1787 Quare
2749 1744 2863 1781 non
2888 1726 3127 1781 etnobis
3141 1726 3391 1799 porrigis
3406 1741 3616 1799 panem

1967 1812 2422 1883 nitidum,quem
2445 1819 2500 1869 et
2521 1816 2669 1885 patri
2695 1820 2893 1870 nostro
2918 1816 3068 1871 Saba
3092 1816 3274 1870 dabas
3295 1815 3354 1869 ?»
3382 1816 3488 1871 Ubi
3512 1832 3616 1888 pa-

1966 1918 2097 1956 nem
2130 1902 2379 1956 nitidum
2410 1919 2544 1957 eum
2576 1907 2780 1957 vocant
2810 1904 2908 1975 qui
2934 1909 3141 1975 praeter
3162 1919 3383 1959 morem
3409 1902 3613 1958 candi-

1966 1991 2074 2045 dus
2108 1996 2248 2045 erat.
2284 1992 2406 2045 Non
2448 1997 2639 2047 tamen
2676 2010 2741 2047 eo
2775 1997 2998 2063 spectat
3040 1992 3223 2047 oratio
3255 2009 3405 2058 mea,
3439 1991 3609 2064 quasi

1965 2081 2207 2149 probare
2241 2080 2411 2134 velim
2440 2081 2543 2135 hoc
2576 2083 2811 2135 nomine
2846 2082 3058 2153 ubique
3098 2080 3343 2153 intelligi
3392 2096 3607 2153 panem

1964 2167 2629 2224 infermentatum.Certe
2662 2172 3072 2225 fermentatum
3104 2187 3170 2225 eo
3200 2168 3481 2225 vocabulo
3505 2170 3605 2225 de-

1964 2259 2258 2327 signatum
2292 2257 2417 2329 lego
2449 2258 2505 2312 in
2540 2259 2866 2313 Annalibus
2902 2259 3262 2315 Fudensibus
3286 2259 3358 2313 ad
3382 2273 3606 2315 annum

1962 2348 2085 2403 870.
2118 2346 2333 2401 Verum
2368 2364 2500 2401 cum
2529 2348 2789 2403 Toletani
2822 2348 3019 2403 Patres
3050 2372 3077 2398 ‹‹
3111 2348 3363 2403 nitidum
3390 2363 3604 2419 panem

1962 2441 2256 2507 opponant
2307 2436 2543 2503 usitato,
2578 2436 2944 2509 intelligendi
2996 2442 3134 2493 sunt
3164 2437 3234 2492 de
3287 2452 3435 2509 pane
3476 2454 3607 2509 azy-

1963 2544 2078 2593 mo,
2114 2525 2213 2597 qui
2272 2526 2613 2581 fermentato
2662 2543 2762 2581 seu
2808 2527 3024 2581 usitato
3074 2527 3243 2599 longe
3304 2525 3607 2581 candidior
3668 2544 3687 2567 ι

1962 2619 2067 2669 est.

2028 2703 2219 2758 Tertio
2250 2702 2591 2775 praecipiunt
2633 2708 2832 2759 Patres
2882 2710 2944 2758 ut
2989 2704 3157 2775 panis
3210 2703 3480 2759 sacrificii
3532 2703 3610 2759 sit

1960 2816 1985 2843 ‹‹
2019 2793 2213 2847 studio
2244 2797 2619 2864 prmparatus.
2674 2814 2701 2841 η
2755 2792 3111 2847 Thcodolfus
3164 2791 3606 2849 Aurelianensis

1955 2881 2260 2953 episcopus
2292 2881 2347 2935 in
2374 2879 2720 2951 Capitularis
2771 2886 2879 2935 art.
2915 2884 2984 2936 ὗε
3044 2902 3072 2929 ‹‹
3127 2884 3331 2945 Panes,
3386 2880 3603 2953 inquit,

1958 2988 2102 3043 quos
2135 2971 2250 3025 Deo
2282 2970 2339 3023 in
2374 2969 2723 3024 sacrificium
2757 2970 3001 3035 offertis,
3036 2973 3137 3023 aut
3170 2986 3203 3023 a
3231 2968 3395 3024 vobis
3432 2969 3605 3041 ipsis,

1956 3064 2055 3116 aut
2085 3078 2116 3115 a
2149 3059 2357 3115 vestris
2391 3058 2585 3130 pueris
2616 3075 2813 3113 coram
2843 3057 3008 3112 vobis
3038 3057 3221 3112 nitide
3251 3074 3313 3112 ac
3342 3057 3607 3113 studiose

199 3148 427 3220 corpori
458 3146 669 3202 Christi
704 3145 1107 3215 Opponitur,ac
1142 3144 1381 3214 proinde
1408 3164 1519 3200 non
1542 3148 1688 3201 valet
1710 3165 1841 3203 con—
1955 3150 2117 3203 fiant.
2155 3171 2179 3196 η
2214 3150 2337 3213 Qua
2367 3147 2643 3217 religione
2676 3148 3069 3202 formarentur
3093 3164 3275 3219 panes
3304 3147 3377 3201 ad
3430 3162 3607 3203 usum

200 3238 424 3310 paratio
456 3238 512 3291 in
547 3235 837 3291 sententia
870 3251 998 3287 mea
1028 3251 1041 3299 ;
1074 3233 1222 3287 valet
1253 3240 1449 3288 autem
1480 3236 1532 3288 in
1556 3236 1843 3291 sententia
1891 3306 1919 3310 ᾧ
1955 3236 2223 3293 sacrificii
2257 3237 2410 3308 apud
2436 3236 2751 3291 monachos
2783 3236 3403 3301 Cluniacenses,docet
3435 3234 3609 3291 Udal-

195 3306 497 3383 Qirmundi
531 3325 685 3379 hunc
713 3323 770 3377 in
805 3321 1079 3381 locum.et
1106 3322 1161 3375 in
1190 3340 1314 3375 mea
1346 3341 1447 3393 pro
1466 3341 1683 3378 canone
1707 3342 1839 3380 con-
1879 3306 1921 3372 (ἶ
1959 3328 2112 3382 ricus
2144 3326 2202 3381 in
2236 3326 2336 3380 lib.
2374 3343 2453 3392 ιιι,
2487 3325 3015 3397 cap.13.Siquidem
3052 3326 3445 3379 «frumontum
3469 3340 3606 3396 gra-

200 2883 382 2939 altero
410 2882 607 2936 minus
638 2877 960 2937 communi.
983 2877 1258 2931 usitatum
1294 2894 1499 2947 panem
1522 2895 1721 2949 azymo
1744 2896 1843 2951 op-

201 2973 338 3045 poni
370 2970 521 3025 ultro
553 2968 949 3024 concederem.
984 2971 1059 3020 At
1089 2983 1219 3020 vero
1254 2966 1345 3021 hic
1396 2968 1646 3023 usitatus
1678 2969 1845 3040 panis

201 3078 316 3116 non
352 3059 486 3131 pani
523 3059 717 3111 minus
749 3055 987 3123 usitato,
1022 3056 1120 3109 sed
1156 3055 1285 3125 pani
1321 3058 1741 3121 consecrato,id
1760 3063 1846 3113 est

198 3414 321 3472 cilii
352 3414 635 3479 Toletani,
663 3428 798 3467 cum
830 3411 1138 3481 utrobique
1170 3412 1336 3482 panis
1370 3413 1620 3468 usitatus
1647 3430 1846 3485 azymo

202 3502 417 3575 opponi
442 3502 812 3556 concedatur.

273 3592 540 3647 Secundo
573 3590 768 3645 Patres
790 3588 1051 3645 Toletani
1078 3594 1331 3659 arguunt
1354 3591 1685 3646 sacerdotes
1718 3591 1844 3647 illos

196 3680 547 3752 Hispanicos
578 3680 733 3751 quod
765 3704 791 3727 ‹‹
829 3696 942 3733 non
977 3695 1157 3749 panes
1208 3680 1458 3733 mundos
1488 3702 1513 3727 ››
1548 3681 1841 3748 oﬂ‘errent,

198 3773 329 3826 tum
361 3769 705 3841 praecipiunt
736 3773 797 3821 ut
828 3768 1030 3838 «panis
1058 3767 1280 3821 nitidus
1312 3790 1339 3815 ››
1372 3769 1844 3825 otl‘eratur.Panis

200 3858 483 3923 mundus,
510 3862 681 3930 prout
701 3856 1017 3928 Opponitur
1040 3855 1435 3917 usitato,a1ius
1464 3858 1709 3929 intelligi
1731 3877 1844 3915 non

198 3950 392 4020 potest
439 3963 614 4018 quam
649 3946 819 4017 panis
848 3962 1053 4016 expers
1094 3946 1382 4011 fermenti,
1413 3947 1566 4016 quod
1611 3964 1849 4020 corrup-

200 4036 381 4092 tionis
408 4037 677 4092 efl‘ectum
711 4051 775 4091 ac
807 4034 1139 4106 symbolum
1163 4038 1275 4089 est.
1298 4038 1469 4090 Recte
1486 4035 1641 4091 hunc
1673 4037 1730 4091 in
1764 4037 1847 4093 lo-

197 4141 338 4182 cum
368 4125 726 4182 Humbertus
757 4122 1070 4179 cardinalis
1105 4124 1162 4177 in
1197 4124 1577 4195 responsione
1616 4127 1689 4181 ad
1743 4127 1848 4182 Mi-

199 4214 467 4271 chaelem
488 4214 849 4270 Cerularium
876 4231 888 4268 :
920 4236 941 4262 ι
972 4212 1132 4268 Sicut
1156 4214 1445 4268 sententia
1464 4212 1619 4285 vulgi
1643 4219 1850 4284 exstat,

197 4303 469 4360 fermenti
499 4304 661 4374 origo
690 4304 785 4369 sit,
820 4319 953 4357 cum
982 4307 1083 4357 aut
1116 4318 1326 4372 spuma
1379 4301 1548 4357 multi
1606 4320 1713 4359 seu
1746 4304 1853 4360 faex

203 4393 517 4464 cujusdam
543 4392 771 4448 rusticae
801 4392 1215 4463 potionis,quze
1245 4391 1401 4462 apud
1432 4392 1629 4448 Gallos
1661 4394 1845 4451 cervi-

204 4481 296 4538 sia
324 4482 568 4549 dicitur;
601 4481 684 4537 vel
718 4486 870 4536 certe
894 4482 995 4551 jus
1023 4479 1216 4546 elixati
1251 4480 1450 4535 hordei
1484 4486 1585 4536 aut
1627 4483 1851 4550 ciceris,

204 4570 327 4627 sive
358 4569 444 4627 lac
487 4570 744 4626 ficulnea)
775 4570 862 4624 vel
898 4586 1169 4641 pecorum
1204 4575 1562 4641 corruptum,
1596 4570 1858 4642 injicitur

1959 3415 2139 3470 natim
2169 3414 2415 3469 electum
2454 3435 2480 3461 ››
2513 3429 2725 3483 magna
2756 3430 2887 3467 cum
2914 3413 3231 3467 reverentia
3252 3428 3285 3465 a
3306 3411 3597 3468 monacho

1956 3504 2103 3559 albis
2134 3504 2339 3558 induto
2361 3502 2431 3556 ad
2456 3502 2795 3555 fariniarum
2815 3500 3070 3556 delatum
3100 3500 3597 3557 molebatur-Tum

1954 3594 2205 3649 cribrata
2236 3590 2413 3646 simili
2446 3590 2559 3645 ritu
2594 3589 2798 3655 farina,
2834 3613 2860 3637 ‹‹
2915 3605 3049 3644 cum
3104 3606 3257 3660 aqua
3314 3589 3529 3662 frigida
3561 3580 3611 3639 »⁸

1956 3681 2469 3754 conspergebatur.
2508 3679 2717 3733 Deinde
2756 3678 3176 3733 ferramentum
3208 3680 3267 3732 in
3327 3694 3443 3750 quo
3503 3695 3599 3735 c0-

1958 3772 2201 3843 quendze
2258 3773 2423 3824 erant
2472 3767 2670 3822 hostia:
2721 3768 2953 3821 tenebat
3002 3784 3337 3834 conversus,
3389 3784 3604 3823 manus

1958 3860 2266 3917 chirotecis
2300 3858 2533 3913 indutas
2564 3857 3007 3928 habens.Longe
3031 3861 3161 3910 ante
3182 3856 3599 3913 Cluniacenses

1958 3950 2167 4005 hostiae
2198 3972 2222 3997 ‹‹
2255 3964 2386 4003 cum
2418 3946 2590 4002 laude
2611 3944 2946 4017 psalmodiae
2966 3967 2993 3993 ››
3024 3945 3426 4000 formebantur
3446 3944 3605 4016 apud

1964 4038 2405 4111 Andaginenses
2438 4019 2536 4090 seu
2572 4034 2815 4090 cmnobii
2847 4035 3033 4090 sancti
3065 4033 3339 4089 Hucberti
3389 4034 3446 4089 in
3499 4038 3609 4088 Ar-

1963 4129 2200 4184 duenna
2232 4124 2573 4192 monachos,
2610 4125 2693 4178 uti
2727 4123 2939 4194 legitur
2960 4124 3019 4178 in
3042 4122 3189 4178 libro
3215 4123 3286 4178 de
3312 4121 3609 4178 Miraculis

1963 4217 2153 4273 sancti
2186 4214 2461 4270 Hucberti
2507 4214 2871 4285 Tungrensis
2921 4212 3177 4286 episc0pi
3229 4230 3355 4284 cap.
3406 4213 3461 4281 8,
3513 4211 3615 4268 ubi

1962 4305 2235 4363 monachi
2252 4320 2463 4377 upanes
2480 4303 2603 4359 suis
2624 4303 2899 4357 manibus
2924 4319 3056 4357 cum
3082 4302 3253 4358 laude
3275 4300 3615 4374 psalmodiaa

1967 4397 2247 4450 formatos
2272 4391 2669 4448 accumbenti»
2706 4391 2892 4446 Odoni
2926 4392 3121 4447 comiti
3156 4409 3308 4446 anno
3325 4392 3421 4446 841
3455 4391 3621 4446 obtu-

1966 4485 2103 4540 lisse
2136 4480 2725 4557 perhibentur.Erant
2755 4479 2840 4534 hze
2873 4480 3114 4552 eulogia
3148 4497 3249 4535 seu
3282 4479 3488 4535 hostiae
3515 4480 3616 4534 be-

1967 4574 2364 4644 nedictae,quzs
2397 4568 2644 4641 singulis
2675 4568 2881 4625 diebus
2914 4574 3047 4624 ante
3078 4583 3422 4623 communes
3453 4567 3614 4621 cibos

213 4676 544 4733 conspersae
580 4660 801 4715 farinae.
837 4660 979 4714 Cum
1012 4674 1147 4729 ergo
1179 4674 1408 4729 spuma,
1431 4657 1555 4725 lazx,
1580 4659 1854 4717 elixatum
1892 4679 1937 4744 Ι)
1970 4662 2275 4719 monachis
2309 4677 2422 4715 non
2454 4658 2900 4713 communicatis
2931 4657 2987 4711 in
3039 4656 3341 4713 reiectorio
3387 4654 3610 4727 praebe-

202 4748 572 4822 leguminum
597 4753 652 4803 et
674 4748 761 4803 lac
780 4748 922 4802 ficus
944 4746 1029 4801 vel
1054 4763 1327 4819 pecorum
1350 4752 1686 4819 corruptum
1707 4751 1859 4822 apud

200 4824 473 4893 homines
505 4842 927 4909 computantur
968 4836 1114 4889 inter
1143 4836 1401 4903 sordida,
1461 4842 1688 4893 constat
1740 4839 1851 4894 fer-

1974 4755 2211 4820 bantur,
2243 4754 2308 4805 ut
2338 4752 2494 4821 patet
2524 4753 2646 4802 tum
2680 4764 2745 4802 ex
2777 4746 2968 4801 libello
3001 4745 3454 4818 supplici,quem
3488 4759 3615 4799 mo-

1962 4839 2133 4896 nachi
2167 4837 2481 4893 Fuldenses
2514 4834 2713 4891 Carolo
2749 4835 2955 4907 Magno
2987 4838 3386 4907 porrexerunt,
3414 4832 3474 4887 in
3502 4847 3620 4905 quo

205 4930 476 4982 mentum
530 4927 803 4981 sordibus
838 4942 951 4979 non
1000 4940 1194 4979 carere
1243 4941 1344 4996 per
1390 4926 1607 4981 omnia.
1662 4927 1903 4983 Massa"
1970 4929 2335 5001 eulogiarum
2368 4924 2795 4997 perceptionem
2826 4928 3034 4979 vocant
3065 4946 3092 4974 ‹‹
3143 4920 3629 4978 communicatio—

206 5019 404 5072 autem
436 5015 769 5088 cuicunque
801 5016 1149 5069 fermentum
1184 5013 1440 5083 injicitur
1490 5032 1726 5072 necesse
1770 5020 1861 5072 est

207 5105 802 5178 corrumpatur,sicut
821 5103 901 5159 ait
923 5102 1396 5174 sapientissimus
1418 5102 1665 5159 Paulus:
1692 5128 1719 5153 ‹‹
1745 5105 1860 5161 Mo-

210 5194 411 5250 dicum
445 5194 797 5249 fermentum
828 5196 1012 5247 totam
1046 5206 1304 5246 massam
1337 5193 1661 5265 corrumpit
1707 5192 1856 5262 (Gal.

210 5300 266 5353 v,
298 5284 376 5355 9).
414 5306 441 5335 ››
476 5284 695 5340 Eodem
727 5282 915 5338 tendit
942 5280 1191 5352 Algerus
1224 5280 1281 5333 in
1316 5279 1418 5347 lib,
1444 5298 1485 5335 ιι
1538 5283 1609 5336 de
1655 5282 1859 5339 Sacra-

213 5376 414 5429 mento
446 5388 573 5444 cap.
599 5371 688 5427 40.
721 5374 866 5426 Cum
888 5384 1024 5441 ergo
1056 5372 1256 5423 Patres
1287 5366 1549 5423 Toletani
1582 5370 1652 5424 ad
1684 5371 1861 5427 sacri-

210 5459 415 5517 ﬁcium
441 5460 684 5533 exigunt
723 5474 936 5532 panem
987 5482 1014 5508 ‹‹
1057 5457 1345 5513 mundum
1396 5473 1461 5512 ac
1509 5457 1783 5531 nitidum,
1829 5484 1859 5511 ››

210 5550 394 5624 (quod
418 5550 574 5607 idem
607 5548 717 5606 hoc
738 5547 862 5604 loco
892 5547 1087 5604 forsan
1109 5562 1237 5603 esse
1255 5546 1549 5601 videbitur
1566 5553 1858 5606 secretum

205 5638 415 5701 volunt
442 5640 515 5697 ab
542 5639 705 5697 omni
738 5638 910 5695 sorde
939 5641 995 5694 et
1023 5635 1308 5693 fermento
1339 5636 1747 5710 corruptionis.

279 5728 343 5795 Si
372 5732 570 5791 tamen
603 5752 632 5783 ‹‹
665 5727 835 5788 nitidi
869 5749 898 5779 »
929 5726 1101 5802 panis
1131 5724 1383 5805 intelligi
1412 5729 1581 5802 putes
1601 5726 1711 5788 hoc
1729 5727 1861 5793 1000

531 5858 802 5945 Panos;
849 5852 1116 5941 ΒΧΒΙΙΙ,

1972 5035 2106 5074 nem
2142 5016 2305 5071 fracti
2337 5014 2504 5085 panis
2531 5031 2543 5081 ;
2568 5035 2593 5061 ››
2618 5018 2743 5067 tum
2778 5030 2843 5069 ex
2891 5015 3112 5086 synodo
3159 5008 3626 5086 Aquisgranensi

1974 5108 2112 5164 anni
2144 5106 2269 5175 8l7,
2293 5107 2417 5159 tum
2451 5119 2519 5158 ex
2549 5102 2816 5158 Udalrico
2850 5104 2907 5157 in
2939 5104 3041 5158 lib.
3078 5119 3273 5175 u,cap.
3308 5099 3631 5172 38.0uippe

1968 5196 2231 5269 eulogiae,
2266 5209 2367 5249 seu
2401 5191 2570 5264 panis
2592 5192 2956 5260 benedictus,
2983 5208 3053 5248 ex
3074 5193 3277 5249 eodem
3310 5198 3449 5246 tunc
3475 5202 3626 5261 pane

1968 5286 2190 5341 ﬁebant
2218 5298 2331 5355 quo
2372 5281 2621 5336 materia
2669 5282 2964 5350 sacrificii,
2996 5298 3207 5354 nempe
3256 5298 3322 5335 ex
3379 5275 3623 5347 reliquis

1968 5374 2178 5429 hostiis
2207 5387 2321 5427 non
2348 5370 2727 5441 consecratis,
2762 5387 2908 5442 quas
2939 5368 3210 5427 monachi
3248 5367 3318 5423 ad
3367 5364 3619 5421 missam

1967 5462 2290 5519 offerebant
2322 5475 2552 5514 omnes.

2042 5551 2101 5606 Id
2134 5564 2320 5623 genus
2351 5546 2581 5616 oblatae,
2614 5564 2720 5603 seu
2752 5548 2933 5615 oblz'a’,
2969 5564 3083 5603 non
3116 5560 3244 5600 raro
3292 5541 3471 5598 etiam
3525 5541 3625 5600 ἣθ·

1970 5640 2114 5695 bant
2143 5639 2215 5693 ad
2248 5653 2425 5693 usum
2457 5653 2830 5694 communem
2862 5639 3106 5692 testante
3140 5632 3406 5689 Udalrico
3434 5631 3496 5688 in
3516 5629 3621 5688 lib.

1973 5727 2255 5809 1,oap.50,
2284 5725 2388 5786 ubi
2418 5726 2499 5786 ait
2521 5742 2570 5793 ;‹‹
2596 5726 2660 5789 In
2683 5723 3175 5803 Quinquagesima
3195 5720 3383 5783 solere
3407 5718 3627 5807 apponi

3220 5850 3300 5921 40

3220 5923 3302 5939 ιιι-ά
