3864 6392
309 459 461 518 1259

1345 454 1730 518 APPENDIX
1779 455 1880 517 AD
1928 453 2180 518 OPEitA
2232 451 2662 518 HUMBERTI.

3541 451 3698 516 1260

311 605 376 642 ca
405 605 531 658 quae
567 588 624 644 in
659 589 1009 644 ferramento
1029 587 1419 644 characterato
1439 589 1507 642 de
1534 589 1940 658 conspersione
1969 592 2016 657 Α
2051 591 2276 643 tantum
2311 593 2372 642 ut
2401 605 2820 660 nonnunquam
2847 589 2918 644 ab
2947 587 3094 662 ipsis
3123 587 3373 660 publicis
3414 587 3696 660 negotia-

309 675 509 738 farina:
542 677 898 736 tenuissimae
931 677 1101 744 fiunt,
1130 679 1184 730 et
1213 675 1283 730 ab
1317 673 1654 730 hominibus
1676 675 1944 732 Romanae

311 764 548 836 linguae,
581 764 814 820 Nebulae
856 781 889 818 a
937 765 1256 827 nostribus,
1307 763 1518 832 inquit,
1584 763 1954 834 appellantur

311 851 548 907 Oblatas.
578 875 604 901 »
639 853 792 906 Idem
815 855 1119 906 attestatur
1139 850 1516 906 Burchardus
1545 851 1868 907 monachus
1890 852 1948 906 in

307 940 456 995 libro
488 941 556 994 de
591 940 829 996 Casibus
859 939 1194 994 monasterii
1231 939 1426 994 Sancti
1449 939 1617 1006 Galli,
1669 957 1845 1012 agens
1877 942 1945 996 de

311 1029 578 1098 Notperto
611 1027 838 1092 abbate,
874 1027 974 1098 qui
1007 1051 1033 1077 «
1077 1027 1135 1081 in
1159 1027 1526 1083 hebdomade
1572 1029 1853 1100 paschali,
1885 1029 1944 1083 in

311 1115 550 1171 meridie
581 1114 776 1168 vinum
795 1119 852 1169 et
866 1114 1088 1170 oblatas
1111 1115 1234 1170 dari
1261 1116 1616 1170 constituit.»
1643 1117 1721 1170 De
1739 1116 1944 1186 hujus-

309 1202 462 1256 modi
494 1201 700 1256 oblatis
717 1201 1094 1274 intelligenda
1110 1203 1338 1258 videtur
1359 1203 1678 1274 Eginhardi
1700 1204 1944 1275 epistola

307 1289 514 1359 52,qua
543 1289 916 1346 Vicedomino
948 1290 1195 1361 aliisque
1233 1290 1498 1346 fidelibus
1531 1292 1653 1346 suis
1686 1291 1942 1363 praecipit

309 1399 334 1425 ‹‹
357 1380 420 1430 ut
437 1376 696 1448 eulogias
719 1379 1030 1449 praeparari
1055 1379 1272 1433 faciant
1295 1380 1612 1433 secundum
1639 1384 1941 1434 consuetu-

309 1465 526 1532 dinem,
562 1465 712 1520 sicut
747 1465 892 1520 solet
921 1466 1093 1520 homo
1135 1466 1204 1520 ad
1260 1484 1405 1536 opus
1455 1467 1680 1520 Domini
1733 1467 1936 1532 facere,

309 1557 428 1606 tam
462 1552 532 1606 ad
547 1569 692 1623 opus
711 1553 908 1607 domni
931 1553 1198 1608 Ludovici
1215 1571 1386 1625 quam
1401 1554 1739 1626 N.conjugis
1753 1556 1936 1624 ejus.»

312 1639 388 1694 Ex
402 1657 514 1712 quo
537 1645 774 1711 apparet
795 1641 976 1696 oblias
998 1641 1282 1712 ejusmodi
1306 1641 1506 1696 eodem
1533 1641 1701 1696 modo
1723 1641 1936 1696 forma-

309 1731 400 1782 tas
431 1728 610 1783 fuisse
633 1745 804 1800 quam
839 1745 1045 1799 panem
1069 1729 1138 1783 ad
1165 1745 1336 1783 usum
1361 1729 1628 1783 sacrificii
1653 1729 1936 1784 Dominici

309 1817 654 1871 confectum.
691 1821 769 1869 Ac
799 1815 1037 1887 proinde
1089 1819 1345 1886 tempore
1375 1816 1816 1888 Eginhardi,qui
1845 1834 1937 1872 re-

311 1904 626 1975 gnantibus
649 1903 844 1958 Carolo
859 1904 1064 1975 Magno
1079 1905 1320 1974 ejusque
1337 1903 1452 1959 filio
1471 1904 1758 1960 Ludovico
1777 1905 1933 1972 vixit,

307 1991 528 2046 hostias
552 1993 702 2047 intra
725 1993 940 2046 ferrum
964 1991 1424 2047 characteratum
1454 1993 1740 2050 confectas
1765 1998 1938 2065 atque

307 2079 752 2136 infermentatas
783 2080 981 2135 fuisse.

379 2169 578 2240 Itaque
609 2174 673 2224 ut
704 2170 772 2224 ad
805 2170 862 2223 id
893 2169 1046 2223 unde
1079 2169 1378 2240 digressus
1410 2186 1540 2224 sum
1573 2187 1664 2225 me
1693 2172 1936 2225 referam

307 2257 477 2329 longe
507 2263 640 2312 ante
663 2257 1069 2312 Gluniacenses
1101 2257 1360 2312 studiose
1390 2257 1445 2310 id
1501 2263 1588 2312 est
1635 2259 1746 2328 piis
1805 2258 1936 2329 qui-

307 2347 559 2401 busdam
609 2345 818 2402 ritibus
866 2346 1066 2401 hostize
1105 2345 1574 2414 conficiebantur,
1607 2363 1718 2400 non
1747 2346 1936 2400 solum

217 2493 240 2518 ο
311 2436 465 2505 apud
489 2434 822 2501 monachos,
857 2435 954 2489 sed
988 2434 1160 2488 etiam
1193 2434 1346 2504 apud
1381 2433 1708 2500 clericos,ut
1737 2434 1939 2504 praeci-

313 2523 398 2594 pit
426 2523 1236 2593 Theodulf‘usepiscopusjam
1258 2523 1818 2592 laudatus,quihanc
1839 2539 1936 2576 cu-

311 2629 438 2666 ram
465 2613 816 2682 presbyteris
848 2616 946 2664 aut
977 2611 1233 2681 ipsorum
1267 2611 1460 2681 pueris
1500 2627 1600 2665 seu
1655 2612 1938 2665 ministris

311 2699 736 2771 imponitJdein
774 2716 876 2753 suo
909 2705 1164 2769 tempore
1197 2699 1410 2753 factum
1435 2701 1640 2770 probat
1661 2699 1940 2753 Humber-

309 2792 405 2860 tus
436 2788 494 2842 in
528 2786 770 2858 epistola
793 2787 864 2841 ad
889 2787 1226 2842 Michaelcm
1249 2787 1608 2841 Cerularium
1625 2783 1946 2842 hisverbisz'

309 2899 338 2926 «
375 2877 636 2931 Romana
663 2879 718 2930 et
748 2874 1134 2930 Occidentalis
1157 2875 1412 2931 Ecclesia
1436 2893 1468 2930 a
1486 2875 1772 2930 ministris
1789 2875 1938 2930 sacri

313 2963 512 3020 altaris
547 2986 572 3012 »
605 2964 686 3030 (id
717 2969 804 3018 est
833 2968 898 3017 ut
928 2963 1062 3018 alibi
1095 2964 1291 3032 dicit,«
1324 2980 1356 3018 a
1379 2963 1637 3020 diaconis
1654 2979 1787 3018 cum
1806 2963 1938 3018 sub-

313 3051 573 3107 diaconis
605 3053 863 3122 ipsisque
884 3051 1492 3118 sacerdotibus,sacris
1525 3051 1752 3106 amictis
1773 3051 1940 3106 vcsti-

311 3141 445 3212 bus)
477 3141 535 3194 in
563 3139 868 3194 secretario
900 3141 1066 3194 offert
1112 3155 1405 3211 azymum,
1440 3139 1594 3210 quod
1647 3155 1714 3193 ex
1758 3155 1937 3210 grano

313 3228 586 3283 frumenti
604 3234 656 3282 et
675 3227 916 3299 limpida
941 3227 1176 3300 lympha
1193 3227 1366 3282 fuerit
1383 3227 1935 3298 praesaratum.»Ne-

314 3335 425 3390 que
457 3321 647 3372 tamen
679 3319 760 3370 ita
792 3316 908 3371 haec
931 3333 1070 3370 cura
1097 3315 1448 3386 presbyteris
1469 3319 1524 3369 et
1545 3314 1829 3370 ministris
1851 3332 1938 3370 sa-
1969 3305 2010 3370 Ο

315 3407 428 3462 cris
460 3407 822 3477 competebat
851 3405 991 3475 quin
1025 3403 1338 3474 aliquando
1378 3405 1652 3457 matrona:
1701 3403 1806 3474 pice
1838 3420 1940 3458 seu

315 3497 528 3552 devota:
551 3512 697 3566 quas
725 3493 1195 3549 sanctimoniales
1217 3491 1581 3558 vocabant,id
1607 3491 1780 3546 officii
1803 3493 1860 3546 in
1881 3509 1942 3547 se

313 3585 692 3654 susciperent,
727 3585 898 3638 etiam
933 3600 997 3637 eo
1029 3587 1284 3652 tempore
1333 3597 1446 3650 quo
1497 3579 1717 3636 hostias
1767 3581 1939 3635 infer-

310 3679 596 3730 mentatas
626 3673 803 3728 fuisse
833 3671 1268 3728 constant.Nam
1303 3670 1360 3723 in
1389 3668 1534 3724 lib.n
1557 3669 1626 3722 de
1655 3669 1941 3725 Miraculis

307 3763 494 3820 sancti
519 3761 938 3833 Wandegresili
969 3759 1218 3826 abbatis,
1262 3775 1387 3829 cap.
1451 3756 1675 3828 ultimo,
1727 3757 1940 3828 legitur

307 3853 621 3925 quamdam
653 3847 1152 3908 sanctimonialem
1184 3863 1286 3901 seu
1327 3848 1590 3901 devotam
1640 3845 1936 3913 feminam,

307 3960 432 4012 qua:
467 3941 687 3995 meritis
735 3940 918 3994 sancti
961 3935 1068 3990 viri
1113 3952 1262 3990 anno
1311 3937 1408 3988 89f
1463 3939 1668 3990 sanata
1729 3935 1934 4002 fuerat,

309 4053 336 4080 ‹‹
351 4029 571 4085 oblatas
585 4045 729 4098 quas
744 4026 1009 4081 oblatura
1021 4025 1264 4079 Domino
1279 4025 1335 4078 in
1351 4023 1668 4078 crastinum
1684 4029 1806 4078 erat
1818 4025 1935 4078 for-

310 4133 502 4172 messe
530 4134 578 4184 ;››
613 4122 748 4170 tunc
780 4114 1094 4168 accessisse
1126 4113 1194 4166 ad
1227 4111 1476 4182 ignem,«
1502 4119 1558 4166 ct
1581 4113 1793 4167 ferrum
1821 4129 1934 4183 quo

306 4202 711 4276 imprimendae
745 4217 810 4255 ac
835 4199 1217 4270 decoquendae
1242 4205 1400 4254 erant
1419 4199 1621 4254 oblatae
1647 4223 1674 4248 ››
1698 4199 1934 4268 (oblato-

307 4293 462 4348 rium
493 4296 657 4346 vocat
687 4291 902 4344 ferrum
936 4287 1091 4342 istud
1123 4293 1325 4342 auctor
1354 4289 1480 4357 ejus
1513 4289 1808 4358 temporis)
1845 4305 1933 4342 ar-

305 4379 806 4454 ripuisse.Eadem
830 4375 1105 4447 religione
1127 4381 1330 4431 sancta
1343 4376 1714 4446 Radegumlis
1735 4376 1936 4446 regina

307 4471 520 4529 saeculo
553 4474 708 4525 sexto
732 4467 906 4539 (quod
941 4465 1112 4521 etiam
1129 4469 1282 4536 patet
1303 4465 1373 4519 de
1395 4467 1658 4520 matrona
1679 4465 1933 4535 quadam

307 4563 564 4618 Romana
589 4561 646 4614 in
675 4559 806 4614 Vita
836 4555 1094 4626 Gregorii
1127 4553 1341 4625 Magni)
1363 4554 1488 4623 jam
1523 4555 1670 4608 facta
1705 4577 1731 4604 ‹‹
1764 4571 1934 4610 sanc-

2063 679 2251 730 torum
2313 677 2567 732 tabernis
2625 681 2884 749 emptum
2935 693 3146 750 panem
3197 678 3266 733 ad
3323 675 3698 744 Dominicam

2062 781 2326 819 mensam
2395 766 2773 834 transferatis,
2825 781 2996 838 quem
3047 769 3362 822 tractatum
3410 765 3592 820 illotis
3643 767 3702 820 et

2057 852 2308 907 sordidis
2339 854 2611 908 manibus
2643 871 2852 926 negare
2883 871 2996 910 non
3027 855 3290 926 potestis.
3327 876 3355 903 »
3387 853 3536 908 Hinc
3555 867 3696 908 con-

2057 940 2248 995 ficitur
2278 958 2474 1012 azymo
2505 943 2638 1013 pani
2671 942 2922 999 maxime
2969 942 3269 1015 proprium
3300 958 3428 998 esse
3465 945 3534 996 ut
3557 941 3638 996 sit
3669 963 3696 990 ‹‹

2055 1029 2249 1084 studio
2281 1034 2656 1101 praeparatus.
2693 1053 2721 1080 »

2123 1163 2202 1216 Ne
2233 1161 2366 1232 quis
2397 1179 2528 1217 vero
2574 1164 2836 1218 eamdem
2887 1179 3032 1235 pene
3081 1161 3420 1234 religionem
3465 1177 3699 1234 praepa-

2051 1251 2230 1304 rando
2247 1252 2588 1306 f'ermentato
2629 1269 2775 1322 pane
2797 1252 2962 1306 facile
2983 1251 3197 1306 servari
3225 1267 3396 1321 posse
3418 1249 3702 1319 dicat,id-

2051 1355 2161 1408 que
2218 1338 2509 1408 postulare
2565 1340 2762 1395 Patres
2799 1339 3126 1404 Toletanos,
3151 1337 3404 1394 occurrit
3435 1337 3495 1392 id
3529 1338 3698 1410 quod

2049 1430 2253 1494 quarto
2283 1425 2405 1480 loco
2439 1429 2496 1480 in
2528 1443 2728 1480 eorum
2751 1428 2976 1482 decreto
2995 1427 3584 1482 animadvertandum
3607 1429 3704 1480 est

2051 1529 2256 1584 nempe
2287 1516 2438 1584 quod
2473 1537 2500 1563 ‹‹
2535 1532 2744 1586 panem
2777 1517 3212 1586 integrum,non
3241 1519 3436 1570 tamen
3463 1513 3702 1586 grande

2049 1601 2287 1673 aliquid,
2311 1604 2412 1658 sed
2447 1604 2735 1660 modicam
2768 1609 2995 1660 tantum
3027 1604 3280 1660 oblatam
3310 1627 3338 1653 υ
3371 1603 3571 1658 offerri
3595 1617 3702 1658 vo-

2049 1689 2196 1744 lunt.
2231 1691 2332 1746 His
2379 1690 2533 1746 enim
2581 1691 2772 1746 verbis
2827 1691 3062 1747 omnino
3109 1692 3419 1763 designant
3458 1690 3703 1745 oblatas

2051 1778 2228 1832 exiles
2243 1795 2307 1833 ac
2329 1779 2762 1850 tenues,quales
2795 1779 2850 1834 in
2885 1779 3051 1834 ferris
3082 1778 3498 1835 characteratis
3523 1793 3702 1833 com-

2048 1866 2181 1937 poni
2207 1866 2412 1921 solent.
2445 1867 2560 1921 Nec
2589 1873 2752 1922 vacat
2791 1868 2944 1938 quod
2980 1889 3006 1916 «
3057 1867 3349 1939 integrum
3381 1883 3634 1938 panem,
3675 1887 3705 1914 ››

1967 1949 2014 2013 Β
2045 1971 2158 2008 non
2189 1959 2385 2009 tamen
2415 1956 2634 2026 grande
2663 1955 2906 2026 aliquid,
2951 1955 3050 2009 sed
3101 1955 3396 2010 modicum
3449 1959 3702 2009 tantum

2047 2041 2298 2096 oblatam
2330 2042 2582 2114 exigunt.
2619 2043 2701 2097 Ita
2728 2043 2884 2098 enim
2916 2041 3214 2097 declarant
3233 2047 3488 2098 mentem
3517 2059 3709 2098 suam

2046 2145 2160 2184 non
2191 2146 2316 2184 esse
2347 2133 2412 2184 ut
2442 2129 2668 2184 modica
2701 2127 2800 2184 illa
2825 2145 2889 2184 ac
2919 2129 3112 2184 tenuis
3137 2129 3334 2184 oblata
3369 2145 3438 2184 ex
3489 2145 3712 2186 crasso

2045 2234 2194 2288 pane
2223 2218 2646 2289 decerperetur,
2679 2218 2779 2272 sed
2813 2222 2876 2272 ut
2903 2217 2980 2272 sit
3009 2217 3232 2289 integer
3269 2217 3472 2288 panis;
3528 2217 3713 2289 quod

2047 2323 2186 2360 sane
2215 2307 2554 2360 fermentato
2587 2321 2732 2375 pane
2762 2305 3065 2360 convenire
3095 2321 3208 2360 non
3232 2305 3710 2375 potest.Etenim

2046 2394 2144 2464 qui
2175 2394 2456 2448 fermento
2485 2397 2732 2459 constat,
2764 2409 2876 2447 non
2910 2393 3050 2447 adeo
3081 2391 3274 2447 tenuis
3322 2408 3387 2446 ac
3441 2391 3702 2463 gracilis

2047 2482 2246 2536 confici
2281 2481 2444 2548 solet,
2472 2483 2570 2535 sed
2605 2497 2837 2535 crassus
2865 2497 2930 2534 ac
2975 2481 3229 2546 densus;
3265 2479 3409 2534 alias
3459 2481 3702 2536 frustra

2049 2569 2395 2624 fermentum
2423 2569 2974 2639 adhiberetur,quod
2999 2585 3112 2623 non
3131 2567 3242 2622 nisi
3272 2570 3340 2622 ad
3367 2569 3708 2624 inflandam

2049 2665 2105 2712 et
2135 2659 2518 2729 subigendam
2554 2673 2810 2711 massam
2843 2657 3276 2710 commiscetur.
3309 2659 3469 2732 Certe
3501 2655 3708 2712 Hum-

2049 2747 2248 2800 bertus
2277 2761 2345 2799 ex
2375 2761 2439 2798 eo
2471 2745 2624 2815 quod
2659 2742 3162 2815 Hierosolymitani
3195 2760 3310 2798 non
3335 2743 3446 2799 nisi
3481 2747 3708 2802 «tenue

2047 2833 2271 2888 oblatas
2303 2833 2557 2904 integras
2588 2836 2644 2886 et
2672 2849 2847 2888 sanas
2871 2853 2900 2880 »
2923 2832 3380 2898 atferebant,non
3411 2847 3476 2886 eo
3509 2849 3584 2887 ex
3607 2849 3710 2888 so-

2045 2921 2164 2976 lido
2195 2937 2342 2993 pane
2372 2920 2632 2975 lanceola
2663 2937 2766 2990 pro
2795 2925 3124 2975 Graecorum
3157 2935 3318 2974 more
3365 2919 3704 2992 detractas,

2045 3027 2143 3064 eas
2173 3010 2352 3064 fuisse
2381 3025 2611 3080 azymas
2643 3008 2850 3080 probat
2879 3007 2938 3062 in
2953 3008 3416 3080 responsioncad
3437 3007 3710 3064 Michae-

2048 3097 2183 3152 lem.
2203 3097 2455 3167 Denique
2485 3096 2795 3152 concilium
2828 3095 3152 3164 Coiacense,
3178 3095 3332 3168 quod
3363 3112 3518 3151 anno
3549 3097 3708 3154 {088

2046 3185 2388 3242 celebratem
2413 3190 2516 3252 est,
2538 3201 2746 3256 panem
2774 3201 3041 3256 azymum
3074 3201 3188 3240 non
3221 3183 3352 3240 aliis
3380 3184 3576 3240 verbis
3599 3187 3708 3241 de-

2051 3275 2177 3328 finit
2209 3291 2328 3344 cap.
2363 3277 2397 3327 3
2428 3290 2600 3344 quam
2636 3273 2766 3328 istis
2796 3289 2807 3326 :
2834 3295 2862 3320 ‹‹
2901 3273 3102 3327 Hostia
3149 3272 3228 3328 sit
3273 3289 3340 3328 ex
3391 3272 3704 3331 frumento

2049 3379 2193 3418 sana
2222 3367 2277 3416 et
2301 3362 2579 3434 integra.»
2610 3362 2788 3416 Nemo
2821 3377 2935 3416 non
2965 3361 3118 3416 videt
3147 3360 3550 3416 definitioenm
3581 3363 3705 3420 Pa-

2051 3457 2204 3506 trum
2235 3449 2640 3506 Tolctanorum
2673 3449 2958 3521 signatius
2990 3449 3226 3504 omnino
3249 3449 3566 3522 designare
3599 3467 3708 3523 pa-

2051 3555 2182 3593 nem
2203 3553 2470 3609 azymum
2493 3537 2766 3592 omnibus
2801 3536 2915 3592 illis
2947 3535 3565 3608 conditionibus,quas
3599 3555 3708 3594 su-

2049 3627 2242 3698 perius
2273 3625 2783 3697 explicavi,nempe
2811 3629 2876 3679 ut
2905 3624 3073 3696 panis
3103 3623 3254 3678 alius
3285 3625 3360 3678 sit
3377 3641 3561 3695 quam
3587 3627 3705 3698 qui

2047 3737 2076 3762 ‹‹
2109 3713 2313 3768 usibus
2336 3737 2363 3761 »
2387 3729 2602 3768 mensa:
2627 3712 2949 3768 commonis
2973 3734 3000 3762 ‹‹
3033 3715 3390 3782 praeparatus
3411 3717 3602 3782 est,ut
3623 3715 3710 3772 sit

2049 3803 2304 3857 mundus
2335 3817 2398 3856 ac
2431 3801 2671 3866 nitidus,
2705 3801 2898 3856 studio
2929 3804 3324 3870 praeparatus;
3351 3799 3546 3871 panis,
3603 3802 3709 3858 in-

2045 3907 2244 3962 quam,
2277 3889 2518 3961 integer,
2551 3907 2665 3944 non
2697 3895 2890 3944 tamen
2923 3889 3141 3959 grande
3163 3887 3518 3959 aliquid,sed
3561 3907 3704 3946 mo-

2047 3980 2175 4034 dica
2199 3983 2428 4033 tantum
2459 3977 2671 4032 oblata.
2709 3999 2734 4027 ››
2786 3977 2920 4039 Qua;
2966 3993 3104 4030 sane
3147 3976 3463 4047 descriptio
3511 3977 3708 4052 longe

2046 4066 2368 4121 accuratior
2396 4071 2484 4120 est
2515 4065 2585 4119 ad
2617 4064 3042 4136 designandum
3072 4079 3280 4134 panem
3311 4064 3708 4122 intermenta-

2045 4161 2170 4210 tum
2203 4171 2378 4226 quam
2411 4153 2510 4207 illa
2540 4153 2766 4206 concilii
2799 4151 3144 4218 Colacensis,
3167 4153 3338 4221 cujus
3359 4155 3562 4209 tamen
3597 4155 3709 4212 de-

2049 4247 2200 4297 creto
2220 4257 2487 4313 azymum
2519 4257 2729 4312 panem
2763 4239 3087 4312 signiﬁcari
3115 4243 3346 4295 constat
3373 4257 3507 4295 cum
3543 4242 3712 4299 cele-

2045 4331 2274 4384 bratum
2305 4329 2382 4384 sit
2411 4327 2718 4383 consilium
2749 4327 2904 4383 istud
2937 4331 3069 4398 post
3097 4327 3356 4384 schisma
3385 4328 3712 4388 Michaelis

2045 4417 2342 4474 Cerularii.

2115 4553 2184 4607 Et
2217 4557 2410 4607 tamen
2443 4550 2598 4606 hunc
2628 4567 2908 4606 canonem
2941 4549 3170 4606 concilii
3191 4549 3483 4622 Toletani,
3507 4569 3707 4624 quem

306 4649 648 4715 timonialis,
683 4664 840 4702 more
871 4643 1055 4700 sancti
1087 4641 1358 4698 Germani
1391 4643 1447 4695 in
1477 4643 1936 4715 Quadragesima
1965 4661 2010 4724 D
2040 4657 2239 4713 azymo
2269 4645 2386 4696 tam
2418 4641 2715 4711 signantcr
2744 4640 3044 4694 convenire
3073 4638 3318 4710 ostendi,
3344 4639 3417 4694 ad
3443 4641 3714 4700 fermen-

307 4743 666 4800 frumentum
701 4753 807 4791 sua
839 4749 1014 4788 manu
1039 4729 1504 4797 commolebat,et
1532 4731 1934 4789 exindeuobla-

305 4833 492 4886 tiones
523 4827 647 4882 suis
677 4823 948 4880 manibus
981 4818 1361 4886 faciens,locis
1394 4819 1817 4876 venerabilibus
1848 4821 1932 4876 in—

306 4921 601 4974 cessanter
629 4909 1022 4983 dispensabat,
1057 4912 1200 4962 teste
1231 4907 1511 4962 Venantio
1537 4907 1846 4964 Fortunato
1873 4910 1930 4964 in

305 5005 492 5077 ipsius
523 5003 667 5055 Vita.
700 5005 1022 5054 Germanus
1051 4995 1160 5050 iste
1193 4993 1532 5074 Parisiensis
1564 5001 1686 5052 erat
1716 4997 1936 5067 episco-

307 5110 418 5166 pus
435 5091 532 5161 qui
561 5089 798 5160 proinde
810 5085 982 5141 etiam
997 5083 1282 5153 ejusmodi
1301 5083 1814 5153 operam,molendi
1831 5085 1937 5139 sci-

303 5183 440 5238 licet
460 5181 816 5234 frumentum
847 5173 918 5228 ad
948 5188 1154 5243 panem
1178 5171 1440 5226 sacrificii
1467 5173 1934 5244 componendum

305 5289 420 5328 non
439 5265 862 5338 refugiebat.Ex
889 5261 1097 5332 quibus
1119 5265 1354 5331 apparet
1370 5265 1586 5331 quanta
1602 5259 1932 5331 fueritapud

303 5365 527 5418 veteres
561 5355 792 5411 Latinos
813 5349 1010 5421 religio
1028 5349 1082 5404 in
1101 5349 1358 5421 parando
1380 5347 1762 5402 eucharistico
1789 5365 1935 5419 pane

304 5449 430 5504 Non
464 5445 546 5500 sic
577 5443 728 5514 apud
761 5439 1230 5509 Graecos,quibus
1262 5435 1616 5490 Humbertus
1647 5435 1704 5489 in
1729 5437 1932 5507 praedi-

307 5541 398 5589 cta
429 5531 672 5602 epistola
701 5547 866 5585 suam
901 5527 1162 5597 ipsorum
1203 5523 1311 5578 hac
1343 5523 1400 5576 in
1435 5539 1494 5576 re
1525 5521 1806 5578 incuriam
1837 5541 1930 5578 ex-

309 5621 514 5696 probat
543 5619 600 5672 in
641 5619 794 5674 hunc
825 5617 1116 5672 modum.«
1147 5612 1260 5664 Vos
1284 5610 1799 5696 aliquandopretio
1823 5613 1932 5666 fer-

311 5695 630 5776 mentatum
654 5722 686 5788 ρ,
704 5713 1052 5778 quocunque
1083 5701 1204 5756 viro
1227 5711 1328 5752 seu
1352 5695 1567 5756 femina
1595 5695 1842 5772 habetis,
1874 5699 1933 5756 ni

2045 4733 2230 4784 tatum
2263 4745 2472 4800 panem
2502 4727 2680 4782 trahit
2708 4727 3058 4782 Sirmundus
3089 4726 3181 4782 his
3212 4726 3405 4782 verbis
3431 4743 3445 4783 :
3483 4751 3512 4779 «
3541 4731 3706 4795 Quid

2041 4817 2148 4873 hoc
2171 4817 2404 4871 tandem
2427 4820 2514 4870 0st
2544 4816 2694 4886 quod
2727 4815 2954 4870 concilii
2985 4815 3162 4884 hujus
3189 4815 3488 4872 antistites
3513 4818 3574 4872 in
3601 4819 3707 4878 his

2047 4903 2445 4961 sacerdotibus
2475 4903 2934 4974 reprehendunt?
2963 4906 3048 4956 An
3081 4903 3236 4974 quod
3278 4921 3556 4975 azymum
3593 4923 3708 4980 pa-

2045 5011 2175 5050 nem
2201 5010 2313 5048 non
2345 4989 2790 5047 consecrarent?
2811 4991 3042 5045 Minime
3074 4991 3548 5064 gentium.Atqui
3583 4995 3708 5052 hoc

2045 5085 2176 5137 ante
2208 5079 2403 5134 omnia
2433 5079 2696 5150 redargui
2723 5077 3297 5150 opportuit,siazima
3311 5081 3708 5151 requireban-

2043 5167 2301 5240 tur,quia
2331 5183 2509 5238 panes
2541 5167 2799 5238 ipsorum
2824 5165 3026 5220 usibus
3060 5165 3364 5236 praeparati
3397 5182 3556 5237 quos
3581 5169 3703 5226 im-

2045 5255 2358 5322 molabant,
2393 5255 2578 5326 azymi
2623 5271 2734 5309 non
2787 5257 2967 5318 erant,
3001 5253 3100 5306 sed
3152 5252 3510 5309 fermentati.
3565 5259 3702 5321 Quo

2043 5361 2177 5416 ergo
2201 5343 2433 5398 nomine
2455 5341 2969 5414 reprehunduntur
2990 5339 3158 5410 ‘?quia
3176 5345 3356 5412 panes
3377 5341 3438 5396 hi
3461 5345 3702 5414 quibus

2045 5435 2373 5500 utebantur,
2405 5429 2570 5484 nitidi
2603 5447 2716 5485 non
2749 5434 2912 5484 erant
2941 5444 3046 5482 nec
3075 5429 3280 5500 {studio
3307 5429 3368 5483 in
3399 5445 3533 5486 eam
3567 5451 3706 5490 rem

2043 5519 2248 5592 parati,
2272 5517 2426 5589 quod
2467 5518 2824 5572 consuetudo
2855 5517 3145 5586 poscebat.
3201 5515 3374 5572 Porro
3402 5534 3544 5574 cum
3577 5539 3708 5581 aera

2040 5610 2162 5674 731,
2195 5607 2304 5662 hoc
2335 5609 2423 5660 est
2452 5621 2602 5658 anno
2631 5603 2840 5659 Christi
2870 5603 2975 5658 693
3006 5601 3362 5662 celebratum
3393 5606 3509 5668 hoc
3543 5627 3704 5670 con-

2042 5696 2240 5756 cilium
2271 5692 2478 5752 titulus
2508 5691 2743 5766 doceat;
2779 5691 2910 5780 quis
2939 5689 3074 5752 hinc
3103 5693 3308 5752 confici
3357 5711 3478 5757 non
3529 5699 3706 5770 videt
