  <div class='ocr_page' id='page_1' title='image "/cluster/home/n/w/nwhite01/storage/ocr_20150623/142-143/uc1.31175018423130/137.png"; bbox 0 0 3922 6440; ppageno 0'>
   <div class='ocr_carea' id='block_1_1' title="bbox 251 472 374 534">
    <p class='ocr_par' dir='ltr' id='par_1_1' title="bbox 251 472 374 534">
     <span class='ocr_line' id='line_1_1' title="bbox 251 472 374 534; baseline -0.033 -1"><span class='ocrx_word' id='word_1_1' title='bbox 251 472 374 534; x_wconf 74' lang='grc'><strong>259</strong></span> 
     </span>
    </p>
   </div>
   <div class='ocr_carea' id='block_1_2' title="bbox 1160 459 2768 527">
    <p class='ocr_par' dir='ltr' id='par_1_2' title="bbox 1160 459 2768 527">
     <span class='ocr_line' id='line_1_2' title="bbox 1160 459 2768 527; baseline -0.001 -3"><span class='ocrx_word' id='word_1_2' title='bbox 1160 463 1224 526; x_wconf 89' lang='lat' dir='ltr'><strong>S.</strong></span> <span class='ocrx_word' id='word_1_3' title='bbox 1270 462 1672 527; x_wconf 81' lang='lat' dir='ltr'><strong>BRUNONIS</strong></span> <span class='ocrx_word' id='word_1_4' title='bbox 1717 459 2342 523; x_wconf 80' lang='lat' dir='ltr'><strong>HERBIPOLENSIS</strong></span> <span class='ocrx_word' id='word_1_5' title='bbox 2389 461 2768 525; x_wconf 86' lang='lat' dir='ltr'><strong>EPlSCOPI.</strong></span> 
     </span>
    </p>
   </div>
   <div class='ocr_carea' id='block_1_3' title="bbox 3567 459 3682 522">
    <p class='ocr_par' dir='ltr' id='par_1_3' title="bbox 3567 459 3682 522">
     <span class='ocr_line' id='line_1_3' title="bbox 3567 459 3682 522; baseline 0 0"><span class='ocrx_word' id='word_1_6' title='bbox 3567 459 3682 522; x_wconf 77' lang='lat'><strong>260</strong></span> 
     </span>
    </p>
   </div>
   <div class='ocr_carea' id='block_1_4' title="bbox 254 593 3682 670">
    <p class='ocr_par' dir='ltr' id='par_1_4' title="bbox 254 593 3682 670">
     <span class='ocr_line' id='line_1_4' title="bbox 254 593 3682 670; baseline -0.002 -10"><span class='ocrx_word' id='word_1_7' title='bbox 254 605 419 667; x_wconf 76' lang='lat' dir='ltr'><strong>dixit,</strong></span> <span class='ocrx_word' id='word_1_8' title='bbox 457 606 521 660; x_wconf 89' lang='lat' dir='ltr'><strong>ut</strong></span> <span class='ocrx_word' id='word_1_9' title='bbox 551 601 822 658; x_wconf 65' lang='lat' dir='ltr'><strong>eil‘cctum</strong></span> <span class='ocrx_word' id='word_1_10' title='bbox 857 598 1065 656; x_wconf 87' lang='lat' dir='ltr'><strong>mortis</strong></span> <span class='ocrx_word' id='word_1_11' title='bbox 1107 599 1463 665; x_wconf 73' lang='lat' dir='ltr'><strong>ostenderet,</strong></span> <span class='ocrx_word' id='word_1_12' title='bbox 1491 612 1667 670; x_wconf 87' lang='lat' dir='ltr'><strong>quem</strong></span> <span class='ocrx_word' id='word_1_13' title='bbox 1717 595 1911 653; x_wconf 81' lang='lat' dir='ltr'><strong>crucis</strong></span> <span class='ocrx_word' id='word_1_14' title='bbox 1940 594 1995 664; x_wconf 76' lang='grc' dir='ltr'>Α</span> <span class='ocrx_word' id='word_1_15' title='bbox 2027 612 2400 670; x_wconf 80' lang='lat' dir='ltr'><strong>nequaquam</strong></span> <span class='ocrx_word' id='word_1_16' title='bbox 2433 596 2642 654; x_wconf 81' lang='lat' dir='ltr'><strong>redimi</strong></span> <span class='ocrx_word' id='word_1_17' title='bbox 2693 599 3032 670; x_wconf 89' lang='lat' dir='ltr'><strong>poteramus</strong></span> <span class='ocrx_word' id='word_1_18' title='bbox 3077 594 3330 653; x_wconf 83' lang='lat' dir='ltr'><strong>obnoxii.</strong></span> <span class='ocrx_word' id='word_1_19' title='bbox 3363 595 3488 652; x_wconf 87' lang='lat' dir='ltr'><strong>Non</strong></span> <span class='ocrx_word' id='word_1_20' title='bbox 3529 593 3682 654; x_wconf 88' lang='lat' dir='ltr'><strong>enim</strong></span> 
     </span>
    </p>
   </div>
   <div class='ocr_carea' id='block_1_5' title="bbox 251 685 1912 768">
    <p class='ocr_par' dir='ltr' id='par_1_5' title="bbox 251 685 1912 768">
     <span class='ocr_line' id='line_1_5' title="bbox 251 685 1912 768; baseline -0.005 -19"><span class='ocrx_word' id='word_1_21' title='bbox 251 693 590 768; x_wconf 76' lang='lat' dir='ltr'><strong>dignatione</strong></span> <span class='ocrx_word' id='word_1_22' title='bbox 642 687 922 761; x_wconf 83' lang='lat' dir='ltr'><strong>suscepit.</strong></span> <span class='ocrx_word' id='word_1_23' title='bbox 967 687 1409 760; x_wconf 86' lang='lat' dir='ltr'><strong>Exprobrabant</strong></span> <span class='ocrx_word' id='word_1_24' title='bbox 1454 686 1631 742; x_wconf 89' lang='lat' dir='ltr'><strong>etiam</strong></span> <span class='ocrx_word' id='word_1_25' title='bbox 1689 685 1844 742; x_wconf 81' lang='lat' dir='ltr'><strong>Patri</strong></span> <span class='ocrx_word' id='word_1_26' title='bbox 1897 700 1912 741; x_wconf 89' lang='lat'><strong>:</strong></span> 
     </span>
    </p>
   </div>
   <div class='ocr_carea' id='block_1_6' title="bbox 250 773 1916 850">
    <p class='ocr_par' dir='ltr' id='par_1_6' title="bbox 250 773 1916 850">
     <span class='ocr_line' id='line_1_6' title="bbox 250 773 1916 850; baseline -0.004 -12"><span class='ocrx_word' id='word_1_27' title='bbox 250 799 385 838; x_wconf 85' lang='lat' dir='ltr'><strong>cum</strong></span> <span class='ocrx_word' id='word_1_28' title='bbox 418 779 716 838; x_wconf 80' lang='lat' dir='ltr'><strong>Christum</strong></span> <span class='ocrx_word' id='word_1_29' title='bbox 747 777 1009 835; x_wconf 88' lang='lat' dir='ltr'><strong>dicerent</strong></span> <span class='ocrx_word' id='word_1_30' title='bbox 1033 776 1252 850; x_wconf 87' lang='lat' dir='ltr'><strong>Joseph</strong></span> <span class='ocrx_word' id='word_1_31' title='bbox 1286 775 1434 834; x_wconf 80' lang='lat' dir='ltr'><strong>fabri</strong></span> <span class='ocrx_word' id='word_1_32' title='bbox 1465 792 1595 832; x_wconf 88' lang='lat' dir='ltr'><strong>esse</strong></span> <span class='ocrx_word' id='word_1_33' title='bbox 1620 773 1832 843; x_wconf 90' lang='lat' dir='ltr'><strong>ﬁlium,</strong></span> <span class='ocrx_word' id='word_1_34' title='bbox 1855 777 1916 831; x_wconf 88' lang='lat' dir='ltr'><strong>et</strong></span> 
     </span>
    </p>
   </div>
   <div class='ocr_carea' id='block_1_7' title="bbox 251 863 1913 940">
    <p class='ocr_par' dir='ltr' id='par_1_7' title="bbox 251 863 1913 940">
     <span class='ocr_line' id='line_1_7' title="bbox 251 863 1913 940; baseline -0.005 -10"><span class='ocrx_word' id='word_1_35' title='bbox 251 869 609 930; x_wconf 68' lang='lat' dir='ltr'><strong>daemonium</strong></span> <span class='ocrx_word' id='word_1_36' title='bbox 656 866 842 924; x_wconf 80' lang='lat' dir='ltr'><strong>habes</strong></span> <span class='ocrx_word' id='word_1_37' title='bbox 892 868 1113 939; x_wconf 71' lang='grc' dir='ltr'><strong>(καωι.</strong></span> <span class='ocrx_word' id='word_1_38' title='bbox 1143 869 1290 936; x_wconf 78' lang='lat' dir='ltr'><strong>xui),</strong></span> <span class='ocrx_word' id='word_1_39' title='bbox 1323 864 1705 940; x_wconf 88' lang='lat' dir='ltr'><strong>opprobrium</strong></span> <span class='ocrx_word' id='word_1_40' title='bbox 1753 863 1913 921; x_wconf 88' lang='lat' dir='ltr'><strong>enim</strong></span> 
     </span>
    </p>
   </div>
   <div class='ocr_carea' id='block_1_8' title="bbox 250 953 1222 1024">
    <p class='ocr_par' dir='ltr' id='par_1_8' title="bbox 250 953 1222 1024">
     <span class='ocr_line' id='line_1_8' title="bbox 250 953 1222 1024; baseline -0.007 -6"><span class='ocrx_word' id='word_1_41' title='bbox 250 959 397 1019; x_wconf 84' lang='lat' dir='ltr'><strong>Filio</strong></span> <span class='ocrx_word' id='word_1_42' title='bbox 427 958 676 1024; x_wconf 84' lang='lat' dir='ltr'><strong>dictum,</strong></span> <span class='ocrx_word' id='word_1_43' title='bbox 707 953 858 1013; x_wconf 81' lang='lat' dir='ltr'><strong>redit</strong></span> <span class='ocrx_word' id='word_1_44' title='bbox 885 955 944 1011; x_wconf 91' lang='lat' dir='ltr'><strong>in</strong></span> <span class='ocrx_word' id='word_1_45' title='bbox 968 955 1222 1012; x_wconf 88' lang='lat' dir='ltr'><strong>Patrem.</strong></span> 
     </span>
    </p>
   </div>
   <div class='ocr_carea' id='block_1_9' title="bbox 250 1045 1546 1120">
    <p class='ocr_par' dir='ltr' id='par_1_9' title="bbox 250 1045 1546 1120">
     <span class='ocr_line' id='line_1_9' title="bbox 250 1045 1546 1120; baseline -0.008 -12"><span class='ocrx_word' id='word_1_46' title='bbox 250 1049 320 1108; x_wconf 85' lang='grc'><strong>13</strong></span> <span class='ocrx_word' id='word_1_47' title='bbox 393 1049 458 1104; x_wconf 85' lang='lat' dir='ltr'><strong>Et</strong></span> <span class='ocrx_word' id='word_1_48' title='bbox 485 1047 679 1120; x_wconf 80' lang='lat' dir='ltr'><strong>operui</strong></span> <span class='ocrx_word' id='word_1_49' title='bbox 707 1046 766 1103; x_wconf 90' lang='lat' dir='ltr'><strong>in</strong></span> <span class='ocrx_word' id='word_1_50' title='bbox 791 1045 1008 1118; x_wconf 71' lang='lat' dir='ltr'><strong>jejunio</strong></span> <span class='ocrx_word' id='word_1_51' title='bbox 1037 1045 1288 1102; x_wconf 87' lang='lat' dir='ltr'><strong>animam</strong></span> <span class='ocrx_word' id='word_1_52' title='bbox 1313 1060 1494 1100; x_wconf 86' lang='lat' dir='ltr'><strong>meam</strong></span> <span class='ocrx_word' id='word_1_53' title='bbox 1525 1061 1546 1098; x_wconf 91' lang='lat'><strong><em>:</em></strong></span> 
     </span>
    </p>
   </div>
   <div class='ocr_carea' id='block_1_10' title="bbox 391 1135 1461 1210">
    <p class='ocr_par' dir='ltr' id='par_1_10' title="bbox 391 1135 1461 1210">
     <span class='ocr_line' id='line_1_10' title="bbox 391 1135 1461 1210; baseline -0.004 -17"><span class='ocrx_word' id='word_1_54' title='bbox 391 1138 460 1195; x_wconf 84' lang='lat' dir='ltr'><strong>Et</strong></span> <span class='ocrx_word' id='word_1_55' title='bbox 485 1139 695 1210; x_wconf 63' lang='lat' dir='ltr'><strong>[acum</strong></span> <span class='ocrx_word' id='word_1_56' title='bbox 721 1141 804 1192; x_wconf 84' lang='lat' dir='ltr'><strong>est</strong></span> <span class='ocrx_word' id='word_1_57' title='bbox 831 1137 894 1191; x_wconf 88' lang='lat' dir='ltr'><strong>in</strong></span> <span class='ocrx_word' id='word_1_58' title='bbox 919 1135 1278 1208; x_wconf 76' lang='lat' dir='ltr'><strong>opprobrium</strong></span> <span class='ocrx_word' id='word_1_59' title='bbox 1300 1135 1461 1190; x_wconf 73' lang='lat' dir='ltr'><strong>mihi.</strong></span> 
     </span>
    </p>
   </div>
   <div class='ocr_carea' id='block_1_11' title="bbox 319 1221 1911 1301">
    <p class='ocr_par' dir='ltr' id='par_1_11' title="bbox 319 1221 1911 1301">
     <span class='ocr_line' id='line_1_11' title="bbox 319 1221 1911 1301; baseline -0.005 -16"><span class='ocrx_word' id='word_1_60' title='bbox 319 1227 362 1285; x_wconf 90' lang='lat' dir='ltr'><strong>C</strong></span> <span class='ocrx_word' id='word_1_61' title='bbox 389 1225 635 1301; x_wconf 90' lang='lat' dir='ltr'><strong>Operuit</strong></span> <span class='ocrx_word' id='word_1_62' title='bbox 655 1224 886 1297; x_wconf 82' lang='lat' dir='ltr'><strong>jejunio</strong></span> <span class='ocrx_word' id='word_1_63' title='bbox 915 1223 1349 1297; x_wconf 84' lang='lat' dir='ltr'><strong>animam,quia</strong></span> <span class='ocrx_word' id='word_1_64' title='bbox 1375 1222 1686 1280; x_wconf 90' lang='lat' dir='ltr'><strong>hominum</strong></span> <span class='ocrx_word' id='word_1_65' title='bbox 1707 1221 1911 1290; x_wconf 90' lang='lat' dir='ltr'><strong>ﬁdem,</strong></span> 
     </span>
    </p>
   </div>
   <div class='ocr_carea' id='block_1_12' title="bbox 248 1311 1914 1392">
    <p class='ocr_par' dir='ltr' id='par_1_12' title="bbox 248 1311 1914 1392">
     <span class='ocr_line' id='line_1_12' title="bbox 248 1311 1914 1392; baseline -0.006 -17"><span class='ocrx_word' id='word_1_66' title='bbox 248 1333 428 1392; x_wconf 90' lang='lat' dir='ltr'><strong>quam</strong></span> <span class='ocrx_word' id='word_1_67' title='bbox 456 1315 625 1373; x_wconf 88' lang='lat' dir='ltr'><strong>valde</strong></span> <span class='ocrx_word' id='word_1_68' title='bbox 655 1313 972 1383; x_wconf 85' lang='lat' dir='ltr'><strong>esuriebat,</strong></span> <span class='ocrx_word' id='word_1_69' title='bbox 1006 1312 1255 1370; x_wconf 89' lang='lat' dir='ltr'><strong>minime</strong></span> <span class='ocrx_word' id='word_1_70' title='bbox 1281 1315 1512 1386; x_wconf 73' lang='lat' dir='ltr'><strong>poterat</strong></span> <span class='ocrx_word' id='word_1_71' title='bbox 1539 1311 1823 1379; x_wconf 82' lang='lat' dir='ltr'><strong>invenire,</strong></span> <span class='ocrx_word' id='word_1_72' title='bbox 1856 1314 1914 1367; x_wconf 91' lang='lat' dir='ltr'><strong>et</strong></span> 
     </span>
    </p>
   </div>
   <div class='ocr_carea' id='block_1_13' title="bbox 244 1401 1907 1481">
    <p class='ocr_par' dir='ltr' id='par_1_13' title="bbox 244 1401 1907 1481">
     <span class='ocr_line' id='line_1_13' title="bbox 244 1401 1907 1481; baseline -0.005 -17"><span class='ocrx_word' id='word_1_73' title='bbox 244 1408 375 1464; x_wconf 90' lang='lat' dir='ltr'><strong>ideo</strong></span> <span class='ocrx_word' id='word_1_74' title='bbox 391 1405 559 1481; x_wconf 91' lang='lat' dir='ltr'><strong>quasi</strong></span> <span class='ocrx_word' id='word_1_75' title='bbox 577 1404 774 1478; x_wconf 91' lang='lat' dir='ltr'><strong>aliquo</strong></span> <span class='ocrx_word' id='word_1_76' title='bbox 790 1403 968 1477; x_wconf 85' lang='lat' dir='ltr'><strong>pallio</strong></span> <span class='ocrx_word' id='word_1_77' title='bbox 989 1403 1242 1459; x_wconf 82' lang='lat' dir='ltr'><strong>tristitiae</strong></span> <span class='ocrx_word' id='word_1_78' title='bbox 1259 1401 1624 1458; x_wconf 78' lang='lat' dir='ltr'><strong>circumdedit</strong></span> <span class='ocrx_word' id='word_1_79' title='bbox 1647 1401 1907 1457; x_wconf 89' lang='lat' dir='ltr'><strong>animam</strong></span> 
     </span>
    </p>
   </div>
   <div class='ocr_carea' id='block_1_14' title="bbox 245 1489 1909 1568">
    <p class='ocr_par' dir='ltr' id='par_1_14' title="bbox 245 1489 1909 1568">
     <span class='ocr_line' id='line_1_14' title="bbox 245 1489 1909 1568; baseline -0.005 -14"><span class='ocrx_word' id='word_1_80' title='bbox 245 1514 414 1554; x_wconf 89' lang='lat' dir='ltr'><strong>suam</strong></span> <span class='ocrx_word' id='word_1_81' title='bbox 437 1494 667 1568; x_wconf 86' lang='lat' dir='ltr'><strong>jejunio</strong></span> <span class='ocrx_word' id='word_1_82' title='bbox 697 1493 802 1550; x_wconf 87' lang='lat' dir='ltr'><strong>tali</strong></span> <span class='ocrx_word' id='word_1_83' title='bbox 829 1492 1385 1564; x_wconf 83' lang='lat' dir='ltr'><strong>al&#39;llictam.Semper</strong></span> <span class='ocrx_word' id='word_1_84' title='bbox 1412 1491 1548 1546; x_wconf 92' lang='lat' dir='ltr'><strong>boni</strong></span> <span class='ocrx_word' id='word_1_85' title='bbox 1600 1489 1775 1546; x_wconf 89' lang='lat' dir='ltr'><strong>malis</strong></span> <span class='ocrx_word' id='word_1_86' title='bbox 1805 1506 1909 1562; x_wconf 86' lang='lat' dir='ltr'><strong>op-</strong></span> 
     </span>
    </p>
   </div>
   <div class='ocr_carea' id='block_1_15' title="bbox 245 1577 1909 1660">
    <p class='ocr_par' dir='ltr' id='par_1_15' title="bbox 245 1577 1909 1660">
     <span class='ocr_line' id='line_1_15' title="bbox 245 1577 1909 1660; baseline -0.006 -17"><span class='ocrx_word' id='word_1_87' title='bbox 245 1585 548 1660; x_wconf 89' lang='lat' dir='ltr'><strong>probrium</strong></span> <span class='ocrx_word' id='word_1_88' title='bbox 573 1586 737 1648; x_wconf 86' lang='lat' dir='ltr'><strong>sunt,</strong></span> <span class='ocrx_word' id='word_1_89' title='bbox 769 1581 912 1654; x_wconf 85' lang='lat' dir='ltr'><strong>quia</strong></span> <span class='ocrx_word' id='word_1_90' title='bbox 941 1579 1186 1638; x_wconf 87' lang='lat' dir='ltr'><strong>minime</strong></span> <span class='ocrx_word' id='word_1_91' title='bbox 1213 1596 1418 1636; x_wconf 89' lang='lat' dir='ltr'><strong>eorum</strong></span> <span class='ocrx_word' id='word_1_92' title='bbox 1451 1577 1772 1636; x_wconf 88' lang='lat' dir='ltr'><strong>sceleribus</strong></span> <span class='ocrx_word' id='word_1_93' title='bbox 1811 1594 1909 1634; x_wconf 92' lang='lat' dir='ltr'><strong>ac-</strong></span> 
     </span>
    </p>
   </div>
   <div class='ocr_carea' id='block_1_16' title="bbox 246 1665 1910 1748">
    <p class='ocr_par' dir='ltr' id='par_1_16' title="bbox 246 1665 1910 1748">
     <span class='ocr_line' id='line_1_16' title="bbox 246 1665 1910 1748; baseline -0.005 -16"><span class='ocrx_word' id='word_1_94' title='bbox 246 1675 642 1748; x_wconf 85' lang='lat' dir='ltr'><strong>quieseunt,st</strong></span> <span class='ocrx_word' id='word_1_95' title='bbox 671 1670 791 1730; x_wconf 86' lang='lat' dir='ltr'><strong>illis</strong></span> <span class='ocrx_word' id='word_1_96' title='bbox 819 1670 1082 1727; x_wconf 88' lang='lat' dir='ltr'><strong>studiose</strong></span> <span class='ocrx_word' id='word_1_97' title='bbox 1114 1668 1452 1732; x_wconf 82' lang='lat' dir='ltr'><strong>detrahunt,</strong></span> <span class='ocrx_word' id='word_1_98' title='bbox 1486 1668 1703 1742; x_wconf 78' lang='lat' dir='ltr'><strong>quibus</strong></span> <span class='ocrx_word' id='word_1_99' title='bbox 1743 1665 1910 1726; x_wconf 88' lang='lat' dir='ltr'><strong>nulla</strong></span> 
     </span>
    </p>
   </div>
   <div class='ocr_carea' id='block_1_17' title="bbox 244 1762 904 1834">
    <p class='ocr_par' dir='ltr' id='par_1_17' title="bbox 244 1762 904 1834">
     <span class='ocr_line' id='line_1_17' title="bbox 244 1762 904 1834; baseline -0.014 -11"><span class='ocrx_word' id='word_1_100' title='bbox 244 1765 520 1824; x_wconf 76' lang='lat' dir='ltr'><strong>societate</strong></span> <span class='ocrx_word' id='word_1_101' title='bbox 540 1762 904 1834; x_wconf 66' lang='lat' dir='ltr'><strong>junguntur.</strong></span> 
     </span>
    </p>
   </div>
   <div class='ocr_carea' id='block_1_18' title="bbox 246 1847 1583 1924">
    <p class='ocr_par' dir='ltr' id='par_1_18' title="bbox 246 1847 1583 1924">
     <span class='ocr_line' id='line_1_18' title="bbox 246 1847 1583 1924; baseline -0.006 -13"><span class='ocrx_word' id='word_1_102' title='bbox 246 1855 318 1910; x_wconf 69' lang='grc'><strong>14</strong></span> <span class='ocrx_word' id='word_1_103' title='bbox 386 1853 456 1910; x_wconf 79' lang='lat' dir='ltr'><strong>Et</strong></span> <span class='ocrx_word' id='word_1_104' title='bbox 479 1851 642 1924; x_wconf 86' lang='lat' dir='ltr'><strong>posui</strong></span> <span class='ocrx_word' id='word_1_105' title='bbox 669 1851 1058 1906; x_wconf 75' lang='lat' dir='ltr'><strong>vestimentum</strong></span> <span class='ocrx_word' id='word_1_106' title='bbox 1081 1865 1265 1905; x_wconf 85' lang='lat' dir='ltr'><strong>meum</strong></span> <span class='ocrx_word' id='word_1_107' title='bbox 1292 1847 1542 1904; x_wconf 84' lang='lat' dir='ltr'><strong>cilicium</strong></span> <span class='ocrx_word' id='word_1_108' title='bbox 1566 1864 1583 1902; x_wconf 89' lang='lat'><strong><em>:</em></strong></span> 
     </span>
    </p>
   </div>
   <div class='ocr_carea' id='block_1_19' title="bbox 388 1937 1422 2014">
    <p class='ocr_par' dir='ltr' id='par_1_19' title="bbox 388 1937 1422 2014">
     <span class='ocr_line' id='line_1_19' title="bbox 388 1937 1422 2014; baseline -0.006 -15"><span class='ocrx_word' id='word_1_109' title='bbox 388 1943 454 1999; x_wconf 78' lang='lat' dir='ltr'><strong>Et</strong></span> <span class='ocrx_word' id='word_1_110' title='bbox 480 1943 660 2014; x_wconf 76' lang='lat' dir='ltr'><strong>factus</strong></span> <span class='ocrx_word' id='word_1_111' title='bbox 688 1955 813 1995; x_wconf 71' lang='lat' dir='ltr'><strong>mn</strong></span> <span class='ocrx_word' id='word_1_112' title='bbox 842 1939 958 1994; x_wconf 84' lang='lat' dir='ltr'><strong>illis</strong></span> <span class='ocrx_word' id='word_1_113' title='bbox 988 1939 1049 1994; x_wconf 81' lang='lat' dir='ltr'><strong>in</strong></span> <span class='ocrx_word' id='word_1_114' title='bbox 1073 1937 1422 2010; x_wconf 84' lang='lat' dir='ltr'><strong>parabolam.</strong></span> 
     </span>
    </p>
   </div>
   <div class='ocr_carea' id='block_1_20' title="bbox 316 2024 1903 2100">
    <p class='ocr_par' dir='ltr' id='par_1_20' title="bbox 316 2024 1903 2100">
     <span class='ocr_line' id='line_1_20' title="bbox 316 2024 1903 2100; baseline -0.008 -9"><span class='ocrx_word' id='word_1_115' title='bbox 316 2031 360 2090; x_wconf 89' lang='lat' dir='ltr'><strong>C</strong></span> <span class='ocrx_word' id='word_1_116' title='bbox 384 2031 492 2090; x_wconf 80' lang='lat' dir='ltr'><strong>Per</strong></span> <span class='ocrx_word' id='word_1_117' title='bbox 517 2027 780 2087; x_wconf 85' lang='lat' dir='ltr'><strong>cilicium</strong></span> <span class='ocrx_word' id='word_1_118' title='bbox 810 2027 1056 2088; x_wconf 82' lang='lat' dir='ltr'><strong>tristitia</strong></span> <span class='ocrx_word' id='word_1_119' title='bbox 1091 2026 1462 2100; x_wconf 88' lang='lat' dir='ltr'><strong>signiﬁcatur</strong></span> <span class='ocrx_word' id='word_1_120' title='bbox 1505 2029 1566 2082; x_wconf 89' lang='lat' dir='ltr'><strong>et</strong></span> <span class='ocrx_word' id='word_1_121' title='bbox 1614 2024 1903 2098; x_wconf 67' lang='lat' dir='ltr'><strong>lacrymaa,</strong></span> 
     </span>
    </p>
   </div>
   <div class='ocr_carea' id='block_1_21' title="bbox 245 2112 1907 2197">
    <p class='ocr_par' dir='ltr' id='par_1_21' title="bbox 245 2112 1907 2197">
     <span class='ocr_line' id='line_1_21' title="bbox 245 2112 1907 2197; baseline -0.007 -17"><span class='ocrx_word' id='word_1_122' title='bbox 245 2121 482 2197; x_wconf 79' lang='lat' dir='ltr'><strong>quando</strong></span> <span class='ocrx_word' id='word_1_123' title='bbox 509 2118 798 2178; x_wconf 88' lang='lat' dir='ltr'><strong>Dominus</strong></span> <span class='ocrx_word' id='word_1_124' title='bbox 827 2117 1073 2176; x_wconf 80' lang='lat' dir='ltr'><strong>humani</strong></span> <span class='ocrx_word' id='word_1_125' title='bbox 1103 2112 1757 2190; x_wconf 85' lang='lat' dir='ltr'><strong>generisimbecillitate</strong></span> <span class='ocrx_word' id='word_1_126' title='bbox 1773 2131 1907 2187; x_wconf 86' lang='lat' dir='ltr'><strong>per-</strong></span> 
     </span>
    </p>
   </div>
   <div class='ocr_carea' id='block_1_22' title="bbox 246 2203 1903 2278">
    <p class='ocr_par' dir='ltr' id='par_1_22' title="bbox 246 2203 1903 2278">
     <span class='ocr_line' id='line_1_22' title="bbox 246 2203 1903 2278; baseline -0.005 -10"><span class='ocrx_word' id='word_1_127' title='bbox 246 2214 466 2277; x_wconf 68' lang='lat' dir='ltr'><strong>motus,</strong></span> <span class='ocrx_word' id='word_1_128' title='bbox 515 2207 912 2266; x_wconf 81' lang='lat' dir='ltr'><strong>suscitaturus</strong></span> <span class='ocrx_word' id='word_1_129' title='bbox 961 2209 1241 2262; x_wconf 71' lang='lat' dir='ltr'><strong>Lazarum</strong></span> <span class='ocrx_word' id='word_1_130' title='bbox 1291 2205 1446 2262; x_wconf 86' lang='lat' dir='ltr'><strong>flevit</strong></span> <span class='ocrx_word' id='word_1_131' title='bbox 1477 2205 1653 2278; x_wconf 74' lang='lat' dir='ltr'><strong>(Joan.</strong></span> <span class='ocrx_word' id='word_1_132' title='bbox 1687 2206 1790 2273; x_wconf 74' lang='grc' dir='ltr'><strong>χι),</strong></span> <span class='ocrx_word' id='word_1_133' title='bbox 1817 2203 1903 2260; x_wconf 88' lang='lat' dir='ltr'><strong>di-</strong></span> 
     </span>
    </p>
   </div>
   <div class='ocr_carea' id='block_1_23' title="bbox 241 2293 1904 2370">
    <p class='ocr_par' dir='ltr' id='par_1_23' title="bbox 241 2293 1904 2370">
     <span class='ocr_line' id='line_1_23' title="bbox 241 2293 1904 2370; baseline -0.005 -11"><span class='ocrx_word' id='word_1_134' title='bbox 241 2296 746 2360; x_wconf 73' lang='lat' dir='ltr'><strong>centibusludieia</strong></span> <span class='ocrx_word' id='word_1_135' title='bbox 767 2314 782 2354; x_wconf 88' lang='lat'><strong>:</strong></span> <span class='ocrx_word' id='word_1_136' title='bbox 806 2296 950 2354; x_wconf 83' lang='lat' dir='ltr'><strong>Ecce</strong></span> <span class='ocrx_word' id='word_1_137' title='bbox 972 2295 1511 2370; x_wconf 87' lang='lat' dir='ltr'><strong>quomodoamabat</strong></span> <span class='ocrx_word' id='word_1_138' title='bbox 1527 2293 1904 2350; x_wconf 81' lang='lat' dir='ltr'><strong>eum.Factus</strong></span> 
     </span>
    </p>
   </div>
   <div class='ocr_carea' id='block_1_24' title="bbox 243 2382 1906 2463">
    <p class='ocr_par' dir='ltr' id='par_1_24' title="bbox 243 2382 1906 2463">
     <span class='ocr_line' id='line_1_24' title="bbox 243 2382 1906 2463; baseline -0.006 -15"><span class='ocrx_word' id='word_1_139' title='bbox 243 2395 335 2448; x_wconf 89' lang='lat' dir='ltr'><strong>est</strong></span> <span class='ocrx_word' id='word_1_140' title='bbox 362 2404 596 2463; x_wconf 90' lang='lat' dir='ltr'><strong>quoque</strong></span> <span class='ocrx_word' id='word_1_141' title='bbox 623 2386 842 2443; x_wconf 68' lang='lat' dir='ltr'><strong>Judaeis</strong></span> <span class='ocrx_word' id='word_1_142' title='bbox 873 2385 934 2441; x_wconf 90' lang='lat' dir='ltr'><strong>in</strong></span> <span class='ocrx_word' id='word_1_143' title='bbox 965 2382 1326 2458; x_wconf 86' lang='lat' dir='ltr'><strong>parabolam,</strong></span> <span class='ocrx_word' id='word_1_144' title='bbox 1351 2383 1586 2455; x_wconf 80' lang='lat' dir='ltr'><strong>quando</strong></span> <span class='ocrx_word' id='word_1_145' title='bbox 1617 2399 1720 2456; x_wconf 88' lang='lat' dir='ltr'><strong>per</strong></span> <span class='ocrx_word' id='word_1_146' title='bbox 1742 2383 1906 2440; x_wconf 82' lang='lat' dir='ltr'><strong>simi-</strong></span> 
     </span>
    </p>
   </div>
   <div class='ocr_carea' id='block_1_25' title="bbox 242 2471 1906 2551">
    <p class='ocr_par' dir='ltr' id='par_1_25' title="bbox 242 2471 1906 2551">
     <span class='ocr_line' id='line_1_25' title="bbox 242 2471 1906 2551; baseline -0.007 -14"><span class='ocrx_word' id='word_1_147' title='bbox 242 2479 524 2537; x_wconf 90' lang='lat' dir='ltr'><strong>litudines</strong></span> <span class='ocrx_word' id='word_1_148' title='bbox 553 2476 835 2551; x_wconf 86' lang='lat' dir='ltr'><strong>quasdam</strong></span> <span class='ocrx_word' id='word_1_149' title='bbox 868 2473 1164 2532; x_wconf 82' lang='lat' dir='ltr'><strong>carnalem</strong></span> <span class='ocrx_word' id='word_1_150' title='bbox 1196 2472 1481 2547; x_wconf 82' lang='lat' dir='ltr'><strong>populum</strong></span> <span class='ocrx_word' id='word_1_151' title='bbox 1511 2473 1720 2532; x_wconf 78' lang='lat' dir='ltr'><strong>docere</strong></span> <span class='ocrx_word' id='word_1_152' title='bbox 1749 2471 1906 2528; x_wconf 86' lang='lat' dir='ltr'><strong>vide-</strong></span> 
     </span>
    </p>
   </div>
   <div class='ocr_carea' id='block_1_26' title="bbox 242 2561 1910 2638">
    <p class='ocr_par' dir='ltr' id='par_1_26' title="bbox 242 2561 1910 2638">
     <span class='ocr_line' id='line_1_26' title="bbox 242 2561 1910 2638; baseline -0.005 -12"><span class='ocrx_word' id='word_1_153' title='bbox 242 2570 418 2626; x_wconf 82' lang='lat' dir='ltr'><strong>batur</strong></span> <span class='ocrx_word' id='word_1_154' title='bbox 449 2586 462 2626; x_wconf 90' lang='lat'><strong>:</strong></span> <span class='ocrx_word' id='word_1_155' title='bbox 497 2567 649 2624; x_wconf 87' lang='lat' dir='ltr'><strong>sicut</strong></span> <span class='ocrx_word' id='word_1_156' title='bbox 679 2566 738 2622; x_wconf 91' lang='lat' dir='ltr'><strong>in</strong></span> <span class='ocrx_word' id='word_1_157' title='bbox 768 2563 1079 2638; x_wconf 86' lang='lat' dir='ltr'><strong>Evangelio</strong></span> <span class='ocrx_word' id='word_1_158' title='bbox 1111 2561 1348 2636; x_wconf 83' lang='lat' dir='ltr'><strong>legitur,</strong></span> <span class='ocrx_word' id='word_1_159' title='bbox 1372 2561 1517 2618; x_wconf 83' lang='lat' dir='ltr'><strong>dixit</strong></span> <span class='ocrx_word' id='word_1_160' title='bbox 1543 2563 1722 2619; x_wconf 84' lang='lat' dir='ltr'><strong>Jesus</strong></span> <span class='ocrx_word' id='word_1_161' title='bbox 1739 2579 1910 2635; x_wconf 85' lang='lat' dir='ltr'><strong>para-</strong></span> 
     </span>
    </p>
   </div>
   <div class='ocr_carea' id='block_1_27' title="bbox 241 2651 1902 2724">
    <p class='ocr_par' dir='ltr' id='par_1_27' title="bbox 241 2651 1902 2724">
     <span class='ocr_line' id='line_1_27' title="bbox 241 2651 1902 2724; baseline -0.005 -7"><span class='ocrx_word' id='word_1_162' title='bbox 241 2658 438 2717; x_wconf 89' lang='lat' dir='ltr'><strong>bolam</strong></span> <span class='ocrx_word' id='word_1_163' title='bbox 506 2656 580 2714; x_wconf 88' lang='lat' dir='ltr'><strong>ad</strong></span> <span class='ocrx_word' id='word_1_164' title='bbox 637 2655 892 2711; x_wconf 88' lang='lat' dir='ltr'><strong>turbam.</strong></span> <span class='ocrx_word' id='word_1_165' title='bbox 951 2654 1054 2710; x_wconf 87' lang='lat' dir='ltr'><strong>Est</strong></span> <span class='ocrx_word' id='word_1_166' title='bbox 1117 2657 1314 2709; x_wconf 90' lang='lat' dir='ltr'><strong>autem</strong></span> <span class='ocrx_word' id='word_1_167' title='bbox 1374 2651 1654 2724; x_wconf 90' lang='lat' dir='ltr'><strong>parabola</strong></span> <span class='ocrx_word' id='word_1_168' title='bbox 1689 2655 1902 2708; x_wconf 90' lang='lat' dir='ltr'><strong>natura</strong></span> 
     </span>
    </p>
   </div>
   <div class='ocr_carea' id='block_1_28' title="bbox 239 2739 1897 2820">
    <p class='ocr_par' dir='ltr' id='par_1_28' title="bbox 239 2739 1897 2820">
     <span class='ocr_line' id='line_1_28' title="bbox 239 2739 1897 2820; baseline -0.005 -15"><span class='ocrx_word' id='word_1_169' title='bbox 239 2745 708 2820; x_wconf 89' lang='lat' dir='ltr'><strong>discrepantium</strong></span> <span class='ocrx_word' id='word_1_170' title='bbox 740 2759 958 2811; x_wconf 89' lang='lat' dir='ltr'><strong>rerum,</strong></span> <span class='ocrx_word' id='word_1_171' title='bbox 991 2742 1103 2798; x_wconf 89' lang='lat' dir='ltr'><strong>sub</strong></span> <span class='ocrx_word' id='word_1_172' title='bbox 1133 2739 1332 2814; x_wconf 90' lang='lat' dir='ltr'><strong>aliqua</strong></span> <span class='ocrx_word' id='word_1_173' title='bbox 1362 2739 1749 2796; x_wconf 87' lang='lat' dir='ltr'><strong>similitudine</strong></span> <span class='ocrx_word' id='word_1_174' title='bbox 1779 2740 1897 2796; x_wconf 85' lang='lat' dir='ltr'><strong>fac-</strong></span> 
     </span>
    </p>
   </div>
   <div class='ocr_carea' id='block_1_29' title="bbox 235 2829 1898 2910">
    <p class='ocr_par' dir='ltr' id='par_1_29' title="bbox 235 2829 1898 2910">
     <span class='ocr_line' id='line_1_29' title="bbox 235 2829 1898 2910; baseline -0.007 -15"><span class='ocrx_word' id='word_1_175' title='bbox 235 2840 300 2895; x_wconf 87' lang='lat' dir='ltr'><strong>ta</strong></span> <span class='ocrx_word' id='word_1_176' title='bbox 327 2832 848 2910; x_wconf 71' lang='lat' dir='ltr'><strong>comparationeo</strong></span> <span class='ocrx_word' id='word_1_177' title='bbox 876 2848 1010 2888; x_wconf 88' lang='lat' dir='ltr'><strong>vero</strong></span> <span class='ocrx_word' id='word_1_178' title='bbox 1042 2830 1128 2888; x_wconf 88' lang='lat' dir='ltr'><strong>sic</strong></span> <span class='ocrx_word' id='word_1_179' title='bbox 1156 2829 1526 2903; x_wconf 89' lang='lat' dir='ltr'><strong>loquebatur,</strong></span> <span class='ocrx_word' id='word_1_180' title='bbox 1559 2832 1625 2888; x_wconf 92' lang='lat' dir='ltr'><strong>ut</strong></span> <span class='ocrx_word' id='word_1_181' title='bbox 1653 2829 1751 2902; x_wconf 88' lang='lat' dir='ltr'><strong>qui</strong></span> <span class='ocrx_word' id='word_1_182' title='bbox 1780 2846 1898 2884; x_wconf 76' lang='lat' dir='ltr'><strong>cm-</strong></span> 
     </span>
    </p>
   </div>
   <div class='ocr_carea' id='block_1_30' title="bbox 235 2917 1896 2998">
    <p class='ocr_par' dir='ltr' id='par_1_30' title="bbox 235 2917 1896 2998">
     <span class='ocr_line' id='line_1_30' title="bbox 235 2917 1896 2998; baseline -0.005 -16"><span class='ocrx_word' id='word_1_183' title='bbox 235 2925 410 2982; x_wconf 86' lang='lat' dir='ltr'><strong>lestia</strong></span> <span class='ocrx_word' id='word_1_184' title='bbox 438 2939 646 2998; x_wconf 80' lang='lat' dir='ltr'><strong>capere</strong></span> <span class='ocrx_word' id='word_1_185' title='bbox 671 2937 790 2979; x_wconf 86' lang='lat' dir='ltr'><strong>non</strong></span> <span class='ocrx_word' id='word_1_186' title='bbox 822 2925 1111 2995; x_wconf 90' lang='lat' dir='ltr'><strong>poterant,</strong></span> <span class='ocrx_word' id='word_1_187' title='bbox 1127 2937 1232 2994; x_wconf 89' lang='lat' dir='ltr'><strong>per</strong></span> <span class='ocrx_word' id='word_1_188' title='bbox 1261 2924 1520 2977; x_wconf 89' lang='lat' dir='ltr'><strong>terrenas</strong></span> <span class='ocrx_word' id='word_1_189' title='bbox 1552 2917 1896 2976; x_wconf 91' lang='lat' dir='ltr'><strong>similitudi-</strong></span> 
     </span>
    </p>
   </div>
   <div class='ocr_carea' id='block_1_31' title="bbox 233 3012 786 3086">
    <p class='ocr_par' dir='ltr' id='par_1_31' title="bbox 233 3012 786 3086">
     <span class='ocr_line' id='line_1_31' title="bbox 233 3012 786 3086; baseline -0.007 -15"><span class='ocrx_word' id='word_1_190' title='bbox 233 3031 344 3072; x_wconf 87' lang='lat' dir='ltr'><strong>nes</strong></span> <span class='ocrx_word' id='word_1_191' title='bbox 369 3012 786 3086; x_wconf 79' lang='lat' dir='ltr'><strong>intelligerent.</strong></span> 
     </span>
    </p>
   </div>
   <div class='ocr_carea' id='block_1_32' title="bbox 232 3097 1895 3174">
    <p class='ocr_par' dir='ltr' id='par_1_32' title="bbox 232 3097 1895 3174">
     <span class='ocr_line' id='line_1_32' title="bbox 232 3097 1895 3174; baseline -0.004 -13"><span class='ocrx_word' id='word_1_192' title='bbox 232 3104 306 3162; x_wconf 75' lang='grc'><strong>45</strong></span> <span class='ocrx_word' id='word_1_193' title='bbox 376 3103 676 3160; x_wconf 73' lang='lat' dir='ltr'><strong>Adversum</strong></span> <span class='ocrx_word' id='word_1_194' title='bbox 697 3117 784 3158; x_wconf 88' lang='lat' dir='ltr'><strong>me</strong></span> <span class='ocrx_word' id='word_1_195' title='bbox 814 3100 1176 3172; x_wconf 81' lang='lat' dir='ltr'><strong>loquebantur</strong></span> <span class='ocrx_word' id='word_1_196' title='bbox 1203 3101 1304 3174; x_wconf 82' lang='lat' dir='ltr'><strong>qui</strong></span> <span class='ocrx_word' id='word_1_197' title='bbox 1327 3097 1582 3155; x_wconf 77' lang='lat' dir='ltr'><strong>sedebant</strong></span> <span class='ocrx_word' id='word_1_198' title='bbox 1611 3100 1670 3154; x_wconf 87' lang='lat' dir='ltr'><strong>in</strong></span> <span class='ocrx_word' id='word_1_199' title='bbox 1697 3105 1895 3170; x_wconf 89' lang='lat' dir='ltr'><strong>porta:</strong></span> 
     </span>
    </p>
   </div>
   <div class='ocr_carea' id='block_1_33' title="bbox 375 3188 1791 3263">
    <p class='ocr_par' dir='ltr' id='par_1_33' title="bbox 375 3188 1791 3263">
     <span class='ocr_line' id='line_1_33' title="bbox 375 3188 1791 3263; baseline -0.006 -13"><span class='ocrx_word' id='word_1_200' title='bbox 375 3194 444 3250; x_wconf 83' lang='lat' dir='ltr'><strong>Et</strong></span> <span class='ocrx_word' id='word_1_201' title='bbox 483 3199 540 3258; x_wconf 64' lang='grc' dir='ltr'><strong>νέ-</strong></span> <span class='ocrx_word' id='word_1_202' title='bbox 561 3192 621 3248; x_wconf 88' lang='lat' dir='ltr'><strong>in</strong></span> <span class='ocrx_word' id='word_1_203' title='bbox 650 3207 737 3247; x_wconf 89' lang='lat' dir='ltr'><strong>me</strong></span> <span class='ocrx_word' id='word_1_204' title='bbox 776 3193 793 3260; x_wconf 76' lang='grc' dir='ltr'><strong><em>ς</em></strong></span> <span class='ocrx_word' id='word_1_205' title='bbox 832 3189 1144 3263; x_wconf 75' lang='lat' dir='ltr'><strong>psallebant</strong></span> <span class='ocrx_word' id='word_1_206' title='bbox 1169 3189 1268 3262; x_wconf 90' lang='lat' dir='ltr'><strong>qui</strong></span> <span class='ocrx_word' id='word_1_207' title='bbox 1297 3188 1551 3244; x_wconf 72' lang='lat' dir='ltr'><strong>bibebant</strong></span> <span class='ocrx_word' id='word_1_208' title='bbox 1578 3189 1791 3246; x_wconf 88' lang='lat' dir='ltr'><strong>vinum.</strong></span> 
     </span>
    </p>
   </div>
   <div class='ocr_carea' id='block_1_34' title="bbox 301 3276 1896 3354">
    <p class='ocr_par' dir='ltr' id='par_1_34' title="bbox 301 3276 1896 3354">
     <span class='ocr_line' id='line_1_34' title="bbox 301 3276 1896 3354; baseline -0.005 -15"><span class='ocrx_word' id='word_1_209' title='bbox 301 3281 344 3338; x_wconf 91' lang='lat' dir='ltr'><strong>C</strong></span> <span class='ocrx_word' id='word_1_210' title='bbox 374 3281 547 3339; x_wconf 88' lang='lat' dir='ltr'><strong>Porta</strong></span> <span class='ocrx_word' id='word_1_211' title='bbox 576 3278 792 3354; x_wconf 89' lang='lat' dir='ltr'><strong>quippe</strong></span> <span class='ocrx_word' id='word_1_212' title='bbox 821 3277 977 3335; x_wconf 91' lang='lat' dir='ltr'><strong>dicta</strong></span> <span class='ocrx_word' id='word_1_213' title='bbox 999 3281 1108 3346; x_wconf 88' lang='lat' dir='ltr'><strong>est,</strong></span> <span class='ocrx_word' id='word_1_214' title='bbox 1140 3294 1210 3334; x_wconf 91' lang='lat' dir='ltr'><strong>eo</strong></span> <span class='ocrx_word' id='word_1_215' title='bbox 1239 3277 1396 3350; x_wconf 90' lang='lat' dir='ltr'><strong>quod</strong></span> <span class='ocrx_word' id='word_1_216' title='bbox 1427 3276 1566 3332; x_wconf 88' lang='lat' dir='ltr'><strong>inde</strong></span> <span class='ocrx_word' id='word_1_217' title='bbox 1587 3279 1896 3349; x_wconf 83' lang='lat' dir='ltr'><strong>portantur</strong></span> 
     </span>
    </p>
   </div>
   <div class='ocr_carea' id='block_1_35' title="bbox 2021 684 3686 760">
    <p class='ocr_par' dir='ltr' id='par_1_35' title="bbox 2021 684 3686 760">
     <span class='ocr_line' id='line_1_35' title="bbox 2021 684 3686 760; baseline 0 -18"><span class='ocrx_word' id='word_1_218' title='bbox 2021 701 2202 758; x_wconf 87' lang='lat' dir='ltr'><strong>parva</strong></span> <span class='ocrx_word' id='word_1_219' title='bbox 2230 685 2635 744; x_wconf 82' lang='lat' dir='ltr'><strong>misericordia</strong></span> <span class='ocrx_word' id='word_1_220' title='bbox 2665 685 2796 754; x_wconf 86' lang='lat' dir='ltr'><strong>fuit,</strong></span> <span class='ocrx_word' id='word_1_221' title='bbox 2828 703 2958 760; x_wconf 69' lang='lat' dir='ltr'><strong>quae</strong></span> <span class='ocrx_word' id='word_1_222' title='bbox 2990 691 3110 742; x_wconf 85' lang='lat' dir='ltr'><strong>tam</strong></span> <span class='ocrx_word' id='word_1_223' title='bbox 3141 684 3403 760; x_wconf 87' lang='lat' dir='ltr'><strong>ingentia</strong></span> <span class='ocrx_word' id='word_1_224' title='bbox 3449 690 3686 760; x_wconf 82' lang='lat' dir='ltr'><strong>peccata</strong></span> 
     </span>
    </p>
   </div>
   <div class='ocr_carea' id='block_1_36' title="bbox 2022 774 3687 851">
    <p class='ocr_par' dir='ltr' id='par_1_36' title="bbox 2022 774 3687 851">
     <span class='ocr_line' id='line_1_36' title="bbox 2022 774 3687 851; baseline 0.002 -21"><span class='ocrx_word' id='word_1_225' title='bbox 2022 775 2342 848; x_wconf 86' lang='lat' dir='ltr'><strong>superavit.</strong></span> <span class='ocrx_word' id='word_1_226' title='bbox 2377 774 2595 834; x_wconf 85' lang='lat' dir='ltr'><strong>Exaudi</strong></span> <span class='ocrx_word' id='word_1_227' title='bbox 2627 791 2742 844; x_wconf 91' lang='lat' dir='ltr'><strong>me,</strong></span> <span class='ocrx_word' id='word_1_228' title='bbox 2792 779 2958 851; x_wconf 89' lang='lat' dir='ltr'><strong>rogat</strong></span> <span class='ocrx_word' id='word_1_229' title='bbox 3009 775 3260 843; x_wconf 87' lang='lat' dir='ltr'><strong>Patrem,</strong></span> <span class='ocrx_word' id='word_1_230' title='bbox 3309 791 3426 830; x_wconf 92' lang='lat' dir='ltr'><strong>non</strong></span> <span class='ocrx_word' id='word_1_231' title='bbox 3475 778 3687 832; x_wconf 80' lang='lat' dir='ltr'><strong>natura</strong></span> 
     </span>
    </p>
   </div>
   <div class='ocr_carea' id='block_1_37' title="bbox 2022 862 3684 938">
    <p class='ocr_par' dir='ltr' id='par_1_37' title="bbox 2022 862 3684 938">
     <span class='ocr_line' id='line_1_37' title="bbox 2022 862 3684 938; baseline 0.001 -19"><span class='ocrx_word' id='word_1_232' title='bbox 2022 862 2406 938; x_wconf 85' lang='lat' dir='ltr'><strong>deitatis,qua</strong></span> <span class='ocrx_word' id='word_1_233' title='bbox 2435 864 2489 921; x_wconf 88' lang='lat' dir='ltr'><strong>ei</strong></span> <span class='ocrx_word' id='word_1_234' title='bbox 2519 863 2766 938; x_wconf 66' lang='lat' dir='ltr'><strong>aequalis</strong></span> <span class='ocrx_word' id='word_1_235' title='bbox 2795 869 2887 922; x_wconf 91' lang='lat' dir='ltr'><strong>est</strong></span> <span class='ocrx_word' id='word_1_236' title='bbox 2919 881 2933 920; x_wconf 90' lang='lat'>:</span> <span class='ocrx_word' id='word_1_237' title='bbox 2968 865 3071 922; x_wconf 90' lang='lat' dir='ltr'><strong>scd</strong></span> <span class='ocrx_word' id='word_1_238' title='bbox 3103 880 3172 921; x_wconf 81' lang='lat' dir='ltr'><strong>ex</strong></span> <span class='ocrx_word' id='word_1_239' title='bbox 3201 862 3548 922; x_wconf 87' lang='lat' dir='ltr'><strong>inﬁrmitate</strong></span> <span class='ocrx_word' id='word_1_240' title='bbox 3575 863 3684 920; x_wconf 89' lang='lat' dir='ltr'><strong>hu-</strong></span> 
     </span>
    </p>
   </div>
   <div class='ocr_carea' id='block_1_38' title="bbox 2022 953 3025 1028">
    <p class='ocr_par' dir='ltr' id='par_1_38' title="bbox 2022 953 3025 1028">
     <span class='ocr_line' id='line_1_38' title="bbox 2022 953 3025 1028; baseline 0 -18"><span class='ocrx_word' id='word_1_241' title='bbox 2022 969 2218 1010; x_wconf 88' lang='lat' dir='ltr'><strong>mana.</strong></span> <span class='ocrx_word' id='word_1_242' title='bbox 2252 953 2311 1009; x_wconf 90' lang='lat' dir='ltr'><strong>in</strong></span> <span class='ocrx_word' id='word_1_243' title='bbox 2345 969 2463 1028; x_wconf 87' lang='lat' dir='ltr'><strong>qua</strong></span> <span class='ocrx_word' id='word_1_244' title='bbox 2493 953 2687 1010; x_wconf 90' lang='lat' dir='ltr'><strong>minor</strong></span> <span class='ocrx_word' id='word_1_245' title='bbox 2716 956 2807 1011; x_wconf 91' lang='lat' dir='ltr'><strong>est</strong></span> <span class='ocrx_word' id='word_1_246' title='bbox 2835 955 3025 1010; x_wconf 87' lang='lat' dir='ltr'><strong>Patre.</strong></span> 
     </span>
    </p>
   </div>
   <div class='ocr_carea' id='block_1_39' title="bbox 2021 1041 3181 1116">
    <p class='ocr_par' dir='ltr' id='par_1_39' title="bbox 2021 1041 3181 1116">
     <span class='ocr_line' id='line_1_39' title="bbox 2021 1041 3181 1116; baseline -0.003 -16"><span class='ocrx_word' id='word_1_247' title='bbox 2021 1041 2091 1100; x_wconf 74' lang='grc'><strong>48</strong></span> <span class='ocrx_word' id='word_1_248' title='bbox 2163 1043 2328 1116; x_wconf 80' lang='lat' dir='ltr'><strong>Eripe</strong></span> <span class='ocrx_word' id='word_1_249' title='bbox 2355 1059 2443 1099; x_wconf 89' lang='lat' dir='ltr'><strong>me</strong></span> <span class='ocrx_word' id='word_1_250' title='bbox 2469 1042 2536 1100; x_wconf 89' lang='lat' dir='ltr'><strong>de</strong></span> <span class='ocrx_word' id='word_1_251' title='bbox 2564 1043 2679 1099; x_wconf 88' lang='lat' dir='ltr'><strong>luto</strong></span> <span class='ocrx_word' id='word_1_252' title='bbox 2707 1051 2768 1100; x_wconf 87' lang='lat' dir='ltr'><strong>ut</strong></span> <span class='ocrx_word' id='word_1_253' title='bbox 2794 1060 2906 1100; x_wconf 86' lang='lat' dir='ltr'><strong>non</strong></span> <span class='ocrx_word' id='word_1_254' title='bbox 2937 1043 3142 1116; x_wconf 76' lang='lat' dir='ltr'><strong>inﬁgar</strong></span> <span class='ocrx_word' id='word_1_255' title='bbox 3163 1061 3181 1097; x_wconf 90' lang='lat'><strong><em>:</em></strong></span> 
     </span>
    </p>
   </div>
   <div class='ocr_carea' id='block_1_40' title="bbox 2166 1131 3680 1206">
    <p class='ocr_par' dir='ltr' id='par_1_40' title="bbox 2166 1131 3680 1206">
     <span class='ocr_line' id='line_1_40' title="bbox 2166 1131 3680 1206; baseline 0.001 -18"><span class='ocrx_word' id='word_1_256' title='bbox 2166 1132 2362 1189; x_wconf 83' lang='lat' dir='ltr'><strong>Libera</strong></span> <span class='ocrx_word' id='word_1_257' title='bbox 2388 1148 2478 1190; x_wconf 89' lang='lat' dir='ltr'><strong>me</strong></span> <span class='ocrx_word' id='word_1_258' title='bbox 2500 1132 2569 1189; x_wconf 90' lang='lat' dir='ltr'><strong>ab</strong></span> <span class='ocrx_word' id='word_1_259' title='bbox 2600 1131 2689 1190; x_wconf 81' lang='lat' dir='ltr'><strong>his</strong></span> <span class='ocrx_word' id='word_1_260' title='bbox 2718 1134 2816 1206; x_wconf 87' lang='lat' dir='ltr'><strong>qui</strong></span> <span class='ocrx_word' id='word_1_261' title='bbox 2839 1131 3070 1190; x_wconf 88' lang='lat' dir='ltr'><strong>oderunt</strong></span> <span class='ocrx_word' id='word_1_262' title='bbox 3096 1148 3184 1190; x_wconf 87' lang='lat' dir='ltr'><strong>me</strong></span> <span class='ocrx_word' id='word_1_263' title='bbox 3225 1140 3278 1190; x_wconf 88' lang='lat' dir='ltr'><strong>et</strong></span> <span class='ocrx_word' id='word_1_264' title='bbox 3315 1131 3382 1189; x_wconf 86' lang='lat' dir='ltr'><strong>de</strong></span> <span class='ocrx_word' id='word_1_265' title='bbox 3406 1133 3680 1206; x_wconf 79' lang='lat' dir='ltr'><strong>profuntis</strong></span> 
     </span>
    </p>
   </div>
   <div class='ocr_carea' id='block_1_41' title="bbox 2234 1237 2533 1294">
    <p class='ocr_par' dir='ltr' id='par_1_41' title="bbox 2234 1237 2533 1294">
     <span class='ocr_line' id='line_1_41' title="bbox 2234 1237 2533 1294; baseline 0.003 -17"><span class='ocrx_word' id='word_1_266' title='bbox 2234 1237 2533 1294; x_wconf 86' lang='lat' dir='ltr'><strong>aquarum.</strong></span> 
     </span>
    </p>
   </div>
   <div class='ocr_carea' id='block_1_42' title="bbox 2091 1311 3679 1384">
    <p class='ocr_par' dir='ltr' id='par_1_42' title="bbox 2091 1311 3679 1384">
     <span class='ocr_line' id='line_1_42' title="bbox 2091 1311 3679 1384; baseline 0 -16"><span class='ocrx_word' id='word_1_267' title='bbox 2091 1311 2134 1368; x_wconf 93' lang='lat' dir='ltr'><strong>C</strong></span> <span class='ocrx_word' id='word_1_268' title='bbox 2188 1311 2464 1384; x_wconf 74' lang='lat' dir='ltr'><strong>Exposuit</strong></span> <span class='ocrx_word' id='word_1_269' title='bbox 2510 1311 2782 1368; x_wconf 85' lang='lat' dir='ltr'><strong>Christus</strong></span> <span class='ocrx_word' id='word_1_270' title='bbox 2832 1329 2901 1369; x_wconf 83' lang='lat' dir='ltr'><strong>ex</strong></span> <span class='ocrx_word' id='word_1_271' title='bbox 2948 1317 3111 1384; x_wconf 87' lang='lat' dir='ltr'><strong>parte</strong></span> <span class='ocrx_word' id='word_1_272' title='bbox 3159 1311 3581 1378; x_wconf 89' lang='lat' dir='ltr'><strong>membrorum,</strong></span> <span class='ocrx_word' id='word_1_273' title='bbox 3613 1315 3679 1368; x_wconf 92' lang='lat' dir='ltr'><strong>ut</strong></span> 
     </span>
    </p>
   </div>
   <div class='ocr_carea' id='block_1_43' title="bbox 2019 1397 3676 1472">
    <p class='ocr_par' dir='ltr' id='par_1_43' title="bbox 2019 1397 3676 1472">
     <span class='ocr_line' id='line_1_43' title="bbox 2019 1397 3676 1472; baseline 0 -16"><span class='ocrx_word' id='word_1_274' title='bbox 2019 1399 2219 1456; x_wconf 90' lang='lat' dir='ltr'><strong>anima</strong></span> <span class='ocrx_word' id='word_1_275' title='bbox 2246 1401 2376 1472; x_wconf 88' lang='lat' dir='ltr'><strong>ejus</strong></span> <span class='ocrx_word' id='word_1_276' title='bbox 2408 1417 2442 1456; x_wconf 90' lang='lat' dir='ltr'><strong>a</strong></span> <span class='ocrx_word' id='word_1_277' title='bbox 2470 1399 2779 1457; x_wconf 88' lang='lat' dir='ltr'><strong>desideriis</strong></span> <span class='ocrx_word' id='word_1_278' title='bbox 2808 1397 3008 1469; x_wconf 87' lang='lat' dir='ltr'><strong>luteis,</strong></span> <span class='ocrx_word' id='word_1_279' title='bbox 3034 1401 3092 1456; x_wconf 91' lang='lat' dir='ltr'><strong>id</strong></span> <span class='ocrx_word' id='word_1_280' title='bbox 3125 1405 3214 1457; x_wconf 90' lang='lat' dir='ltr'><strong>est</strong></span> <span class='ocrx_word' id='word_1_281' title='bbox 3247 1398 3433 1472; x_wconf 74' lang='lat' dir='ltr'><strong>hujus</strong></span> <span class='ocrx_word' id='word_1_282' title='bbox 3471 1399 3676 1456; x_wconf 88' lang='lat' dir='ltr'><strong>mundi</strong></span> 
     </span>
    </p>
   </div>
   <div class='ocr_carea' id='block_1_44' title="bbox 2017 1487 3679 1564">
    <p class='ocr_par' dir='ltr' id='par_1_44' title="bbox 2017 1487 3679 1564">
     <span class='ocr_line' id='line_1_44' title="bbox 2017 1487 3679 1564; baseline 0 -18"><span class='ocrx_word' id='word_1_283' title='bbox 2017 1489 2443 1564; x_wconf 83' lang='lat' dir='ltr'><strong>cupiditatibus</strong></span> <span class='ocrx_word' id='word_1_284' title='bbox 2476 1489 2762 1546; x_wconf 87' lang='lat' dir='ltr'><strong>reddatur</strong></span> <span class='ocrx_word' id='word_1_285' title='bbox 2789 1489 3216 1547; x_wconf 87' lang='lat' dir='ltr'><strong>aliena.Libera</strong></span> <span class='ocrx_word' id='word_1_286' title='bbox 3248 1505 3342 1546; x_wconf 88' lang='lat' dir='ltr'><strong>me</strong></span> <span class='ocrx_word' id='word_1_287' title='bbox 3364 1489 3437 1546; x_wconf 89' lang='lat' dir='ltr'><strong>ab</strong></span> <span class='ocrx_word' id='word_1_288' title='bbox 3457 1487 3554 1546; x_wconf 87' lang='lat' dir='ltr'><strong>his</strong></span> <span class='ocrx_word' id='word_1_289' title='bbox 3577 1489 3679 1564; x_wconf 90' lang='lat' dir='ltr'><strong>qui</strong></span> 
     </span>
    </p>
   </div>
   <div class='ocr_carea' id='block_1_45' title="bbox 2018 1579 3677 1654">
    <p class='ocr_par' dir='ltr' id='par_1_45' title="bbox 2018 1579 3677 1654">
     <span class='ocr_line' id='line_1_45' title="bbox 2018 1579 3677 1654; baseline 0.002 -20"><span class='ocrx_word' id='word_1_290' title='bbox 2018 1595 2112 1634; x_wconf 91' lang='lat' dir='ltr'><strong>me</strong></span> <span class='ocrx_word' id='word_1_291' title='bbox 2143 1579 2476 1647; x_wconf 86' lang='lat' dir='ltr'><strong>oderunt,id</strong></span> <span class='ocrx_word' id='word_1_292' title='bbox 2507 1581 2596 1636; x_wconf 88' lang='lat' dir='ltr'><strong>est</strong></span> <span class='ocrx_word' id='word_1_293' title='bbox 2626 1597 2661 1636; x_wconf 91' lang='lat' dir='ltr'><strong>a</strong></span> <span class='ocrx_word' id='word_1_294' title='bbox 2689 1579 3015 1637; x_wconf 60' lang='lat' dir='ltr'><strong>Judmislle</strong></span> <span class='ocrx_word' id='word_1_295' title='bbox 3048 1579 3338 1653; x_wconf 73' lang='lat' dir='ltr'><strong>profundo</strong></span> <span class='ocrx_word' id='word_1_296' title='bbox 3368 1595 3677 1654; x_wconf 84' lang='lat' dir='ltr'><strong>aquarum,</strong></span> 
     </span>
    </p>
   </div>
   <div class='ocr_carea' id='block_1_46' title="bbox 2016 1667 3682 1746">
    <p class='ocr_par' dir='ltr' id='par_1_46' title="bbox 2016 1667 3682 1746">
     <span class='ocr_line' id='line_1_46' title="bbox 2016 1667 3682 1746; baseline 0.001 -22"><span class='ocrx_word' id='word_1_297' title='bbox 2016 1667 2091 1725; x_wconf 92' lang='lat' dir='ltr'><strong>ad</strong></span> <span class='ocrx_word' id='word_1_298' title='bbox 2122 1667 2288 1724; x_wconf 87' lang='lat' dir='ltr'><strong>illum</strong></span> <span class='ocrx_word' id='word_1_299' title='bbox 2322 1668 2606 1743; x_wconf 89' lang='lat' dir='ltr'><strong>populum</strong></span> <span class='ocrx_word' id='word_1_300' title='bbox 2640 1667 2914 1746; x_wconf 89' lang='lat' dir='ltr'><strong>pertinet,</strong></span> <span class='ocrx_word' id='word_1_301' title='bbox 2950 1670 3050 1743; x_wconf 87' lang='lat' dir='ltr'><strong>qui</strong></span> <span class='ocrx_word' id='word_1_302' title='bbox 3091 1671 3148 1725; x_wconf 90' lang='lat' dir='ltr'><strong>et</strong></span> <span class='ocrx_word' id='word_1_303' title='bbox 3195 1667 3525 1744; x_wconf 80' lang='lat' dir='ltr'><strong>profundus</strong></span> <span class='ocrx_word' id='word_1_304' title='bbox 3557 1674 3682 1726; x_wconf 90' lang='lat' dir='ltr'><strong>erat</strong></span> 
     </span>
    </p>
   </div>
   <div class='ocr_carea' id='block_1_47' title="bbox 2015 1756 3588 1832">
    <p class='ocr_par' dir='ltr' id='par_1_47' title="bbox 2015 1756 3588 1832">
     <span class='ocr_line' id='line_1_47' title="bbox 2015 1756 3588 1832; baseline 0 -18"><span class='ocrx_word' id='word_1_305' title='bbox 2015 1756 2261 1814; x_wconf 89' lang='lat' dir='ltr'><strong>consilio</strong></span> <span class='ocrx_word' id='word_1_306' title='bbox 2293 1757 2678 1832; x_wconf 86' lang='lat' dir='ltr'><strong>malignitatis</strong></span> <span class='ocrx_word' id='word_1_307' title='bbox 2707 1763 2766 1816; x_wconf 90' lang='lat' dir='ltr'><strong>et</strong></span> <span class='ocrx_word' id='word_1_308' title='bbox 2794 1757 3184 1816; x_wconf 89' lang='lat' dir='ltr'><strong>seditionibus</strong></span> <span class='ocrx_word' id='word_1_309' title='bbox 3211 1757 3588 1816; x_wconf 85' lang='lat' dir='ltr'><strong>turbulentis.</strong></span> 
     </span>
    </p>
   </div>
   <div class='ocr_carea' id='block_1_48' title="bbox 2015 1846 3679 1922">
    <p class='ocr_par' dir='ltr' id='par_1_48' title="bbox 2015 1846 3679 1922">
     <span class='ocr_line' id='line_1_48' title="bbox 2015 1846 3679 1922; baseline 0.001 -20"><span class='ocrx_word' id='word_1_310' title='bbox 2015 1846 2086 1902; x_wconf 83' lang='grc'>19</span> <span class='ocrx_word' id='word_1_311' title='bbox 2157 1847 2274 1904; x_wconf 84' lang='lat' dir='ltr'><strong>Non</strong></span> <span class='ocrx_word' id='word_1_312' title='bbox 2306 1864 2395 1904; x_wconf 90' lang='lat' dir='ltr'><strong>me</strong></span> <span class='ocrx_word' id='word_1_313' title='bbox 2420 1847 2700 1919; x_wconf 85' lang='lat' dir='ltr'><strong>demergat</strong></span> <span class='ocrx_word' id='word_1_314' title='bbox 2729 1855 3014 1921; x_wconf 84' lang='lat' dir='ltr'><strong>tempestas</strong></span> <span class='ocrx_word' id='word_1_315' title='bbox 3040 1864 3197 1922; x_wconf 66' lang='lat' dir='ltr'><strong>aqua</strong></span> <span class='ocrx_word' id='word_1_316' title='bbox 3221 1865 3242 1905; x_wconf 81' lang='lat'><strong>.°</strong></span> <span class='ocrx_word' id='word_1_317' title='bbox 3269 1862 3444 1922; x_wconf 84' lang='lat' dir='ltr'><strong>neque</strong></span> <span class='ocrx_word' id='word_1_318' title='bbox 3491 1847 3679 1906; x_wconf 84' lang='lat' dir='ltr'><strong>absor-</strong></span> 
     </span>
    </p>
   </div>
   <div class='ocr_carea' id='block_1_49' title="bbox 2235 1937 2872 2011">
    <p class='ocr_par' dir='ltr' id='par_1_49' title="bbox 2235 1937 2872 2011">
     <span class='ocr_line' id='line_1_49' title="bbox 2235 1937 2872 2011; baseline 0.002 -19"><span class='ocrx_word' id='word_1_319' title='bbox 2235 1937 2356 1993; x_wconf 85' lang='lat' dir='ltr'><strong>beat</strong></span> <span class='ocrx_word' id='word_1_320' title='bbox 2381 1953 2468 1994; x_wconf 92' lang='lat' dir='ltr'><strong>me</strong></span> <span class='ocrx_word' id='word_1_321' title='bbox 2491 1937 2831 2011; x_wconf 83' lang='lat' dir='ltr'><strong>profundum</strong></span> <span class='ocrx_word' id='word_1_322' title='bbox 2853 1955 2872 1993; x_wconf 90' lang='lat'><strong><em>:</em></strong></span> 
     </span>
    </p>
   </div>
   <div class='ocr_carea' id='block_1_50' title="bbox 2161 2027 3388 2101">
    <p class='ocr_par' dir='ltr' id='par_1_50' title="bbox 2161 2027 3388 2101">
     <span class='ocr_line' id='line_1_50' title="bbox 2161 2027 3388 2101; baseline 0.002 -19"><span class='ocrx_word' id='word_1_323' title='bbox 2161 2027 2344 2100; x_wconf 82' lang='lat' dir='ltr'><strong>Neque</strong></span> <span class='ocrx_word' id='word_1_324' title='bbox 2371 2036 2566 2097; x_wconf 80' lang='lat' dir='ltr'><strong>urgeat</strong></span> <span class='ocrx_word' id='word_1_325' title='bbox 2593 2044 2760 2101; x_wconf 87' lang='lat' dir='ltr'><strong>super</strong></span> <span class='ocrx_word' id='word_1_326' title='bbox 2783 2043 2874 2084; x_wconf 88' lang='lat' dir='ltr'><strong>me</strong></span> <span class='ocrx_word' id='word_1_327' title='bbox 2895 2034 3098 2100; x_wconf 82' lang='lat' dir='ltr'><strong>patens</strong></span> <span class='ocrx_word' id='word_1_328' title='bbox 3124 2043 3182 2084; x_wconf 93' lang='lat' dir='ltr'><strong>os</strong></span> <span class='ocrx_word' id='word_1_329' title='bbox 3207 2043 3388 2084; x_wconf 87' lang='lat' dir='ltr'><strong>suum.</strong></span> 
     </span>
    </p>
   </div>
   <div class='ocr_carea' id='block_1_51' title="bbox 2087 2115 3678 2190">
    <p class='ocr_par' dir='ltr' id='par_1_51' title="bbox 2087 2115 3678 2190">
     <span class='ocr_line' id='line_1_51' title="bbox 2087 2115 3678 2190; baseline 0 -18"><span class='ocrx_word' id='word_1_330' title='bbox 2087 2115 2133 2172; x_wconf 80' lang='grc' dir='ltr'><em>Η</em></span> <span class='ocrx_word' id='word_1_331' title='bbox 2165 2115 2290 2172; x_wconf 87' lang='lat' dir='ltr'><strong>Non</strong></span> <span class='ocrx_word' id='word_1_332' title='bbox 2319 2132 2412 2173; x_wconf 92' lang='lat' dir='ltr'><strong>me</strong></span> <span class='ocrx_word' id='word_1_333' title='bbox 2441 2117 2764 2189; x_wconf 86' lang='lat' dir='ltr'><strong>demergat,</strong></span> <span class='ocrx_word' id='word_1_334' title='bbox 2789 2115 2850 2172; x_wconf 82' lang='lat' dir='ltr'><strong>id</strong></span> <span class='ocrx_word' id='word_1_335' title='bbox 2879 2121 2973 2173; x_wconf 90' lang='lat' dir='ltr'><strong>est</strong></span> <span class='ocrx_word' id='word_1_336' title='bbox 3001 2116 3122 2172; x_wconf 63' lang='lat' dir='ltr'><strong>hac</strong></span> <span class='ocrx_word' id='word_1_337' title='bbox 3147 2116 3439 2190; x_wconf 75' lang='lat' dir='ltr'><strong>passionis</strong></span> <span class='ocrx_word' id='word_1_338' title='bbox 3459 2119 3678 2190; x_wconf 86' lang='lat' dir='ltr'><strong>tempe-</strong></span> 
     </span>
    </p>
   </div>
   <div class='ocr_carea' id='block_1_52' title="bbox 2015 2205 3676 2280">
    <p class='ocr_par' dir='ltr' id='par_1_52' title="bbox 2015 2205 3676 2280">
     <span class='ocr_line' id='line_1_52' title="bbox 2015 2205 3676 2280; baseline -0.001 -18"><span class='ocrx_word' id='word_1_339' title='bbox 2015 2210 2139 2262; x_wconf 91' lang='lat' dir='ltr'><strong>stas</strong></span> <span class='ocrx_word' id='word_1_340' title='bbox 2165 2221 2282 2262; x_wconf 89' lang='lat' dir='ltr'><strong>non</strong></span> <span class='ocrx_word' id='word_1_341' title='bbox 2315 2222 2444 2262; x_wconf 88' lang='lat' dir='ltr'><strong>eam</strong></span> <span class='ocrx_word' id='word_1_342' title='bbox 2474 2205 2535 2262; x_wconf 89' lang='lat' dir='ltr'><strong>in</strong></span> <span class='ocrx_word' id='word_1_343' title='bbox 2568 2205 2967 2280; x_wconf 79' lang='lat' dir='ltr'><strong>profunditate</strong></span> <span class='ocrx_word' id='word_1_344' title='bbox 2997 2206 3192 2280; x_wconf 80' lang='lat' dir='ltr'><strong>abyssi</strong></span> <span class='ocrx_word' id='word_1_345' title='bbox 3228 2207 3474 2264; x_wconf 79' lang='lat' dir='ltr'><strong>retineat</strong></span> <span class='ocrx_word' id='word_1_346' title='bbox 3497 2205 3676 2262; x_wconf 87' lang='lat' dir='ltr'><strong>infer-</strong></span> 
     </span>
    </p>
   </div>
   <div class='ocr_carea' id='block_1_53' title="bbox 2015 2292 3676 2370">
    <p class='ocr_par' dir='ltr' id='par_1_53' title="bbox 2015 2292 3676 2370">
     <span class='ocr_line' id='line_1_53' title="bbox 2015 2292 3676 2370; baseline 0.001 -20"><span class='ocrx_word' id='word_1_347' title='bbox 2015 2292 2188 2350; x_wconf 85' lang='lat' dir='ltr'><strong>nalis.</strong></span> <span class='ocrx_word' id='word_1_348' title='bbox 2219 2294 2262 2350; x_wconf 93' lang='lat' dir='ltr'><strong>C</strong></span> <span class='ocrx_word' id='word_1_349' title='bbox 2293 2295 2656 2352; x_wconf 77' lang='lat' dir='ltr'><strong>Profundum</strong></span> <span class='ocrx_word' id='word_1_350' title='bbox 2706 2296 2906 2370; x_wconf 88' lang='lat' dir='ltr'><strong>itaque</strong></span> <span class='ocrx_word' id='word_1_351' title='bbox 2953 2300 3044 2352; x_wconf 85' lang='lat' dir='ltr'><strong>est</strong></span> <span class='ocrx_word' id='word_1_352' title='bbox 3090 2299 3484 2370; x_wconf 88' lang='lat' dir='ltr'><strong>peccatorum,</strong></span> <span class='ocrx_word' id='word_1_353' title='bbox 3515 2296 3676 2368; x_wconf 88' lang='lat' dir='ltr'><strong>quod</strong></span> 
     </span>
    </p>
   </div>
   <div class='ocr_carea' id='block_1_54' title="bbox 2013 2381 3674 2459">
    <p class='ocr_par' dir='ltr' id='par_1_54' title="bbox 2013 2381 3674 2459">
     <span class='ocr_line' id='line_1_54' title="bbox 2013 2381 3674 2459; baseline 0.002 -22"><span class='ocrx_word' id='word_1_354' title='bbox 2013 2381 2266 2455; x_wconf 88' lang='lat' dir='ltr'><strong>deglutit</strong></span> <span class='ocrx_word' id='word_1_355' title='bbox 2293 2383 2525 2440; x_wconf 88' lang='lat' dir='ltr'><strong>animas</strong></span> <span class='ocrx_word' id='word_1_356' title='bbox 2554 2383 2894 2457; x_wconf 87' lang='lat' dir='ltr'><strong>impiorum,</strong></span> <span class='ocrx_word' id='word_1_357' title='bbox 2928 2383 3010 2441; x_wconf 88' lang='lat' dir='ltr'><strong>ita</strong></span> <span class='ocrx_word' id='word_1_358' title='bbox 3040 2387 3107 2440; x_wconf 89' lang='lat' dir='ltr'><strong>ut</strong></span> <span class='ocrx_word' id='word_1_359' title='bbox 3134 2386 3204 2442; x_wconf 88' lang='lat' dir='ltr'><strong>ad</strong></span> <span class='ocrx_word' id='word_1_360' title='bbox 3248 2383 3674 2459; x_wconf 78' lang='lat' dir='ltr'><strong>pmuitudinem</strong></span> 
     </span>
    </p>
   </div>
   <div class='ocr_carea' id='block_1_55' title="bbox 2011 2471 3672 2548">
    <p class='ocr_par' dir='ltr' id='par_1_55' title="bbox 2011 2471 3672 2548">
     <span class='ocr_line' id='line_1_55' title="bbox 2011 2471 3672 2548; baseline 0.002 -21"><span class='ocrx_word' id='word_1_361' title='bbox 2011 2471 2202 2528; x_wconf 87' lang='lat' dir='ltr'><strong>redire</strong></span> <span class='ocrx_word' id='word_1_362' title='bbox 2232 2479 2548 2546; x_wconf 90' lang='lat' dir='ltr'><strong>nequeant.</strong></span> <span class='ocrx_word' id='word_1_363' title='bbox 2580 2473 3092 2548; x_wconf 87' lang='lat' dir='ltr'><strong>Urgere,dicimus</strong></span> <span class='ocrx_word' id='word_1_364' title='bbox 3117 2473 3538 2532; x_wconf 68' lang='lat' dir='ltr'><strong>concludere}!</strong></span> <span class='ocrx_word' id='word_1_365' title='bbox 3569 2474 3672 2531; x_wconf 84' lang='lat' dir='ltr'><strong>Pe-</strong></span> 
     </span>
    </p>
   </div>
   <div class='ocr_carea' id='block_1_56' title="bbox 2010 2561 3670 2635">
    <p class='ocr_par' dir='ltr' id='par_1_56' title="bbox 2010 2561 3670 2635">
     <span class='ocr_line' id='line_1_56' title="bbox 2010 2561 3670 2635; baseline 0.001 -17"><span class='ocrx_word' id='word_1_366' title='bbox 2010 2561 2084 2618; x_wconf 84' lang='lat' dir='ltr'><strong>tit</strong></span> <span class='ocrx_word' id='word_1_367' title='bbox 2107 2577 2244 2635; x_wconf 88' lang='lat' dir='ltr'><strong>ergo</strong></span> <span class='ocrx_word' id='word_1_368' title='bbox 2275 2567 2344 2618; x_wconf 90' lang='lat' dir='ltr'><strong>ut</strong></span> <span class='ocrx_word' id='word_1_369' title='bbox 2371 2563 2569 2620; x_wconf 82' lang='lat' dir='ltr'><strong>aditus</strong></span> <span class='ocrx_word' id='word_1_370' title='bbox 2597 2562 2905 2621; x_wconf 74' lang='lat' dir='ltr'><strong>infernalis</strong></span> <span class='ocrx_word' id='word_1_371' title='bbox 2924 2581 3040 2620; x_wconf 86' lang='lat' dir='ltr'><strong>non</strong></span> <span class='ocrx_word' id='word_1_372' title='bbox 3065 2564 3378 2620; x_wconf 86' lang='lat' dir='ltr'><strong>concludat</strong></span> <span class='ocrx_word' id='word_1_373' title='bbox 3405 2580 3472 2620; x_wconf 90' lang='lat' dir='ltr'><strong>os</strong></span> <span class='ocrx_word' id='word_1_374' title='bbox 3491 2579 3670 2620; x_wconf 90' lang='lat' dir='ltr'><strong>suum</strong></span> 
     </span>
    </p>
   </div>
   <div class='ocr_carea' id='block_1_57' title="bbox 2010 2651 2820 2724">
    <p class='ocr_par' dir='ltr' id='par_1_57' title="bbox 2010 2651 2820 2724">
     <span class='ocr_line' id='line_1_57' title="bbox 2010 2651 2820 2724; baseline 0.001 -15"><span class='ocrx_word' id='word_1_375' title='bbox 2010 2667 2192 2724; x_wconf 84' lang='lat' dir='ltr'><strong>super</strong></span> <span class='ocrx_word' id='word_1_376' title='bbox 2217 2669 2354 2709; x_wconf 88' lang='lat' dir='ltr'><strong>eum</strong></span> <span class='ocrx_word' id='word_1_377' title='bbox 2385 2652 2505 2710; x_wconf 87' lang='lat' dir='ltr'><strong>sive</strong></span> <span class='ocrx_word' id='word_1_378' title='bbox 2530 2651 2820 2710; x_wconf 83' lang='lat' dir='ltr'><strong>diabolus.</strong></span> 
     </span>
    </p>
   </div>
   <div class='ocr_carea' id='block_1_58' title="bbox 2081 2740 3664 2816">
    <p class='ocr_par' dir='ltr' id='par_1_58' title="bbox 2081 2740 3664 2816">
     <span class='ocr_line' id='line_1_58' title="bbox 2081 2740 3664 2816; baseline 0.002 -20"><span class='ocrx_word' id='word_1_379' title='bbox 2081 2740 2122 2796; x_wconf 95' lang='lat' dir='ltr'><strong>C</strong></span> <span class='ocrx_word' id='word_1_380' title='bbox 2152 2741 2372 2798; x_wconf 88' lang='lat' dir='ltr'><strong>Puteus</strong></span> <span class='ocrx_word' id='word_1_381' title='bbox 2403 2745 2606 2799; x_wconf 81' lang='lat' dir='ltr'><strong>autem</strong></span> <span class='ocrx_word' id='word_1_382' title='bbox 2632 2746 2906 2802; x_wconf 77' lang='lat' dir='ltr'><strong>excavata</strong></span> <span class='ocrx_word' id='word_1_383' title='bbox 2952 2746 3118 2800; x_wconf 71' lang='lat' dir='ltr'><strong>terrm</strong></span> <span class='ocrx_word' id='word_1_384' title='bbox 3149 2742 3520 2816; x_wconf 78' lang='lat' dir='ltr'><strong>profunditas</strong></span> <span class='ocrx_word' id='word_1_385' title='bbox 3551 2745 3664 2810; x_wconf 89' lang='lat' dir='ltr'><strong>est,</strong></span> 
     </span>
    </p>
   </div>
   <div class='ocr_carea' id='block_1_59' title="bbox 2008 2829 3667 2906">
    <p class='ocr_par' dir='ltr' id='par_1_59' title="bbox 2008 2829 3667 2906">
     <span class='ocr_line' id='line_1_59' title="bbox 2008 2829 3667 2906; baseline 0.001 -21"><span class='ocrx_word' id='word_1_386' title='bbox 2008 2829 2110 2903; x_wconf 88' lang='lat' dir='ltr'><strong>qui</strong></span> <span class='ocrx_word' id='word_1_387' title='bbox 2139 2834 2196 2886; x_wconf 91' lang='lat' dir='ltr'><strong>et</strong></span> <span class='ocrx_word' id='word_1_388' title='bbox 2223 2829 2283 2886; x_wconf 91' lang='lat' dir='ltr'><strong>in</strong></span> <span class='ocrx_word' id='word_1_389' title='bbox 2315 2830 2468 2887; x_wconf 90' lang='lat' dir='ltr'><strong>bono</strong></span> <span class='ocrx_word' id='word_1_390' title='bbox 2497 2835 2555 2888; x_wconf 89' lang='lat' dir='ltr'><strong>et</strong></span> <span class='ocrx_word' id='word_1_391' title='bbox 2591 2831 2752 2891; x_wconf 79' lang='lat' dir='ltr'><strong>malo</strong></span> <span class='ocrx_word' id='word_1_392' title='bbox 2798 2833 2858 2890; x_wconf 88' lang='lat' dir='ltr'><strong>in</strong></span> <span class='ocrx_word' id='word_1_393' title='bbox 2906 2831 3210 2906; x_wconf 86' lang='lat' dir='ltr'><strong>Scriptura</strong></span> <span class='ocrx_word' id='word_1_394' title='bbox 3251 2832 3518 2905; x_wconf 82' lang='lat' dir='ltr'><strong>ponitur;</strong></span> <span class='ocrx_word' id='word_1_395' title='bbox 3570 2831 3667 2888; x_wconf 88' lang='lat' dir='ltr'><strong>hic</strong></span> 
     </span>
    </p>
   </div>
   <div class='ocr_carea' id='block_1_60' title="bbox 2006 2919 2753 2994">
    <p class='ocr_par' dir='ltr' id='par_1_60' title="bbox 2006 2919 2753 2994">
     <span class='ocr_line' id='line_1_60' title="bbox 2006 2919 2753 2994; baseline 0.003 -19"><span class='ocrx_word' id='word_1_396' title='bbox 2006 2935 2140 2976; x_wconf 91' lang='lat' dir='ltr'><strong>vero</strong></span> <span class='ocrx_word' id='word_1_397' title='bbox 2171 2919 2230 2975; x_wconf 91' lang='lat' dir='ltr'><strong>in</strong></span> <span class='ocrx_word' id='word_1_398' title='bbox 2262 2919 2418 2977; x_wconf 92' lang='lat' dir='ltr'><strong>malo</strong></span> <span class='ocrx_word' id='word_1_399' title='bbox 2447 2919 2753 2994; x_wconf 87' lang='lat' dir='ltr'><strong>accipitur.</strong></span> 
     </span>
    </p>
   </div>
   <div class='ocr_carea' id='block_1_61' title="bbox 2002 3009 3661 3086">
    <p class='ocr_par' dir='ltr' id='par_1_61' title="bbox 2002 3009 3661 3086">
     <span class='ocr_line' id='line_1_61' title="bbox 2002 3009 3661 3086; baseline 0.002 -22"><span class='ocrx_word' id='word_1_400' title='bbox 2002 3010 2075 3064; x_wconf 87' lang='lat'><strong>20</strong></span> <span class='ocrx_word' id='word_1_401' title='bbox 2147 3009 2368 3067; x_wconf 70' lang='lat' dir='ltr'><strong>Exaudi</strong></span> <span class='ocrx_word' id='word_1_402' title='bbox 2391 3025 2502 3080; x_wconf 69' lang='lat' dir='ltr'><strong>me,</strong></span> <span class='ocrx_word' id='word_1_403' title='bbox 2531 3011 2782 3080; x_wconf 84' lang='lat' dir='ltr'><strong>Domine,</strong></span> <span class='ocrx_word' id='word_1_404' title='bbox 2813 3012 3078 3086; x_wconf 80' lang='lat' dir='ltr'><strong>quoniam</strong></span> <span class='ocrx_word' id='word_1_405' title='bbox 3105 3011 3346 3084; x_wconf 69' lang='lat' dir='ltr'><strong>basiant:</strong></span> <span class='ocrx_word' id='word_1_406' title='bbox 3380 3019 3457 3068; x_wconf 88' lang='lat' dir='ltr'><strong>est</strong></span> <span class='ocrx_word' id='word_1_407' title='bbox 3497 3012 3661 3068; x_wconf 80' lang='lat' dir='ltr'><strong>mise-</strong></span> 
     </span>
    </p>
   </div>
   <div class='ocr_carea' id='block_1_62' title="bbox 2215 3099 2629 3156">
    <p class='ocr_par' dir='ltr' id='par_1_62' title="bbox 2215 3099 2629 3156">
     <span class='ocr_line' id='line_1_62' title="bbox 2215 3099 2629 3156; baseline -0.002 0"><span class='ocrx_word' id='word_1_408' title='bbox 2215 3099 2460 3156; x_wconf 86' lang='lat' dir='ltr'><strong>ricordia</strong></span> <span class='ocrx_word' id='word_1_409' title='bbox 2483 3103 2583 3156; x_wconf 90' lang='lat' dir='ltr'><strong>tua</strong></span> <span class='ocrx_word' id='word_1_410' title='bbox 2615 3116 2629 3155; x_wconf 92' lang='lat'>:</span> 
     </span>
    </p>
   </div>
   <div class='ocr_carea' id='block_1_63' title="bbox 2143 3188 3663 3250">
    <p class='ocr_par' dir='ltr' id='par_1_63' title="bbox 2143 3188 3663 3250">
     <span class='ocr_line' id='line_1_63' title="bbox 2143 3188 3663 3250; baseline 0.003 -4"><span class='ocrx_word' id='word_1_411' title='bbox 2143 3188 2453 3246; x_wconf 81' lang='lat' dir='ltr'><strong>Secundum</strong></span> <span class='ocrx_word' id='word_1_412' title='bbox 2507 3188 2923 3247; x_wconf 78' lang='lat' dir='ltr'><strong>multitudinem</strong></span> <span class='ocrx_word' id='word_1_413' title='bbox 2975 3190 3386 3248; x_wconf 70' lang='lat' dir='ltr'><strong>miserationem</strong></span> <span class='ocrx_word' id='word_1_414' title='bbox 3435 3198 3663 3250; x_wconf 8' lang='lat' dir='ltr'><strong>me</strong></span> 
     </span>
    </p>
   </div>
   <div class='ocr_carea' id='block_1_64' title="bbox 2216 3279 2646 3350">
    <p class='ocr_par' dir='ltr' id='par_1_64' title="bbox 2216 3279 2646 3350">
     <span class='ocr_line' id='line_1_64' title="bbox 2216 3279 2646 3350; baseline 0.005 -16"><span class='ocrx_word' id='word_1_415' title='bbox 2216 3279 2422 3350; x_wconf 71' lang='lat' dir='ltr'><strong>respiw</strong></span> <span class='ocrx_word' id='word_1_416' title='bbox 2452 3280 2513 3334; x_wconf 86' lang='lat' dir='ltr'><strong>in</strong></span> <span class='ocrx_word' id='word_1_417' title='bbox 2539 3295 2646 3336; x_wconf 90' lang='lat' dir='ltr'><strong>me.</strong></span> 
     </span>
    </p>
   </div>
   <div class='ocr_carea' id='block_1_65' title="bbox 228 3349 3658 3444">
    <p class='ocr_par' dir='ltr' id='par_1_65' title="bbox 228 3349 3658 3444">
     <span class='ocr_line' id='line_1_65' title="bbox 228 3349 3658 3444; baseline -0.001 -15"><span class='ocrx_word' id='word_1_418' title='bbox 228 3369 450 3429; x_wconf 83' lang='lat' dir='ltr'><strong>omnia.</strong></span> <span class='ocrx_word' id='word_1_419' title='bbox 483 3370 546 3427; x_wconf 85' lang='lat' dir='ltr'><strong>In</strong></span> <span class='ocrx_word' id='word_1_420' title='bbox 579 3349 748 3442; x_wconf 77' lang='lat' dir='ltr'><strong>porta</strong></span> <span class='ocrx_word' id='word_1_421' title='bbox 776 3371 972 3427; x_wconf 86' lang='lat' dir='ltr'><strong>autem</strong></span> <span class='ocrx_word' id='word_1_422' title='bbox 1004 3367 1230 3434; x_wconf 88' lang='lat' dir='ltr'><strong>sedent,</strong></span> <span class='ocrx_word' id='word_1_423' title='bbox 1259 3349 1359 3438; x_wconf 86' lang='lat' dir='ltr'><strong>qui</strong></span> <span class='ocrx_word' id='word_1_424' title='bbox 1389 3364 1772 3421; x_wconf 88' lang='lat' dir='ltr'><strong>conventibus</strong></span> <span class='ocrx_word' id='word_1_425' title='bbox 1793 3364 1892 3420; x_wconf 79' lang='lat' dir='ltr'><strong>ho-</strong></span> <span class='ocrx_word' id='word_1_426' title='bbox 1920 3349 1965 3418; x_wconf 85' lang='lat' dir='ltr'><strong>C</strong></span> <span class='ocrx_word' id='word_1_427' title='bbox 2075 3367 2120 3424; x_wconf 83' lang='grc' dir='ltr'>Η</span> <span class='ocrx_word' id='word_1_428' title='bbox 2153 3367 2283 3424; x_wconf 68' lang='lat' dir='ltr'><strong>Ilaec</strong></span> <span class='ocrx_word' id='word_1_429' title='bbox 2300 3349 2631 3425; x_wconf 81' lang='lat' dir='ltr'><strong>secundum</strong></span> <span class='ocrx_word' id='word_1_430' title='bbox 2649 3368 2974 3426; x_wconf 87' lang='lat' dir='ltr'><strong>humanam</strong></span> <span class='ocrx_word' id='word_1_431' title='bbox 2999 3369 3376 3443; x_wconf 87' lang='lat' dir='ltr'><strong>fragilitatem</strong></span> <span class='ocrx_word' id='word_1_432' title='bbox 3399 3369 3658 3444; x_wconf 85' lang='lat' dir='ltr'><strong>postulat</strong></span> 
     </span>
    </p>
   </div>
   <div class='ocr_carea' id='block_1_66' title="bbox 227 3453 1894 3526">
    <p class='ocr_par' dir='ltr' id='par_1_66' title="bbox 227 3453 1894 3526">
     <span class='ocr_line' id='line_1_66' title="bbox 227 3453 1894 3526; baseline -0.005 -8"><span class='ocrx_word' id='word_1_433' title='bbox 227 3459 461 3518; x_wconf 81' lang='lat' dir='ltr'><strong>minam</strong></span> <span class='ocrx_word' id='word_1_434' title='bbox 489 3456 698 3516; x_wconf 73' lang='lat' dir='ltr'><strong>sedula</strong></span> <span class='ocrx_word' id='word_1_435' title='bbox 726 3456 1063 3514; x_wconf 84' lang='lat' dir='ltr'><strong>curiositate</strong></span> <span class='ocrx_word' id='word_1_436' title='bbox 1079 3453 1578 3526; x_wconf 87' lang='lat' dir='ltr'><strong>miscentur.Ergo</strong></span> <span class='ocrx_word' id='word_1_437' title='bbox 1594 3453 1739 3510; x_wconf 90' lang='lat' dir='ltr'><strong>dicit</strong></span> <span class='ocrx_word' id='word_1_438' title='bbox 1761 3470 1894 3526; x_wconf 80' lang='lat' dir='ltr'><strong>pas-</strong></span> 
     </span>
    </p>
   </div>
   <div class='ocr_carea' id='block_1_67' title="bbox 228 3540 1892 3618">
    <p class='ocr_par' dir='ltr' id='par_1_67' title="bbox 228 3540 1892 3618">
     <span class='ocr_line' id='line_1_67' title="bbox 228 3540 1892 3618; baseline -0.005 -10"><span class='ocrx_word' id='word_1_439' title='bbox 228 3551 458 3608; x_wconf 83' lang='lat' dir='ltr'><strong>sionem</strong></span> <span class='ocrx_word' id='word_1_440' title='bbox 467 3563 639 3606; x_wconf 84' lang='lat' dir='ltr'><strong>suam</strong></span> <span class='ocrx_word' id='word_1_441' title='bbox 661 3545 823 3618; x_wconf 83' lang='lat' dir='ltr'><strong>genti</strong></span> <span class='ocrx_word' id='word_1_442' title='bbox 839 3545 1102 3602; x_wconf 66' lang='lat' dir='ltr'><strong>Judaicm</strong></span> <span class='ocrx_word' id='word_1_443' title='bbox 1117 3542 1300 3600; x_wconf 84' lang='lat' dir='ltr'><strong>fuisse</strong></span> <span class='ocrx_word' id='word_1_444' title='bbox 1319 3540 1600 3599; x_wconf 89' lang='lat' dir='ltr'><strong>fabulam.</strong></span> <span class='ocrx_word' id='word_1_445' title='bbox 1622 3541 1683 3598; x_wconf 85' lang='lat' dir='ltr'><strong>In</strong></span> <span class='ocrx_word' id='word_1_446' title='bbox 1710 3545 1892 3600; x_wconf 90' lang='lat' dir='ltr'><strong>Deum</strong></span> 
     </span>
    </p>
   </div>
   <div class='ocr_carea' id='block_1_68' title="bbox 229 3631 1894 3712">
    <p class='ocr_par' dir='ltr' id='par_1_68' title="bbox 229 3631 1894 3712">
     <span class='ocr_line' id='line_1_68' title="bbox 229 3631 1894 3712; baseline -0.004 -17"><span class='ocrx_word' id='word_1_447' title='bbox 229 3638 496 3712; x_wconf 84' lang='lat' dir='ltr'><strong>psallunt</strong></span> <span class='ocrx_word' id='word_1_448' title='bbox 523 3635 576 3692; x_wconf 86' lang='lat' dir='ltr'><strong>si</strong></span> <span class='ocrx_word' id='word_1_449' title='bbox 605 3635 664 3690; x_wconf 89' lang='lat' dir='ltr'><strong>in</strong></span> <span class='ocrx_word' id='word_1_450' title='bbox 698 3634 922 3690; x_wconf 90' lang='lat' dir='ltr'><strong>bonum</strong></span> <span class='ocrx_word' id='word_1_451' title='bbox 953 3631 1256 3704; x_wconf 86' lang='lat' dir='ltr'><strong>accipitur,</strong></span> <span class='ocrx_word' id='word_1_452' title='bbox 1290 3631 1391 3704; x_wconf 91' lang='lat' dir='ltr'><strong>qui</strong></span> <span class='ocrx_word' id='word_1_453' title='bbox 1418 3631 1646 3688; x_wconf 89' lang='lat' dir='ltr'><strong>actione</strong></span> <span class='ocrx_word' id='word_1_454' title='bbox 1676 3631 1894 3704; x_wconf 89' lang='lat' dir='ltr'><strong>proba-</strong></span> 
     </span>
    </p>
   </div>
   <div class='ocr_carea' id='block_1_69' title="bbox 227 3719 1891 3797">
    <p class='ocr_par' dir='ltr' id='par_1_69' title="bbox 227 3719 1891 3797">
     <span class='ocr_line' id='line_1_69' title="bbox 227 3719 1891 3797; baseline -0.003 -14"><span class='ocrx_word' id='word_1_455' title='bbox 227 3726 332 3782; x_wconf 86' lang='lat' dir='ltr'><strong>bili</strong></span> <span class='ocrx_word' id='word_1_456' title='bbox 363 3721 947 3797; x_wconf 87' lang='lat' dir='ltr'><strong>diriguntur.Vinum</strong></span> <span class='ocrx_word' id='word_1_457' title='bbox 981 3719 1282 3788; x_wconf 87' lang='lat' dir='ltr'><strong>similiter;</strong></span> <span class='ocrx_word' id='word_1_458' title='bbox 1317 3736 1433 3776; x_wconf 87' lang='lat' dir='ltr'><strong>non</strong></span> <span class='ocrx_word' id='word_1_459' title='bbox 1463 3719 1891 3788; x_wconf 86' lang='lat' dir='ltr'><strong>ebrietatis,sed</strong></span> 
     </span>
    </p>
   </div>
   <div class='ocr_carea' id='block_1_70' title="bbox 228 3807 1891 3888">
    <p class='ocr_par' dir='ltr' id='par_1_70' title="bbox 228 3807 1891 3888">
     <span class='ocr_line' id='line_1_70' title="bbox 228 3807 1891 3888; baseline -0.002 -17"><span class='ocrx_word' id='word_1_460' title='bbox 228 3813 514 3888; x_wconf 84' lang='lat' dir='ltr'><strong>spiritale.</strong></span> <span class='ocrx_word' id='word_1_461' title='bbox 551 3811 670 3883; x_wconf 84' lang='lat' dir='ltr'><strong>Ipsi</strong></span> <span class='ocrx_word' id='word_1_462' title='bbox 716 3809 873 3866; x_wconf 88' lang='lat' dir='ltr'><strong>enim</strong></span> <span class='ocrx_word' id='word_1_463' title='bbox 915 3807 1264 3882; x_wconf 86' lang='lat' dir='ltr'><strong>psallebant,</strong></span> <span class='ocrx_word' id='word_1_464' title='bbox 1293 3808 1392 3882; x_wconf 91' lang='lat' dir='ltr'><strong>qui</strong></span> <span class='ocrx_word' id='word_1_465' title='bbox 1426 3826 1530 3882; x_wconf 89' lang='lat' dir='ltr'><strong>per</strong></span> <span class='ocrx_word' id='word_1_466' title='bbox 1557 3809 1891 3884; x_wconf 86' lang='lat' dir='ltr'><strong>intelligen-</strong></span> 
     </span>
    </p>
   </div>
   <div class='ocr_carea' id='block_1_71' title="bbox 227 3897 1894 3974">
    <p class='ocr_par' dir='ltr' id='par_1_71' title="bbox 227 3897 1894 3974">
     <span class='ocr_line' id='line_1_71' title="bbox 227 3897 1894 3974; baseline -0.001 -15"><span class='ocrx_word' id='word_1_467' title='bbox 227 3902 372 3960; x_wconf 87' lang='lat' dir='ltr'><strong>tiam</strong></span> <span class='ocrx_word' id='word_1_468' title='bbox 407 3916 725 3974; x_wconf 87' lang='lat' dir='ltr'><strong>supernam</strong></span> <span class='ocrx_word' id='word_1_469' title='bbox 743 3897 986 3955; x_wconf 87' lang='lat' dir='ltr'><strong>salutari</strong></span> <span class='ocrx_word' id='word_1_470' title='bbox 1005 3897 1274 3955; x_wconf 87' lang='lat' dir='ltr'><strong>doctrina</strong></span> <span class='ocrx_word' id='word_1_471' title='bbox 1307 3897 1681 3972; x_wconf 85' lang='lat' dir='ltr'><strong>potabantur.</strong></span> <span class='ocrx_word' id='word_1_472' title='bbox 1705 3900 1776 3956; x_wconf 85' lang='lat' dir='ltr'><strong>Et</strong></span> <span class='ocrx_word' id='word_1_473' title='bbox 1813 3900 1894 3958; x_wconf 90' lang='lat' dir='ltr'><strong>ita</strong></span> 
     </span>
    </p>
   </div>
   <div class='ocr_carea' id='block_1_72' title="bbox 227 3985 1894 4064">
    <p class='ocr_par' dir='ltr' id='par_1_72' title="bbox 227 3985 1894 4064">
     <span class='ocr_line' id='line_1_72' title="bbox 227 3985 1894 4064; baseline -0.001 -16"><span class='ocrx_word' id='word_1_474' title='bbox 227 3991 616 4050; x_wconf 87' lang='lat' dir='ltr'><strong>Cassiodorus</strong></span> <span class='ocrx_word' id='word_1_475' title='bbox 637 3987 888 4063; x_wconf 87' lang='lat' dir='ltr'><strong>psallere</strong></span> <span class='ocrx_word' id='word_1_476' title='bbox 918 3987 990 4043; x_wconf 90' lang='lat' dir='ltr'><strong>de</strong></span> <span class='ocrx_word' id='word_1_477' title='bbox 1021 3985 1294 4044; x_wconf 89' lang='lat' dir='ltr'><strong>ﬁdelibus</strong></span> <span class='ocrx_word' id='word_1_478' title='bbox 1341 3993 1400 4044; x_wconf 88' lang='lat' dir='ltr'><strong>et</strong></span> <span class='ocrx_word' id='word_1_479' title='bbox 1455 3987 1624 4047; x_wconf 89' lang='lat' dir='ltr'><strong>bonis</strong></span> <span class='ocrx_word' id='word_1_480' title='bbox 1655 3991 1894 4064; x_wconf 83' lang='lat' dir='ltr'><strong>exponit</strong></span> 
     </span>
    </p>
   </div>
   <div class='ocr_carea' id='block_1_73' title="bbox 228 4077 1892 4154">
    <p class='ocr_par' dir='ltr' id='par_1_73' title="bbox 228 4077 1892 4154">
     <span class='ocr_line' id='line_1_73' title="bbox 228 4077 1892 4154; baseline 0 -18"><span class='ocrx_word' id='word_1_481' title='bbox 228 4086 296 4137; x_wconf 90' lang='lat' dir='ltr'><strong>ut</strong></span> <span class='ocrx_word' id='word_1_482' title='bbox 325 4078 771 4154; x_wconf 83' lang='lat' dir='ltr'><strong>sequentia.Sed</strong></span> <span class='ocrx_word' id='word_1_483' title='bbox 805 4077 1132 4134; x_wconf 88' lang='lat' dir='ltr'><strong>secundum</strong></span> <span class='ocrx_word' id='word_1_484' title='bbox 1157 4077 1570 4152; x_wconf 78' lang='lat' dir='ltr'><strong>Hieronymum</strong></span> <span class='ocrx_word' id='word_1_485' title='bbox 1597 4079 1812 4137; x_wconf 67' lang='lat' dir='ltr'><strong>Scribe</strong></span> <span class='ocrx_word' id='word_1_486' title='bbox 1835 4085 1892 4136; x_wconf 91' lang='lat' dir='ltr'><strong>et</strong></span> 
     </span>
    </p>
   </div>
   <div class='ocr_carea' id='block_1_74' title="bbox 228 4167 1892 4242">
    <p class='ocr_par' dir='ltr' id='par_1_74' title="bbox 228 4167 1892 4242">
     <span class='ocr_line' id='line_1_74' title="bbox 228 4167 1892 4242; baseline -0.001 -14"><span class='ocrx_word' id='word_1_487' title='bbox 228 4169 508 4228; x_wconf 71' lang='lat' dir='ltr'><strong>Pharisei</strong></span> <span class='ocrx_word' id='word_1_488' title='bbox 541 4169 601 4226; x_wconf 91' lang='lat' dir='ltr'><strong>in</strong></span> <span class='ocrx_word' id='word_1_489' title='bbox 632 4171 800 4242; x_wconf 88' lang='lat' dir='ltr'><strong>porta</strong></span> <span class='ocrx_word' id='word_1_490' title='bbox 827 4167 1235 4240; x_wconf 76' lang='lat' dir='ltr'><strong>(Matth.xxm),</strong></span> <span class='ocrx_word' id='word_1_491' title='bbox 1269 4167 1327 4224; x_wconf 90' lang='lat' dir='ltr'><strong>id</strong></span> <span class='ocrx_word' id='word_1_492' title='bbox 1357 4171 1448 4224; x_wconf 86' lang='lat' dir='ltr'><strong>est</strong></span> <span class='ocrx_word' id='word_1_493' title='bbox 1466 4168 1694 4240; x_wconf 87' lang='lat' dir='ltr'><strong>judicio</strong></span> <span class='ocrx_word' id='word_1_494' title='bbox 1724 4169 1892 4227; x_wconf 84' lang='lat' dir='ltr'><strong>sede-</strong></span> 
     </span>
    </p>
   </div>
   <div class='ocr_carea' id='block_1_75' title="bbox 227 4256 1890 4332">
    <p class='ocr_par' dir='ltr' id='par_1_75' title="bbox 227 4256 1890 4332">
     <span class='ocr_line' id='line_1_75' title="bbox 227 4256 1890 4332; baseline -0.002 -15"><span class='ocrx_word' id='word_1_495' title='bbox 227 4259 499 4332; x_wconf 87' lang='lat' dir='ltr'><strong>bant,qui</strong></span> <span class='ocrx_word' id='word_1_496' title='bbox 531 4257 753 4314; x_wconf 89' lang='lat' dir='ltr'><strong>clavem</strong></span> <span class='ocrx_word' id='word_1_497' title='bbox 784 4257 1040 4313; x_wconf 68' lang='lat' dir='ltr'><strong>scientiae</strong></span> <span class='ocrx_word' id='word_1_498' title='bbox 1071 4256 1376 4325; x_wconf 84' lang='lat' dir='ltr'><strong>habentes,</strong></span> <span class='ocrx_word' id='word_1_499' title='bbox 1411 4273 1518 4314; x_wconf 90' lang='lat' dir='ltr'><strong>nec</strong></span> <span class='ocrx_word' id='word_1_500' title='bbox 1547 4257 1890 4326; x_wconf 87' lang='lat' dir='ltr'><strong>introibant,</strong></span> 
     </span>
    </p>
   </div>
   <div class='ocr_carea' id='block_1_76' title="bbox 226 4345 1890 4420">
    <p class='ocr_par' dir='ltr' id='par_1_76' title="bbox 226 4345 1890 4420">
     <span class='ocr_line' id='line_1_76' title="bbox 226 4345 1890 4420; baseline -0.002 -14"><span class='ocrx_word' id='word_1_501' title='bbox 226 4365 332 4406; x_wconf 90' lang='lat' dir='ltr'><strong>nec</strong></span> <span class='ocrx_word' id='word_1_502' title='bbox 363 4348 510 4406; x_wconf 90' lang='lat' dir='ltr'><strong>alios</strong></span> <span class='ocrx_word' id='word_1_503' title='bbox 535 4347 776 4404; x_wconf 89' lang='lat' dir='ltr'><strong>introire</strong></span> <span class='ocrx_word' id='word_1_504' title='bbox 809 4346 1100 4404; x_wconf 83' lang='lat' dir='ltr'><strong>sinebant.</strong></span> <span class='ocrx_word' id='word_1_505' title='bbox 1135 4345 1221 4404; x_wconf 84' lang='lat' dir='ltr'><strong>Illi</strong></span> <span class='ocrx_word' id='word_1_506' title='bbox 1250 4345 1455 4420; x_wconf 78' lang='lat' dir='ltr'><strong>repleti</strong></span> <span class='ocrx_word' id='word_1_507' title='bbox 1487 4347 1622 4404; x_wconf 90' lang='lat' dir='ltr'><strong>vino</strong></span> <span class='ocrx_word' id='word_1_508' title='bbox 1671 4347 1890 4420; x_wconf 88' lang='lat' dir='ltr'><strong>iniqui-</strong></span> 
     </span>
    </p>
   </div>
   <div class='ocr_carea' id='block_1_77' title="bbox 226 4435 1889 4510">
    <p class='ocr_par' dir='ltr' id='par_1_77' title="bbox 226 4435 1889 4510">
     <span class='ocr_line' id='line_1_77' title="bbox 226 4435 1889 4510; baseline -0.001 -16"><span class='ocrx_word' id='word_1_509' title='bbox 226 4437 386 4509; x_wconf 89' lang='lat' dir='ltr'><strong>tatis,</strong></span> <span class='ocrx_word' id='word_1_510' title='bbox 419 4435 672 4510; x_wconf 88' lang='lat' dir='ltr'><strong>qualiter</strong></span> <span class='ocrx_word' id='word_1_511' title='bbox 699 4453 835 4494; x_wconf 90' lang='lat' dir='ltr'><strong>eum</strong></span> <span class='ocrx_word' id='word_1_512' title='bbox 867 4437 1261 4494; x_wconf 82' lang='lat' dir='ltr'><strong>interﬁcerent</strong></span> <span class='ocrx_word' id='word_1_513' title='bbox 1288 4435 1688 4494; x_wconf 89' lang='lat' dir='ltr'><strong>continebant.</strong></span> <span class='ocrx_word' id='word_1_514' title='bbox 1711 4437 1756 4493; x_wconf 79' lang='lat' dir='ltr'><strong>ﬂ</strong></span> <span class='ocrx_word' id='word_1_515' title='bbox 1787 4435 1889 4494; x_wconf 82' lang='lat' dir='ltr'><strong>Vel</strong></span> 
     </span>
    </p>
   </div>
   <div class='ocr_carea' id='block_1_78' title="bbox 225 4525 1894 4600">
    <p class='ocr_par' dir='ltr' id='par_1_78' title="bbox 225 4525 1894 4600">
     <span class='ocr_line' id='line_1_78' title="bbox 225 4525 1894 4600; baseline -0.001 -16"><span class='ocrx_word' id='word_1_516' title='bbox 225 4525 372 4584; x_wconf 85' lang='lat' dir='ltr'><strong>ebrii</strong></span> <span class='ocrx_word' id='word_1_517' title='bbox 403 4529 572 4584; x_wconf 90' lang='lat' dir='ltr'><strong>erant</strong></span> <span class='ocrx_word' id='word_1_518' title='bbox 595 4525 750 4594; x_wconf 88' lang='lat' dir='ltr'><strong>vino,</strong></span> <span class='ocrx_word' id='word_1_519' title='bbox 785 4526 1020 4600; x_wconf 88' lang='lat' dir='ltr'><strong>quando</strong></span> <span class='ocrx_word' id='word_1_520' title='bbox 1050 4525 1310 4584; x_wconf 83' lang='lat' dir='ltr'><strong>velantes</strong></span> <span class='ocrx_word' id='word_1_521' title='bbox 1340 4525 1550 4583; x_wconf 85' lang='lat' dir='ltr'><strong>faciem</strong></span> <span class='ocrx_word' id='word_1_522' title='bbox 1581 4526 1713 4598; x_wconf 82' lang='lat' dir='ltr'><strong>ejus</strong></span> <span class='ocrx_word' id='word_1_523' title='bbox 1742 4525 1894 4584; x_wconf 87' lang='lat' dir='ltr'><strong>dice-</strong></span> 
     </span>
    </p>
   </div>
   <div class='ocr_carea' id='block_1_79' title="bbox 224 4613 1894 4688">
    <p class='ocr_par' dir='ltr' id='par_1_79' title="bbox 224 4613 1894 4688">
     <span class='ocr_line' id='line_1_79' title="bbox 224 4613 1894 4688; baseline -0.001 -17"><span class='ocrx_word' id='word_1_524' title='bbox 224 4615 368 4672; x_wconf 89' lang='lat' dir='ltr'><strong>bant</strong></span> <span class='ocrx_word' id='word_1_525' title='bbox 401 4631 415 4672; x_wconf 88' lang='lat'><strong>:</strong></span> <span class='ocrx_word' id='word_1_526' title='bbox 448 4614 792 4688; x_wconf 85' lang='lat' dir='ltr'><strong>Prophetiza</strong></span> <span class='ocrx_word' id='word_1_527' title='bbox 817 4613 1403 4688; x_wconf 87' lang='lat' dir='ltr'><strong>nobis,Christe,quis</strong></span> <span class='ocrx_word' id='word_1_528' title='bbox 1433 4617 1526 4670; x_wconf 88' lang='lat' dir='ltr'><strong>est</strong></span> <span class='ocrx_word' id='word_1_529' title='bbox 1555 4613 1659 4686; x_wconf 90' lang='lat' dir='ltr'><strong>qui</strong></span> <span class='ocrx_word' id='word_1_530' title='bbox 1691 4617 1746 4672; x_wconf 89' lang='lat' dir='ltr'><strong>te</strong></span> <span class='ocrx_word' id='word_1_531' title='bbox 1768 4631 1894 4688; x_wconf 87' lang='lat' dir='ltr'><strong>per-</strong></span> 
     </span>
    </p>
   </div>
   <div class='ocr_carea' id='block_1_80' title="bbox 225 4703 832 4778">
    <p class='ocr_par' dir='ltr' id='par_1_80' title="bbox 225 4703 832 4778">
     <span class='ocr_line' id='line_1_80' title="bbox 225 4703 832 4778; baseline -0.002 -17"><span class='ocrx_word' id='word_1_532' title='bbox 225 4703 454 4761; x_wconf 80' lang='lat' dir='ltr'><strong>cussit?</strong></span> <span class='ocrx_word' id='word_1_533' title='bbox 484 4704 635 4778; x_wconf 87' lang='lat' dir='ltr'><strong>(Luc.</strong></span> <span class='ocrx_word' id='word_1_534' title='bbox 668 4707 832 4773; x_wconf 83' lang='lat' dir='ltr'><strong>xxu).</strong></span> 
     </span>
    </p>
   </div>
   <div class='ocr_carea' id='block_1_81' title="bbox 225 4788 1677 4864">
    <p class='ocr_par' dir='ltr' id='par_1_81' title="bbox 225 4788 1677 4864">
     <span class='ocr_line' id='line_1_81' title="bbox 225 4788 1677 4864; baseline -0.001 -15"><span class='ocrx_word' id='word_1_535' title='bbox 225 4793 297 4849; x_wconf 85' lang='grc'><strong>16</strong></span> <span class='ocrx_word' id='word_1_536' title='bbox 367 4797 481 4864; x_wconf 70' lang='lat' dir='ltr'><strong>Eoo</strong></span> <span class='ocrx_word' id='word_1_537' title='bbox 507 4809 633 4851; x_wconf 83' lang='lat' dir='ltr'><strong>vero</strong></span> <span class='ocrx_word' id='word_1_538' title='bbox 659 4795 964 4850; x_wconf 81' lang='lat' dir='ltr'><strong>orationem</strong></span> <span class='ocrx_word' id='word_1_539' title='bbox 992 4807 1174 4848; x_wconf 85' lang='lat' dir='ltr'><strong>meam</strong></span> <span class='ocrx_word' id='word_1_540' title='bbox 1199 4789 1272 4847; x_wconf 89' lang='lat' dir='ltr'><strong>ad</strong></span> <span class='ocrx_word' id='word_1_541' title='bbox 1297 4797 1367 4862; x_wconf 83' lang='lat' dir='ltr'><strong>te,</strong></span> <span class='ocrx_word' id='word_1_542' title='bbox 1399 4788 1627 4848; x_wconf 86' lang='lat' dir='ltr'><strong>Domine</strong></span> <span class='ocrx_word' id='word_1_543' title='bbox 1656 4808 1677 4848; x_wconf 90' lang='lat'><strong><em>:</em></strong></span> 
     </span>
    </p>
   </div>
   <div class='ocr_carea' id='block_1_82' title="bbox 373 4881 1596 4968">
    <p class='ocr_par' dir='ltr' id='par_1_82' title="bbox 373 4881 1596 4968">
     <span class='ocr_line' id='line_1_82' title="bbox 373 4881 1596 4968; baseline -0.002 -29"><span class='ocrx_word' id='word_1_544' title='bbox 373 4884 596 4955; x_wconf 83' lang='lat' dir='ltr'><strong>Tempus</strong></span> <span class='ocrx_word' id='word_1_545' title='bbox 625 4882 954 4956; x_wconf 83' lang='lat' dir='ltr'><strong>beneplaciti</strong></span> <span class='ocrx_word' id='word_1_546' title='bbox 969 4881 1137 4968; x_wconf 73' lang='lat' dir='ltr'><strong>Deus.</strong></span> <span class='ocrx_word' id='word_1_547' title='bbox 1225 4967 1278 4968; x_wconf 19' lang='lat' dir='ltr'>ﬂ</span> <span class='ocrx_word' id='word_1_548' title='bbox 1375 4915 1392 4928; x_wconf 69' lang='lat'><strong><em>.</em></strong></span> <span class='ocrx_word' id='word_1_549' title='bbox 1516 4949 1596 4968; x_wconf 11' lang='grc' dir='ltr'><strong>ί.</strong></span> 
     </span>
    </p>
   </div>
   <div class='ocr_carea' id='block_1_83' title="bbox 295 4967 1884 5045">
    <p class='ocr_par' dir='ltr' id='par_1_83' title="bbox 295 4967 1884 5045">
     <span class='ocr_line' id='line_1_83' title="bbox 295 4967 1884 5045; baseline 0 -17"><span class='ocrx_word' id='word_1_550' title='bbox 295 4970 337 5027; x_wconf 91' lang='lat' dir='ltr'><strong>C</strong></span> <span class='ocrx_word' id='word_1_551' title='bbox 369 4971 516 5028; x_wconf 89' lang='lat' dir='ltr'><strong>Illud</strong></span> <span class='ocrx_word' id='word_1_552' title='bbox 546 4976 786 5045; x_wconf 88' lang='lat' dir='ltr'><strong>tempus</strong></span> <span class='ocrx_word' id='word_1_553' title='bbox 815 4976 906 5027; x_wconf 90' lang='lat' dir='ltr'><strong>est</strong></span> <span class='ocrx_word' id='word_1_554' title='bbox 937 4967 1282 5039; x_wconf 85' lang='lat' dir='ltr'><strong>beneplaciti</strong></span> <span class='ocrx_word' id='word_1_555' title='bbox 1333 4967 1884 5040; x_wconf 29' lang='lat' dir='ltr'><strong>quando’lncarna-</strong></span> 
     </span>
    </p>
   </div>
   <div class='ocr_carea' id='block_1_84' title="bbox 223 5057 1882 5132">
    <p class='ocr_par' dir='ltr' id='par_1_84' title="bbox 223 5057 1882 5132">
     <span class='ocr_line' id='line_1_84' title="bbox 223 5057 1882 5132; baseline 0 -14"><span class='ocrx_word' id='word_1_556' title='bbox 223 5060 403 5118; x_wconf 90' lang='lat' dir='ltr'><strong>tionis</strong></span> <span class='ocrx_word' id='word_1_557' title='bbox 433 5079 552 5119; x_wconf 69' lang='lat' dir='ltr'><strong>suae</strong></span> <span class='ocrx_word' id='word_1_558' title='bbox 584 5060 886 5127; x_wconf 88' lang='lat' dir='ltr'><strong>beneﬁcio,</strong></span> <span class='ocrx_word' id='word_1_559' title='bbox 911 5057 1337 5132; x_wconf 89' lang='lat' dir='ltr'><strong>periclitantem</strong></span> <span class='ocrx_word' id='word_1_560' title='bbox 1362 5058 1654 5116; x_wconf 90' lang='lat' dir='ltr'><strong>mundum</strong></span> <span class='ocrx_word' id='word_1_561' title='bbox 1673 5061 1752 5117; x_wconf 87' lang='lat' dir='ltr'><strong>ab</strong></span> <span class='ocrx_word' id='word_1_562' title='bbox 1771 5061 1882 5118; x_wconf 92' lang='lat' dir='ltr'><strong>im-</strong></span> 
     </span>
    </p>
   </div>
   <div class='ocr_carea' id='block_1_85' title="bbox 224 5145 1882 5224">
    <p class='ocr_par' dir='ltr' id='par_1_85' title="bbox 224 5145 1882 5224">
     <span class='ocr_line' id='line_1_85' title="bbox 224 5145 1882 5224; baseline 0.001 -17"><span class='ocrx_word' id='word_1_563' title='bbox 224 5151 484 5208; x_wconf 90' lang='lat' dir='ltr'><strong>minente</strong></span> <span class='ocrx_word' id='word_1_564' title='bbox 511 5151 688 5208; x_wconf 78' lang='lat' dir='ltr'><strong>exitio</strong></span> <span class='ocrx_word' id='word_1_565' title='bbox 716 5147 1002 5206; x_wconf 88' lang='lat' dir='ltr'><strong>liberavit.</strong></span> <span class='ocrx_word' id='word_1_566' title='bbox 1037 5145 1083 5201; x_wconf 90' lang='lat' dir='ltr'><strong>H</strong></span> <span class='ocrx_word' id='word_1_567' title='bbox 1115 5145 1218 5202; x_wconf 90' lang='lat' dir='ltr'><strong>Vel</strong></span> <span class='ocrx_word' id='word_1_568' title='bbox 1249 5149 1486 5220; x_wconf 87' lang='lat' dir='ltr'><strong>tempus</strong></span> <span class='ocrx_word' id='word_1_569' title='bbox 1511 5148 1882 5224; x_wconf 89' lang='lat' dir='ltr'><strong>beneplaciti,</strong></span> 
     </span>
    </p>
   </div>
   <div class='ocr_carea' id='block_1_86' title="bbox 223 5236 1884 5314">
    <p class='ocr_par' dir='ltr' id='par_1_86' title="bbox 223 5236 1884 5314">
     <span class='ocr_line' id='line_1_86' title="bbox 223 5236 1884 5314; baseline 0 -17"><span class='ocrx_word' id='word_1_570' title='bbox 223 5244 458 5314; x_wconf 89' lang='lat' dir='ltr'><strong>tempus</strong></span> <span class='ocrx_word' id='word_1_571' title='bbox 484 5245 574 5296; x_wconf 91' lang='lat' dir='ltr'><strong>est</strong></span> <span class='ocrx_word' id='word_1_572' title='bbox 599 5237 918 5312; x_wconf 88' lang='lat' dir='ltr'><strong>passionis,</strong></span> <span class='ocrx_word' id='word_1_573' title='bbox 950 5251 1067 5306; x_wconf 91' lang='lat' dir='ltr'><strong>quo</strong></span> <span class='ocrx_word' id='word_1_574' title='bbox 1096 5238 1359 5308; x_wconf 88' lang='lat' dir='ltr'><strong>tempore</strong></span> <span class='ocrx_word' id='word_1_575' title='bbox 1387 5236 1608 5308; x_wconf 80' lang='lat' dir='ltr'><strong>Judaeis</strong></span> <span class='ocrx_word' id='word_1_576' title='bbox 1653 5240 1884 5297; x_wconf 81' lang='lat' dir='ltr'><strong>cruciﬁ-</strong></span> 
     </span>
    </p>
   </div>
   <div class='ocr_carea' id='block_1_87' title="bbox 223 5323 1886 5402">
    <p class='ocr_par' dir='ltr' id='par_1_87' title="bbox 223 5323 1886 5402">
     <span class='ocr_line' id='line_1_87' title="bbox 223 5323 1886 5402; baseline 0.002 -17"><span class='ocrx_word' id='word_1_577' title='bbox 223 5330 500 5402; x_wconf 86' lang='lat' dir='ltr'><strong>gentibus</strong></span> <span class='ocrx_word' id='word_1_578' title='bbox 524 5327 798 5385; x_wconf 86' lang='lat' dir='ltr'><strong>Christus</strong></span> <span class='ocrx_word' id='word_1_579' title='bbox 829 5323 1015 5380; x_wconf 90' lang='lat' dir='ltr'><strong>oravit</strong></span> <span class='ocrx_word' id='word_1_580' title='bbox 1045 5324 1178 5394; x_wconf 88' lang='lat' dir='ltr'><strong>(Luc</strong></span> <span class='ocrx_word' id='word_1_581' title='bbox 1207 5326 1482 5395; x_wconf 80' lang='lat' dir='ltr'><strong>xxm).Ne</strong></span> <span class='ocrx_word' id='word_1_582' title='bbox 1512 5330 1738 5386; x_wconf 81' lang='lat' dir='ltr'><strong>statuas</strong></span> <span class='ocrx_word' id='word_1_583' title='bbox 1768 5327 1886 5388; x_wconf 90' lang='lat' dir='ltr'><strong>illis</strong></span> 
     </span>
    </p>
   </div>
   <div class='ocr_carea' id='block_1_88' title="bbox 123 5415 1888 5492">
    <p class='ocr_par' dir='ltr' id='par_1_88' title="bbox 123 5415 1888 5492">
     <span class='ocr_line' id='line_1_88' title="bbox 123 5415 1888 5492; baseline 0.002 -17"><span class='ocrx_word' id='word_1_584' title='bbox 123 5478 136 5488; x_wconf 67' lang='grc'><em>,</em></span> <span class='ocrx_word' id='word_1_585' title='bbox 224 5422 390 5491; x_wconf 88' lang='lat' dir='ltr'><strong>pater</strong></span> <span class='ocrx_word' id='word_1_586' title='bbox 407 5418 520 5474; x_wconf 77' lang='lat' dir='ltr'><strong>hoc</strong></span> <span class='ocrx_word' id='word_1_587' title='bbox 549 5417 881 5488; x_wconf 89' lang='lat' dir='ltr'><strong>peccatum,</strong></span> <span class='ocrx_word' id='word_1_588' title='bbox 901 5415 1260 5472; x_wconf 88' lang='lat' dir='ltr'><strong>etc.summe</strong></span> <span class='ocrx_word' id='word_1_589' title='bbox 1288 5415 1446 5472; x_wconf 90' lang='lat' dir='ltr'><strong>enim</strong></span> <span class='ocrx_word' id='word_1_590' title='bbox 1479 5415 1632 5474; x_wconf 86' lang='lat' dir='ltr'><strong>Patri</strong></span> <span class='ocrx_word' id='word_1_591' title='bbox 1663 5417 1888 5492; x_wconf 89' lang='lat' dir='ltr'><strong>placuit</strong></span> 
     </span>
    </p>
   </div>
   <div class='ocr_carea' id='block_1_89' title="bbox 227 5501 922 5574">
    <p class='ocr_par' dir='ltr' id='par_1_89' title="bbox 227 5501 922 5574">
     <span class='ocr_line' id='line_1_89' title="bbox 227 5501 922 5574; baseline -0.006 -13"><span class='ocrx_word' id='word_1_592' title='bbox 227 5505 543 5564; x_wconf 84' lang='lat' dir='ltr'><strong>hominum</strong></span> <span class='ocrx_word' id='word_1_593' title='bbox 577 5501 922 5574; x_wconf 84' lang='lat' dir='ltr'><strong>redemptio.</strong></span> 
     </span>
    </p>
   </div>
   <div class='ocr_carea' id='block_1_90' title="bbox 226 5591 1434 5653">
    <p class='ocr_par' dir='ltr' id='par_1_90' title="bbox 226 5591 1434 5653">
     <span class='ocr_line' id='line_1_90' title="bbox 226 5591 1434 5653; baseline -0.002 -1"><span class='ocrx_word' id='word_1_594' title='bbox 226 5593 294 5653; x_wconf 72' lang='lat' dir='ltr'><strong>l7</strong></span> <span class='ocrx_word' id='word_1_595' title='bbox 371 5596 436 5650; x_wconf 79' lang='lat' dir='ltr'><strong>In</strong></span> <span class='ocrx_word' id='word_1_596' title='bbox 465 5591 824 5650; x_wconf 81' lang='lat' dir='ltr'><strong>multitudine</strong></span> <span class='ocrx_word' id='word_1_597' title='bbox 851 5592 1250 5650; x_wconf 57' lang='lat' dir='ltr'><strong>misericordia</strong></span> <span class='ocrx_word' id='word_1_598' title='bbox 1273 5602 1388 5652; x_wconf 76' lang='lat' dir='ltr'><strong>tuae</strong></span> <span class='ocrx_word' id='word_1_599' title='bbox 1415 5613 1434 5650; x_wconf 92' lang='lat'><strong><em>:</em></strong></span> 
     </span>
    </p>
   </div>
   <div class='ocr_carea' id='block_1_91' title="bbox 371 5679 1437 5742">
    <p class='ocr_par' dir='ltr' id='par_1_91' title="bbox 371 5679 1437 5742">
     <span class='ocr_line' id='line_1_91' title="bbox 371 5679 1437 5742; baseline 0 -2"><span class='ocrx_word' id='word_1_600' title='bbox 371 5679 596 5740; x_wconf 60' lang='lat' dir='ltr'><strong>Exaudi</strong></span> <span class='ocrx_word' id='word_1_601' title='bbox 623 5696 712 5738; x_wconf 85' lang='lat' dir='ltr'><strong>me</strong></span> <span class='ocrx_word' id='word_1_602' title='bbox 737 5682 800 5738; x_wconf 86' lang='lat' dir='ltr'><strong>in</strong></span> <span class='ocrx_word' id='word_1_603' title='bbox 828 5684 1056 5741; x_wconf 83' lang='lat' dir='ltr'><strong>veritate</strong></span> <span class='ocrx_word' id='word_1_604' title='bbox 1079 5683 1276 5740; x_wconf 82' lang='lat' dir='ltr'><strong>salutis</strong></span> <span class='ocrx_word' id='word_1_605' title='bbox 1305 5689 1437 5742; x_wconf 68' lang='lat' dir='ltr'><strong>tuae.</strong></span> 
     </span>
    </p>
   </div>
   <div class='ocr_carea' id='block_1_92' title="bbox 302 5769 1882 5854">
    <p class='ocr_par' dir='ltr' id='par_1_92' title="bbox 302 5769 1882 5854">
     <span class='ocr_line' id='line_1_92' title="bbox 302 5769 1882 5854; baseline 0.003 -22"><span class='ocrx_word' id='word_1_606' title='bbox 302 5769 344 5832; x_wconf 76' lang='grc' dir='ltr'>Ο</span> <span class='ocrx_word' id='word_1_607' title='bbox 365 5770 511 5834; x_wconf 81' lang='lat' dir='ltr'><strong>Nam</strong></span> <span class='ocrx_word' id='word_1_608' title='bbox 533 5770 583 5831; x_wconf 85' lang='lat' dir='ltr'><strong>si</strong></span> <span class='ocrx_word' id='word_1_609' title='bbox 607 5769 1016 5836; x_wconf 82' lang='lat' dir='ltr'><strong>multitudines</strong></span> <span class='ocrx_word' id='word_1_610' title='bbox 1038 5770 1449 5838; x_wconf 65' lang='lat' dir='ltr'><strong>misericordias</strong></span> <span class='ocrx_word' id='word_1_611' title='bbox 1469 5790 1588 5834; x_wconf 91' lang='lat' dir='ltr'><strong>non</strong></span> <span class='ocrx_word' id='word_1_612' title='bbox 1608 5776 1882 5854; x_wconf 81' lang='lat' dir='ltr'><strong>fuissent,</strong></span> 
     </span>
    </p>
   </div>
   <div class='ocr_carea' id='block_1_93' title="bbox 2000 3455 3659 3533">
    <p class='ocr_par' dir='ltr' id='par_1_93' title="bbox 2000 3455 3659 3533">
     <span class='ocr_line' id='line_1_93' title="bbox 2000 3455 3659 3533; baseline 0.002 -21"><span class='ocrx_word' id='word_1_613' title='bbox 2000 3455 2356 3526; x_wconf 85' lang='lat' dir='ltr'><strong>dicens:Qui</strong></span> <span class='ocrx_word' id='word_1_614' title='bbox 2386 3456 2534 3514; x_wconf 88' lang='lat' dir='ltr'><strong>alios</strong></span> <span class='ocrx_word' id='word_1_615' title='bbox 2565 3474 2698 3516; x_wconf 90' lang='lat' dir='ltr'><strong>mea</strong></span> <span class='ocrx_word' id='word_1_616' title='bbox 2725 3457 2998 3532; x_wconf 87' lang='lat' dir='ltr'><strong>passione</strong></span> <span class='ocrx_word' id='word_1_617' title='bbox 3029 3458 3391 3527; x_wconf 86' lang='lat' dir='ltr'><strong>redimis,me</strong></span> <span class='ocrx_word' id='word_1_618' title='bbox 3427 3474 3659 3533; x_wconf 86' lang='lat' dir='ltr'><strong>quoque</strong></span> 
     </span>
    </p>
   </div>
   <div class='ocr_carea' id='block_1_94' title="bbox 2000 3547 3264 3622">
    <p class='ocr_par' dir='ltr' id='par_1_94' title="bbox 2000 3547 3264 3622">
     <span class='ocr_line' id='line_1_94' title="bbox 2000 3547 3264 3622; baseline 0.002 -20"><span class='ocrx_word' id='word_1_619' title='bbox 2000 3552 2393 3619; x_wconf 84' lang='lat' dir='ltr'><strong>praecurrente</strong></span> <span class='ocrx_word' id='word_1_620' title='bbox 2424 3547 2828 3604; x_wconf 83' lang='lat' dir='ltr'><strong>misericordia</strong></span> <span class='ocrx_word' id='word_1_621' title='bbox 2847 3548 3264 3622; x_wconf 89' lang='lat' dir='ltr'><strong>contemplare.</strong></span> 
     </span>
    </p>
   </div>
   <div class='ocr_carea' id='block_1_95' title="bbox 1999 3636 3366 3713">
    <p class='ocr_par' dir='ltr' id='par_1_95' title="bbox 1999 3636 3366 3713">
     <span class='ocr_line' id='line_1_95' title="bbox 1999 3636 3366 3713; baseline 0.004 -23"><span class='ocrx_word' id='word_1_622' title='bbox 1999 3636 2063 3691; x_wconf 86' lang='grc'><strong>21</strong></span> <span class='ocrx_word' id='word_1_623' title='bbox 2143 3638 2220 3693; x_wconf 86' lang='lat' dir='ltr'><strong>Et</strong></span> <span class='ocrx_word' id='word_1_624' title='bbox 2243 3652 2315 3692; x_wconf 86' lang='lat' dir='ltr'><strong>ne</strong></span> <span class='ocrx_word' id='word_1_625' title='bbox 2342 3643 2558 3693; x_wconf 85' lang='lat' dir='ltr'><strong>avertas</strong></span> <span class='ocrx_word' id='word_1_626' title='bbox 2583 3637 2787 3713; x_wconf 79' lang='lat' dir='ltr'><strong>[aciem</strong></span> <span class='ocrx_word' id='word_1_627' title='bbox 2816 3645 2972 3694; x_wconf 88' lang='lat' dir='ltr'><strong>tuam</strong></span> <span class='ocrx_word' id='word_1_628' title='bbox 2995 3655 3029 3694; x_wconf 92' lang='lat' dir='ltr'><strong>a</strong></span> <span class='ocrx_word' id='word_1_629' title='bbox 3054 3654 3226 3712; x_wconf 85' lang='lat' dir='ltr'><strong>puero</strong></span> <span class='ocrx_word' id='word_1_630' title='bbox 3253 3647 3366 3708; x_wconf 90' lang='lat' dir='ltr'><strong>tuo,</strong></span> 
     </span>
    </p>
   </div>
   <div class='ocr_carea' id='block_1_96' title="bbox 2219 3725 3448 3795">
    <p class='ocr_par' dir='ltr' id='par_1_96' title="bbox 2219 3725 3448 3795">
     <span class='ocr_line' id='line_1_96' title="bbox 2219 3725 3448 3795; baseline 0.002 -13"><span class='ocrx_word' id='word_1_631' title='bbox 2219 3725 2492 3795; x_wconf 84' lang='lat' dir='ltr'><strong>Quoniam</strong></span> <span class='ocrx_word' id='word_1_632' title='bbox 2521 3727 2776 3795; x_wconf 86' lang='lat' dir='ltr'><strong>tribulor,</strong></span> <span class='ocrx_word' id='word_1_633' title='bbox 2811 3728 3062 3784; x_wconf 74' lang='lat' dir='ltr'><strong>velociter</strong></span> <span class='ocrx_word' id='word_1_634' title='bbox 3089 3729 3294 3784; x_wconf 68' lang='lat' dir='ltr'><strong>exaudi</strong></span> <span class='ocrx_word' id='word_1_635' title='bbox 3321 3745 3408 3784; x_wconf 89' lang='lat' dir='ltr'><strong>me</strong></span> <span class='ocrx_word' id='word_1_636' title='bbox 3435 3746 3448 3784; x_wconf 91' lang='lat'>:</span> 
     </span>
    </p>
   </div>
   <div class='ocr_carea' id='block_1_97' title="bbox 2073 3815 3659 3889">
    <p class='ocr_par' dir='ltr' id='par_1_97' title="bbox 2073 3815 3659 3889">
     <span class='ocr_line' id='line_1_97' title="bbox 2073 3815 3659 3889; baseline 0.002 -19"><span class='ocrx_word' id='word_1_637' title='bbox 2073 3818 2113 3870; x_wconf 90' lang='lat' dir='ltr'><strong>C</strong></span> <span class='ocrx_word' id='word_1_638' title='bbox 2139 3815 2290 3871; x_wconf 90' lang='lat' dir='ltr'><strong>Puer</strong></span> <span class='ocrx_word' id='word_1_639' title='bbox 2318 3816 2479 3874; x_wconf 89' lang='lat' dir='ltr'><strong>enim</strong></span> <span class='ocrx_word' id='word_1_640' title='bbox 2511 3816 2845 3888; x_wconf 89' lang='lat' dir='ltr'><strong>frequenter</strong></span> <span class='ocrx_word' id='word_1_641' title='bbox 2870 3817 3077 3889; x_wconf 82' lang='lat' dir='ltr'><strong>legitur</strong></span> <span class='ocrx_word' id='word_1_642' title='bbox 3105 3817 3365 3874; x_wconf 85' lang='lat' dir='ltr'><strong>Dominus</strong></span> <span class='ocrx_word' id='word_1_643' title='bbox 3394 3817 3467 3874; x_wconf 92' lang='lat' dir='ltr'><strong>ab</strong></span> <span class='ocrx_word' id='word_1_644' title='bbox 3494 3817 3659 3873; x_wconf 87' lang='lat' dir='ltr'><strong>inno-</strong></span> 
     </span>
    </p>
   </div>
   <div class='ocr_carea' id='block_1_98' title="bbox 2001 3903 3654 3980">
    <p class='ocr_par' dir='ltr' id='par_1_98' title="bbox 2001 3903 3654 3980">
     <span class='ocr_line' id='line_1_98' title="bbox 2001 3903 3654 3980; baseline 0.001 -20"><span class='ocrx_word' id='word_1_645' title='bbox 2001 3903 2205 3960; x_wconf 70' lang='lat' dir='ltr'><strong>centia:</strong></span> <span class='ocrx_word' id='word_1_646' title='bbox 2237 3904 2510 3978; x_wconf 88' lang='lat' dir='ltr'><strong>puritate,</strong></span> <span class='ocrx_word' id='word_1_647' title='bbox 2542 3921 2677 3961; x_wconf 90' lang='lat' dir='ltr'><strong>cum</strong></span> <span class='ocrx_word' id='word_1_648' title='bbox 2709 3905 2958 3980; x_wconf 84' lang='lat' dir='ltr'><strong>simplex</strong></span> <span class='ocrx_word' id='word_1_649' title='bbox 2989 3910 3130 3962; x_wconf 67' lang='lat' dir='ltr'><strong>astas</strong></span> <span class='ocrx_word' id='word_1_650' title='bbox 3161 3905 3270 3964; x_wconf 89' lang='lat' dir='ltr'><strong>hoc</strong></span> <span class='ocrx_word' id='word_1_651' title='bbox 3308 3905 3654 3963; x_wconf 90' lang='lat' dir='ltr'><strong>beneﬁcium</strong></span> 
     </span>
    </p>
   </div>
   <div class='ocr_carea' id='block_1_99' title="bbox 1999 3991 3660 4069">
    <p class='ocr_par' dir='ltr' id='par_1_99' title="bbox 1999 3991 3660 4069">
     <span class='ocr_line' id='line_1_99' title="bbox 1999 3991 3660 4069; baseline 0.001 -20"><span class='ocrx_word' id='word_1_652' title='bbox 1999 3991 2304 4067; x_wconf 88' lang='lat' dir='ltr'><strong>largiatur,</strong></span> <span class='ocrx_word' id='word_1_653' title='bbox 2364 3998 2431 4050; x_wconf 91' lang='lat' dir='ltr'><strong>ut</strong></span> <span class='ocrx_word' id='word_1_654' title='bbox 2480 3994 2624 4050; x_wconf 91' lang='lat' dir='ltr'><strong>vitia</strong></span> <span class='ocrx_word' id='word_1_655' title='bbox 2668 3995 2874 4051; x_wconf 89' lang='lat' dir='ltr'><strong>mundi</strong></span> <span class='ocrx_word' id='word_1_656' title='bbox 2927 4013 3042 4053; x_wconf 90' lang='lat' dir='ltr'><strong>non</strong></span> <span class='ocrx_word' id='word_1_657' title='bbox 3093 3995 3318 4069; x_wconf 88' lang='lat' dir='ltr'><strong>diligat.</strong></span> <span class='ocrx_word' id='word_1_658' title='bbox 3370 3993 3660 4052; x_wconf 86' lang='lat' dir='ltr'><strong>Velociter</strong></span> 
     </span>
    </p>
   </div>
   <div class='ocr_carea' id='block_1_100' title="bbox 1999 4082 3651 4160">
    <p class='ocr_par' dir='ltr' id='par_1_100' title="bbox 1999 4082 3651 4160">
     <span class='ocr_line' id='line_1_100' title="bbox 1999 4082 3651 4160; baseline 0.002 -22"><span class='ocrx_word' id='word_1_659' title='bbox 1999 4082 2208 4139; x_wconf 84' lang='lat' dir='ltr'><strong>exaudi</strong></span> <span class='ocrx_word' id='word_1_660' title='bbox 2243 4082 2409 4138; x_wconf 88' lang='lat' dir='ltr'><strong>me.H</strong></span> <span class='ocrx_word' id='word_1_661' title='bbox 2442 4082 2516 4139; x_wconf 91' lang='lat' dir='ltr'><strong>Ut</strong></span> <span class='ocrx_word' id='word_1_662' title='bbox 2547 4100 2845 4142; x_wconf 88' lang='lat' dir='ltr'><strong>resumam</strong></span> <span class='ocrx_word' id='word_1_663' title='bbox 2878 4085 3357 4160; x_wconf 90' lang='lat' dir='ltr'><strong>spiritum,quem</strong></span> <span class='ocrx_word' id='word_1_664' title='bbox 3390 4084 3508 4142; x_wconf 90' lang='lat' dir='ltr'><strong>tuis</strong></span> <span class='ocrx_word' id='word_1_665' title='bbox 3534 4102 3651 4141; x_wconf 91' lang='lat' dir='ltr'><strong>ma-</strong></span> 
     </span>
    </p>
   </div>
   <div class='ocr_carea' id='block_1_101' title="bbox 2001 4171 2640 4228">
    <p class='ocr_par' dir='ltr' id='par_1_101' title="bbox 2001 4171 2640 4228">
     <span class='ocr_line' id='line_1_101' title="bbox 2001 4171 2640 4228; baseline 0.002 -1"><span class='ocrx_word' id='word_1_666' title='bbox 2001 4171 2179 4227; x_wconf 90' lang='lat' dir='ltr'><strong>nibus</strong></span> <span class='ocrx_word' id='word_1_667' title='bbox 2210 4171 2640 4228; x_wconf 89' lang='lat' dir='ltr'><strong>commendavi.</strong></span> 
     </span>
    </p>
   </div>
   <div class='ocr_carea' id='block_1_102' title="bbox 1998 4259 3219 4320">
    <p class='ocr_par' dir='ltr' id='par_1_102' title="bbox 1998 4259 3219 4320">
     <span class='ocr_line' id='line_1_102' title="bbox 1998 4259 3219 4320; baseline 0.002 -5"><span class='ocrx_word' id='word_1_668' title='bbox 1998 4261 2070 4315; x_wconf 83' lang='lat'><strong>22</strong></span> <span class='ocrx_word' id='word_1_669' title='bbox 2143 4259 2366 4317; x_wconf 78' lang='lat' dir='ltr'><strong>Intende</strong></span> <span class='ocrx_word' id='word_1_670' title='bbox 2393 4259 2602 4319; x_wconf 73' lang='lat' dir='ltr'><strong>anim</strong></span> <span class='ocrx_word' id='word_1_671' title='bbox 2626 4278 2762 4319; x_wconf 67' lang='lat' dir='ltr'><strong>mem</strong></span> <span class='ocrx_word' id='word_1_672' title='bbox 2788 4270 2841 4320; x_wconf 86' lang='lat' dir='ltr'><strong>et</strong></span> <span class='ocrx_word' id='word_1_673' title='bbox 2871 4262 3047 4320; x_wconf 87' lang='lat' dir='ltr'><strong>libera</strong></span> <span class='ocrx_word' id='word_1_674' title='bbox 3078 4279 3219 4320; x_wconf 86' lang='lat' dir='ltr'><strong>eam.</strong></span> 
     </span>
    </p>
   </div>
   <div class='ocr_carea' id='block_1_103' title="bbox 2144 4351 3138 4424">
    <p class='ocr_par' dir='ltr' id='par_1_103' title="bbox 2144 4351 3138 4424">
     <span class='ocr_line' id='line_1_103' title="bbox 2144 4351 3138 4424; baseline 0.002 -18"><span class='ocrx_word' id='word_1_675' title='bbox 2144 4353 2375 4422; x_wconf 83' lang='lat' dir='ltr'><strong>Propter</strong></span> <span class='ocrx_word' id='word_1_676' title='bbox 2398 4351 2654 4407; x_wconf 84' lang='lat' dir='ltr'><strong>inimicos</strong></span> <span class='ocrx_word' id='word_1_677' title='bbox 2680 4367 2827 4408; x_wconf 88' lang='lat' dir='ltr'><strong>meos</strong></span> <span class='ocrx_word' id='word_1_678' title='bbox 2855 4353 3008 4424; x_wconf 85' lang='lat' dir='ltr'><strong>eripe</strong></span> <span class='ocrx_word' id='word_1_679' title='bbox 3035 4367 3138 4408; x_wconf 88' lang='lat' dir='ltr'><strong>me.</strong></span> 
     </span>
    </p>
   </div>
   <div class='ocr_carea' id='block_1_104' title="bbox 2070 4437 3656 4509">
    <p class='ocr_par' dir='ltr' id='par_1_104' title="bbox 2070 4437 3656 4509">
     <span class='ocr_line' id='line_1_104' title="bbox 2070 4437 3656 4509; baseline 0.003 -15"><span class='ocrx_word' id='word_1_680' title='bbox 2070 4437 2112 4494; x_wconf 93' lang='lat' dir='ltr'><strong>C</strong></span> <span class='ocrx_word' id='word_1_681' title='bbox 2144 4439 2385 4496; x_wconf 89' lang='lat' dir='ltr'><strong>Intende</strong></span> <span class='ocrx_word' id='word_1_682' title='bbox 2415 4439 2624 4496; x_wconf 65' lang='lat' dir='ltr'><strong>anima:</strong></span> <span class='ocrx_word' id='word_1_683' title='bbox 2655 4444 2891 4509; x_wconf 65' lang='lat' dir='ltr'><strong>meamt</strong></span> <span class='ocrx_word' id='word_1_684' title='bbox 2919 4456 3121 4498; x_wconf 88' lang='lat' dir='ltr'><strong>revera</strong></span> <span class='ocrx_word' id='word_1_685' title='bbox 3148 4439 3332 4498; x_wconf 83' lang='lat' dir='ltr'><strong>libera</strong></span> <span class='ocrx_word' id='word_1_686' title='bbox 3367 4440 3490 4497; x_wconf 88' lang='lat' dir='ltr'><strong>ﬁat.</strong></span> <span class='ocrx_word' id='word_1_687' title='bbox 3522 4457 3656 4498; x_wconf 89' lang='lat' dir='ltr'><strong>cum</strong></span> 
     </span>
    </p>
   </div>
   <div class='ocr_carea' id='block_1_105' title="bbox 1998 4527 3660 4604">
    <p class='ocr_par' dir='ltr' id='par_1_105' title="bbox 1998 4527 3660 4604">
     <span class='ocr_line' id='line_1_105' title="bbox 1998 4527 3660 4604; baseline 0.002 -19"><span class='ocrx_word' id='word_1_688' title='bbox 1998 4543 2130 4585; x_wconf 90' lang='lat' dir='ltr'><strong>eam</strong></span> <span class='ocrx_word' id='word_1_689' title='bbox 2163 4527 3370 4604; x_wconf 84' lang='lat' dir='ltr'><strong>divinitaspropitiatarespexerit.Propter</strong></span> <span class='ocrx_word' id='word_1_690' title='bbox 3387 4529 3660 4588; x_wconf 82' lang='lat' dir='ltr'><strong>inimicos</strong></span> 
     </span>
    </p>
   </div>
   <div class='ocr_carea' id='block_1_106' title="bbox 1997 4617 3655 4691">
    <p class='ocr_par' dir='ltr' id='par_1_106' title="bbox 1997 4617 3655 4691">
     <span class='ocr_line' id='line_1_106' title="bbox 1997 4617 3655 4691; baseline 0.002 -18"><span class='ocrx_word' id='word_1_691' title='bbox 1997 4617 2177 4673; x_wconf 89' lang='lat' dir='ltr'><strong>etiam</strong></span> <span class='ocrx_word' id='word_1_692' title='bbox 2209 4617 2447 4691; x_wconf 87' lang='lat' dir='ltr'><strong>petebat</strong></span> <span class='ocrx_word' id='word_1_693' title='bbox 2476 4617 2850 4675; x_wconf 86' lang='lat' dir='ltr'><strong>celerrimum</strong></span> <span class='ocrx_word' id='word_1_694' title='bbox 2881 4618 3328 4676; x_wconf 82' lang='lat' dir='ltr'><strong>resurrectionis</strong></span> <span class='ocrx_word' id='word_1_695' title='bbox 3353 4618 3655 4687; x_wconf 81' lang='lat' dir='ltr'><strong>auxilium,</strong></span> 
     </span>
    </p>
   </div>
   <div class='ocr_carea' id='block_1_107' title="bbox 1917 4705 3656 4792">
    <p class='ocr_par' dir='ltr' id='par_1_107' title="bbox 1917 4705 3656 4792">
     <span class='ocr_line' id='line_1_107' title="bbox 1917 4705 3656 4792; baseline 0.001 -29"><span class='ocrx_word' id='word_1_696' title='bbox 1917 4724 1968 4792; x_wconf 71' lang='grc' dir='ltr'><strong>Β</strong></span> <span class='ocrx_word' id='word_1_697' title='bbox 1997 4709 2064 4764; x_wconf 91' lang='lat' dir='ltr'><strong>ut</strong></span> <span class='ocrx_word' id='word_1_698' title='bbox 2091 4705 2193 4780; x_wconf 88' lang='lat' dir='ltr'><strong>qui</strong></span> <span class='ocrx_word' id='word_1_699' title='bbox 2221 4711 2700 4780; x_wconf 86' lang='lat' dir='ltr'><strong>contempserant</strong></span> <span class='ocrx_word' id='word_1_700' title='bbox 2727 4709 3094 4778; x_wconf 85' lang='lat' dir='ltr'><strong>cruciﬁxum,</strong></span> <span class='ocrx_word' id='word_1_701' title='bbox 3126 4708 3299 4765; x_wconf 87' lang='lat' dir='ltr'><strong>tertia</strong></span> <span class='ocrx_word' id='word_1_702' title='bbox 3327 4707 3422 4765; x_wconf 88' lang='lat' dir='ltr'><strong>die</strong></span> <span class='ocrx_word' id='word_1_703' title='bbox 3461 4725 3656 4766; x_wconf 85' lang='lat' dir='ltr'><strong>resur-</strong></span> 
     </span>
    </p>
   </div>
   <div class='ocr_carea' id='block_1_108' title="bbox 2003 4796 2582 4871">
    <p class='ocr_par' dir='ltr' id='par_1_108' title="bbox 2003 4796 2582 4871">
     <span class='ocr_line' id='line_1_108' title="bbox 2003 4796 2582 4871; baseline 0 -19"><span class='ocrx_word' id='word_1_704' title='bbox 2003 4799 2236 4871; x_wconf 86' lang='lat' dir='ltr'><strong>gentem</strong></span> <span class='ocrx_word' id='word_1_705' title='bbox 2257 4796 2582 4852; x_wconf 89' lang='lat' dir='ltr'><strong>crederent.</strong></span> 
     </span>
    </p>
   </div>
   <div class='ocr_carea' id='block_1_109' title="bbox 1991 4885 3655 4962">
    <p class='ocr_par' dir='ltr' id='par_1_109' title="bbox 1991 4885 3655 4962">
     <span class='ocr_line' id='line_1_109' title="bbox 1991 4885 3655 4962; baseline -0.001 -18"><span class='ocrx_word' id='word_1_706' title='bbox 1991 4885 2067 4944; x_wconf 78' lang='lat'><strong>23</strong></span> <span class='ocrx_word' id='word_1_707' title='bbox 2145 4885 2220 4942; x_wconf 82' lang='lat' dir='ltr'><strong>Tu</strong></span> <span class='ocrx_word' id='word_1_708' title='bbox 2234 4887 2340 4941; x_wconf 81' lang='lat' dir='ltr'><strong>seis</strong></span> <span class='ocrx_word' id='word_1_709' title='bbox 2351 4887 2747 4959; x_wconf 85' lang='lat' dir='ltr'><strong>improperium</strong></span> <span class='ocrx_word' id='word_1_710' title='bbox 2769 4903 2954 4945; x_wconf 87' lang='lat' dir='ltr'><strong>meum</strong></span> <span class='ocrx_word' id='word_1_711' title='bbox 2979 4895 3031 4944; x_wconf 86' lang='lat' dir='ltr'><strong>et</strong></span> <span class='ocrx_word' id='word_1_712' title='bbox 3048 4888 3425 4962; x_wconf 83' lang='lat' dir='ltr'><strong>confusionem</strong></span> <span class='ocrx_word' id='word_1_713' title='bbox 3445 4902 3625 4944; x_wconf 88' lang='lat' dir='ltr'><strong>meam</strong></span> <span class='ocrx_word' id='word_1_714' title='bbox 3637 4905 3655 4942; x_wconf 90' lang='lat'><strong><em>:</em></strong></span> 
     </span>
    </p>
   </div>
   <div class='ocr_carea' id='block_1_110' title="bbox 2135 4974 2820 5034">
    <p class='ocr_par' dir='ltr' id='par_1_110' title="bbox 2135 4974 2820 5034">
     <span class='ocr_line' id='line_1_110' title="bbox 2135 4974 2820 5034; baseline 0.006 -4"><span class='ocrx_word' id='word_1_715' title='bbox 2135 4974 2204 5031; x_wconf 77' lang='lat' dir='ltr'><strong>Et</strong></span> <span class='ocrx_word' id='word_1_716' title='bbox 2231 4977 2594 5032; x_wconf 84' lang='lat' dir='ltr'><strong>reverentiam</strong></span> <span class='ocrx_word' id='word_1_717' title='bbox 2619 4991 2820 5034; x_wconf 75' lang='lat' dir='ltr'><strong>mam.</strong></span> 
     </span>
    </p>
   </div>
   <div class='ocr_carea' id='block_1_111' title="bbox 2065 5063 3657 5140">
    <p class='ocr_par' dir='ltr' id='par_1_111' title="bbox 2065 5063 3657 5140">
     <span class='ocr_line' id='line_1_111' title="bbox 2065 5063 3657 5140; baseline 0.001 -19"><span class='ocrx_word' id='word_1_718' title='bbox 2065 5063 2108 5121; x_wconf 92' lang='lat' dir='ltr'><strong>C</strong></span> <span class='ocrx_word' id='word_1_719' title='bbox 2140 5063 2592 5138; x_wconf 89' lang='lat' dir='ltr'><strong>Improperium,</strong></span> <span class='ocrx_word' id='word_1_720' title='bbox 2622 5066 3028 5124; x_wconf 83' lang='lat' dir='ltr'><strong>confusionem</strong></span> <span class='ocrx_word' id='word_1_721' title='bbox 3056 5071 3114 5122; x_wconf 89' lang='lat' dir='ltr'><strong>et</strong></span> <span class='ocrx_word' id='word_1_722' title='bbox 3137 5065 3520 5124; x_wconf 85' lang='lat' dir='ltr'><strong>reverentiam</strong></span> <span class='ocrx_word' id='word_1_723' title='bbox 3552 5083 3657 5140; x_wconf 89' lang='lat' dir='ltr'><strong>pro</strong></span> 
     </span>
    </p>
   </div>
   <div class='ocr_carea' id='block_1_112' title="bbox 1993 5153 3655 5230">
    <p class='ocr_par' dir='ltr' id='par_1_112' title="bbox 1993 5153 3655 5230">
     <span class='ocr_line' id='line_1_112' title="bbox 1993 5153 3655 5230; baseline 0 -19"><span class='ocrx_word' id='word_1_724' title='bbox 1993 5153 2255 5212; x_wconf 89' lang='lat' dir='ltr'><strong>humano</strong></span> <span class='ocrx_word' id='word_1_725' title='bbox 2283 5171 2494 5228; x_wconf 87' lang='lat' dir='ltr'><strong>genere</strong></span> <span class='ocrx_word' id='word_1_726' title='bbox 2515 5155 2600 5212; x_wconf 89' lang='lat' dir='ltr'><strong>sic</strong></span> <span class='ocrx_word' id='word_1_727' title='bbox 2631 5156 2894 5230; x_wconf 88' lang='lat' dir='ltr'><strong>suscepit</strong></span> <span class='ocrx_word' id='word_1_728' title='bbox 2919 5153 3186 5216; x_wconf 86' lang='lat' dir='ltr'><strong>Salvator</strong></span> <span class='ocrx_word' id='word_1_729' title='bbox 3209 5155 3399 5214; x_wconf 90' lang='lat' dir='ltr'><strong>libens</strong></span> <span class='ocrx_word' id='word_1_730' title='bbox 3418 5159 3484 5212; x_wconf 88' lang='lat' dir='ltr'><strong>ut</strong></span> <span class='ocrx_word' id='word_1_731' title='bbox 3499 5171 3655 5212; x_wconf 87' lang='lat' dir='ltr'><strong>mor-</strong></span> 
     </span>
    </p>
   </div>
   <div class='ocr_carea' id='block_1_113' title="bbox 1997 5243 3654 5318">
    <p class='ocr_par' dir='ltr' id='par_1_113' title="bbox 1997 5243 3654 5318">
     <span class='ocr_line' id='line_1_113' title="bbox 1997 5243 3654 5318; baseline 0.001 -19"><span class='ocrx_word' id='word_1_732' title='bbox 1997 5247 2136 5301; x_wconf 89' lang='lat' dir='ltr'><strong>tem.</strong></span> <span class='ocrx_word' id='word_1_733' title='bbox 2161 5243 2286 5300; x_wconf 88' lang='lat' dir='ltr'><strong>Non</strong></span> <span class='ocrx_word' id='word_1_734' title='bbox 2317 5244 2475 5301; x_wconf 88' lang='lat' dir='ltr'><strong>enim</strong></span> <span class='ocrx_word' id='word_1_735' title='bbox 2508 5245 2623 5302; x_wconf 91' lang='lat' dir='ltr'><strong>ista</strong></span> <span class='ocrx_word' id='word_1_736' title='bbox 2671 5263 2777 5318; x_wconf 91' lang='lat' dir='ltr'><strong>pro</strong></span> <span class='ocrx_word' id='word_1_737' title='bbox 2825 5262 2932 5302; x_wconf 90' lang='lat' dir='ltr'><strong>suo</strong></span> <span class='ocrx_word' id='word_1_738' title='bbox 2980 5249 3144 5302; x_wconf 88' lang='lat' dir='ltr'><strong>reatu</strong></span> <span class='ocrx_word' id='word_1_739' title='bbox 3195 5243 3503 5316; x_wconf 88' lang='lat' dir='ltr'><strong>sustinuit,</strong></span> <span class='ocrx_word' id='word_1_740' title='bbox 3553 5244 3654 5301; x_wconf 88' lang='lat' dir='ltr'><strong>sed</strong></span> 
     </span>
    </p>
   </div>
   <div class='ocr_carea' id='block_1_114' title="bbox 1994 5332 3655 5408">
    <p class='ocr_par' dir='ltr' id='par_1_114' title="bbox 1994 5332 3655 5408">
     <span class='ocr_line' id='line_1_114' title="bbox 1994 5332 3655 5408; baseline -0.001 -19"><span class='ocrx_word' id='word_1_741' title='bbox 1994 5332 2195 5391; x_wconf 87' lang='lat' dir='ltr'><strong>omnia</strong></span> <span class='ocrx_word' id='word_1_742' title='bbox 2221 5349 2326 5406; x_wconf 92' lang='lat' dir='ltr'><strong>pro</strong></span> <span class='ocrx_word' id='word_1_743' title='bbox 2357 5333 2526 5390; x_wconf 88' lang='lat' dir='ltr'><strong>nobis</strong></span> <span class='ocrx_word' id='word_1_744' title='bbox 2557 5332 2891 5407; x_wconf 88' lang='lat' dir='ltr'><strong>pertulit,ut</strong></span> <span class='ocrx_word' id='word_1_745' title='bbox 2919 5351 3026 5391; x_wconf 91' lang='lat' dir='ltr'><strong>nos</strong></span> <span class='ocrx_word' id='word_1_746' title='bbox 3058 5334 3250 5391; x_wconf 90' lang='lat' dir='ltr'><strong>bonus</strong></span> <span class='ocrx_word' id='word_1_747' title='bbox 3283 5333 3566 5408; x_wconf 84' lang='lat' dir='ltr'><strong>magister</strong></span> <span class='ocrx_word' id='word_1_748' title='bbox 3595 5333 3655 5388; x_wconf 90' lang='lat' dir='ltr'><strong>in</strong></span> 
     </span>
    </p>
   </div>
   <div class='ocr_carea' id='block_1_115' title="bbox 1993 5420 3660 5498">
    <p class='ocr_par' dir='ltr' id='par_1_115' title="bbox 1993 5420 3660 5498">
     <span class='ocr_line' id='line_1_115' title="bbox 1993 5420 3660 5498; baseline 0.001 -21"><span class='ocrx_word' id='word_1_749' title='bbox 1993 5420 2210 5482; x_wconf 89' lang='lat' dir='ltr'><strong>talibus</strong></span> <span class='ocrx_word' id='word_1_750' title='bbox 2243 5421 2421 5480; x_wconf 89' lang='lat' dir='ltr'><strong>rebus</strong></span> <span class='ocrx_word' id='word_1_751' title='bbox 2451 5423 2698 5496; x_wconf 90' lang='lat' dir='ltr'><strong>positos,</strong></span> <span class='ocrx_word' id='word_1_752' title='bbox 2731 5422 2995 5498; x_wconf 84' lang='lat' dir='ltr'><strong>exemplo</strong></span> <span class='ocrx_word' id='word_1_753' title='bbox 3021 5439 3140 5480; x_wconf 72' lang='lat' dir='ltr'><strong>sua:</strong></span> <span class='ocrx_word' id='word_1_754' title='bbox 3169 5422 3466 5496; x_wconf 67' lang='lat' dir='ltr'><strong>patientia</strong></span> <span class='ocrx_word' id='word_1_755' title='bbox 3488 5421 3660 5479; x_wconf 88' lang='lat' dir='ltr'><strong>mise-</strong></span> 
     </span>
    </p>
   </div>
   <div class='ocr_carea' id='block_1_116' title="bbox 1995 5511 3580 5568">
    <p class='ocr_par' dir='ltr' id='par_1_116' title="bbox 1995 5511 3580 5568">
     <span class='ocr_line' id='line_1_116' title="bbox 1995 5511 3580 5568; baseline 0.002 -1"><span class='ocrx_word' id='word_1_756' title='bbox 1995 5515 2160 5568; x_wconf 88' lang='lat' dir='ltr'><strong>ratus</strong></span> <span class='ocrx_word' id='word_1_757' title='bbox 2189 5511 2526 5568; x_wconf 89' lang='lat' dir='ltr'><strong>instrueret.</strong></span> <span class='ocrx_word' id='word_1_758' title='bbox 3573 5523 3580 5534; x_wconf 91' lang='lat'><strong>&#39;</strong></span> 
     </span>
    </p>
   </div>
   <div class='ocr_carea' id='block_1_117' title="bbox 1991 5601 3580 5678">
    <p class='ocr_par' dir='ltr' id='par_1_117' title="bbox 1991 5601 3580 5678">
     <span class='ocr_line' id='line_1_117' title="bbox 1991 5601 3580 5678; baseline 0.001 -22"><span class='ocrx_word' id='word_1_759' title='bbox 1991 5601 2063 5656; x_wconf 69' lang='grc'><strong>24</strong></span> <span class='ocrx_word' id='word_1_760' title='bbox 2137 5603 2200 5658; x_wconf 87' lang='lat' dir='ltr'><strong>In</strong></span> <span class='ocrx_word' id='word_1_761' title='bbox 2227 5605 2516 5675; x_wconf 85' lang='lat' dir='ltr'><strong>conspectu</strong></span> <span class='ocrx_word' id='word_1_762' title='bbox 2542 5609 2639 5658; x_wconf 85' lang='lat' dir='ltr'><strong>tuo</strong></span> <span class='ocrx_word' id='word_1_763' title='bbox 2665 5610 2793 5659; x_wconf 80' lang='lat' dir='ltr'><strong>sunt</strong></span> <span class='ocrx_word' id='word_1_764' title='bbox 2813 5619 2998 5660; x_wconf 81' lang='lat' dir='ltr'><strong>onmes</strong></span> <span class='ocrx_word' id='word_1_765' title='bbox 3028 5605 3128 5678; x_wconf 86' lang='lat' dir='ltr'><strong>qui</strong></span> <span class='ocrx_word' id='word_1_766' title='bbox 3155 5601 3580 5660; x_wconf 76' lang='lat' dir='ltr'><strong>tribulam-me:</strong></span> 
     </span>
    </p>
   </div>
   <div class='ocr_carea' id='block_1_118' title="bbox 2133 5692 3651 5766">
    <p class='ocr_par' dir='ltr' id='par_1_118' title="bbox 2133 5692 3651 5766">
     <span class='ocr_line' id='line_1_118' title="bbox 2133 5692 3651 5766; baseline 0 -18"><span class='ocrx_word' id='word_1_767' title='bbox 2133 5692 2533 5765; x_wconf 84' lang='lat' dir='ltr'><strong>Improperium</strong></span> <span class='ocrx_word' id='word_1_768' title='bbox 2562 5695 2891 5766; x_wconf 67' lang='lat' dir='ltr'><strong>exspectavit</strong></span> <span class='ocrx_word' id='word_1_769' title='bbox 2919 5709 3014 5750; x_wconf 84' lang='lat' dir='ltr'><strong>cor</strong></span> <span class='ocrx_word' id='word_1_770' title='bbox 3040 5710 3226 5751; x_wconf 87' lang='lat' dir='ltr'><strong>meum</strong></span> <span class='ocrx_word' id='word_1_771' title='bbox 3257 5698 3317 5750; x_wconf 78' lang='lat' dir='ltr'><strong>et</strong></span> <span class='ocrx_word' id='word_1_772' title='bbox 3342 5693 3651 5749; x_wconf 71' lang='lat' dir='ltr'><strong>miseriam.</strong></span> 
     </span>
    </p>
   </div>
   <div class='ocr_carea' id='block_1_119' title="bbox 2065 5779 3652 5858">
    <p class='ocr_par' dir='ltr' id='par_1_119' title="bbox 2065 5779 3652 5858">
     <span class='ocr_line' id='line_1_119' title="bbox 2065 5779 3652 5858; baseline 0.003 -20"><span class='ocrx_word' id='word_1_773' title='bbox 2065 5780 2111 5840; x_wconf 81' lang='grc' dir='ltr'>Η</span> <span class='ocrx_word' id='word_1_774' title='bbox 2143 5781 2230 5838; x_wconf 87' lang='lat' dir='ltr'><strong>&#39;I‘u</strong></span> <span class='ocrx_word' id='word_1_775' title='bbox 2261 5779 2444 5848; x_wconf 84' lang='lat' dir='ltr'><strong>vides,</strong></span> <span class='ocrx_word' id='word_1_776' title='bbox 2476 5779 2664 5854; x_wconf 87' lang='lat' dir='ltr'><strong>Pater,</strong></span> <span class='ocrx_word' id='word_1_777' title='bbox 2697 5783 2902 5858; x_wconf 82' lang='lat' dir='ltr'><strong>quales</strong></span> <span class='ocrx_word' id='word_1_778' title='bbox 2933 5783 3076 5842; x_wconf 89' lang='lat' dir='ltr'><strong>mihi</strong></span> <span class='ocrx_word' id='word_1_779' title='bbox 3110 5781 3519 5841; x_wconf 87' lang='lat' dir='ltr'><strong>tribulationes</strong></span> <span class='ocrx_word' id='word_1_780' title='bbox 3557 5782 3652 5844; x_wconf 80' lang='lat' dir='ltr'><strong>iu-</strong></span> 
     </span>
    </p>
   </div>
  </div>
