3978 6348
81 476 302 572 V1261

1153 482 1608 553 MABlIaLONll
1653 479 2130 557 DISQUISITIO
2176 483 2276 545 DE
2324 485 2616 548 AZYMO.

3393 465 3586 551 .1262

135 619 438 674 Latinam
466 615 784 674 Ecelesiam
816 617 886 673 ad
921 617 978 672 id
1002 617 1206 674 saltem
1233 634 1418 691 usque
1437 623 1671 691 tempus
1695 636 1825 692 azy-
1855 619 1911 685 Α
1940 621 2276 691 sepulcrum
2309 622 2557 691 aperuit,
2605 623 2922 692 antequam
2972 636 3230 693 praesens
3279 621 3586 695 epis00pus

135 707 267 763 mis
304 707 729 763 abstinuisse?

216 797 352 852 Hoc
388 796 725 852 Achilleum
757 800 846 852 est
869 796 1167 852 Sirmundi
1189 802 1700 868 argumentum,ex
1715 815 1830 870 quo

133 886 190 942 si
225 885 567 942 conﬁcitur
594 885 653 941 id
685 886 841 958 quod
874 884 1144 952 intendit,
1175 886 1380 941 eadem
1431 901 1534 956 ego
1595 902 1830 958 quoque

134 976 391 1032 ratione
427 975 738 1033 conﬁciam
770 974 936 1030 initio
967 975 1167 1030 saeculi
1218 991 1294 1029 xu
1342 974 1516 1030 etiam
1571 975 1825 1042 Latinos,

133 1064 371 1122 saltem
405 1064 470 1120 in
501 1063 709 1132 Gallia,
743 1065 959 1136 azymis
989 1063 1492 1119 abstinuisse.Hoc
1515 1080 1824 1136 argumen-

132 1160 276 1210 tum
315 1154 556 1209 deduco
580 1169 648 1208 ex
669 1151 916 1224 epistola
935 1153 1000 1207 41
1025 1151 1346 1207 Hildeberti
1372 1152 1827 1208 Cenomanensis

135 1243 428 1316 episcopi
464 1243 538 1298 ad
568 1241 1072 1314 Andegavensem,
1116 1241 1174 1295 in
1224 1257 1341 1312 qua
1388 1241 1591 1296 scribit
1641 1259 1702 1296 sc
1753 1242 1825 1297 ad

140 1333 518 1407 praedictum
533 1331 877 1404 episcopum
894 1331 1186 1386 remittere
1201 1331 1561 1385 sacerdotem
1578 1329 1823 1386 latorem

139 1421 561 1499 epistolae,qui
577 1445 603 1472 «
625 1422 766 1476 dum
800 1419 984 1476 sacris
1001 1418 1286 1474 altaribus
1308 1418 1822 1475 ministraturusin

139 1515 261 1571 hoc
295 1514 705 1586 praeparatum
730 1525 942 1581 panem
964 1525 1079 1576 non
1103 1507 1500 1576 invenerat,de
1522 1507 1820 1564 communi

140 1619 305 1676 pane
339 1599 644 1657 obtulerat
673 1598 1049 1654 sacriﬁcium.
1084 1598 1206 1662 Qua
1235 1596 1294 1650 in
1330 1613 1452 1663 re,»
1486 1597 1676 1667 inquit
1698 1595 1822 1651 Hil-

141 1693 468 1757 debertus,
503 1711 530 1738 «
562 1687 696 1743 licet
727 1686 920 1758 potius
953 1685 1314 1740 consuetudo
1346 1701 1522 1756 quam
1556 1685 1700 1739 ﬁdes
1721 1685 1823 1739 im-

139 1783 602 1854 pugnetur,nos
622 1781 818 1832 tamen
843 1773 1188 1831 nonnullam
1213 1773 1270 1828 in
1293 1789 1358 1828 eo
1381 1773 1613 1845 culpam
1641 1777 1823 1830 atten-

141 1871 382 1938 dimus,
441 1867 794 1924 arbitrantes
841 1863 1075 1936 gravius
1120 1861 1481 1935 puniendum
1546 1879 1674 1917 esse
1729 1879 1820 1917 ec-

1943 708 2251 764 ministerii
2285 709 2377 764 sui
2411 710 2591 764 frctus
2625 709 3257 781 auctoritate,ejusdem
3277 726 3591 784 congrega-

1940 798 2117 853 tionis
2147 799 2428 853 fratribus
2460 799 2567 852 hoc
2608 798 2938 856 faciendum
2969 799 3247 870 injunxit.
3299 801 3458 855 Idem
3498 803 3591 856 ta-

1942 902 2073 941 men
2123 886 2454 958 episcopus,
2504 887 2912 942 venerabiliter
2960 905 3057 943 eas
3109 906 3444 957 assumens,
3499 906 3591 944 sa-

1940 991 2034 1029 cro
2067 971 2291 1047 corpori
2325 976 2936 1048 apposuit,ipsumque
2963 995 3174 1049 corpus
3201 995 3331 1033 cum
3353 995 3594 1034 summa

1939 1063 2178 1119 cantula
2205 1065 2544 1120 obvolutum
2577 1065 2636 1120 in
2662 1065 2865 1121 lectica
2915 1065 3230 1122 honoriﬁce
3281 1083 3586 1123 commen-

1937 1152 2321 1208 davithunc
2344 1153 2539 1209 locum
2571 1154 2759 1210 fusius
2782 1155 2975 1223 retuli,
3009 1159 3134 1210 tum
3166 1156 3303 1226 quia
3333 1155 3586 1228 insignis

1937 1245 2025 1297 est
2057 1243 2112 1296 in
2142 1247 2487 1313 praesentem
2518 1244 2979 1312 materiam,tum
3012 1249 3075 1300 ut
3103 1244 3381 1300 haberem
3412 1261 3584 1300 occa-

1937 1331 2161 1386 sionem
2192 1331 2537 1386 observandi
2592 1333 2647 1385 id
2690 1333 2843 1402 quod
2878 1334 2966 1387 Iso
3000 1334 3301 1404 ignorasse
3330 1333 3580 1403 videtur,

1937 1437 2145 1491 nempe
2178 1437 2397 1476 morem
2424 1420 2603 1476 fuisse
2626 1420 2940 1492 aliquando
2963 1426 3029 1476 ut
3059 1439 3191 1476 cum
3216 1423 3473 1480 defuncti
3495 1439 3582 1478 sa-

1934 1509 2186 1565 cerdotis
2216 1526 2454 1582 corpore
2475 1509 2679 1565 oblatae
2706 1527 2822 1564 una
2843 1528 2976 1565 cum
3000 1510 3131 1566 aliis
3152 1527 3580 1583 nonnunquam

1933 1599 2345 1654 instrumentis
2387 1599 2768 1668 vestibusque
2835 1597 3295 1655 sacerdotalibus
3355 1598 3582 1655 tumulo

1931 1688 2510 1760 componerenturJd
2529 1688 2735 1759 colligo
2749 1705 2814 1742 ex
2829 1705 3118 1760 anonymo
3131 1689 3384 1760 quodam
3400 1706 3590 1760 aequa»-

1931 1777 1970 1831 li
2005 1778 2060 1831 in
2094 1776 2257 1832 1ib.iv
2279 1777 2357 1833 De
2387 1777 2522 1832 Vita
2539 1777 2909 1833 S.Guthberti
2947 1778 3438 1834 Lindisfarnensis
3461 1778 3584 1851 epi-

1934 1865 2128 1938 scepi;
2164 1867 2332 1937 cujus
2364 1865 2638 1937 anonymi
2673 1865 2793 1920 hsce
2823 1867 3000 1921 verba
3030 1870 3170 1921 sunt
3200 1866 3258 1921 in
3291 1866 3440 1922 libro
3475 1884 3533 1923 iv
3566 1884 3579 1922 :

143 1959 347 2016 clesiaa
372 1955 728 2056 scandalum
743 1971 920 2056 quam
936 1950 1561 2056 delictum.»?u'i'd‘hoe
1582 1952 1818 2056 tandem
1853 1993 1900 2056 Β
1939 1979 1958 2003 ει
1995 1956 2040 2008 Α
2072 1955 2482 2056 navigantibus
2517 1954 2576 2054 in
2613 1954 2869 2056 insulam
2893 1960 3152 2055 nostram
3177 1955 3426 2056 delatus,
3460 1960 3582 2012 toto

144 2053 261 2118 est,
296 2053 370 2103 ut
397 2045 706 2102 Sirmundi
736 2042 928 2099 verbis
961 2045 1112 2109 utar,
1165 2040 1319 2112 quod
1360 2040 1730 2096 Hildebertus
1762 2040 1818 2095 in

144 2139 261 2195 hoc
283 2135 600 2194 sacerdote
623 2129 1108 2206 reprehendit?An
1129 2129 1281 2201 quod
1308 2145 1576 2199 azymum
1610 2145 1818 2201 panem

147 2246 270 2286 non
307 2223 768 2283 consecrasset?
799 2220 1040 2276 minime
1069 2219 1353 2292 gentium.
1395 2219 1517 2282 Quo
1547 2234 1684 2289 ergo
1716 2234 1818 2272 no-

148 2317 317 2374 mine
342 2332 488 2372 eum
520 2309 1130 2385 reprehendit‘mempe
1160 2308 1315 2379 quod
1359 2323 1475 2362 non
1511 2328 1538 2356 «
1567 2306 1638 2361 de
1671 2320 1819 2377 pane

147 2408 220 2463 ad
256 2407 375 2462 hoc
410 2405 760 2476 praparato,
786 2422 812 2449 »
829 2400 927 2455 sed
947 2421 973 2448 ‹‹
993 2399 1064 2454 de
1092 2396 1392 2452 communi
1418 2419 1444 2444 ››
1464 2394 1818 2450 sacriﬁcium

149 2495 646 2561 obtulerat,_eum
679 2491 748 2545 ad
777 2489 1016 2544 modum
1043 2503 1157 2559 quo
1193 2487 1392 2540 Patres
1435 2483 1694 2539 Toletani
1728 2501 1815 2539 re-

148 2584 544 2658 prehendunt
570 2579 900 2636 sacerdotes
928 2575 1293 2648 Hispanicos,
1346 2575 1499 2646 quod
1552 2574 1621 2628 de
1654 2597 1681 2622 ‹‹
1716 2589 1816 2645 pa-

152 2675 334 2730 nibus
374 2697 402 2722 »
437 2689 556 2727 non
577 2668 816 2725 «studio
839 2664 1408 2739 praeparatis,nitidis
1431 2679 1495 2718 ac
1520 2661 1810 2728 mundis,»

151 2765 254 2820 sed
283 2763 360 2819 de
389 2786 410 2811 ι
431 2761 688 2834 panibus
707 2757 831 2813 suis
846 2756 1051 2812 usibus
1069 2752 1406 2826 praeparatis
1428 2751 1814 2807 noblationem

153 2853 441 2908 facerent.
502 2847 793 2904 Concedat
839 2860 975 2916 ergo
1022 2843 1377 2898 Sirmundus
1424 2857 1660 2894 necesse
1729 2841 1819 2893 est

153 2947 257 2999 aut
288 2955 584 2997 canonem
615 2933 842 2992 concilii
866 2931 1126 2988 Toletani
1150 2931 1220 2986 de
1242 2947 1388 3002 pane
1412 2946 1611 3002 azymo
1636 2929 1816 2983 inter-

153 3029 520 3104 pretandum
554 3041 704 3090 esse,
736 3023 890 3078 sicut
927 3019 1237 3093 epistolam
1268 3018 1606 3084 Hildeberti,
1641 3021 1742 3072 aut
1768 3015 1815 3071 si

155 3120 514 3194 praedictum
547 3129 830 3171 canonem
863 3111 934 3166 de
965 3111 1312 3165 fermentato
1343 3123 1491 3179 pane
1531 3105 1818 3177 explicare

154 3212 386 3282 pergat,
415 3219 785 3276 consequens
829 3204 917 3256 est
964 3199 1111 3255 ratio
1163 3203 1225 3252 ut
1275 3197 1450 3253 etiam
1503 3193 1818 3250 Hildeberti

157 3297 480 3370 epistolam
513 3294 584 3349 de
607 3293 888 3348 fermento
920 3287 1362 3359 intelligendam
1384 3301 1510 3340 esse
1543 3284 1815 3338 fateatur.

1933 2060 2173 2116 corpore
2205 2043 2414 2112 lavate,
2449 2044 2636 2116 capite
2662 2044 2896 2100 sudario
2947 2044 3327 2113 circumdato,
3380 2046 3580 2100 oblatis

1929 2151 2097 2205 super
2133 2137 2385 2188 sanctum
2432 2137 2616 2205 pectus
2660 2136 2870 2205 positis,
2924 2134 3274 2190 vestimenti
3302 2134 3578 2190 sacerdo-

1930 2223 2071 2278 talia
2102 2223 2365 2290 indutus,
2399 2222 2458 2277 in
2492 2223 2721 2278 obviam
2762 2223 2977 2278 Christi
3011 2223 3422 2279 calceamentis
3453 2223 3580 2279 suis

1931 2312 2289 2384 praeparatis,
2324 2311 2383 2366 in
2434 2312 2680 2367 sindone
2729 2317 2922 2367 cerata
2987 2316 3259 2381 curatus;
3316 2311 3578 2368 animam

1929 2400 2153 2456 habens
2203 2418 2336 2456 cum
2367 2401 2598 2456 Christo
2639 2402 3012 2472 gaudentem,
3064 2418 3276 2472 corpus
3316 2400 3580 2456 incorru-

1928 2490 2149 2561 ptibile,
2184 2490 2553 2559 requiescens
2584 2494 2639 2544 et
2668 2490 2836 2561 quasi
2870 2491 3166 2546 dormiens
3198 2490 3256 2545 in
3307 2489 3578 2562 sepulcro

1927 2577 2157 2650 lapideo
2187 2578 2607 2634 honorabiliter
2630 2579 2684 2632 in
2722 2578 2961 2634 basilica
2991 2579 3579 2650 deposuerunt.»lltec

1927 2667 2190 2739 apposite
2221 2685 2570 2739 anonymus,
2604 2668 2774 2737 cujus
2817 2667 2995 2721 verba
3025 2668 3121 2722 hic
3152 2666 3350 2735 relata,
3391 2667 3578 2724 Vene-

1927 2756 2095 2810 rabili
2117 2757 2279 2811 Bedze
2297 2773 2599 2828 perperam
2615 2755 3310 2828 tribuitAmalarius;quze
3326 2755 3580 2812 maxime

1927 2844 2596 2915 illustrantsuperiorcm
2622 2843 3119 2899 lsonislocum.Ad
3137 2844 3257 2899 haec
3280 2845 3368 2899 Iso
3393 2859 3576 2916 agens

1927 2935 2000 2989 de
2025 2933 2140 2989 alia
2170 2933 2355 2989 sancti
2387 2932 2652 2987 OLhmari
2676 2931 3057 2988 translatione
3087 2937 3220 3004 post
3251 2932 3571 2988 triennium

1929 3023 2101 3090 facta,
2132 3022 2252 3076 haec
2283 3023 2352 3077 de
2383 3022 2592 3077 iisdem
2641 3020 2850 3076 oblatis
2893 3021 3097 3076 scribit
3126 3021 3185 3075 in
3210 3021 3310 3077 lib.
3349 3037 3410 3086 Il,
3446 3037 3574 3093 cap.

1930 3113 2014 3167 1::
2052 3111 2187 3167 Illas
2215 3128 2447 3183 quoque
2481 3109 2891 3182 oblatas,quas
2923 3110 3258 3166 narratione
3291 3109 3577 3182 superiori

1929 3202 1988 3256 in
2020 3202 2149 3273 ejus
2177 3200 2405 3256 tumulo
2441 3199 2750 3256 retulimus
2786 3200 2966 3255 fuisse
2999 3205 3278 3272 repertas,
3335 3204 3577 3254 eatenus
3621 3257 3624 3260 ,

1927 3290 2294 3362 incorruptas
2344 3293 2520 3360 atque
2568 3289 2923 3344 omnimodis
2982 3287 3192 3344 illzrsas
3224 3289 3576 3359 perdurasse

155 3361 320 3453 οὐοά
355 3401 496 3441 cum
529 3397 719 3454 neque
750 3377 1105 3434 Sirmundus
1136 3377 1279 3448 ipse,
1314 3390 1419 3429 nec
1449 3373 1640 3444 quivis
1662 3371 1814 3426 alius
1846 3361 1888 3428 C
1929 3361 2196 3445 miratur,
2232 3381 2289 3432 et
2319 3378 2605 3447 quasdam
2639 3394 2704 3430 ex
2733 3377 2817 3430 eis
2848 3374 3137 3430 involutas
3177 3391 3339 3431 sacro
3370 3374 3574 3430 itidem

155 3475 326 3532 fateri
385 3472 598 3547 possit,
658 3485 846 3540 neque
905 3467 1079 3523 etiam
1157 3482 1225 3520 ex
1299 3461 1524 3520 concilii
1586 3461 1814 3516 Toleta-

155 3566 216 3620 ni
241 3565 442 3620 verbis
493 3560 820 3627 conﬁcitur,
872 3557 1285 3612 fermentatum
1340 3569 1552 3626 panem
1599 3551 1656 3605 in
1702 3567 1813 3606 usu

153 3659 282 3710 tum
315 3649 633 3719 fuisse,sed
662 3648 855 3720 potius
884 3643 1474 3718 azymum.Hactenus
1504 3641 1574 3695 de
1596 3653 1816 3695 canone

153 3743 462 3800 Toletano.

228 3832 537 3888 Postremo
570 3826 738 3900 panis
766 3823 1052 3905 sacriﬁcio
1085 3824 1421 3894 deputatus,
1463 3835 1636 3891 quem
1668 3817 1814 3873 inte-

157 3936 332 3993 grum
365 3936 497 3977 esse
528 3915 918 3989 Oportebat,in
942 3912 1180 3968 modum
1203 3926 1424 3966 coronae
1454 3906 1818 3979 compositus

158 4013 312 4078 erat;
344 4026 465 4065 non
501 4008 771 4078 decerpto
805 4003 992 4058 frusto
1046 4017 1149 4073 per
1195 3999 1438 4055 modum
1471 3995 1721 4067 COI‘OllEB,
1754 4000 1818 4050 ut

159 4100 317 4171 apud
350 4099 584 4155 Graecos
610 4114 624 4165 ;
650 4095 750 4150 sed
772 4093 923 4149 facta
943 4092 1172 4164 integra
1192 4087 1542 4158 oblata,quae
1567 4085 1820 4141 rotunda

162 4193 305 4243 erat.
339 4189 475 4253 Quae
506 4181 949 4241 circumstantia
978 4180 1027 4236 si
1059 4195 1189 4235 eum
1223 4177 1512 4250 praedictis
1543 4175 1820 4231 omnibus

164 4275 341 4332 simul
356 4270 1066 4348 compareturoblatarum
1081 4273 1413 4324 nostrarum
1431 4267 1818 4321 recentiorum

166 4365 417 4422 formam
452 4379 600 4437 pene
631 4363 704 4418 ob
734 4359 935 4417 oculos
966 4361 1361 4431 representat.
1405 4355 1575 4426 Atqui
1605 4359 1819 4426 Grego-

169 4453 292 4510 rius
325 4456 578 4528 Magnus
606 4451 900 4523 loquendo
933 4449 1002 4504 de
1033 4463 1180 4520 pane
1201 4444 1537 4511 sacriﬁcii,«
1573 4442 1820 4498 oblatio-

169 4559 311 4600 num
343 4544 798 4600 coronasuvocat
819 4540 877 4594 in
897 4538 1046 4594 libro
1087 4553 1144 4590 1x
1168 4534 1544 4606 Dialogorum
1568 4549 1693 4604 cap.
1726 4533 1815 4585 55.

168 4630 238 4686 Et
268 4633 358 4688 lso
389 4631 588 4689 Sancti
611 4628 901 4686 Gallensis
925 4625 1248 4682 monachus
1270 4623 1328 4678 in
1351 4623 1453 4678 lib.
1474 4639 1512 4688 ι,
1543 4622 1617 4676 De
1647 4619 1821 4676 mira-

170 4719 317 4778 culis
348 4723 537 4779 sancti
569 4719 834 4776 Othmari
885 4734 1013 4788 cap.
1065 4716 1118 4782 3,
1172 4729 1352 4786 agens
1402 4713 1472 4767 de
1502 4710 1821 4766 elevatione
1852 4735 1898 4801 D

173 4812 431 4882 corporis
461 4810 728 4883 ejusdem
771 4806 982 4874 sancti,
1029 4821 1156 4876 quae
1188 4818 1341 4858 anno
1387 4802 1491 4861 8M
1539 4801 1692 4855 facta
1734 4804 1824 4855 est

174 4905 305 4968 post
333 4917 520 4957 annos
542 4903 779 4955 centum
802 4901 858 4952 et
874 4895 1135 4968 quinque
1157 4891 1230 4946 ab
1262 4891 1390 4962 ejus
1421 4889 1582 4945 obitu
1610 4905 1623 4943 :
1658 4888 1823 4944 «Sub

176 4989 381 5060 capite,
414 4990 630 5062 inquit,
659 4991 716 5044 et
744 4986 897 5042 circa
927 4987 1129 5056 peetus
1158 4981 1265 5036 viri
1298 4979 1398 5035 Dei
1422 4979 1686 5050 quiedam
1721 4994 1819 5048 pa-

180 5076 266 5131 nis
294 5079 497 5134 rotula;
523 5095 651 5151 quae
700 5075 871 5147 vulgo
921 5071 1124 5128 oblata:
1177 5069 1474 5137 dicuntur,
1522 5069 1603 5121 ita
1631 5065 1824 5122 illaesa:

181 5169 350 5237 atque
382 5169 454 5223 ab
485 5167 644 5224 omni
677 5162 1048 5236 corruptione
1080 5165 1366 5215 extraneae
1389 5158 1460 5212 ab
1493 5157 1694 5211 eodem
1712 5155 1825 5227 epi-

180 5257 812 5326 scopoinveniebantur
827 5252 958 5308 utin
976 5249 1135 5305 nulla
1149 5247 1384 5301 omnino
1401 5250 1561 5317 parte
1574 5244 1823 5299 colorem

180 5343 262 5395 vel
285 5347 538 5416 speciem
567 5345 657 5401 sui
681 5335 1453 5408 amittentes,aspieientium
1479 5333 1826 5388 oculisinfra

181 5434 434 5502 spatium
467 5435 653 5507 ipsius
685 5429 1060 5487 hebdomade:
1090 5427 1426 5481 viderentur
1454 5439 1580 5477 esse
1599 5423 1824 5477 confec-

182 5521 272 5573 ἴω.
303 5523 424 5586 Quo
454 5515 588 5580 vero
619 5519 843 5586 ordine,
877 5533 1061 5588 quove
1093 5519 1352 5585 tempore
1383 5528 1448 5566 eo
1479 5511 1587 5564 loci
1627 5526 1822 5582 perve-

184 5609 390 5681 nerint,
422 5613 593 5669 nobis
621 5609 859 5681 quidem
891 5605 1396 5675 ineognitum,Deo
1420 5604 1614 5655 autem
1641 5600 1828 5654 mani-

185 5695 413 5756 festum.
446 5701 565 5757 Hoc
593 5702 791 5753 tamen
823 5709 1026 5750 omnes
1055 5708 1158 5764 pro
1203 5694 1358 5745 certo
1398 5687 1618 5743 scimus
1667 5688 1824 5758 quod

188 5799 287 5869 per
315 5789 556 5871 triginta
581 5785 839 5868 quinque
869 5797 1053 5844 annos
1094 5778 1295 5840 nullus
1327 5774 1666 5838 mortalium
1695 5777 1825 5852 ejus

1926 3465 2152 3537 corpori
2183 3464 2565 3536 superposuit
2591 3482 2603 3531 ;
2635 3463 2778 3518 alias
2808 3480 2941 3518 vero
2990 3463 3197 3535 pyxide
3229 3463 3571 3532 recondens,

1926 3553 2364 3626 superventuris
2396 3551 2761 3623 temporibus
2775 3568 2875 3623 pro
2903 3550 3234 3606 sanctitatis
3267 3552 3392 3621 ejus
3417 3551 3574 3606 testi-

1926 3643 2122 3698 monio
2152 3641 2480 3698 conservari
2513 3641 2804 3712 praecepit.
2844 3665 2870 3689 ››
2895 3642 2972 3696 Ex
3001 3640 3094 3696 his
3123 3641 3354 3696 duobus
3386 3640 3574 3696 Isonis

1924 3732 2088 3799 locis,
2120 3737 2184 3787 ut
2211 3749 2279 3786 ex
2309 3730 2584 3803 Gregorio
2633 3735 2838 3802 Magno
2886 3735 2942 3785 et
2992 3747 3060 3787 ex
3111 3747 3330 3786 canone
3358 3733 3392 3784 6
3424 3747 3576 3802 saepe

1926 3821 2061 3878 dicti
2092 3820 2320 3877 concilii
2343 3820 2606 3876 Toletani
2639 3819 3252 3891 intelligimus,tenues
3275 3836 3339 3874 ac
3370 3822 3574 3873 rotun-

1927 3911 2031 3966 das
2063 3934 2089 3961 «
2113 3910 2467 3966 rotularum»
2488 3909 2546 3964 in
2562 3926 2782 3964 morem
2799 3909 2978 3964 fuisse
2991 3908 3218 3964 oblatas
3235 3911 3368 3978 ante
3389 3923 3577 3963 annos

1929 3999 2110 4064 mille,
2144 4000 2284 4054 adeo
2319 4004 2382 4054 ut
2414 3999 2607 4054 forsan
2643 4016 2755 4052 non
2792 3998 2934 4053 satis
2967 3998 3331 4052 considerate
3351 3995 3578 4051 ordinis

1928 4089 2172 4144 Romani
2195 4087 2666 4158 expositorvetus
2681 4087 2834 4159 apud
2852 4087 3245 4142 Cassandrum
3265 4085 3396 4158 plus
3411 4101 3578 4157 aequo

1928 4177 2307 4233 invehaturin
2332 4177 2581 4232 formam
2604 4176 2931 4232 oblatarum
2957 4175 3436 4231 tenuissimarum
3453 4190 3580 4246 quae

1929 4255 2035 4323 suo
2050 4271 2307 4338 tempore
2322 4268 2392 4320 ad
2408 4266 2725 4338 imaginem
2741 4281 3120 4320 nummorum
3134 4265 3377 4319 redactae
3391 4266 3581 4334 erant,

1928 4373 2076 4427 quas
2107 4373 2209 4428 per
2239 4359 2640 4425 contemptum
2677 4353 3008 4408 «minutias
3042 4351 3580 4407 nummulariorum

1930 4441 2580 4514 oblatarumnappellat,
2597 4466 2622 4491 ‹‹
2649 4442 2924 4512 indignas
2947 4441 3115 4511 panis
3139 4438 3418 4495 vocabulo
3437 4462 3462 4486 ››
3480 4455 3583 4510 pro

1930 4551 2040 4588 sua
2063 4533 2367 4602 tenuitate,
2409 4535 2466 4586 et
2522 4548 2555 4585 a
2605 4529 2796 4601 prisca
2840 4529 3106 4584 Ecclesia:
3156 4527 3582 4583 consuetudine

1931 4623 2181 4678 maxime
2232 4621 2512 4677 diversas.
2538 4618 2892 4676 Crediderim
2947 4622 3098 4672 certe
3142 4615 3364 4688 priscas
3412 4614 3580 4671 obla-

1931 4711 2119 4766 tiones
2151 4727 2267 4764 non
2299 4715 2418 4764 tam
2453 4709 2633 4764 fuisse
2665 4713 2870 4762 tenues
2905 4723 3083 4777 quam
3115 4709 3346 4760 nostras
3381 4720 3578 4758 recen-

1935 4800 2130 4866 tiores,
2165 4798 2264 4855 sed
2299 4797 2468 4870 paulo
2502 4797 2816 4854 crassiores
2838 4795 3026 4850 instar
3055 4791 3582 4864 nebularum,quas

1937 4888 2241 4945 Udalricus
2279 4887 2360 4941 ait
2407 4888 2478 4942 ad
2529 4903 2700 4941 usum
2756 4901 3129 4939 communem
3182 4882 3305 4938 ﬁeri
3337 4882 3580 4952 solitas;

1934 4976 2169 5032 tametsi
2193 4992 2356 5047 aeque
2370 4992 2432 5031 ac
2453 4975 2827 5030 nostrmintra
2843 4974 3059 5028 ferrum
3083 4973 3585 5028 characteractum

1936 5066 2359 5137 coquebantur,
2395 5069 2457 5118 ut
2489 5064 2546 5118 in
2580 5063 2923 5135 praemonitu
2948 5063 3017 5117 ad
3043 5060 3394 5132 opusculum
3418 5061 3583 5116 Elde-

1937 5155 2086 5210 fonsi
2122 5155 2311 5208 fusius
2341 5151 2962 5225 explicaonuidquid
2995 5151 3072 5206 sit
3097 5168 3196 5218 ;ex
3219 5149 3290 5204 iis
3319 5167 3444 5221 quae
3468 5153 3588 5204 toto

1937 5244 2047 5310 hoc
2079 5244 2267 5312 capite
2299 5243 2611 5314 disputavi,
2664 5259 2776 5294 non
2828 5241 3075 5295 obscure
3124 5240 3194 5309 (si
3246 5256 3361 5293 non
3401 5236 3587 5305 fallor)

1937 5334 2268 5395 conficitur,
2304 5337 2435 5384 ante
2469 5349 2654 5386 annos
2704 5330 2858 5384 mille
2911 5346 3174 5399 azymum
3224 5328 3281 5379 in
3334 5323 3590 5378 Ecclesia

1939 5420 2145 5475 Latina
2176 5421 2484 5483 usitatum,
2517 5437 2762 5490 eamque
2794 5419 3235 5488 persuasionem
3270 5413 3450 5467 fuisse
3483 5411 3588 5464 Pa-

1936 5514 2092 5562 trum
2122 5509 2872 5578 Toletanorum,nunquam
2905 5511 3264 5573 etnusquam
3298 5501 3451 5572 apud
3480 5504 3589 5554 La-

1936 5597 2092 5652 tinos
2127 5596 2486 5652 contrarium
2519 5609 2692 5652 u3um
2724 5595 3034 5650 exstitisse.

2005 5690 2102 5752 At,
2154 5685 2372 5757 inquis,
2433 5684 2556 5741 haec
2601 5685 2948 5755 conjectura:
2994 5683 3150 5735 sunt.
3197 5677 3355 5750 Nego
3395 5691 3590 5734 meras

1936 5791 2065 5837 esse
2096 5775 2480 5849 conjecturas.
2514 5772 2660 5832 Nam
2692 5787 2818 5830 meo
2844 5770 3079 5843 quidem
3115 5765 3341 5841 judicio
3381 5766 3590 5846 synodi
