3864 6432
381 421 536 480 1263

1402 415 1792 510 ΑΡΡΕΝΟΙΞ(
1838 414 1940 474 AD
1985 412 2242 475 OPERA
2290 415 2726 520 HUMBERTI.

3599 414 3754 531 ξεςι

379 551 665 609 Toletanae
697 552 890 608 Patres
922 567 1036 606 nan
1067 551 1380 621 patuerunt
1408 547 1664 619 apertius
1695 547 1766 602 ob
1809 545 2008 602 oculos
2035 547 2092 613 Α
2121 546 2388 604 fermenti
2417 553 2707 622 expertem
2739 549 2920 606 fuisse
2965 553 3105 606 tunc
3151 547 3430 640 temporis
3457 547 3627 607 fateri
3657 547 3755 608 ne-

381 657 600 714 ponere
624 654 891 710 azymum
913 653 1121 710 panem
1143 652 1317 709 quam
1339 635 1717 691 describenda
1750 651 1814 690 ea
1837 635 2008 690 modo

383 744 556 804 quem
587 744 764 803 supra
795 724 1050 798 exposui.
1084 726 1152 780 Et
1173 724 1288 779 sint
1311 739 1451 780 sane
1478 739 1647 782 merae
1675 741 1819 796 quas
1841 721 2010 778 attuli

383 816 763 886 conjecturae;
818 813 958 884 quid
1009 811 1260 886 amplius
1308 829 1483 884 quam
1533 812 1876 884 conjecturae
1906 829 2010 884 pro

387 904 726 960 fermentata
783 902 1148 958 afferuntur?
1189 902 1356 974 Atqui
1425 897 1786 973 conjecturae,
1849 907 1906 957 et
1961 903 2010 958 si

385 993 694 1064 utrubique
741 991 858 1048 sint
905 989 1176 1064 aequales,
1225 990 1393 1063 longe
1421 995 1618 1046 tamen
1650 995 1923 1063 praestant
1952 990 2012 1046 in

385 1097 716 1156 azymorum
747 1097 924 1136 causa
946 1098 960 1148 ;
994 1095 1242 1152 quorum
1273 1082 1424 1134 certe
1442 1095 1585 1136 usus
1607 1079 1886 1151 antiquus
1904 1082 2012 1145 est,

385 1175 440 1227 et
471 1170 703 1226 initium
722 1168 1154 1242 postcanditam
1169 1166 1487 1223 Ecclesiam
1499 1167 1887 1224 demonstrari
1900 1183 2013 1222 non

383 1257 667 1331 potest.Et
694 1256 911 1313 sufﬁcit
933 1257 1003 1312 ad
1031 1256 1387 1329 probandam
1404 1255 1627 1311 usitatae
1651 1256 1731 1311 rei
1763 1255 2013 1327 antiqui-

382 1352 560 1406 tatem
579 1347 834 1404 refutare
853 1351 1196 1418 argumenta
1213 1362 1337 1418 quae
1360 1347 1764 1416 proponuntur
1791 1345 1849 1399 in
1881 1360 2014 1399 can-

383 1439 652 1496 trarium.
667 1439 736 1493 At
751 1453 888 1492 vero
907 1437 978 1492 ad
1000 1435 1364 1508 probandum
1387 1435 1653 1490 fermenti
1669 1450 1842 1489 usum
1862 1433 2015 1506 apud

391 1527 644 1596 Latinos,
676 1542 791 1580 non
823 1523 1125 1580 sufﬁciunt
1145 1522 1613 1594 conjecturm,sed
1645 1538 1795 1588 vera,
1829 1523 2016 1576 mani-

389 1619 536 1674 festa
563 1633 628 1672 ac
658 1613 986 1670 necessaria
1015 1615 1358 1684 argumenta
1377 1611 1718 1683 proferenda
1745 1612 2016 1668 sunt.De-

332 1709 349 1715 ’
390 1707 566 1778 nique
597 1703 647 1760 si
677 1721 743 1759 ea
771 1701 1222 1774 quae‘hactenus
1270 1699 1407 1766 dixi,
1457 1699 1529 1755 ad
1561 1699 1926 1770 probandum
1956 1700 2015 1756 id

391 1793 544 1867 quod
575 1792 811 1848 intendo
863 1806 976 1845 non
1025 1788 1344 1858 sufﬁciunt,
1391 1787 1672 1854 evincent,
1716 1793 1780 1843 ut
1826 1805 2014 1861 spero,

390 1899 516 1956 quae
548 1880 812 1953 sequenti
845 1879 1030 1950 capite
1061 1877 1368 1932 adducam.

1031 1983 1258 2039 CAPUT
1297 1983 1386 2038 IX.

387 2081 581 2136 Morem
612 2078 755 2133 hunc
779 2075 1025 2147 generali
1051 2090 1150 2147 usu
1175 2072 1321 2147 apud
1338 2144 1346 2147 Α
1365 2073 1585 2127 Latinos
1629 2074 1860 2143 viguisse
1888 2076 2018 2128 ante

940 2145 1126 2201 Photii
1152 2143 1459 2199 dmidium.

455 2240 538 2296 Ad
571 2235 1090 2294 demonstrandum
1121 2247 1454 2305 azymorum
1483 2230 1808 2302 generalem
1841 2247 2014 2288 usum

389 2329 540 2402 apud
575 2326 1005 2390 Latinos,nemo
1035 2325 1122 2377 est
1147 2319 1246 2392 qui
1276 2319 1500 2392 exigere
1519 2319 1654 2374 velit
1670 2323 1735 2374 ut
1753 2319 2014 2392 singulas

389 2431 794 2479 recenseamus
824 2411 1158 2467 Latinorum
1189 2407 1510 2477 Ecclesiae;
1545 2409 1644 2462 sed
1695 2407 1839 2463 satis
1888 2424 2016 2464 esse

389 2515 547 2585 puto,
582 2507 632 2564 si
659 2504 746 2560 vel
789 2502 844 2557 id
896 2500 1174 2572 probetur
1219 2497 1289 2550 de
1336 2494 1594 2585 qualibet
1641 2495 1894 2585 regione,
1924 2495 2013 2550 vel

384 2583 524 2656 talia
553 2595 918 2669 proferantur
947 2588 1312 2658 argumenta,
1345 2600 1472 2655 quae
1506 2583 1560 2638 id
1595 2583 1906 2639 universim
1921 2585 2015 2640 de-

388 2687 733 2744 monstrent.
768 2677 1023 2749 Utraque
1054 2674 1222 2730 modo
1254 2673 1362 2728 hoc
1393 2672 1452 2727 in
1475 2672 1661 2744 capite
1685 2689 1806 2728 rem
1835 2673 2011 2728 conﬁ-

385 2791 512 2833 cere
543 2769 814 2828 conabor.

457 2859 746 2932 Principio
776 2852 1000 2912 Alcuini
1045 2848 1356 2907 auctoritas
1388 2864 1502 2904 non
1535 2846 1725 2903 solum
1756 2863 1859 2920 pro
1890 2847 2012 2902 Bri-

387 2954 590 3012 tannia
615 2947 810 3004 insula
837 2945 896 3000 in
929 2959 1043 3014 qua
1071 2943 1242 2995 natus
1271 2941 1378 3005 est,
1411 2941 1586 3009 atque
1615 2953 1718 3007 pro
1748 2934 1932 2992 Gallia
1951 2936 2010 2992 in

388 3059 506 3102 oua
533 3041 813 3102 moratus,
847 3032 942 3088 sed
978 3045 1080 3102 pro
1109 3031 1386 3091 Romana,
1419 3024 1536 3079 imo
1568 3023 1882 3079 universali
1902 3025 2012 3080 Ec-

387 3099 566 3188 clesia
605 3127 754 3184 valet
795 3099 1111 3196 plurimum
1160 3115 1230 3172 ad
1280 3112 1647 3188 probandum
1678 3127 2011 3183 azymorum

385 3237 558 3278 usum
591 3213 901 3274 univcrsim
924 3224 1028 3266 suo
1066 3207 1325 3276 tempore
1347 3200 1526 3256 fuisse
1555 3203 1848 3269 receptum
1879 3205 2014 3256 ante

2117 652 2285 692 cesse
2315 641 2422 694 est.

2189 725 2352 782 Dices
2373 728 2726 783 fermentum
2739 727 2907 800 panis
2917 743 3100 800 genus
3113 743 3242 784 esse
3253 728 3517 802 satisque
3528 745 3758 802 expres-

2120 830 2250 870 sum
2285 833 2444 888 aquae
2477 819 2532 871 et
2561 817 2756 872 farinae
2783 816 3035 885 nomine,
3057 817 3274 889 quibus
3303 817 3505 890 utique
3529 824 3759 876 constat

2120 904 2378 960 Concedo
2423 905 2770 961 fermentum
2819 909 3084 962 constare
3129 905 3354 974 farina;
3400 910 3462 962 at
3508 901 3757 976 constat,

2122 991 2296 1046 etiam
2357 991 2546 1049 aliena
2601 992 2814 1065 specie,
2872 1010 2999 1065 quae
3059 995 3326 1050 fermenti
3378 996 3624 1068 propria
3653 1000 3763 1062 est,

2123 1095 2330 1152 nempe
2358 1084 2422 1135 ut
2469 1081 2548 1136 ait
2589 1081 2964 1150 Humbertus,
3012 1087 3114 1140 aut
3161 1099 3374 1155 spuma
3418 1085 3630 1154 musti,
3665 1089 3768 1141 aut

2123 1168 2378 1223 cervisiae
2401 1169 2554 1236 faece,
2588 1174 2688 1224 aut
2715 1169 2862 1226 lacte
2890 1174 3204 1243 corrupta;
3237 1188 3365 1243 quae
3419 1173 3654 1254 species
3695 1174 3767 1229 ab

2126 1255 2370 1311 Alcuina
2400 1257 2912 1314 commemoranda
2941 1259 3142 1324 erat,si
3163 1260 3364 1314 tumin
3387 1253 3500 1317 usu
3532 1262 3769 1320 fuisset.

2125 1343 2212 1398 Ad
2237 1342 2378 1410 haec,
2409 1344 2456 1400 si
2489 1345 2686 1416 aliqua
2715 1363 2782 1402 ex
2809 1345 2903 1402 his
2933 1346 3238 1419 speciebus
3285 1349 3457 1420 panis
3504 1346 3610 1406 ille
3641 1353 3770 1411 tum

2125 1431 2498 1498 constitisset,
2533 1450 2644 1488 non
2671 1427 2958 1506 potuisset
2985 1435 3098 1490 dici
3151 1458 3178 1486 «
3212 1433 3432 1508 absque
3457 1433 3629 1494 omni
3659 1437 3770 1502 fer-

2125 1524 2320 1576 mento
2351 1520 2529 1578 ullius
2573 1521 2816 1578 alterius
2863 1522 3196 1580 infectionis
3240 1525 3711 1593 mundissimus,
3744 1547 3771 1576 κ

2126 1607 2355 1679 qualem
2386 1609 2562 1682 exigit
2582 1606 3152 1684 Alcuinus.Denique
3171 1610 3318 1668 illud
3349 1613 3662 1686 proprium
3686 1617 3778 1674 est

2126 1697 2294 1768 panis
2307 1697 2515 1769 azymi,
2525 1701 2588 1752 ut
2599 1712 2802 1769 expers
2815 1697 2954 1754 salis
2967 1699 3128 1766 sit,at
3141 1699 3312 1771 panis
3323 1700 3669 1758 fermentati
3689 1717 3780 1758 sa-

2125 1773 2710 1856 criﬁciodeputarimt
2734 1803 2867 1842 cum
2889 1785 3726 1862 sale.¢Azymaa(oblationea),
3749 1813 3772 1843 ι

2046 1912 2094 1978 Β
2125 1871 2316 1944 inquit
2343 1872 2922 1978 MichaelCerularius
2937 1875 2996 1930 in
3013 1875 3260 1947 epistola
3281 1877 3775 1946 contratatin'os,

2125 1982 2154 2010 «
2180 1975 2367 2032 neque
2388 1959 2472 2016 sal
2494 1977 2681 2032 neque
2701 1962 3051 2019 fermentum
3071 1963 3307 2020 habent.
3328 1988 3351 2018 ι
3388 1966 3557 2030 Quod
3575 1965 3778 2022 etiam

2125 2048 2478 2104 Humbertus
2513 2055 2572 2105 et
2607 2049 2787 2106 Latini
2811 2066 3014 2107 omnes
3053 2052 3110 2106 in
3145 2051 3392 2123 epistola
3411 2053 3640 2110 Nicetes
3673 2059 3779 2111 Pe-

2123 2137 2326 2193 ctorati
2345 2138 2690 2194 fatentur.At
2704 2155 2836 2194 vero
2849 2139 3227 2196 fermentatus
3238 2157 3350 2212 pan
3360 2141 3408 2196 is
3425 2141 3780 2199 Graecorum

2122 2229 2268 2282 teste
2298 2225 2613 2282 Humberta
2643 2227 2702 2281 in
2735 2227 3110 2299 responsione
3139 2229 3210 2283 ad
3255 2229 3639 2297 Michaelem,
3695 2233 3781 2288 uti

2125 2316 2377 2371 fatentur
2405 2313 2516 2386 ipsi
2547 2313 2751 2382 Graeci,
2787 2335 2815 2364 «
2846 2315 3106 2388 quinque
3135 2317 3622 2376 substantiarum
3649 2337 3782 2394 par-

2123 2403 2306 2476 ticeps
2337 2406 2442 2471 est,
2479 2403 2533 2458 id
2578 2407 2670 2458 est
2717 2403 3004 2472 fermenti,
3054 2403 3277 2471 farinae,
3308 2405 3473 2474 salis,
3506 2424 3696 2481 aqua:
3725 2415 3783 2468 et

2121 2492 2295 2564 ignis.
2331 2493 2522 2546 nCerte
2553 2491 2732 2548 Gnaei
2762 2495 2882 2548 tam
2914 2507 3108 2548 severe
3128 2508 3194 2548 ac
3214 2493 3400 2566 ridige
3421 2495 3574 2552 salis
3606 2513 3778 2556 com-

2120 2580 2450 2637 mistionem
2496 2579 2556 2635 in
2603 2595 2750 2651 pane
2795 2579 3178 2636 eucharistico
3206 2581 3446 2653 exigunt
3475 2589 3548 2641 ut
3594 2603 3781 2654 secus

2120 2669 2396 2725 facientes
2427 2668 2572 2724 diris
2593 2669 3014 2740 supponant.ld
3046 2673 3206 2740 patet
3235 2673 3362 2726 tum
3387 2687 3455 2727 ex
3501 2673 3779 2733 formula

2121 2756 2777 2828 renunciatianis,quam
2807 2757 3427 2828 proﬁtenturArmenii
3447 2761 3521 2816 ad
3537 2761 3778 2822 Gracc-

2120 2863 2250 2902 rum
2267 2845 2600 2902 sacietatem
2630 2845 3068 2912 reversuri,tum
3117 2861 3186 2901 ex
3224 2847 3420 2904 lsaaco
3470 2851 3780 2910 catholica

2118 2933 2178 2989 in
2209 2934 2488 2990 invectiva
2517 2937 2716 2988 contra
2741 2933 3066 2990 Armenias.
3091 2931 3289 3006 Neque
3317 2937 3584 2994 dubitem
3619 2942 3780 3013 quin

2118 3022 2360 3094 Hispani
2397 3021 2481 3076 illi
2511 3037 2658 3092 quas
2704 3018 2897 3094 arguit
2941 3021 3227 3078 Alcuinus
3279 3024 3420 3081 salis
3469 3027 3779 3098 miscendi

2119 3114 2515 3167 commentum
2563 3127 2632 3166 ex
2679 3110 2890 3166 Graecis
2951 3112 3296 3184 acceperint.
3355 3116 3522 3180 Quod
3587 3121 3777 3186 etiam

2119 3199 2426 3256 dicendum
2443 3198 2514 3254 de
2526 3198 2936 3255 Sacerdotibus
2955 3197 3071 3256 illis
3083 3200 3185 3272 qui
3199 3217 3380 3272 panes
3399 3205 3530 3261 suis
3554 3209 3777 3276 usibus

383 3277 616 3367 omnem
650 3301 956 3360 hominum
979 3291 1528 3352 memoriam.Locus
1559 3292 1648 3344 est
1673 3288 1732 3343 in
1765 3289 2008 3360 epistola
2040 3277 2082 3342 C
2121 3290 2474 3360 praeparatos
2503 3287 2848 3355 offerebant;
2874 3303 3022 3360 quas
3041 3287 3242 3346 Patres
3269 3289 3536 3350 Toletani
3569 3313 3776 3370 rapx-9-

381 3393 747 3467 69,editionis
777 3381 1241 3449 Chesnianazmbi
1270 3378 1570 3447 Alcuinus,
1622 3393 1795 3448 quem
1844 3378 2010 3435 initio

382 3485 580 3545 saeculi
606 3501 664 3539 1x
692 3480 906 3538 abiisse
935 3469 1475 3542 constat,Hispanos
1505 3467 1788 3538 quosdam
1821 3469 2012 3540 arguit

375 3577 676 3633 censentes
701 3565 1064 3625 miscendum
1087 3577 1215 3617 esse
1234 3555 1512 3614 salemuin
1535 3553 2007 3622 sacriﬁcium,»id

375 3666 464 3720 est
491 3661 548 3716 in
575 3656 878 3714 materiam
910 3649 1075 3724 panis
1101 3644 1490 3704 eucharistici.
1521 3643 1731 3706 «Quam
1763 3660 2004 3700 consue-

374 3750 662 3814 tudinem,
693 3743 904 3816 inquit,
935 3755 1040 3796 nec
1070 3731 1415 3792 universalis
1435 3733 1701 3787 observat
1729 3731 2000 3800 Ecclesia,

369 3855 475 3895 nec
505 3839 768 3893 Romana
789 3827 1045 3888 custodit
1067 3823 1400 3880 auctoritas.
1421 3842 1442 3868 υ
1479 3820 1627 3875 Tum
1660 3819 2002 3892 singillatim

368 3928 672 3984 enumerat
717 3937 785 3979 ea
832 3933 958 3990 quae
1005 3915 1065 3970 in
1133 3909 1485 3968 sacrificium
1529 3907 1804 3964 adhibere
1847 3908 2000 3965 licet.

371 4039 397 4066 ‹‹
428 4014 566 4069 Tria
593 4006 1101 4080 sunt,inquit,qua3
1123 4002 1181 4055 in
1212 3997 1494 4055 sacriﬁcio
1521 3997 1813 4052 offerenda
1842 4002 1998 4066 sunt,

372 4101 563 4175 panis,
595 4104 650 4155 et
679 4099 914 4170 aqua,et
934 4085 1396 4154 vinum.»Qualis
1428 4084 1656 4175 panis?»
1677 4084 1872 4175 Panis,
1897 4085 1998 4154 ait,

369 4174 470 4263 qui
501 4187 560 4244 in
587 4201 805 4258 corpus,
824 4179 1036 4238 Christi
1059 4179 1450 4241 consecratur,
1469 4174 1687 4245 absque
1703 4174 1998 4263 fermento

369 4262 550 4334 ullius
566 4273 804 4332 alterius
825 4267 1154 4326 infectianis
1175 4265 1346 4322 debet
1367 4280 1493 4320 esse
1512 4262 1996 4319 mundissimae.»

368 4365 547 4440 Atqui
578 4364 958 4420 fermentatus
989 4357 1156 4430 panis
1187 4371 1301 4410 non
1333 4357 1422 4408 est
1450 4352 1670 4423 absque
1689 4438 1698 4440 Α
1718 4351 1995 4440 fermento

364 4480 392 4508 «
429 4438 602 4510 ullius
625 4450 864 4508 alterius
887 4445 1230 4512 infectionis,
1248 4459 1362 4499 non
1383 4445 1471 4497 est
1501 4438 1992 4496 mundissimuszn

364 4561 499 4602 nam
516 4544 862 4598 fermentum
877 4532 1263 4607 corruptionis
1284 4529 1550 4586 eﬁ'ectum
1573 4544 1639 4583 ac
1661 4527 1987 4599 symbolum

2120 3375 2402 3433 bendunL

2189 3471 2374 3538 Atque
2405 3469 2468 3520 ut
2498 3463 2748 3536 amplius
2769 3465 3316 3524 canstetAlcuinum
3336 3484 3404 3526 eo
3426 3469 3544 3528 loci
3577 3475 3780 3550 exige-

2116 3572 2178 3610 re
2207 3571 2472 3626 azymum
2494 3569 2726 3626 panem,
2750 3553 3273 3611 demonstrandum
3293 3563 3384 3613 est
3415 3559 3606 3618 etiam
3641 3561 3777 3622 tum

2114 3644 2400 3716 Hispanas
2413 3658 2678 3715 azymum
2694 3641 3052 3698 adhibuisse.
3069 3638 3195 3710 Qua
3219 3661 3356 3718 ergo
3369 3647 3443 3703 de
3455 3664 3653 3708 causa
3670 3668 3777 3710 eos

2113 3733 2306 3806 arguit
2331 3731 2608 3786 Alcuinus
2627 3731 2655 3784 ‘?
2683 3731 2902 3803 Nempe
2931 3732 3084 3804 quod
3117 3732 3298 3806 aliqui
3331 3752 3539 3796 eorum
3573 3737 3775 3800 salem

2111 3821 2170 3876 in
2207 3821 2402 3893 ipsum
2461 3836 2670 3892 panem
2723 3835 2990 3892 azymum
3047 3820 3463 3883 immittebant.
3500 3834 3586 3884 At
3619 3847 3768 3904 quo,

2111 3910 2326 3982 inquis,
2361 3912 2703 3982 argumento
2753 3912 2984 3964 constat
3033 3926 3368 3982 azymorum
3401 3931 3556 3974 usus
3601 3923 3773 3994 apud

2110 3999 2396 4072 Hispanos
2411 4001 2544 4052 ante
2567 3997 3186 4056 schismaPhotianum
3204 3999 3233 4054 ?
3253 4001 3420 4058 Certe
3447 4003 3771 4066 Eldefonei

2108 4087 2402 4158 Hispanici
2461 4086 2717 4159 episcopi
2772 4086 3106 4142 testimonio
3163 4088 3263 4160 qui
3321 4105 3477 4148 anno
3537 4091 3662 4153 845
3701 4099 3776 4155 de

2107 4175 2360 4248 pondere
2381 4179 2438 4230 et
2457 4173 2830 4246 inscriptione
2851 4175 3020 4246 panis
3040 4175 3412 4234 eucharistici
3451 4195 3527 4236 ex
3557 4183 3776 4242 divina

2107 4267 2194 4336 (ut
2220 4263 2469 4337 praefert)
2497 4261 2844 4318 revelatione
2874 4278 3073 4335 agens,
3104 4264 3364 4322 admittit
3399 4283 3540 4325 eum
3577 4270 3772 4331 infer-

2107 4356 2430 4408 mentatum
2459 4355 2516 4407 et
2543 4351 2696 4406 intra
2724 4351 2940 4408 ferrum
2973 4356 3203 4408 coctum
3247 4348 3452 4412 fuisse.
3491 4357 3770 4418 Libellus

2105 4441 2210 4498 iste
2241 4457 2436 4512 quem,
2471 4443 2816 4512 suggerente
2843 4434 3254 4498 V.cl.Emerico
3283 4442 3536 4517 Bigotio,
3597 4449 3770 4507 indi-

2103 4547 2367 4588 caveram
2415 4528 2474 4583 in
2517 4519 3031 4584 Observatianibus
3087 4530 3256 4598 meis,
3313 4547 3344 4588 e
3395 4549 3514 4590 ms.
3551 4540 3769 4597 codice

361 4639 471 4705 est,
506 4637 567 4688 ut
587 4633 711 4702 jam
744 4627 972 4682 dixi.At
1013 4623 1228 4696 quibus
1269 4618 1502 4705 tandem
1527 4615 1698 4705 rebus
1729 4621 1993 4705 constare
2022 4630 2068 4694 D
2101 4615 3544 4695 bibliotheczeVaticanaeexscribieuravit,mihique
3559 4625 3769 4687 trans-

359 4703 531 4778 debet
561 4719 728 4792 panis
754 4715 909 4772 iste?
939 4736 966 4764 α
997 4713 1078 4768 Ex
1107 4726 1261 4781 aqua
1290 4709 1347 4762 et
1376 4703 1581 4776 farina,
1604 4704 1991 4776 inquit,panis

358 4811 436 4865 sit
464 4808 562 4880 qui
595 4807 966 4862 consecratur
998 4801 1055 4856 in
1087 4813 1296 4870 corpus
1317 4793 1550 4849 Christi.
1574 4793 1738 4848 nJam
1769 4793 1991 4865 aliquot

359 4901 596 4951 Patrum
625 4894 752 4948 loca
783 4889 949 4947 retuli
981 4905 1107 4961 qua:
1139 4886 1291 4941 idem
1323 4883 1535 4938 ferunt.
1567 4883 1639 4937 At
1667 4881 1808 4956 illud
1838 4881 1990 4938 inter

357 4999 460 5038 cas
487 4980 869 5037 etAlcuinum
885 4974 1242 5033 discriminis
1265 4973 1504 5026 interest
1519 4970 1672 5042 quod
1695 4967 1987 5026 Patrcsilli

363 5073 434 5126 de
483 5085 631 5142 pune
677 5065 1058 5123 cucharistico
1107 5062 1428 5132 loquuntur
1455 5059 1526 5114 ad
1559 5058 1988 5130 componendas

357 5157 619 5214 ﬁdelium
637 5151 1135 5222 mores;Alcuinus
1154 5164 1285 5204 vero
1299 5146 1545 5219 agithoc
1567 5145 1688 5202 loco
1710 5147 1986 5202 adversus

353 5251 719 5319 corruptores
750 5241 918 5316 panis
947 5239 1092 5296 sacri
1127 5238 1226 5310 qui
1259 5253 1348 5292 res
1368 5235 1657 5291 alienasin
1680 5234 1982 5289 materiam

350 5333 620 5392 sacriﬁcii
654 5329 1071 5387 admiscebant.
1109 5327 1241 5380 Erat
1271 5323 1508 5397 proinde
1549 5324 1676 5394 ejus
1725 5323 1983 5378 muneris

352 5427 619 5482 accurate
651 5421 878 5477 trahere
902 5417 1138 5472 modum
1153 5419 1208 5470 et
1219 5418 1412 5487 partes
1429 5411 1594 5484 panis
1617 5410 1978 5467 conﬁciendi.

353 5514 496 5567 Cum
530 5527 665 5584 ergo
695 5526 903 5582 panem
936 5505 1409 5576 duabustaqtum
1436 5500 1696 5573 partibus
1719 5506 1980 5556 constare

353 5599 507 5657 dicat
539 5621 560 5650 α
595 5596 1002 5674 aquanscilicet
1021 5598 1078 5650 et
1101 5593 1378 5660 «farina,»
1396 5589 1466 5645 ab
1489 5604 1670 5659 eoque
1693 5593 1981 5646 removeat

2099 4707 2262 4764 misit
2303 4705 2801 4762 eminentissimus
2853 4706 3169 4762 cardinalis
3218 4708 3396 4778 Bona,
3451 4713 3562 4784 qui
3601 4713 3767 4774 nihil

2099 4795 2468 4870 praetermisit
2515 4811 2629 4866 quo
2677 4795 2846 4866 panis
2891 4795 3076 4866 azymi
3128 4795 3186 4851 in
3235 4795 3500 4856 Ecclesia
3543 4805 3769 4862 Latina

2099 4883 2416 4956 antiquitas
2438 4881 2846 4938 illustraretur.
2882 4881 3134 4940 Libellus
3167 4883 3278 4940 iste
3308 4886 3368 4942 in
3397 4894 3766 4968 apographo

2099 4974 2251 5045 quod
2283 4973 2735 5044 quingentorum
2784 4989 3068 5028 annorum
3102 4989 3232 5029 esse
3277 4971 3536 5046 videtur,
3591 4981 3766 5040 hunc

2097 5061 2271 5117 habet
2291 5059 2882 5116 titulumzaRevelatia
2903 5077 3027 5132 quae
3050 5065 3286 5118 ostensa
3305 5069 3398 5121 est
3417 5069 3764 5127 venerabili

2093 5151 2213 5205 viro
2261 5147 2633 5220 Hispaniensi
2683 5145 2992 5204 Eldefonso
3055 5149 3327 5222 episcopo
3381 5151 3442 5208 in
3515 5155 3762 5230 Spiritu

2093 5243 2314 5304 sancto,
2347 5237 2403 5290 in
2435 5253 2634 5292 mense
2664 5236 2932 5308 septimo.
2961 5258 2988 5284 ν
3023 5237 3173 5292 Tum
3221 5237 3448 5310 incipit.
3484 5265 3514 5294 ››
3572 5247 3757 5305 Anno

2091 5325 2568 5397 octingentesimo
2601 5323 3045 5396 quadragesimo
3068 5325 3272 5397 quinto
3304 5327 3761 5393 incarnationis

2090 5413 2322 5470 Domini
2378 5412 2560 5468 nostri
2617 5413 2756 5468 Jesu
2805 5413 3038 5481 Christi,
3088 5413 3318 5473 calceus
3377 5415 3517 5491 iste,
3565 5423 3628 5480 id
3665 5429 3762 5484 est

2089 5518 2366 5559 mensura
2387 5501 2564 5555 trium
2587 5499 2897 5570 digitorum
2915 5501 3198 5574 anguli,in
3213 5507 3549 5567 rotundum
3571 5514 3759 5586 panis

2089 5589 2272 5665 διηνωί
2303 5589 2386 5645 sic
2415 5587 2740 5660 composita
2771 5593 2880 5644 est.
2914 5610 2942 5638 ››
2962 5589 3032 5645 Et
3055 5591 3164 5648 sub
3196 5592 3375 5650 ﬁnem
3403 5612 3417 5652 :
3455 5622 3487 5651 «
3524 5600 3604 5664 In,
3631 5620 3757 5662 uno

359 5708 384 5750 ι
416 5703 586 5750 omne
614 5685 966 5746 fermentum
988 5680 1164 5740 ullius
1194 5677 1434 5740 alterius
1453 5676 1976 5748 infectionis,»eum
2085 5692 2295 5753 nempe
2317 5677 2490 5744 ferro,
2516 5678 2713 5734 tamen
2747 5685 3233 5756 magno,poseunt
3262 5682 3540 5776 quinque
3561 5691 3757 5756 simul
