3864 6348
151 410 307 480 1265

1122 415 1582 485 MABILLONII
1626 416 2098 494 DISQUISI'I‘IO
2142 423 2247 488 DE
2291 427 2590 494 AZYMO.

3395 412 3551 489 1286

152 550 358 610 hostia
390 550 631 609 formari
678 549 781 610 tali
832 552 1004 611 modo
1060 560 1125 610 ut
1176 556 1362 627 major
1403 557 1481 612 sit
1523 556 1733 611 media.
1770 578 1798 605 ι)
1829 556 1883 622 Α
1913 560 2012 613 sed
2047 559 2642 633 pleriquealtomana
2658 561 2918 621 Ecclesia
2938 560 3180 637 profecti
3200 561 3385 631 erant,
3408 577 3554 634 quos

149 646 370 699 Auctor
397 641 507 698 iste
534 643 640 698 etsi
676 644 731 698 in
784 660 844 699 re
896 662 1010 699 non
1044 648 1374 700 necessaria
1422 646 1801 701 revelationes

152 732 449 800 adhibeat,
484 738 679 788 tamen
721 735 850 803 ejus
901 737 1182 806 temporis
1230 741 1319 790 est
1367 737 1519 806 quod
1573 737 1804 807 praefert

150 820 475 893 inscriptio,
494 829 557 877 ut
590 829 785 893 postea
812 824 1000 879 dicam
1027 826 1082 878 in
1108 825 1544 895 prmmonitione
1576 827 1646 880 ad
1677 826 1798 880 edi-

148 910 369 966 tionem
418 912 547 981 ejus
595 912 883 983 opusculi,
916 914 1067 984 quod
1102 914 1235 968 huic
1286 914 1481 969 libello
1514 915 1801 985 subjicere

147 999 343 1055 visum
375 1005 481 1056 est.
517 1002 660 1056 Tota
690 1018 822 1056 vero
855 1004 981 1071 ejus
1015 1002 1287 1058 revelatio
1310 1021 1375 1058 eo
1408 1009 1650 1074 spectat,
1686 1021 1799 1057 non

150 1094 217 1145 ut
248 1106 514 1161 azymum
551 1107 755 1161 panem
789 1108 915 1146 esse
963 1099 1251 1163 oportere,
1284 1098 1383 1147 aut
1422 1094 1794 1164 coquendum

147 1196 276 1235 esse
310 1179 463 1234 intra
492 1181 710 1235 ferrum
742 1182 1002 1243 detiniat,
1038 1183 1136 1235 sed
1202 1187 1263 1236 ut
1305 1184 1555 1253 pondus,
1591 1185 1799 1238 inscri-

149 1270 378 1340 ptiones
409 1273 465 1323 et
509 1286 819 1324 numerum
878 1270 1226 1335 hostiarum,
1261 1289 1385 1342 qua:
1431 1272 1489 1327 in
1539 1273 1799 1343 qualibet

148 1357 461 1413 festivitate
500 1361 803 1413 offerendze
824 1368 1007 1423 erant,
1044 1362 1249 1429 majori
1289 1379 1419 1415 cum
1455 1364 1798 1418 auctoritate

146 1447 624 1519 prmeipiat.l£rat
673 1449 871 1515 igitur,
910 1456 969 1503 ut
1010 1468 1077 1505 ex
1126 1450 1232 1504 hoc
1280 1457 1511 1506 auctore
1560 1454 1798 1506 maniie-

145 1541 305 1590 stum
320 1538 584 1608 est,apud
604 1538 889 1608 llispanos
906 1541 1155 1593 usitatus
1172 1541 1335 1609 panis
1356 1541 1797 1597 infermentatus

142 1625 356 1680 saeculo
378 1643 551 1689 nono,
578 1628 743 1698 isque
789 1629 939 1681 intra
978 1629 1195 1682 ferrum
1233 1631 1609 1699 coquebatur.
1656 1632 1793 1684 Ilinc

140 1714 318 1768 etiam
337 1720 491 1786 patet
532 1715 1233 1787 Alcuinuminprarcitata
1268 1718 1512 1789 epistola
1535 1719 1689 1789 loqui
1725 1720 1795 1775 de

139 1818 291 1874 pane
320 1820 542 1874 azymo,
568 1822 601 1860 a
632 1822 745 1876 quo
778 1806 959 1861 salem
993 1824 1284 1861 removere
1323 1809 1513 1877 jubet,
1542 1824 1794 1879 eumque

140 1895 271 1947 tum
305 1892 485 1948 fuisse
512 1910 730 1949 morem
758 1896 1027 1949 Romana:
1053 1902 1107 1949 et
1136 1897 1481 1951 universalis
1502 1896 1789 1953 Ecclesiae.
1825 1934 1871 1999 Β

215 1980 280 2034 Et
300 1987 451 2035 certe
477 1981 831 2049 Mozarabes,
849 1983 901 2036 id
923 1990 1009 2038 est
1032 1984 1267 2053 IIispani
1296 1991 1351 2039 et
1374 1985 1628 2040 Africani
1652 1992 1791 2040 Ara-

139 2069 316 2124 bibus
349 2071 612 2140 permisti
648 2072 823 2141 (quod
871 2073 1045 2126 etiam
1099 2074 1410 2128 dicendum
1470 2076 1540 2129 de
1587 2074 1791 2130 Gothis

137 2158 571 2229 antiquioribus
592 2160 646 2214 in
676 2161 951 2231 Hispania
969 2162 1359 2229 degentibus‘,
1386 2164 1614 2218 tametsi
1644 2165 1790 2219 ritus

136 2248 462 2319 peculiares
491 2249 801 2311 habebant,
839 2251 1225 2306 nihilominus
1277 2276 1299 2299 «
1353 2253 1787 2308 constituebant

135 2344 571 2392 sacramentum
589 2338 870 2393 altariscle
888 2358 1033 2410 pane
1059 2343 1532 2411 azymo,quemad
1546 2344 1717 2397 modu
1732 2360 1785 2397 m

135 2426 237 2480 alii
278 2426 486 2491 Latini,
518 2452 541 2473 υ
567 2428 900 2483 utJacobus
926 2448 958 2484 a
1000 2429 1251 2484 Vitriaco
1277 2432 1452 2485 tradit
1504 2432 1557 2486 in
1602 2432 1786 2486 llisto-

135 2515 638 2571 rimOccidcntalis
669 2534 795 2586 cap.
820 2520 907 2584 Hi,
939 2520 1033 2572 ubi
1069 2519 1222 2573 hunc
1256 2520 1429 2574 ritum
1461 2522 1611 2591 apud
1633 2522 1786 2591 ipsos

135 2610 381 2660 eatenus
397 2622 796 2677 perseverasse
815 2608 971 2663 dicit.
994 2608 1097 2673 Qui
1114 2615 1312 2663 auctor
1330 2612 1559 2665 tametsi
1576 2610 1785 2666 saeculo

133 2694 774 2762 duntaxatxuivixerit,
799 2698 1133 2765 ejustamen
1166 2700 1481 2753 auctoritas
1505 2700 1609 2753 hac
1637 2701 1691 2753 in
1727 2718 1785 2755 re

139 2785 470 2854 spernenda
504 2802 616 2839 non
651 2788 1018 2845 est.maxime
1050 2804 1180 2841 cum
1210 2788 1495 2842 Eldefonsi
1532 2790 1784 2843 testimo-

131 2872 233 2928 nio
250 2872 498 2944 aliisque
518 2874 808 2928 fulciatur.
835 2876 979 2929 Cum
1005 2876 1159 2930 enim
1184 2877 1513 2932 Mozarabcs
1543 2878 1781 2949 IIiSpani

132 2962 347 3017 ritibus
370 2963 493 3017 suis
517 2964 595 3018 ita
613 2981 842 3035 semper
864 2966 1042 3018 additi
1069 2966 1283 3020 fuerint
1323 2974 1383 3021 ut
1416 2984 1546 3021 cum
1573 2968 1783 3022 sreculo

129 3057 425 3123 xx,agente
460 3069 560 3124 per
608 3053 828 3123 legatos
876 3055 1150 3123 Gregorio
1205 3073 1352 3126 papa
1406 3058 1527 3121 VII,
1563 3062 1784 3113 favente

128 3141 447 3197 Aldefonso
472 3144 887 3213 rege.oflicium
916 3162 1087 3198 suum
1116 3145 1578 3201 ecclesiasticum
1605 3146 1781 3200 Ga'li-

128 3247 277 3286 cano
301 3234 624 3287 Romanove
666 3238 893 3287 mutare
935 3233 1448 3304 compellerentur,
1491 3253 1602 3289 non
1636 3253 1782 3290 ςιιιι-

1913 648 2133 705 scilicet
2180 651 2525 709 Profuturus
2575 652 2951 711 Bracarensis
3015 653 3262 711 antistes
3293 650 3557 709 Ecclesiae

1912 755 2029 793 sua:
2061 742 2510 813 prazscripserat,
2541 748 2790 800 testante
2830 743 3075 799 concilio
3122 743 3313 816 primo
3346 742 3560 798 Braca-

1911 830 2085 895 rensi,
2107 831 2259 900 quod
2284 848 2436 887 anno
2470 833 2576 887 563
2616 833 2971 889 celebratum
3017 836 3128 900 est,
3160 832 3220 887 in
3242 846 3464 888 canone
3491 830 3555 886 4:

1912 940 1937 965 ‹‹
1974 919 2114 973 Item
2139 918 2353 989 placuit
2393 925 2456 975 ut
2485 923 2687 977 eodem
2728 922 2928 978 ordine
2960 922 3154 978 missas
3187 919 3559 976 celebrentur

1912 1008 1982 1061 ab
2040 1010 2333 1076 omnibus,
2387 1028 2562 1081 quem
2621 1002 2987 1080 Profuturus,
3022 1011 3320 1083 quondam
3374 1009 3555 1082 hujus

1911 1097 2366 1167 metrOpolitana:
2390 1099 2657 1155 Ecclesiae
2680 1102 3087 1174 episcopus,ab
3116 1101 3246 1172 ipsa
3267 1099 3553 1171 apostoli-

1909 1202 1985 1239 ca:
2009 1187 2164 1241 sedis
2189 1190 2529 1243 auctoritate
2560 1190 2816 1262 suscepit
2861 1192 3167 1263 scriptum.
3202 1212 3231 1240 ››
3264 1194 3393 1244 Haec
3424 1188 3551 1245 obi-

1908 1279 1997 1329 ter
2028 1277 2097 1330 de
2121 1277 2233 1331 ritu
2257 1278 2803 1351 Itlozarabum,quos
2830 1298 3029 1353 azymo
3049 1296 3194 1352 pane
3216 1283 3345 1335 ante
3367 1294 3545 1335 szecu-

1908 1363 2029 1419 lum
2068 1383 2287 1421 nonum
2324 1385 2461 1422 usos
2493 1370 2671 1424 fuisse
2702 1370 2987 1426 hactenus
3012 1369 3258 1425 ostendi.

1984 1455 2141 1509 Idem
2175 1457 2353 1510 etiam
2386 1458 2456 1512 de
2502 1458 2800 1513 Britannia
2850 1458 3043 1515 insula
3086 1462 3262 1529 patet,
3306 1462 3429 1512 tum
3474 1473 3543 1511 ex

1907 1543 2137 1598 Alcuini
2162 1546 2548 1616 epistolajam
2573 1548 2881 1618 relata,qui
2903 1548 3059 1603 hunc
3079 1563 3299 1602 morem
3321 1547 3547 1602 univer-

1906 1633 2045 1687 salis
2077 1635 2341 1689 Ecclesia:
2393 1653 2500 1691 suo
2548 1642 2808 1709 tempore
2840 1638 3021 1692 fuisse
3053 1637 3212 1704 dicit,
3236 1640 3363 1691 tum
3390 1652 3460 1690 ex
3486 1632 3551 1688 li-

1905 1722 2052 1777 bello
2084 1724 2153 1778 de
2176 1724 2471 1780 Miraculis
2495 1726 2682 1781 sancti
2704 1726 3292 1797 Wandregesili,cap.
3322 1723 3550 1790 ultimo,

1905 1828 2175 1882 superius
2194 1814 2318 1882 jam
2343 1814 2726 1882 delibato,ubi
2750 1815 2947 1885 agitur
2967 1816 3038 1871 de
3058 1814 3315 1886 quadam
3333 1812 3552 1868 femina

1903 1903 2316 1964 transmarina,
2342 1902 2397 1956 id
2421 1908 2509 1957 est
2528 1903 2874 1974 Anglicana,
2899 1920 3023 1975 quae
3047 1920 3079 1957 a
3118 1908 3320 1958 sancto
3354 1904 3542 1955 Wan-

1903 1990 2186 2061 dregesiio
2204 1997 2426 2057 sanata,
2452 2009 2584 2047 cum
2614 1992 2672 2046 in
2708 1991 2907 2063 vigilia
2943 1990 3270 2047 Nativitatis
3310 1986 3539 2046 Domini

1902 2079 2127 2134 sodales
2150 2097 2284 2134 suas
2309 2080 2785 2137 sanctimoniales
2817 2082 3063 2136 feminas
3086 2079 3383 2151 rogitaret,
3413 2100 3441 2127 «
3475 2080 3542 2132 ut

1902 2167 2124 2222 oblatas
2157 2186 2303 2239 quas
2335 2169 2605 2224 oblatum
2651 2170 2899 2226 Domino
2949 2170 3007 2225 in
3056 2168 3378 2225 crastinum
3415 2169 3542 2221 erat

1902 2257 2501 2329 formarent,ignique,
2521 2258 2613 2313 cui
2638 2259 3106 2330 appropinquare
3129 2274 3241 2311 non
3265 2255 3536 2321 audebat,

1898 2344 2308 2415 decoquerent,
2343 2351 2399 2401 et
2451 2346 2694 2401 minime
2752 2346 3119 2417 impetraret;
3165 2343 3413 2399 accessit
3467 2341 3537 2396 ad

1898 2432 2117 2504 ignem,
2150 2435 2416 2505 ferroque
2449 2452 2563 2506 quo
2597 2433 2997 2506 imprimendze
3047 2450 3112 2488 ac
3150 2432 3543 2503 decoquendus

1897 2528 2063 2577 erant
2086 2524 2294 2578 oblata:
2313 2529 2564 2595 arrepto,
2592 2540 2727 2579 mox
2757 2524 2913 2579 nervi
2936 2525 3063 2594 ejus
3088 2539 3301 2577 manus
3334 2521 3545 2576 dextras

1896 2614 2175 2668 contracti
2192 2620 2419 2680 sunt;ac
2433 2614 2783 2668 oblatorium
2798 2613 2951 2684 quod
2966 2616 3172 2684 sponte
3185 2613 3542 2682 susceperat,

1896 2701 2073 2756 invita
2103 2703 2153 2755 vi
2187 2708 2391 2772 agente
2421 2702 2635 2766 divina,
2671 2702 2925 2757 retinuit.
2964 2724 2991 2749 »
3025 2702 3084 2757 Id
3118 2700 3360 2772 contigit
3386 2715 3538 2755 anno

1895 2792 2019 2845 891.
2048 2791 2124 2844 Ex
2157 2790 2249 2845 his
2282 2795 2439 2860 patet
2486 2790 2712 2845 oblatas
2754 2795 2875 2845 tum
2909 2795 3101 2845 coctas
3150 2788 3331 2844 fuisse
3383 2787 3537 2842 intra

1896 2879 2242 2933 oblatorium
2293 2895 2394 2933 seu
2448 2881 2864 2934 ferramentum
2913 2878 3377 2934 characteratum
3428 2876 3535 2949 (sic

1894 2969 2034 3022 illud
2068 2972 2231 3023 vocat
2261 2968 2565 3023 Udalricus
2590 2968 2863 3034 inlib.in,
2895 2984 3020 3040 cap.
3058 2968 3168 3039 43),
3200 2984 3265 3022 ac
3295 2965 3537 3038 proinde

1896 3058 2163 3113 fermenti
2195 3062 2458 3129 expertes
2489 3058 2690 3113 fuisse.
2722 3058 2922 3129 Neque
2950 3058 3110 3114 enim
3142 3072 3405 3130 unquam
3435 3055 3542 3111 fer-

1896 3154 2157 3202 mentum
2192 3146 2505 3202 adhibetur
2532 3148 2590 3201 in
2636 3147 2889 3219 panibus
2928 3146 3047 3203 illis
3095 3145 3196 3219 qui
3226 3145 3336 3201 hoc
3367 3144 3540 3200 modo

1896 3238 2241 3292 formantur.
2277 3237 2345 3290 Et
2375 3236 2611 3306 quidem
2645 3236 2739 3291 hic
2786 3253 2912 3292 mos
2958 3235 3210 3291 usitatus
3258 3239 3386 3290 tum
3416 3236 3541 3289 erat

126 3320 443 3387 senserint,
504 3321 615 3375 nisi
676 3339 768 3376 res
825 3323 1016 3377 duello
1075 3325 1471 3389 dirimeretur,
1532 3331 1778 3379 testante
1811 3310 1852 3374 C
1895 3343 2009 3380 non
2037 3324 2226 3379 solum
2262 3324 2317 3377 in
2351 3323 2558 3390 Gallia,
2595 3324 2693 3378 ubi
2748 3323 2802 3378 id
2835 3323 3051 3378 factum
3084 3326 3191 3388 est,
3224 3322 3325 3376 sed
3355 3320 3531 3374 etiam

125 3409 415 3465 Ruderico
446 3410 989 3477 Toletano,credere
1022 3420 1227 3482 parest
1252 3430 1583 3484 azymorum
1622 3414 1776 3467 hunc

125 3516 304 3554 usum
329 3499 400 3552 ab
424 3500 760 3556 auctoribus
780 3500 997 3555 rituum
1025 3502 1524 3557 Mozarabicorum
1544 3503 1777 3556 descen-

121 3587 701 3660 disse,eumdemque
717 3590 869 3660 apud
895 3590 1110 3645 Gothos
1133 3592 1388 3659 viguisse
1408 3599 1539 3646 ante
1564 3592 1773 3645 adven-

120 3680 253 3732 tum
284 3679 542 3732 Arabum
575 3694 676 3732 seu
728 3678 1061 3733 Maurorum
1114 3680 1168 3733 in
1207 3681 1587 3751 Hispaniam;
1625 3682 1776 3735 unde

123 3770 183 3821 et
213 3765 523 3821 Gothicam
555 3767 811 3823 oflicium
846 3768 1064 3822 dictum
1090 3773 1198 3823 est.

205 3854 422 3910 Horum
455 3861 751 3912 auctorem
786 3858 1005 3912 rituum
1058 3856 1343 3911 Isidorum
1378 3857 1777 3929 Hispalcnsem

126 3945 473 4017 episcopum
501 3947 815 4018 prmferunt
862 3946 1002 4001 editi
1054 3946 1208 4012 libri,
1244 3953 1629 4018 asseruntque
1664 3949 1779 4002 fere

127 4034 429 4106 Hispanici
454 4035 767 4107 scriptores
792 4036 1394 4106 recentiores,quibus
1426 4038 1781 4107 suffragatur

128 4122 532 4179 Guitmundus
556 4124 610 4178 in
648 4123 746 4178 lib.
784 4141 843 4178 III
869 4125 1150 4179 adversus
1183 4126 1617 4195 Berengarium.
1656 4148 1681 4171 n
1718 4126 1778 4180 In

126 4211 382 4283 quodam
408 4212 629 4268 Missali
655 4214 930 4284 Ilispano,
963 4214 1174 4284 inquit,
1209 4215 1365 4284 quod
1410 4216 1613 4269 dicunt
1646 4232 1780 4269 san-

128 4305 292 4357 ctum
314 4301 566 4357 dictasse
600 4304 909 4370 Isidorum,
942 4310 1121 4369 etc.,»
1156 4308 1213 4357 et
1261 4303 1429 4373 longe
1462 4310 1593 4359 ante
1622 4305 1782 4358 Guit-

131 4390 424 4446 mundum
444 4392 769 4463 Elipandus
787 4392 1103 4447 'I‘oletanus
1124 4394 1432 4463 episcopus
1458 4394 1512 4447 in
1535 4393 1783 4463 epistola

131 4480 205 4534 ad
239 4478 517 4535 Albinum
551 4498 651 4536 seu
697 4483 1031 4547 Alcuinum,
1084 4482 1402 4553 quamdam
1437 4483 1781 4549 orationem,

131 4569 193 4623 in
226 4567 423 4639 vigilia
444 4569 673 4624 Pascha:
689 4571 813 4624 cani
837 4570 1087 4639 solitam,
1116 4571 1283 4625 beato
1307 4571 1530 4625 Isidoro
1553 4570 1779 4625 tribuit.

1889 3416 1947 3469 in
2008 3414 2271 3485 partibus
2326 3412 2741 3467 transmarinis
2799 3428 2899 3466 seu
2959 3409 3322 3482 Anglicanis,
3376 3408 3530 3463 unde

1888 3503 2096 3557 mulier
2116 3502 2235 3556 haec
2253 3518 2453 3556 recens
2476 3502 2805 3556 advenerat.
2840 3504 2917 3554 De
2950 3515 3098 3572 pane
3134 3515 3334 3571 azymo
3364 3496 3530 3553 intel-

1885 3593 2156 3665 ligendus
2175 3590 2399 3645 videtur
2448 3591 2733 3662 Egbertus
2769 3588 2981 3644 saeculo
3015 3605 3069 3643 VI
3100 3606 3118 3643 ι
3149 3586 3530 3643 Eboracensis

1888 3678 2811 3753 episcopus,Alcuiniprmeeptor,
2842 3677 2943 3750 qui
2995 3676 3055 3732 in
3115 3677 3535 3750 Exceptionum

1890 3788 2128 3825 suarum
2159 3786 2286 3840 cap.
2330 3772 2399 3821 98
2433 3769 2631 3825 laudat
2676 3768 2997 3840 probatque
3041 3783 3325 3823 canonem
3357 3784 3533 3840 quem

1888 3866 2053 3916 vocat
2083 3863 2421 3915 sanctorum
2454 3858 2511 3912 in
2563 3858 2684 3912 haec
2732 3858 2943 3912 verba:
2977 3879 3005 3905 «
3059 3855 3402 3912 Sacerdotes
3434 3854 3531 3911 Dei

1890 3950 2198 4021 diligenter
2230 3950 2545 4018 procurent
2596 3949 2661 4001 ut
2706 3945 2877 4017 panis
2934 3947 2993 3999 et
3036 3944 3238 3999 vinum
3270 3948 3328 3999 et
3359 3961 3531 4016 aqua,

1890 4040 2015 4095 sine
2038 4037 2250 4110 quibus
2270 4051 2641 4107 nequaquam
2666 4034 2858 4089 missa:
2881 4033 3270 4101 celebrantur,
3306 4049 3453 4106 pura
3481 4037 3539 4088 et

1892 4128 2111 4182 munda
2145 4128 2306 4180 fiant.
2344 4147 2364 4172 ι
2406 4124 2512 4179 Ubi
2566 4123 2733 4195 panis
2792 4123 2920 4195 puri
2976 4122 3213 4179 nomine
3269 4139 3540 4197 azymum

1892 4215 2135 4287 intelligi
2189 4219 2348 4285 puto.
2394 4215 2559 4269 Certe
2617 4218 2887 4269 auctores
2937 4228 3228 4268 canonum
3288 4212 3388 4284 qui
3431 4212 3542 4267 sub

1892 4306 2153 4376 Eadgaro
2169 4319 2299 4373 rege
2317 4319 2472 4357 anno
2489 4302 2740 4373 967(quo
2756 4307 3016 4374 tempore
3037 4317 3376 4373 azymorum
3399 4318 3544 4357 usus

1890 4395 2141 4466 vigebat)
2174 4392 2395 4446 conditi
2443 4397 2601 4457 sunt,
2660 4408 2776 4446 non
2822 4390 2936 4445 alio
2992 4389 3271 4445 vocabulo
3327 4405 3542 4461 panem

1894 4500 2162 4556 azymum
2186 4479 2480 4552 explicant
2520 4494 2744 4534 canone
2788 4480 2895 4534 30:
2924 4502 2951 4528 ‹‹
3002 4477 3292 4534 Docemus
3339 4477 3538 4544 etiam,

1895 4580 1959 4628 ut
1990 4590 2059 4627 ne
2090 4571 2177 4627 vel
2209 4584 2470 4642 unquam
2504 4569 2777 4625 sacerdos
2809 4568 2950 4623 adeo
2990 4566 3336 4622 temerarius
3366 4565 3444 4644 sit
3476 4570 3540 4620 ut

129 4656 348 4713 Verum
380 4656 536 4713 idem
564 4658 884 4730 Elipandus
926 4660 983 4714 in
1031 4659 1432 4730 superioribus
1470 4660 1781 4715 Toletanos
1817 4684 1861 4748 υ
1894 4663 2137 4718 missam
2169 4660 2439 4727 celebret,
2474 4658 2583 4713 nisi
2634 4656 2832 4711 omnia
2882 4655 3093 4711 habeat
3139 4654 3212 4710 ad
3260 4653 3535 4709 Euchari-

130 4747 370 4801 sanctos
402 4746 599 4801 Patres
633 4748 896 4819 agnoscit
929 4746 1241 4803 missarum
1286 4748 1780 4803 Mozarabicarum

130 4838 424 4891 auctores.
458 4836 563 4902 Qui
616 4837 736 4892 sint
782 4836 863 4890 illi
914 4836 1111 4892 Patres
1172 4837 1459 4903 Toletani,
1490 4838 1780 4909 explicant

128 4923 547 4994 Hispaniarum
579 4924 858 4997 episcopi,
893 4930 995 4980 aut
1035 4926 1179 4980 forte
1214 4926 1532 4996 Elipandus
1566 4926 1690 4996 ipse
1722 4927 1778 4981 in

129 5010 331 5069 libello
354 5028 527 5085 quem
562 5016 868 5070 confutant
916 5015 1114 5069 Patres
1162 5014 1392 5069 concilii
1450 5015 1787 5071 Francofur-

130 5101 338 5170 tensis,
370 5102 430 5159 in
465 5102 587 5159 hinc
615 5105 825 5160 verba:
860 5128 886 5155 ‹‹
923 5104 1065 5159 Item
1114 5104 1571 5175 prmdecessores
1603 5105 1786 5159 nostri

132 5190 453 5263 Eugenius,
511 5192 905 5258 Hildefonsus,
954 5192 1247 5259 Julianus,
1301 5192 1588 5249 Toletanis
1631 5195 1788 5249 sedis

130 5278 451 5349 antistites,
485 5281 542 5335 in
576 5282 699 5336 suis
726 5283 1102 5353 dogmatibus
1128 5282 1205 5337 ita
1236 5282 1578 5336 dixeruntin
1603 5283 1789 5337 missa

130 5368 206 5425 de
234 5368 412 5425 Omna
442 5368 698 5437 Domini,
738 5395 759 5420 ι
796 5375 906 5427 etc.
943 5372 1019 5426 Ex
1050 5371 1267 5442 quibus
1302 5370 1648 5439 intelligitur
1671 5388 1784 5425 non

132 5460 455 5527 unum,sed
478 5458 700 5532 plures,
734 5459 946 5516 horum
983 5460 1205 5515 rituum
1229 5465 1285 5514 et
1308 5459 1632 5515 officiorum
1657 5477 1790 5515 con-

132 5547 357 5605 ditores
380 5552 460 5604 :et
480 5550 717 5620 quidem
744 5550 1035 5605 Isidorum
1069 5548 1551 5620 amplificatorem
1585 5548 1787 5607 fuisse.

129 5638 311 5697 Porro
333 5637 383 5694 si
412 5638 785 5697 Bracarensis
818 5640 1155 5712 metropolis
1177 5640 1411 5695 eosdem
1435 5638 1580 5693 ritus
1603 5655 1793 5695 scrva-

130 5731 233 5788 bat
262 5734 448 5804 atque
467 5729 766 5801 Toletana,
814 5730 961 5787 ritus
1009 5730 1103 5786 isti
1138 5748 1253 5786 non
1293 5729 1528 5801 quidem
1562 5746 1788 5799 omnes,

1893 4752 2063 4806 stiam
2117 4748 2488 4821 pertinentia,
2535 4745 2751 4801 scilicet
2801 4743 3151 4801 oblationem
3201 4759 3430 4817 puram,
3462 4742 3541 4797 vi-

1890 4857 2032 4895 num
2068 4854 2279 4909 purum
2313 4841 2369 4892 et
2399 4852 2612 4906 aquam
2647 4851 2873 4906 puram.
2917 4855 2944 4883 ››
2974 4836 3105 4888 Haec
3136 4833 3207 4887 de
3234 4829 3465 4903 Anglia.

1966 4927 2243 4983 Eamdem
2270 4924 2640 4980 traditionem
2665 4923 2875 4979 saltem
2914 4940 3017 4995 pro
3049 4921 3365 4978 Germania
3384 4937 3543 4977 com-

1895 5019 2103 5091 probat
2126 5016 2404 5070 Itabanus
2422 5013 2802 5087 Moguntinus
2829 5012 3329 5085 archiepiscopus,
3354 5010 3550 5067 Alcui-

1897 5108 1953 5162 ni
1981 5103 2329 5176 discipulus,
2364 5103 2464 5175 qui
2504 5102 2739 5157 biennio
2763 5106 2899 5157 ante
2919 5100 3197 5157 Photium
3229 5101 3547 5170 intrusum,

1896 5196 2007 5251 hoc
2039 5200 2127 5249 est
2160 5210 2312 5248 anno
2353 5194 2458 5246 846
2493 5208 2524 5246 e
2548 5191 2692 5246 vivis
2730 5190 2999 5247 excessit.
3034 5191 3089 5246 Is
3120 5190 3278 5246 enim
3306 5189 3366 5245 in
3394 5189 3497 5244 lib.
3531 5206 3549 5243 ι

1898 5286 1979 5340 De
2011 5281 2420 5340 ecclesiasticis
2470 5280 2701 5347 ofﬁciis,
2734 5297 2861 5353 cap.
2896 5281 2987 5348 31,
3038 5278 3292 5339 declarat
3338 5292 3546 5349 panem

1898 5373 2167 5429 sacrificii
2202 5387 2470 5441 azymum
2518 5386 2646 5423 esse
2706 5374 2993 5442 oportere.
3045 5370 3306 5439 Namque
3365 5364 3544 5420 relato

1899 5461 2140 5518 Levitici
2184 5460 2310 5515 loco
2352 5458 2449 5531 qui
2490 5475 2703 5530 panem
2741 5458 2953 5514 veteris
2975 5454 3243 5513 sacrificii
3275 5451 3401 5509 sine
3433 5452 3545 5507 fer-

1901 5556 2094 5606 mento
2128 5566 2255 5604 esse
2289 5548 2570 5621 praecipit,
2602 5553 2659 5603 et
2688 5548 2901 5604 Christi
2941 5543 3223 5617 exemplo,
3255 5543 3355 5615 qui
3389 5543 3546 5615 ejus-

1902 5640 2057 5696 modi
2092 5656 2304 5711 panem
2337 5638 2396 5693 in
2442 5653 2604 5692 coena
2650 5636 2938 5703 adhibuit,
2964 5634 3046 5691 sic
3093 5633 3307 5689 infert:
3337 5653 3366 5682 ‹‹
3398 5631 3549 5705 Ergo

1902 5745 2112 5803 panem
2144 5728 2621 5784 infermentatum
2670 5730 2726 5782 et
2781 5726 2976 5780 vinum
3026 5738 3180 5794 aqua
3209 5720 3453 5777 mistum
3488 5721 3548 5776 in
