3864 6372
308 333 465 412 1267

1335 345 1725 415 ΑΡΡΕΝΒῙΧ
1768 341 1868 412 ΑΒ
1913 345 2170 414 OPEltA
2217 345 2648 416 HUMBERTI.

3531 341 3692 412 1268

313 487 747 543 sacramentum
781 487 1039 561 corporis
1057 491 1110 544 et
1127 488 1425 560 sanguinis
1446 486 1658 543 Christi
1679 486 1933 542 sanctiﬁ-
1963 485 2017 551 Α
2047 484 2106 540 in
2139 489 2312 556 caput
2339 503 2373 542 ν
2395 484 2662 558 Epistolas
2685 483 2883 558 primae
2905 483 2977 541 ad
2997 481 3349 555 Corinthios,
3379 499 3515 541 cum
3541 482 3688 540 scri-

315 575 434 630 cari
464 579 703 646 oportet.
735 597 762 626 »
800 580 886 632 Ita
907 577 1218 632 Rhabanus
1265 577 1323 629 in
1375 576 1538 630 libris
1582 591 1713 629 cum
1745 574 1936 640 editis,

313 667 442 718 tum
467 664 901 734 manuscriptis,
925 669 988 718 ut
1023 650 1192 717 ﬁdem
1209 663 1426 717 faciunt
1446 661 1796 733 exemplaria
1819 663 1936 716 duo

314 749 678 806 Bibliotheca:
711 753 862 822 regis
903 749 1406 815 Christianissimi,
1455 767 1700 820 quorum
1754 767 1936 805 unum

315 845 404 894 est
425 857 707 895 annorum
742 840 856 894 fere
891 845 1310 902 sexcentorum,
1350 837 1596 892 alterum
1637 839 1936 910 octingen—

311 931 526 984 torum.
554 929 722 981 Porro
755 928 859 980 hoc
889 926 1216 980 testimonio
1248 925 1598 984 luculentius
1622 913 1846 980 nullum
1877 926 1936 980 in

311 1020 652 1088 praesentem
693 1015 1140 1069 controversiam
1189 1015 1376 1069 afferri
1407 1019 1615 1086 potest.
1647 1015 1769 1084 Duo
1803 1019 1940 1070 sunt

311 1106 372 1160 in
404 1104 700 1175 przsmisso
729 1103 1081 1170 testimonio,
1106 1104 1252 1158 ratio
1284 1103 1502 1158 scilicet
1522 1107 1577 1158 et
1598 1104 1930 1158 auctoritas.

311 1191 549 1246 Ratione
571 1208 902 1262 azymorum
925 1191 1266 1245 necessitate
1286 1193 1528 1262 probare
1541 1192 1765 1245 videtur
1791 1191 1938 1246 Rha-

309 1279 499 1332 banus
529 1297 540 1346 ;
577 1281 702 1349 ejus
732 1295 864 1334 vero
896 1279 1204 1333 auctoritas
1237 1280 1306 1333 de
1353 1281 1466 1334 ritu
1513 1280 1605 1334 sui
1655 1279 1936 1350 temporis

311 1367 714 1422 testimonium
745 1367 1222 1421 redditthabani
1245 1367 1524 1422 rationem
1557 1367 1700 1422 nihil
1723 1383 1934 1434 moror;

311 1471 429 1509 una
459 1454 602 1508 mihi
624 1453 839 1509 sufﬁcit
859 1455 1172 1509 auctoritas
1204 1471 1271 1509 ex
1300 1471 1415 1525 qua
1436 1455 1730 1510 evidenter
1759 1455 1937 1509 conﬁ-

311 1543 464 1597 citur
487 1542 676 1612 qualis
707 1559 772 1596 eo
823 1548 1082 1614 tempore
1125 1544 1299 1598 fuerit
1345 1544 1511 1614 panis
1558 1544 1844 1610 sacriﬁcii,
1878 1544 1935 1598 id

313 1635 404 1686 est
436 1630 898 1685 infermentatus.

384 1719 580 1788 Neque
602 1719 710 1772 dici
729 1723 916 1789 potest
938 1719 1197 1774 Rhabani
1219 1720 1616 1775 testimonium
1639 1719 1826 1776 valere
1854 1737 1940 1776 so-

315 1806 438 1860 lum
463 1823 564 1876 pro
576 1806 900 1872 Germania,
935 1807 992 1860 in
1020 1823 1135 1878 qua
1157 1813 1420 1878 receptus
1445 1813 1567 1862 erat
1589 1824 1652 1862 eo
1683 1812 1938 1879 tempore

314 1910 647 1965 azymorum
671 1911 830 1948 usus.
866 1895 1180 1950 Rhabanus
1201 1896 1488 1966 siquidem
1521 1895 1576 1949 in
1610 1897 1940 1966 praefatione

313 1981 482 2037 istius
500 1982 686 2052 operis
709 1982 1012 2053 pollicetur
1032 1987 1297 2038 acturum
1316 2000 1410 2038 seu
1437 1984 1515 2038 De
1535 1985 1724 2038 ofﬁcio
1748 1983 1939 2039 missae

312 2071 634 2125 secundum
667 2087 887 2125 morem
919 2072 1187 2125 Romana:
1211 2071 1494 2130 Ecclesiae.
1531 2094 1557 2121 ››
1590 2073 1655 2126 Et
1683 2072 1740 2126 in
1763 2072 1862 2126 lib.
1899 2089 1936 2140 ι,

314 2176 438 2232 cap.
471 2161 559 2224 33,
593 2159 788 2214 relatis
847 2161 1119 2216 omnibus
1170 2161 1250 2215 rei
1298 2177 1470 2215 sacrae
1518 2161 1748 2228 ritibus,
1781 2163 1939 2232 post-

315 2263 490 2319 quam
509 2249 578 2302 de
596 2265 928 2320 azymorum
955 2266 1066 2304 usu
1088 2253 1282 2320 egerat
1302 2249 1419 2304 haec
1441 2249 1638 2304 subdit
1662 2267 1674 2304 :
1704 2271 1732 2299 ‹‹
1755 2250 1939 2304 Istum

315 2353 450 2407 ergo
472 2333 734 2390 ordinem
760 2337 830 2391 ab
853 2337 1204 2407 apostoliset
1226 2337 1553 2408 apostolicis
1593 2337 1730 2393 viris
1759 2337 1940 2392 tradi-

314 2427 442 2478 tum
466 2425 726 2478 Romana
743 2429 898 2478 tenet
917 2425 1190 2492 Ecclesia,
1215 2431 1271 2480 et
1311 2431 1424 2496 per‘
1452 2429 1638 2481 totum
1669 2441 1814 2497 pene
1843 2427 1942 2482 Oc-

319 2513 607 2567 cidentem
632 2530 832 2568 omnes
849 2515 1112 2569 Ecclesia:
1131 2516 1392 2570 eamdem
1417 2516 1788 2571 traditionem
1819 2533 1939 2571 ser-

313 2606 470 2664 vant.
499 2623 524 2649 ››
541 2602 618 2655 Ex
636 2602 849 2672 quibus
867 2603 1240 2658 manifestum
1263 2619 1389 2659 esse
1411 2608 1550 2675 puto
1573 2621 1803 2676 azymos
1825 2621 1940 2659 non

313 2693 542 2744 tantum
573 2689 632 2744 in
662 2689 986 2757 Germania,
1018 2692 1116 2746 sed
1167 2692 1340 2746 etiam
1371 2715 1399 2740 «
1449 2692 1510 2747 in
1546 2692 1801 2748 Ecclesia
1830 2693 1942 2748 Ro-

315 2793 490 2832 mana
510 2783 564 2832 et
585 2795 686 2849 per
713 2781 900 2832 totum
923 2795 1066 2849 pene
1095 2778 1460 2835 Occidentem
1479 2803 1506 2830 »
1540 2781 1598 2835 in
1621 2798 1732 2836 usu
1763 2781 1943 2837 fuisse

317 2883 468 2921 anno
497 2867 622 2931 819,
655 2867 808 2936 quod
832 2867 988 2921 istud
1013 2883 1158 2937 opus
1180 2868 1476 2922 conditum
1501 2872 1605 2935 est,
1640 2886 1828 2941 neque
1859 2887 1942 2925 re-

317 2970 452 3009 cens
483 2954 662 3008 fuisse
693 2955 1014 3021 inventum,
1057 2958 1153 3010 sed
1189 2957 1246 3011 id
1285 2976 1308 3005 ε
1359 2958 1430 3012 ab
1479 2958 1754 3029 apostolis
1783 2963 1840 3014 et
1870 2959 1942 3014 ab

318 3042 652 3113 apostolicis
679 3043 816 3098 viris
847 3065 874 3093 »
909 3045 1190 3099 creditum
1233 3061 1623 3116 permanasse.

385 3131 518 3185 Jam
551 3131 620 3185 de
651 3147 980 3202 azymorum
1015 3150 1122 3188 usu
1143 3138 1274 3188 ante
1296 3135 1572 3189 saeculum
1605 3151 1821 3189 nonum
1855 3151 1940 3190 re-

2047 574 2132 630 bit
2162 573 2312 629 ﬁlios
2340 575 2513 629 Israel
2561 591 2824 647 egressos
2864 575 2935 630 de
2979 575 3220 647 Egypto
3264 589 3380 628 non
3407 572 3692 630 detulisse

2047 663 2180 718 inde
2209 685 2236 711 ‹‹
2263 663 2666 718 fermentatam
2691 664 2956 730 farinam,
2991 664 3092 719 sed
3118 662 3534 718 tantummodo
3557 678 3692 717 con-

2047 767 2327 821 spersam.
2379 772 2406 799 »
2457 752 2523 805 Et
2566 752 2824 808 Joannes
2875 751 3200 807 Genuensis
3249 750 3308 805 in
3353 749 3687 806 catholico:

2048 861 2076 890 «
2107 840 2450 909 Conspersio
2471 841 2868 912 estlarinaper
2889 857 3098 912 aquam
3127 840 3534 913 conglutinata
3561 840 3692 895 sine

2046 925 2346 981 fermento.
2371 949 2398 976 »
2433 927 2694 998 Denique
2716 932 2848 982 ante
2870 927 2976 982 hos
2999 928 3146 982 duos
3167 926 3481 998 Gregorius
3501 926 3692 980 Turo-

2046 1014 2243 1068 nensis
2287 1015 2592 1085 episcopus
2648 1015 2708 1069 in
2761 1014 2861 1069 lib.
2896 1033 2914 1069 ι
2961 1015 3040 1070 De
3092 1014 3280 1086 gloria
3332 1017 3688 1087 martyrum,

2045 1119 2170 1174 cap.
2206 1104 2304 1157 16:
2339 1125 2364 1152 «
2399 1102 2605 1157 Mulier
2642 1119 2954 1174 conspersa
3000 1102 3304 1158 Dominica
3353 1102 3446 1157 die
3496 1102 3696 1156 farina

2047 1207 2255 1262 panem
2287 1191 2575 1260 formavit,
2597 1209 2768 1263 quem
2788 1193 3107 1264 segregatis
3129 1191 3336 1264 prunis
3357 1192 3550 1248 cinere
3575 1192 3694 1246 fer-

2047 1279 2202 1334 venti
2231 1280 2480 1334 contexit
2519 1281 2979 1350 decoquendum.
3012 1299 3039 1330 n
3091 1281 3151 1335 Id
3201 1279 3476 1352 placentae
3509 1279 3696 1334 infer-

2049 1370 2315 1421 mentata:
2335 1383 2540 1438 genus,
2574 1367 2741 1438 quale
2769 1385 2802 1421 a
2831 1368 3053 1423 Latinis
3085 1368 3144 1422 in
3197 1368 3552 1424 sacriﬁcium
3585 1368 3694 1422 ad-

2047 1454 2232 1508 hiberi
2265 1455 2408 1508 falso
2439 1453 2829 1510 calumniatus
2860 1459 2950 1512 est
2979 1455 3224 1511 Michael
3256 1455 3620 1512 Cerularius.

2117 1548 2341 1613 Agmen
2371 1542 2601 1598 claudet
2621 1542 2973 1608 Amalarius,
3007 1544 3109 1614 qui
3159 1543 3219 1599 in
3251 1543 3353 1598 lib.
3387 1561 3452 1598 III
3488 1545 3568 1599 De
3603 1559 3700 1598 ec-

2047 1629 2389 1686 clesiasticis
2419 1631 2644 1699 ofﬁciis,
2680 1649 2804 1703 cap.
2845 1633 2935 1700 24,
2987 1631 3168 1688 relato
3217 1632 3486 1704 Cvpriani
3537 1631 3702 1698 loco,

2047 1742 2074 1768 ‹‹
2111 1723 2175 1773 ut
2202 1718 2260 1773 in
2292 1718 2570 1774 sacriﬁcio
2603 1721 2792 1774 missae
2825 1721 3028 1775 eadem
3059 1737 3188 1792 quae
3209 1720 3495 1776 Dominus
3527 1720 3700 1787 fecit,

2048 1811 2103 1862 et
2134 1807 2244 1878 ipsi
2263 1807 2564 1876 faciamus,
2601 1831 2628 1856 »
2659 1808 2779 1864 haec
2819 1809 3054 1864 subdit:
3089 1832 3118 1859 «
3151 1810 3426 1875 Quamvis
3458 1808 3574 1864 hoc
3601 1806 3708 1862 ille

2049 1896 2118 1950 de
2149 1895 2553 1950 commistione
2583 1895 2710 1950 .vini
2757 1901 2813 1950 et
2852 1913 3014 1968 aqua
3044 1897 3451 1965 conclusisset,
3483 1900 3706 1952 tamen

2049 1983 2119 2038 de
2149 1987 2271 2037 tota
2300 1983 2665 2038 institutione
2696 1983 3342 2058 Dominicaintelligere
3364 1999 3710 2056 possumus

2049 2069 2484 2141 adimplendum
2516 2088 2528 2124 :
2561 2071 2620 2124 in
2652 2088 2765 2142 quo
2789 2089 2962 2126 suum
2987 2074 3332 2128 mandatum
3365 2077 3454 2129 est
3473 2077 3532 2128 et
3557 2088 3710 2142 apo-

2047 2157 2329 2214 stolorum
2385 2159 2727 2214 observatio.
2761 2182 2789 2208 ››
2843 2160 2971 2216 Haec
3015 2160 3139 2216 sine
3169 2160 3346 2216 dubio
3397 2159 3715 2216 intellexit

2047 2246 2378 2302 Amalarius
2427 2264 2540 2302 non
2589 2249 2660 2302 de
2707 2252 2966 2320 tempore
3023 2249 3184 2304 facta
3231 2266 3428 2316 omnes,
3463 2265 3595 2304 non
3633 2250 3714 2304 de

2048 2351 2210 2392 caena
2231 2335 2531 2406 praemissa
2552 2340 2684 2392 ante
2711 2336 3087 2392 Eucharistia
3103 2336 3538 2393 institutionem
3553 2355 3712 2404 ,non

2050 2425 2300 2495 denique
2328 2425 2397 2479 de
2447 2441 2550 2480 esu
2579 2425 2734 2494 agni,
2769 2425 2869 2479 sed
2901 2425 2972 2479 de
3000 2441 3150 2496 pane
3181 2424 3478 2492 sacrificii,
3513 2441 3714 2497 quem

2049 2513 2312 2583 ejusdem
2335 2512 2562 2585 generis
2587 2517 2762 2583 atque
2793 2529 2927 2568 cum
2976 2529 3090 2584 quo
3138 2512 3408 2568 Christus
3453 2529 3613 2568 usus
3649 2515 3714 2570 in

2051 2617 2211 2656 ccena
2239 2605 2328 2656 est
2357 2601 2754 2656 adhibendum
2785 2615 2913 2657 esse
2944 2601 3224 2670 censet,id
3251 2603 3342 2656 est
3376 2600 3716 2659 infermen-

2051 2693 2262 2744 tatum.

2121 2781 2252 2832 Hac
2281 2780 2624 2849 argumenta
2655 2793 2780 2848 quae
2811 2780 2932 2831 toto
2965 2776 3230 2847 praesenti
3255 2775 3443 2849 capite
3474 2779 3714 2834 adduxi

2051 2865 2122 2920 ad
2155 2865 2519 2936 probandum
2560 2863 2888 2937 generalem
2940 2881 3276 2936 azymorum
3322 2882 3493 2921 usum
3535 2869 3712 2939 apud

2053 2953 2310 3019 Latinos,
2341 2969 2543 3009 omnes
2573 2953 2830 3009 veritatis
2877 2969 3154 3009 numeros
3183 2953 3396 3010 habere
3427 2954 3582 3010 mihi
3613 2956 3711 3011 vi-

2051 3041 2263 3096 dentur
2286 3059 2298 3110 ;
2320 3045 2444 3096 tum
2463 3041 2601 3113 quia
2621 3042 2930 3114 desumpta
2958 3045 3096 3096 sunt
3117 3041 3190 3097 ab
3213 3042 3564 3098 auctoribus
3587 3043 3714 3100 ﬁde

2053 3129 2264 3202 dignis,
2297 3134 2361 3184 ut
2391 3133 2520 3201 pote
2551 3130 2736 3186 doctis
2761 3134 2818 3184 et
2848 3131 3112 3200 ejusdem
3146 3130 3332 3186 aetatis
3357 3149 3369 3200 ;
3391 3135 3523 3186 tum
3561 3133 3716 3204 quia

317 3224 600 3291 cepto,res
623 3222 929 3275 constatde
961 3222 1253 3292 Ilispania,
1287 3222 1518 3294 Anglia,
1549 3223 1858 3278 Germania
1887 3228 1943 3280 et
1972 3207 2015 3275 C
2054 3217 2542 3290 clara,perspicua
2563 3223 2736 3290 atque
2767 3219 3095 3274 necessaria
3123 3219 3398 3276 videntur
3427 3219 3500 3274 ad
3535 3222 3713 3276 evin-

263 3333 268 3338 ·
316 3310 575 3364 Romana
621 3309 877 3364 Ecclesia
929 3311 1228 3382 speciatim
1278 3316 1334 3365 et
1376 3311 1693 3370 universim
1724 3313 1795 3367 de
1822 3316 1941 3368 toto

317 3415 464 3470 pene
495 3398 832 3464 Occidente;
868 3403 1131 3469 superest
1164 3403 1224 3453 ut
1253 3399 1308 3453 id
1342 3400 1516 3454 etiam
1548 3399 1944 3472 singularibus

318 3486 677 3558 argumentis
699 3487 936 3557 probem
958 3487 1027 3542 de
1049 3486 1251 3556 Gallia,
1269 3488 1500 3542 tametsi
1524 3505 1648 3558 quae
1676 3488 1944 3559 superius

317 3579 441 3628 tum
461 3591 530 3627 ex
549 3573 946 3639 Alcuino,tum
969 3592 1036 3629 ex
1057 3576 1206 3630 facto
1249 3575 1511 3631 mulieris
1529 3575 1860 3647 Anglicanas
1883 3577 1942 3632 in

317 3659 499 3716 Gallia
519 3661 840 3716 constitutae
866 3663 1032 3717 retuli
1051 3664 1122 3718 ad
1139 3664 1196 3717 id
1220 3663 1598 3718 evincendum
1623 3664 1939 3720 sufficiunt.

317 3749 506 3804 Unum
524 3755 928 3822 argumentum
948 3752 1086 3805 mihi
1109 3753 1442 3824 suppeditat
1454 3752 1798 3807 Paschasius
1812 3754 1942 3808 Rat-

313 3839 513 3894 bertus
537 3840 714 3894 abbas
737 3839 1396 3905 Corbeicnsisﬂhabani
1419 3841 1679 3911 azqualis.
1697 3843 1749 3896 Is
1773 3842 1830 3896 in
1864 3841 1938 3896 li-

311 3929 414 3983 bro
435 3929 514 3983 De
530 3944 766 3999 corpore
786 3933 839 3982 et
870 3930 1156 4000 sanguine
1203 3927 1449 3998 Domini,
1483 3945 1608 4000 cap.
1639 3933 1725 3998 20,
1759 3930 1938 3984 sacri-

312 4016 426 4070 ﬁcii
485 4021 674 4086 partes
723 4017 966 4088 explicat
1019 4017 1306 4088 refertque
1370 4018 1439 4072 ad
1508 4019 1937 4089 componendus

312 4119 502 4159 mores
531 4103 590 4158 in
623 4105 774 4160 hunc
805 4107 1062 4160 modum.
1093 4127 1122 4154 ‹‹
1155 4109 1286 4160 Ilaec
1318 4104 1494 4177 igitur
1513 4108 1844 4177 conspersio
1868 4109 1936 4162 de

309 4191 511 4246 multis
541 4193 736 4264 granis
766 4194 898 4249 fecit
929 4211 1111 4248 unum
1144 4210 1374 4264 corpus,
1407 4211 1635 4266 corpus,
1671 4196 1932 4266 inquam,

309 4281 655 4336 sinceritatis
686 4285 742 4337 et
771 4283 1047 4350 veritatis,
1081 4281 1128 4336 si
1161 4286 1355 4336 tamen
1397 4299 1603 4337 sumus
1637 4282 1842 4354 azymi,
1874 4283 1930 4338 id

308 4373 398 4423 est
427 4370 644 4441 absque
675 4372 957 4425 fermento
989 4369 1227 4425 malitia:
1258 4375 1312 4426 et
1343 4369 1631 4442 nequitiae,
1667 4374 1730 4424 ut
1759 4370 1931 4440 digne

305 4475 512 4530 panem
544 4460 614 4514 de
647 4459 755 4514 hac
799 4477 949 4530 aqua
1001 4475 1379 4530 conspersum
1437 4459 1694 4530 accipere
1740 4459 1928 4529 possi-

303 4563 554 4603 mus.....
579 4547 815 4616 Idcirco,
841 4548 1080 4614 ohomo,
1105 4565 1269 4603 serva
1296 4547 1766 4618 conspersionem
1793 4563 1929 4618 gra-
1961 4569 2007 4632 D

300 4634 412 4702 tiae,
449 4635 586 4704 quia
615 4635 749 4690 licet
791 4637 1047 4691 triticum
1066 4635 1166 4702 sis,
1199 4635 1312 4689 nisi
1345 4635 1605 4689 doctrina
1634 4639 1690 4689 et
1719 4634 1930 4690 virtute

302 4723 553 4794 Spiritus
585 4725 767 4780 sancti
798 4725 868 4778 ad
909 4724 1061 4778 hanc
1083 4723 1364 4778 unitatem
1381 4727 1437 4778 et
1457 4723 1926 4794 conspersionem

301 4812 479 4868 fueris
495 4813 640 4868 bene
663 4813 721 4866 in
743 4811 990 4866 farinam
1014 4815 1345 4866 attenuatus
1375 4829 1387 4878 ;
1415 4811 1624 4866 deinde
1654 4827 1924 4882 consper-

299 4917 400 4955 sus
425 4901 631 4973 gratia,
652 4905 708 4955 et
729 4901 860 4971 igne
902 4899 1200 4956 charitatis
1240 4906 1529 4968 excoctus,
1563 4917 1678 4955 non
1708 4899 1924 4971 poteris

299 4991 370 5044 ad
385 4991 734 5045 soliditatem
758 4989 890 5043 ﬁdei
917 4989 1260 5044 ﬁrmat-imln
1284 4989 1374 5044 his
1393 4990 1714 5044 notandum
1737 4989 1922 5060 primo

295 5083 382 5133 est
404 5095 614 5148 panem
635 5077 1086 5158 eucharisticum
1113 5078 1302 5133 vocari
1325 5101 1352 5127 «
1378 5078 1866 5148 conspersionem,
1893 5100 1920 5127 ››

295 5172 352 5223 et
379 5189 406 5217 «
432 5183 642 5238 panem
660 5183 810 5237 aqua
832 5183 1266 5237 conspersum.»
1292 5165 1504 5220 Deinde
1527 5167 1921 5221 enumerando

293 5261 486 5328 partes
518 5255 731 5326 quibus
763 5257 929 5327 panis
963 5257 1069 5312 iste
1111 5259 1355 5323 constat,
1391 5254 1745 5310 mentionem
1796 5255 1918 5309 ﬁeri

293 5349 518 5399 tantum
551 5345 767 5413 farinae,
800 5361 962 5415 aquae
1012 5348 1068 5398 et
1116 5341 1414 5410 coctionis,
1465 5341 1695 5397 excluso
1743 5342 1917 5398 etiam

294 5434 676 5489 fermento.Et
707 5439 858 5490 certe
909 5431 1210 5494 vocabula,
1273 5452 1298 5478 ‹‹
1333 5431 1664 5501 conspersio
1693 5435 1748 5486 et
1777 5447 1918 5487 con-

297 5535 614 5588 spersum,»
653 5541 904 5578 massam
933 5521 1124 5577 farina).
1148 5523 1434 5590 expertem
1461 5519 1722 5574 tormenti
1743 5521 1918 5592 signi-

297 5607 488 5662 ﬁcant.
521 5609 708 5666 Testis
740 5617 826 5667 est
851 5606 1572 5668 HaimoI-Ialsbertadensis
1610 5608 1916 5682 episcopus

2053 3307 2302 3361 cendum
2336 3307 2390 3361 id
2425 3309 2576 3378 quod
2603 3307 2856 3362 intendo.
2881 3307 2938 3362 Si
2967 3323 3098 3363 vero
3129 3323 3198 3362 ex
3231 3307 3326 3364 his
3360 3309 3716 3380 generalem

2054 3395 2206 3466 apud
2243 3396 2471 3450 Latinos
2502 3412 2838 3466 azymorum
2872 3412 3045 3450 usum
3089 3399 3224 3451 ante
3255 3396 3522 3452 schisma
3553 3399 3716 3454 Pho-

2051 3483 2276 3538 tianum
2307 3484 2536 3555 probari
2568 3479 2936 3551 concedatur,
2970 3485 3204 3540 concedi
3248 3485 3426 3540 etiam
3460 3503 3721 3546 necesse

2053 3574 2420 3626 estcumdem
2447 3588 2619 3627 usum
2643 3577 2766 3627 tum
2789 3572 3073 3628 creditum
3090 3571 3275 3627 fuisse
3293 3574 3720 3631 necessarium

2053 3660 2123 3714 ab
2157 3660 2432 3731 apostolis
2463 3659 2866 3733 apostolicisve
2894 3659 3032 3716 viris
3063 3660 3430 3733 profectum;
3465 3679 3538 3718 ac
3571 3681 3720 3736 pro-

2050 3750 2183 3804 inde
2216 3753 2507 3820 receptum
2541 3752 2673 3804 ante
2702 3765 2934 3804 omnem
2967 3748 3274 3804 hominum
3293 3747 3716 3825 illiustempo-

2050 3839 2129 3893 ris
2159 3838 2524 3892 memoriam.
2567 3837 2774 3892 Praeter
2822 3853 2890 3892 ea
2939 3837 2988 3892 si
3037 3838 3240 3893 eadem
3299 3838 3411 3893 fuit
3449 3839 3714 3898 Patrum

2045 3927 2451 3982 Toletanorum
2477 3927 2778 3998 persuasio
2819 3925 3030 3981 saeculo
3081 3925 3332 3998 septimo
3360 3927 3716 3999 desinente,

2047 4017 2346 4072 fatendum
2378 4020 2465 4070 est
2493 4031 2714 4070 morem
2754 4015 2910 4070 hunc
2945 4019 3046 4070 aut
3071 4015 3146 4070 ab
3176 4016 3342 4087 ipsis,
3373 4019 3480 4071 aut
3507 4034 3710 4093 prope

2046 4105 2116 4160 ab
2133 4103 2687 4176 ipsisapostolorum
2705 4103 3063 4175 temporibus
3095 4105 3166 4159 ad
3181 4109 3534 4178 eatempora
3557 4125 3710 4180 pro-

2045 4192 2454 4262 manasse,nisi
2475 4191 2614 4247 talia
2640 4191 3008 4263 proferantur
3031 4193 3090 4247 in
3112 4193 3474 4250 contrarium
3511 4213 3708 4270 argu-

2044 4285 2239 4336 menta
2268 4297 2393 4351 quae
2443 4281 2708 4336 fermenti
2755 4297 2928 4335 usum
2977 4279 3291 4353 aliquando
3335 4281 3396 4336 in
3427 4283 3713 4344 Ecclesia

2043 4369 2246 4424 Latina
2274 4368 2528 4441 viguisse
2557 4369 2862 4424 manifeste
2892 4386 2958 4424 ac
2981 4370 3305 4426 necessarie
3345 4373 3706 4431 conﬁciant.

2687 4509 2916 4566 CAPUT
2956 4512 3022 4566 X.

2124 4615 2515 4688 [impenduntur
2543 4621 2866 4742 ανῃωηῖἓὲᾳ
2889 4633 2988 4688 ρνο
3016 4633 3118 4673 usu
3145 4619 3412 4688 [armenti
3441 4623 3606 4693 apud

2835 4704 2971 4742 mos.

2835 4704 2971 4744 19108.

2105 4811 2365 4867 Primum
2398 4827 2466 4866 ex
2494 4827 2558 4867 eo
2591 4812 2846 4866 sumitur
2876 4813 3031 4884 quod
3065 4813 3438 4871 Eucharistia
3469 4818 3704 4888 primis

2033 4903 2207 4972 atque
2235 4900 2406 4955 etiam
2426 4900 2916 4972 subsequentibus
2937 4901 3202 4958 Ecclesiae
3225 4901 3461 4960 saeculis
3485 4923 3564 4962 ex
3586 4925 3708 4981 po-

2031 4990 2152 5062 puli
2187 4989 2578 5045 oblationibus
2601 4990 3050 5045 consecrabatur
3071 4992 3224 5063 apud
3257 4992 3704 5054 Latinos.Nam

2031 5080 2250 5131 certum
2279 5075 2458 5132 videri
2481 5075 2763 5148 populum
2791 5093 2904 5132 non
2929 5093 3159 5150 azymos
3181 5083 3502 5150 panes,sed
3527 5101 3706 5141 com-

2032 5181 2239 5220 munes
2271 5167 2326 5220 et
2353 5165 2686 5234 usitatos,id
2717 5169 2806 5222 est
2837 5167 3119 5223 fermento
3151 5167 3224 5223 de
3253 5183 3418 5225 more
3447 5175 3699 5246 tempe-

2029 5258 2206 5322 ratos,
2235 5253 2538 5309 obtulisse.

2097 5343 2184 5397 Ad
2217 5341 2355 5413 quid
2385 5345 2538 5396 vetat
2569 5341 2790 5411 ﬁdeles,
2820 5359 2888 5398 ex
2935 5343 3270 5417 praescripto
3314 5345 3602 5407 Ecclesiae
3635 5355 3698 5408 et

2028 5431 2444 5486 consuetudine
2457 5430 3044 5498 docente,confecisse
3065 5439 3238 5505 atque
3256 5435 3562 5495 obtulisse
3583 5457 3696 5512 pa-

2029 5537 2130 5574 nes
2161 5517 2641 5574 infermentatos‘?
2679 5523 2826 5574 Sane
2873 5519 2930 5574 id
2975 5521 3192 5577 factum
3241 5525 3696 5596 posterioribus

2029 5607 2502 5678 saeculis,quibus
2521 5623 2853 5678 azymorum
2883 5625 3028 5668 usus
3057 5615 3211 5669 certo
3241 5613 3506 5686 vigebat,
3541 5635 3696 5692 pro-
