3978 6384
171 361 340 430 1269

1155 361 1616 428 MABILLONII
1659 357 2140 438 DISQUISITIO
2184 359 2286 428 DE
2330 362 2630 432 AZYMO.

3438 363 3602 434 1270

165 494 284 555 bat
313 494 648 570 exemplum
674 493 832 554 illius
880 495 1109 554 femina
1164 496 1494 570 Anglicanas
1554 495 1827 569 superius
1854 495 1904 564 Α
1940 495 2098 554 tibus
2129 515 2195 554 ac
2218 499 2413 557 studio
2433 503 2792 573 praeparatus
2812 514 2940 558 esse
2961 498 3229 569 debebat,
3264 499 3401 557 hinc
3428 501 3604 563 facile

169 592 540 651 memorata,
574 604 700 660 qua
730 586 789 642 in
821 585 1100 643 oblatorio
1131 603 1232 642 seu
1258 588 1604 642 ferramento
1636 586 1836 642 chara-

170 682 400 734 cterato
425 692 673 748 coquere
695 676 880 731 voluit
899 675 1124 731 oblatas
1143 676 1604 740 infermentatas,
1635 699 1662 725 «
1690 691 1835 745 quas

169 766 451 823 ablatura
480 765 726 821 Domino
757 765 818 820 in
858 765 1181 820 crastinum
1223 769 1362 819 erat.
1401 788 1427 814 ››
1462 766 1526 819 Et
1577 765 1832 819 Armori-

170 873 338 913 cana
355 854 634 910 mulieres
657 853 1173 910 communicatura
1188 854 1471 908 hactenus
1494 870 1660 908 suam
1685 871 1837 925 qua-

170 960 295 1016 que
310 942 568 999 oblatam
586 959 851 1014 azymam
873 942 1126 996 offerunt
1146 944 1290 995 teste
1312 939 1646 994 Sirmunde.
1670 939 1831 1002 Quod

170 1031 431 1105 singulis
452 1030 661 1086 diebus
685 1030 1005 1086 actitabant
1026 1028 1435 1084 Cluniacenses
1453 1044 1522 1082 ex
1541 1027 1830 1098 Udalrico,

169 1121 284 1177 lib.
319 1139 381 1188 ιι,
414 1137 542 1192 cap.
568 1120 655 1174 30.
693 1118 956 1173 Priscum
1000 1117 1167 1172 illum
1200 1117 1476 1172 efferendi
1519 1133 1737 1172 morem
1775 1117 1831 1172 in

171 1208 545 1266 solemnibus
576 1208 758 1264 sacris
789 1207 961 1262 hodie
992 1222 1226 1278 quoque
1245 1209 1621 1277 repraesentat
1648 1207 1835 1276 major

172 1298 435 1356 Ecclesia
462 1296 938 1362 Mediolanensis,
963 1313 1090 1367 qua
1113 1295 1259 1350 ritus
1284 1294 1606 1366 peculiares
1636 1295 1830 1350 hacte-

171 1405 294 1444 nus
325 1386 536 1443 retinet
568 1403 682 1441 non
716 1386 912 1440 minus
943 1384 1291 1456 antiquitate
1325 1400 1502 1455 quam
1562 1383 1834 1455 religiosa

171 1493 394 1549 pompa
417 1475 702 1548 insignes.
725 1476 787 1530 In
810 1491 876 1529 ea
894 1473 1187 1545 siquidem
1208 1473 1314 1528 viri
1340 1474 1696 1544 totidemque
1716 1490 1834 1550 ma:

167 1570 360 1622 trona
391 1568 672 1638 provecta
703 1563 888 1618 atatis
912 1562 1220 1635 (Veglones
1239 1569 1294 1617 et
1325 1561 1698 1634 Veglonissas
1731 1579 1830 1634 ap-

169 1653 421 1727 pellant)
438 1654 510 1709 ab
541 1652 982 1724 archiepiscopo
1016 1651 1291 1718 instituti,
1327 1651 1597 1706 sacrificii
1649 1656 1829 1706 mate-

170 1744 327 1799 riam
357 1743 562 1798 oﬁ'erre
594 1740 781 1797 solent
813 1741 922 1796 hoc
954 1741 1144 1796 modo.
1196 1740 1520 1796 Oblationis
1573 1745 1832 1813 tempore

167 1832 433 1888 instante
446 1831 772 1904 procedunt
782 1828 1070 1902 Veglones
1083 1830 1198 1884 duo
1211 1829 1341 1884 aliis
1357 1830 1827 1896 succedentibus,
1860 1871 1908 1936 B

169 1920 419 1992 antiquo
451 1936 614 1976 more
645 1917 856 1984 induti,
890 1918 1216 1973 deferentes
1246 1918 1472 1973 hostias
1503 1922 1619 1974 tres
1649 1923 1705 1973 et
1735 1935 1830 1973 va-

171 2009 406 2066 sculum
430 2009 578 2076 vini;
605 2025 731 2080 qua
749 2006 995 2062 chorum
1019 2007 1264 2079 ingressi
1288 2008 1594 2075 sacerdoti,
1617 2011 1830 2080 myste~

170 2098 264 2153 ria
293 2097 632 2165 celebranti,
666 2097 936 2152 offerunt.
962 2097 1122 2151 Idem
1146 2100 1426 2168 prastant
1475 2095 1830 2168 Veglonissa

172 2187 317 2244 item
348 2187 475 2241 dua
509 2203 642 2240 cum
672 2185 849 2242 veteri
884 2189 1288 2241 matronarum
1338 2188 1642 2257 apparatu,
1701 2184 1832 2240 aliis

169 2275 615 2339 comitantibus,
645 2277 807 2329 extra
840 2273 998 2328 chori
1056 2272 1342 2328 cancellos
1403 2272 1828 2340 consistentes;

173 2365 279 2420 ubi
310 2365 580 2420 eamdem
621 2362 976 2418 oblationem
1037 2363 1109 2417 ab
1170 2361 1252 2416 eis
1298 2361 1505 2433 accipit
1561 2363 1833 2417 sacerdos

167 2453 421 2509 missam
452 2451 773 2520 celebrans,
799 2455 901 2507 aut
930 2455 1084 2506 certe
1105 2451 1591 2522 archipresbyter,
1617 2450 1664 2506 si
1689 2468 1831 2522 pon-

167 2543 316 2598 tifex
347 2542 529 2598 sacris
571 2546 865 2613 operetur.
922 2541 991 2596 Hi
1048 2540 1248 2595 decem
1305 2539 1409 2593 viri
1471 2540 1832 2610 totidemque

170 2635 456 2687 matrona
470 2635 652 2685 totam
669 2631 962 2685 civitatem
978 2631 1417 2701 reprasentant,
1432 2633 1489 2684 et
1507 2631 1833 2700 funguntur

169 2720 367 2777 efﬁcio
398 2720 554 2793 quod
587 2719 724 2775 olim
757 2720 860 2774 toti
885 2717 1097 2791 pepule
1121 2718 1514 2785 incumbebat,
1536 2717 1834 2790 utlegitur

168 2809 234 2865 in
263 2807 1082 2873 CaremonialiAmbrosiano,
1103 2808 1257 2878 quod
1291 2807 1630 2862 Fredericus
1651 2806 1833 2862 cardi-

169 2896 328 2953 nalis
351 2898 712 2952 Borromaus
735 2901 790 2950 et
803 2895 1256 2951 Mediolanensis
1273 2895 1743 2967 archiepismpus
1767 2913 1834 2950 ex

169 2985 435 3058 antiquis
465 2987 594 3056 ejus
619 2985 886 3040 Ecclesia
917 2984 1130 3039 ritibus
1161 2985 1432 3039 adornari
1467 2985 1709 3040 curavit.
1743 2986 1835 3038 At-

170 3074 276 3148 qui
302 3074 593 3145 ejusmodi
624 3073 850 3141 hostia,
886 3089 1034 3145 quas
1061 3089 1128 3128 ex
1158 3077 1386 3128 vetusto
1420 3073 1530 3128 ritu
1582 3076 1834 3128 offerunt

170 3163 663 3230 Mediolanenses,
689 3162 958 3218 fermenti
981 3165 1244 3233 expertes
1267 3166 1423 3217 sunt.
1458 3163 1670 3227 Quidni
1695 3178 1831 3233 ergo

1946 589 2278 660 contingere
2309 590 2496 661 potuit
2529 595 2593 645 ut
2621 589 2832 647 divites
2867 591 3095 647 incuria
3127 589 3372 664 parandi
3435 591 3631 662 ejus---

1945 677 2102 731 modi
2133 679 2302 749 panis
2321 695 2436 734 non
2459 679 2740 734 haberent
2763 679 3079 752 aliquando
3104 696 3277 752 quem
3304 679 3598 749 offerrent,

1943 768 2559 838 communicarentque
2583 783 2650 822 ex
2673 784 2820 839 pane
2843 784 3018 838 quem
3043 784 3330 840 pauperes
3351 767 3604 824 obtulis-

1947 859 2094 909 sent.
2129 856 2345 911 Eadem
2381 857 2500 910 hac
2523 856 2824 928 responsio
2852 855 3002 911 valet
3024 857 3095 911 ad
3119 855 3312 912 locum
3345 857 3602 913 auctoris

1947 941 2170 1012 incerti,
2208 961 2273 1000 ex
2306 961 2572 1000 sermone
2603 944 2703 1016 qui
2732 946 2839 999 215
2871 948 3216 1000 numeratur
3238 945 3385 1001 inter
3404 942 3624 1019 Augu-I

1943 1032 2231 1101 stitianos,
2257 1034 2356 1088 ubi
2389 1034 2507 1089 ait:
2545 1057 2570 1083 ‹‹
2607 1033 2946 1090 Oblatienes
2980 1051 3107 1106 qua
3140 1033 3200 1088 in
3234 1033 3440 1090 altario
3464 1051 3603 1090 con-

1942 1127 2310 1176 secrarentur
2342 1123 2560 1178 offerte.
2599 1123 2953 1179 Erubescere
3011 1123 3183 1179 debet
3238 1124 3414 1179 homo
3471 1124 3603 1180 ido-

1942 1225 2108 1278 neus,
2143 1209 2191 1264 si
2224 1211 2294 1266 de
2325 1210 2512 1266 aliena
2541 1211 2832 1267 oblatione
2862 1212 3399 1269 communicaverit.
3425 1235 3455 1264 »

2015 1301 2375 1370 Quapropter
2401 1299 2829 1355 observandum
2865 1305 2953 1356 est
2982 1301 3240 1374 integras
3268 1302 3598 1358 hostiarum

1943 1385 2248 1452 formulas,
2282 1385 2486 1457 quales
2516 1387 2735 1442 scilicet
2761 1388 2822 1442 in
2854 1389 3003 1443 ferro
3035 1389 3432 1445 characterato
3492 1408 3596 1463 pro

1944 1474 2205 1545 quinque
2235 1491 2403 1529 sexve
2437 1474 2644 1530 hostiis
2678 1475 3187 1547 imprimebantur,
3223 1495 3336 1533 non
3378 1496 3506 1534 raro
3564 1498 3598 1535 a

1943 1562 2194 1634 singulis
2228 1563 2489 1619 fidelium
2514 1563 2738 1619 oblatas
2768 1564 2988 1634 fuisse;
3021 1583 3147 1637 qua
3181 1583 3295 1621 non
3354 1567 3597 1639 singula

1943 1669 2045 1724 pro
2079 1652 2328 1724 singulis
2359 1653 3007 1722 eommunicandorum,
3043 1655 3143 1709 sed
3192 1671 3295 1726 pro
3354 1673 3598 1712 numero

1942 1757 2143 1796 eorum
2176 1742 2412 1814 integra
2436 1742 2610 1798 etiam
2634 1759 3058 1814 nonnunquam
3086 1745 3598 1801 consecrabantur.

1944 1830 2003 1885 Id
2036 1829 2303 1902 colligere
2336 1830 2481 1886 mihi
2512 1830 2712 1886 videor
2740 1835 2868 1886 tum
2913 1848 2980 1887 ex
3000 1862 3014 1884 ι
3040 1832 3257 1888 Ordine
3314 1834 3596 1902 Romano,

1943 1923 2069 1974 tum
2100 1936 2166 1973 ex
2198 1919 2515 1974 Humberto
2535 1919 2839 1988 cardinali,
2869 1924 2994 1975 tum
3019 1936 3086 1976 ex
3114 1937 3274 1977 more
3299 1923 3512 1979 usitato
3537 1923 3598 1979 in

1942 2009 2374 2064 consecratione
2407 2009 2842 2080 episcoporum,
2878 2011 3247 2066 sacerdotum
3297 2029 3363 2066 ac
3423 2012 3596 2085 virgi-

1944 2114 2105 2152 num.
2143 2099 2204 2151 In
2236 2098 2449 2153 Ordine
2481 2098 2698 2170 quippe
2730 2102 2988 2154 Romano
3022 2099 3357 2171 praecipitur
3395 2105 3458 2156 ut
3504 2101 3596 2156 ari

1942 2185 2324 2241 chidiaconus
2355 2186 2646 2258 accipiens
2678 2185 2924 2253 oblatas,
2955 2192 3101 2259 quas
3132 2187 3353 2243 scilicet
3394 2189 3594 2245 fideles

1942 2273 2297 2343 obtulerant,
2322 2297 2348 2323 ‹‹
2375 2280 2568 2331 tantas
2591 2293 2767 2347 super
2789 2275 2968 2332 altare
3001 2282 3178 2348 ponat
3211 2282 3439 2348 quanta
3462 2296 3595 2352 pos-

1943 2369 2083 2418 sunt
2117 2363 2330 2436 populo
2363 2365 2650 2419 sufficere.
2691 2387 2716 2413 ››
2748 2366 2898 2420 Tum
2935 2366 3085 2420 facta
3142 2367 3596 2435 consecratione,

1943 2453 2042 2508 ubi
2078 2457 2311 2524 tempus
2343 2451 2777 2508 communionis
2809 2453 3010 2519 instat,
3045 2476 3072 2503 «
3109 2453 3359 2526 acelythi
3391 2460 3601 2528 parant

1943 2541 2111 2597 sinus
2125 2541 2493 2596 saeculorum
2521 2541 2929 2597 archidiacono
2949 2542 3020 2597 ad
3043 2543 3345 2613 ponendas
3363 2543 3601 2600 oblatio-

1943 2647 2048 2686 nes
2078 2654 2103 2680 »
2129 2648 2275 2703 quas
2298 2631 2506 2685 deinde
2538 2654 2563 2679 ‹‹
2587 2630 2879 2702 frangant,
2909 2653 2936 2677 η
2957 2635 3021 2686 ut
3042 2648 3150 2686 sua
3178 2632 3387 2704 cuique
3407 2633 3598 2704 portio

1942 2737 2010 2775 ex
2026 2720 2269 2792 integris
2295 2719 2620 2776 hostiarum
2639 2719 2907 2775 formulis
2921 2719 3227 2776 habeatur.
3257 2722 3388 2776 Ideo
3402 2726 3597 2776 autem

1943 2810 2002 2864 in
2035 2809 2286 2864 sacculis
2309 2809 2766 2880 franguntur,ne
2798 2809 2961 2863 mica
2994 2825 3095 2864 seu
3129 2809 3424 2880 particula
3447 2810 3598 2865 inter

1944 2899 2331 2970 frangendum
2353 2897 2410 2951 in
2429 2901 2641 2952 terram
2659 2897 2828 2952 autin
2845 2897 3038 2952 locum
3075 2898 3273 2953 minus
3297 2899 3597 2954 decentem

1943 2987 2292 3042 deciderent.
2319 2986 2579 3058 ldipsum
2608 2991 2804 3058 aperte
2837 2986 3091 3042 declarat
3120 2988 3479 3042 Humbertus
3538 2989 3598 3044 in

1945 3076 2342 3148 Responsione
2365 3076 2434 3131 ad
2462 3073 2804 3130 Michaelem
2831 3093 2843 3129 :
2883 3098 2903 3123 ι
2939 3076 3191 3144 Tenues,
3217 3076 3601 3148 inquit,obla-

1943 3169 2037 3221 tas
2068 3183 2136 3222 ex
2162 3164 2376 3230 simila,
2397 3165 2660 3237 integras
2682 3169 2737 3219 et
2764 3181 2960 3236 sanas,
2979 3165 3162 3221 sacris
3188 3165 3472 3221 altaribus
3494 3183 3600 3222 nos

166 3257 294 3310 tam
347 3252 515 3309 facile
541 3255 995 3325 promptumque
1033 3251 1146 3306 fuit
1203 3251 1461 3322 antiquis
1491 3250 1840 3306 Christianis
1871 3241 1912 3307 C
1953 3271 2185 3326 quoque
2211 3254 2683 3324 superponimus,
2708 3257 2764 3308 et
2787 3253 2929 3325 ipsis
2950 3258 3082 3325 post
3101 3254 3596 3311 consecrationem

167 3344 377 3401 oﬁ‘erre
399 3359 581 3416 panes
607 3359 860 3415 azymos,
876 3357 1023 3414 quos
1045 3340 1132 3396 vel
1161 3341 1268 3412 ipsi
1299 3349 1620 3412 parassenl,
1641 3340 1728 3395 vel
1753 3341 1824 3394 ab

167 3433 302 3489 aliis
335 3437 570 3504 paratos
601 3430 1008 3502 accepissent?
1039 3431 1206 3485 Certe
1236 3430 1405 3501 longe
1449 3433 1582 3484 ante
1631 3429 1824 3483 conci-

167 3522 322 3578 lium
353 3539 448 3577 xv1
483 3520 831 3577 Toletanum
856 3518 1027 3592 panis
1049 3518 1320 3573 sacrificii
1344 3541 1369 3567 ‹‹
1394 3517 1586 3573 studio
1610 3534 1827 3589 prapa-

167 3615 336 3668 ratus
371 3633 398 3661 ››
429 3626 559 3666 esse
589 3609 857 3677 debebat,
892 3609 948 3664 id
982 3612 1070 3663 est
1091 3607 1203 3679 piis
1238 3606 1591 3678 quibusdam
1615 3604 1826 3660 ritibus

168 3706 228 3758 et
258 3699 641 3756 caremeniis.
674 3697 886 3762 Quidni
917 3713 1052 3769 ergo
1075 3712 1314 3769 azymus
1341 3695 1548 3752 confici
1579 3700 1820 3767 poterat,

167 3792 218 3848 si
250 3790 311 3847 id
343 3791 518 3845 modo
548 3788 826 3861 poscebat
853 3803 982 3842 mos
1011 3789 1068 3842 et
1116 3786 1476 3842 consuetudo
1532 3783 1821 3852 Ecclesia,

168 3897 308 3937 cum
335 3879 641 3935 videamus
674 3878 731 3932 id
764 3879 965 3932 nostra
994 3879 1160 3931 atate
1191 3878 1342 3931 recte
1374 3873 1496 3930 fieri
1530 3874 1601 3928 ab
1632 3873 1826 3945 operis

169 3955 360 4044 pretio
392 3966 700 4024 conductis
720 3966 749 4020 ‘I

242 4058 359 4113 Nec
389 4057 582 4113 obstat
613 4055 767 4126 quod
797 4055 1118 4128 Cyprianus
1149 4053 1207 4107 in
1238 4051 1386 4107 libro
1417 4053 1497 4108 De
1541 4067 1712 4124 opere
1771 4056 1828 4106 et

166 4146 560 4218 eleemosynis
600 4144 839 4200 divitem
898 4143 1199 4213 feminam,
1259 4159 1387 4213 qua
1448 4141 1821 4208 sacrificium,

165 4237 226 4292 id
258 4239 349 4291 est
379 4234 635 4290 hostiam
668 4250 784 4289 non
817 4233 1129 4298 obtulerat,
1162 4231 1415 4304 graviter
1444 4231 1705 4302 increpat
1733 4231 1825 4286 his

165 4324 397 4380 verbis:
431 4345 460 4373 «
497 4321 775 4395 Locuples
798 4325 855 4378 et
884 4321 1044 4376 dives
1067 4337 1150 4388 es,
1184 4325 1241 4374 et
1271 4320 1640 4375 Dominicum
1683 4319 1829 4375 celeo

167 4414 341 4469 brare
370 4416 426 4468 te
455 4410 667 4480 credis,
703 4428 829 4484 qua
861 4410 922 4466 in
953 4409 1324 4466 Dominicum
1355 4409 1482 4464 sine
1539 4409 1825 4465 sacrificio

166 4501 503 4572 venis;qua
517 4504 744 4572 partem
775 4500 848 4555 de
883 4498 1170 4554 sacriﬁcio
1193 4498 1346 4569 quod
1368 4515 1591 4570 pauper
1615 4498 1826 4552 obtulit

169 4589 409 4648 sumis?
446 4613 467 4640 ι»
502 4589 642 4656 Hoc,
676 4589 943 4661 inquam,
975 4585 1130 4677 nihil
1152 4588 1384 4677 obstat;
1417 4592 1519 4677 aut
1542 4587 1696 4642 enim
1755 4587 1825 4642 de
1854 4613 1900 4677 Β

169 4679 469 4737 oblatione
500 4695 629 4750 qua
661 4677 835 4733 {iebat
865 4677 936 4732 ad
971 4675 1300 4732 convivium
1331 4675 1669 4730 institutum
1694 4680 1826 4748 post

170 4767 553 4826 Eucharistia
567 4765 996 4839 perceptionem
1015 4764 1396 4837 intelligendu
1408 4781 1464 4819 m
1486 4768 1575 4820 est
1585 4769 1825 4837 (agapas

171 4856 518 4932 appellant),
549 4860 652 4912 aut
681 4856 730 4912 si
763 4856 833 4912 de
862 4871 1012 4926 pane
1053 4854 1463 4923 eucharistice,
1521 4854 1580 4908 id
1638 4855 1827 4926 magis

173 4964 278 5020 pro
312 4961 462 5019 pane
492 4945 754 5000 studiose
783 4945 1042 5000 confecto
1073 4959 1176 5000 seu
1208 4959 1408 5014 azymo
1431 4944 1600 5013 juvat
1647 4959 1824 5014 quam

172 5053 279 5109 pro
307 5034 609 5092 communi
640 5051 707 5089 ac
738 5031 1104 5089 fermentata.
1137 5033 1284 5087 Nam
1306 5033 1353 5087 si
1376 5031 1546 5103 panis
1564 5049 1826 5087 commu-

175 5125 269 5180 nis
301 5129 357 5181 et
385 5123 640 5180 usitatus
663 5123 723 5178 in
746 5139 869 5178 rem
893 5139 1120 5178 sacram
1155 5121 1456 5177 adhibitus
1488 5121 1713 5187 fuisset,
1737 5122 1829 5176 vix

174 5213 403 5286 concipi
435 5215 631 5285 potest
659 5211 1117 5267 commissurum
1151 5210 1332 5265 fuisse
1376 5227 1733 5281 quemquam
1765 5217 1830 5265 ut

175 5305 250 5360 ad
279 5317 548 5360 mensam
577 5301 811 5356 Domini
841 5301 890 5357 si
945 5316 1016 5355 ne
1047 5299 1340 5355 oblatione
1373 5316 1480 5354 sua
1509 5298 1824 5354 accederet.

176 5392 368 5450 Facile
399 5390 618 5464 quippe
647 5393 704 5444 et
733 5389 968 5444 obvium
1007 5391 1150 5453 erat,
1186 5390 1286 5442 aut
1324 5402 1533 5459 panem
1565 5403 1828 5443 commu-

177 5498 310 5539 nem
339 5483 662 5551 integrum,
682 5479 782 5548 qui
805 5493 1107 5548 nunquam
1130 5477 1189 5530 in
1212 5477 1435 5532 adibus
1463 5475 1706 5530 divitum
1731 5476 1827 5531 dc-

176 5576 286 5642 est,
319 5588 395 5628 au
428 5571 582 5625 certe
614 5567 896 5621 frustrum
920 5583 988 5622 ex
1009 5582 1073 5620 eo
1097 5565 1356 5637 accipere
1374 5564 1432 5618 in
1451 5563 1826 5634 oblationem,

171 5666 249 5720 At
268 5660 411 5734 quia
432 5655 606 5730 panis
623 5654 1048 5712 cucbaristicus
1070 5653 1361 5726 religiosis
1384 5655 1737 5725 quibusdam
1761 5656 1828 5710 ri-

1936 3343 2134 3398 fractis
2167 3359 2300 3396 cum
2333 3341 2547 3414 populo
2580 3342 3104 3396 communicamur.
3145 3366 3166 3393 »
3218 3342 3477 3412 Denique
3533 3343 3593 3398 in

1933 3430 2367 3487 consecratione
2399 3431 2830 3502 episcoporum,
2864 3431 3260 3498 sacerdotum,
3307 3446 3373 3484 ac
3411 3429 3593 3502 virgi-

1934 3537 2099 3585 num,
2135 3537 2252 3574 una
2275 3518 2476 3574 oblata
2509 3517 2764 3573 formula
2794 3523 3131 3572 consecrate
3155 3517 3213 3572 in
3247 3517 3444 3590 plures
3466 3518 3592 3575 dies

1935 3610 2319 3682 praebebatur,
2353 3623 2562 3679 nempe
2593 3607 2863 3678 episcopo
2895 3610 2952 3662 et
2999 3607 3286 3662 sacerdoti
3347 3607 3405 3661 in
3468 3607 3591 3664 dies

1935 3697 2345 3771 quadraginta,
2379 3702 2444 3750 ut
2473 3697 2543 3751 de
2575 3696 2867 3767 episcopis
2898 3699 3125 3751 constat
3152 3711 3220 3750 ex
3242 3696 3457 3752 Ordine
3482 3697 3592 3752 Re-

1939 3805 2131 3854 mane,
2167 3792 2223 3842 et
2246 3787 2314 3841 de
2337 3785 2690 3858 presbyteris
2708 3801 2777 3840 ex
2799 3784 3047 3856 epistola
3064 3786 3322 3841 secunda
3343 3786 3595 3842 Fulberti

1934 3875 2314 3933 Carnutensis
2345 3874 2600 3947 episcopi
2634 3874 2704 3929 ad
2724 3874 3066 3940 Einardum,
3095 3879 3196 3930 aut
3217 3878 3370 3930 certe
3399 3891 3593 3930 sacer-

1936 3966 2055 4022 doti
2088 3967 2144 4020 in
2169 3966 2295 4020 dies
2317 3969 2472 4033 octo,
2492 3979 2560 4019 ex
2581 3963 2797 4018 Ordine
2829 3967 3114 4032 Romano,
3149 3963 3470 4034 itidemque
3486 3963 3597 4018 vir-

1935 4056 2056 4130 gini
2088 4071 2290 4110 recens
2322 4057 2691 4118 censecrata,
2721 4057 2788 4108 ut
2816 4053 2875 4108 in
2908 4069 3019 4108 ms.
3052 4051 3598 4109 Pentificalibiblio-

1934 4147 2116 4200 theca
2141 4147 2350 4199 nostra
2370 4143 2726 4216 Remigiana
2751 4143 2904 4215 apud
2921 4143 3134 4199 Remos
3159 4141 3372 4215 legitur
3393 4141 3453 4196 in
3477 4141 3597 4196 hac

1932 4235 2143 4290 verba:
2173 4232 2516 4305 «Virginem
2542 4233 2814 4305 episcopo
2839 4236 3108 4304 parentes
3140 4248 3271 4286 cum
3305 4230 3599 4286 oblatione

1934 4323 2200 4390 offerant,
2235 4325 2292 4376 et
2322 4319 2418 4376 ille
2448 4320 2772 4376 involutam
2804 4337 3047 4376 manum
3081 4321 3209 4392 ejus
3240 4320 3298 4374 in
3327 4318 3486 4391 palla
3514 4317 3596 4373 al-

1932 4412 2078 4467 taris
2098 4410 2452 4482 recipiat.....
2473 4409 2788 4481 Postquam
2805 4407 3386 4471 communicaverint,
3410 4423 3597 4462 rescr-

1931 4509 2060 4557 venl
2089 4502 2160 4555 de
2190 4500 2321 4571 ipsa
2351 4499 2771 4553 communione
2802 4497 2863 4551 in
2891 4498 3045 4553 diem
3069 4500 3359 4565 octavum,
3378 4498 3436 4550 et
3455 4500 3597 4550 tunc

1934 4589 2392 4646 communicent.
2431 4609 2458 4637 »
2492 4587 2832 4659 Legendum
2864 4586 3059 4641 forsan
3090 4609 3115 4632 ‹‹
3150 4584 3208 4638 in
3241 4583 3366 4638 dies
3397 4587 3544 4638 octo.
3567 4605 3593 4632 »

1934 4681 2079 4735 Nam
2115 4677 2439 4750 presbyteri
2475 4675 2737 4748 quotidie
2779 4673 3128 4730 decidebant
3179 4689 3247 4726 ex
3304 4675 3598 4726 reservata

1937 4767 2228 4824 oblatione
2261 4765 2609 4838 particulam
2643 4781 2711 4820 ex
2743 4779 2860 4835 qua
2890 4761 3428 4829 communicabant,
3450 4763 3597 4816 teste

1937 4856 2204 4913 Fulberto
2225 4854 2284 4908 in
2309 4852 2693 4926 epistolajam
2719 4855 3203 4923 memorata,qua
3224 4849 3282 4904 in
3305 4866 3416 4905 ms.
3442 4851 3599 4906 codi-

1885 4959 1894 4990 ξ
1938 4947 2106 5002 cibus
2135 4943 2408 5009 Einardo,
2437 4941 2713 4997 mendose
2743 4941 2804 4995 in
2848 4939 3021 4996 editis
3075 4939 3324 4995 Finardo
3384 4938 3597 4995 inscri-

1941 5035 2112 5089 bitur.

2010 5121 2156 5189 Quid
2190 5136 2346 5192 ergo,
2380 5119 2601 5191 inquis,
2637 5119 2810 5174 fiebat
2842 5117 3075 5174 ex‘aliis
3099 5116 3312 5174 oblatis
3336 5133 3463 5189 qua
3483 5135 3598 5173 non

1939 5209 2452 5276 consecrabantur,
2487 5207 3064 5280 siquidestingulas
3098 5206 3380 5263 formulas
3403 5206 3600 5260 offere-

1939 5302 2100 5368 bant,
2133 5315 2385 5370 quarum
2420 5314 2537 5352 una
2566 5297 2834 5368 pluribus
2857 5295 3236 5354 sufficiebat?
3270 5295 3602 5364 Respondet

1940 5397 2141 5444 auctor
2173 5387 2307 5443 libri
2338 5387 2408 5442 de
2438 5386 2653 5442 Ordine
2679 5387 2941 5442 Remane
2976 5410 3002 5436 «
3039 5388 3383 5458 apportante
3405 5380 3595 5435 archi-

1941 5479 2185 5533 diaceno
2213 5475 2438 5530 oblatas
2468 5476 2527 5532 in
2552 5481 2764 5548 patens
2794 5495 2826 5532 a
2858 5475 3018 5531 nullo
3060 5470 3412 5536 immolatae,
3445 5469 3594 5524 acci-

1942 5569 2063 5641 piat
2094 5584 2160 5621 ex
2185 5564 2299 5620 illis
2333 5569 2618 5636 quantum
2648 5565 2760 5620 sibi
2792 5567 3061 5621 sufﬁcere
3089 5561 3340 5626 videtur,
3370 5559 3427 5612 et
3447 5557 3594 5614 alias

1943 5655 2355 5713 archidiacono
2381 5655 2667 5722 restituat,
2689 5672 2836 5726 quas
2856 5654 2952 5708 ille
2981 5648 3209 5707 custodi
3238 5645 3496 5705 ecclesia
3519 5650 3591 5706 ad
