4630 6380
682 391 836 483 1971

1712 409 2104 482 APPENDIX
2146 409 2249 473 AD
2293 373 2556 474 opaea
2598 385 3034 474 avusaa'rl.

3909 393 4079 464 1272

678 528 1110 628 δῖδεειννειῐιάυω
1140 549 1471 613 committit.
1500 555 1701 610 Postea
1729 567 1861 607 vero
1891 547 2023 605 usui
2053 550 2237 612 erant,
2269 542 2322 599 si
2352 541 2410 610 Α
2438 543 2506 613 3ο

2269 542 2322 599 si
2352 541 2410 610 Α
2438 543 2526 613 3ο,
2557 542 2658 598 ubi
2687 546 2850 599 notat
2880 542 3197 612 Ebionnos,
3227 538 3384 614 quod
3409 547 3467 600 δι’
3493 545 3712 614 ἀζύμων,
3741 537 3804 596 id
3841 542 3936 597 est
3959 553 4082 612 pa-

677 631 921 719 Iquando
935 645 1166 702 nemine
1181 647 1450 702 offerente
1462 642 1643 698 missa
1654 637 1996 696 celebranda
2007 638 2151 701 erat,
2166 631 2321 704 quod

682 735 936 792 maxime
968 736 1142 790 ﬁebat
1166 734 1366 789 diebus
1389 731 1646 803 privatis,
1671 732 1772 782 aut
1796 727 1854 780 in
1875 723 2134 795 eulogias
2157 722 2327 776 bene-

689 823 1058 890 dicebantur;
1083 822 1235 893 quod
1255 819 1512 891 quotidie
1528 817 1681 887 apud
1707 813 2025 870 monachos
2049 809 2326 866 actitaba-

683 927 804 984 tur.
831 916 990 967 Certe
1006 928 1116 964 non
1139 908 1387 979 singulis
1403 907 1628 971 diebus,
1647 905 1746 959 sed
1771 900 2084 958 Dominicis
2101 902 2329 954 tantum

693 1003 1016 1061 oblationes
1037 1018 1069 1054 a
1093 999 1228 1053 viris
1251 1003 1305 1051 et
1325 994 1670 1050 mulieribus
1694 991 1988 1046 faciendas
2011 988 2186 1059 exigit
2203 1004 2334 1042 con-

695 1092 892 1149 cilium
925 1089 1344 1144 Matisconense
1367 1101 1492 1154 cap.
1519 1083 1570 1147 4,
1597 1080 1749 1152 quod
1771 1095 1923 1134 anno
1953 1079 2060 1133 585
2079 1075 2330 1132 celebra-

696 1185 821 1236 tum
849 1182 956 1232 est.
989 1176 1248 1246 Denique
1304 1189 1419 1227 non
1475 1170 1792 1225 otferebant
1846 1183 2070 1232 omnes,
2125 1165 2332 1220 saltem

695 1263 988 1320 Hincmari
1021 1267 1299 1332 tempore,
1337 1259 1436 1313 sed
1494 1261 1725 1310 tantum
1764 1251 1994 1308 familia:
2047 1253 2332 1322 cujusque

697 1353 907 1426 capita,
941 1368 1006 1406 ex
1036 1350 1344 1405 Ilincmaro
1377 1347 1545 1400 infra.

767 1472 1034 1539 Oppones
1068 1463 1366 1518 ministros
1397 1459 1682 1523 Ecclesiae,
1713 1457 1938 1524 viduas,
1969 1470 2253 1527 pauperes
2279 1457 2335 1509 et

699 1573 933 1630 egenos,
965 1570 1114 1624 quos
1155 1549 1581 1607 matricularios
1614 1547 1914 1611 vocabant,
1975 1561 2042 1600 ex
2095 1544 2332 1615 reliquis

700 1645 1064 1702 oblationum
1088 1641 1277 1707 alitos,
1311 1656 1374 1694 ac
1399 1638 1634 1710 proinde
1656 1635 1940 1689 usitatum
1965 1650 2029 1688 ac
2052 1633 2332 1688 fermento

699 1737 1088 1806 temperatum
1122 1745 1329 1801 panem
1355 1727 1610 1782 oblatum
1647 1723 1840 1778 fuisse.

2432 631 2606 688 nibus
2635 631 2852 702 azymis
2881 632 3158 705 mysteria
3185 631 3559 688 celebrarent.

2505 721 2634 776 Haec
2663 721 2910 791 objectio
2942 721 3131 793 prima
3171 721 3356 776 fronte
3385 719 3530 776 mihi
3557 717 3874 791 aliquando
3923 715 4088 774 vali;

2437 809 2814 864 dissimavisa
2833 813 2950 876 est;
2971 813 3061 865 ast
3075 809 3366 882 integrum
3377 807 3572 865 locum
3599 806 3814 881 legenti
3830 823 3950 864 non
3971 807 4082 862 ita.

2437 897 2744 970 Epiphanii
2773 897 2892 952 haec
2921 899 3096 954 verba
3123 905 3280 954 sunt.
3337 907 3590 970 Μυστήρια
3615 905 3667 955 δὲ
3695 905 3842 964 δῆθεν
3869 903 4092 967 τέλομσι

2437 988 2562 1034 κατὰ
2614 985 2818 1048 μίμησιν
2857 988 2956 1033 τῶν
3001 985 3148 1048 ἁγίων
3194 985 3246 1034 ἐν
3294 987 3358 1045 τῆ
3402 985 3664 1049 Ἐκκλησίᾳ
3706 984 3806 1034 ἀπὸ
3853 983 4089 1034 humi}

2439 1075 2502 1134 εἰς
2547 1074 2764 1123 ἐνιαυτὸν
2811 1075 2868 1122 δι’
2915 1072 3130 1137 ἀζύμων,
3173 1076 3257 1124 καὶ
3297 1076 3354 1124 τὸ
3393 1073 3520 1123 ἀλλὸ
3566 1074 3710 1138 μέρος
3750 1076 3840 1123 τοῦ
3893 1087 4092 1136 μυστη-

2442 1172 2542 1236 ρίου
2573 1171 2628 1218 δι’
2657 1171 2825 1227 ὕδατος
2856 1171 3023 1234 μόνου,
3057 1163 3114 1218 id
3143 1167 3250 1230 est,
3283 1185 3312 1214 «
3339 1163 3616 1236 mysteria
3667 1178 3802 1220 vero
3857 1161 4098 1219 scilicet

2440 1252 2750 1322 perﬁciunt
2777 1267 2845 1306 ex
2887 1251 3211 1307 imitatione
3267 1254 3602 1307 sanctorum
3661 1251 3760 1323 qui
3817 1254 3964 1308 sunt
4025 1250 4092 1304 in

2441 1338 2694 1396 Ecclesia
2715 1343 2856 1410 quot
2875 1338 3044 1394 annis
3070 1338 3129 1394 in
3155 1339 3404 1412 azymis;
3437 1339 3679 1396 alteram
3709 1343 3910 1395 autem
3955 1355 4096 1412 my-

2443 1427 2602 1483 sterii
2631 1431 2855 1498 partem
2887 1427 2944 1483 in
2977 1445 3130 1500 aqua
3158 1427 3300 1484 sola.
3327 1451 3348 1478 ι
3383 1429 3466 1484 Ex
3481 1427 3602 1484 illis
3628 1427 3823 1485 verbis
3852 1443 3971 1486 non
3997 1426 4099 1482 in-

2434 1515 2594 1587 juria
2622 1511 2754 1587 quis
2785 1515 2894 1572 hoc
2921 1517 3094 1572 modo
3125 1517 3518 1589 argumentari
3547 1515 3793 1589 poterit:
3829 1515 4101 1589 Epipha-

2443 1604 2577 1659 nius
2589 1604 2832 1676 probare
2843 1605 3378 1661 videturEbionasos
3398 1605 3457 1660 in
3469 1621 3536 1662 eo
3559 1606 3714 1678 quod
3731 1605 4106 1662 sacriﬁcium

2444 1692 2760 1748 offerebant
2804 1693 3120 1764 quotannis
3150 1693 3209 1748 in
3248 1693 3467 1763 azymis
3522 1709 3593 1750 ex
3623 1693 3957 1750 imitatione
3982 1694 4102 1748 Eo-

2444 1779 2630 1836 clesiie
2657 1779 2863 1836 saltem
2885 1781 3098 1836 Latinae
3123 1799 3136 1849 ;
3163 1797 3262 1837 eos
3288 1797 3423 1838 vero
3443 1781 3554 1838 hoc
3581 1785 3813 1838 tantum
3845 1771 4111 1839 nomine

772 1858 856 1913 Ad
886 1857 993 1910 hoc
1026 1869 1238 1942 repono
1270 1849 1560 1922 duplicem
1599 1846 1924 1942 antiquitus
1973 1845 2030 1900 in
2082 1842 2338 1942 Ecclesia
2368 1881 2414 1942 n-
2446 1869 2639 1941 arguit
2666 1869 2778 1925 ista
2826 1868 2950 1925 loco
3008 1842 3162 1940 quo'd
3213 1886 3318 1942 pro
3365 1868 3546 1926 altera
3595 1869 3864 1926 sacriﬁcii
3921 1863 4114 1942 parte

772 1904 856 1913 ⁶”“⁴’
888 1904 990 1910 ’”“’“’
1029 1904 1228 1925 "L"“'
1280 1904 1300 1905 "
1352 1904 1371 1922 Ι.
1742 1904 1762 1918 ι

703 1948 910 2004 factam
945 1941 1316 2005 oblationem,
1351 1953 1525 1992 unam
1559 1940 1690 1990 ante
1732 1935 1994 1997 missam,
2054 1937 2154 1987 aut
2207 1935 2339 1988 ante
2367 1904 2415 1969 B

700 2032 1094 2105 Evangelium,
1129 2029 1364 2084 alteram
1398 2029 1527 2098 post
1570 2023 1783 2080 lectum
1815 2020 2206 2094 Evangelium,
2268 2020 2340 2075 ad

704 2123 1082 2187 oll‘ertorium,
1117 2123 1180 2173 ut
1200 2133 1494 2173 vocamus.
1524 2116 1582 2168 In
1611 2112 1800 2184 prima
1819 2108 2342 2166 otl‘ercbantfideles

703 2229 936 2288 panem,
967 2210 1188 2275 vinum,
1223 2222 1435 2271 ceram,
1459 2208 1514 2257 et
1537 2201 1688 2256 aliud
1717 2200 2108 2272 quodcunque
2131 2197 2188 2252 in
2212 2213 2344 2269 sup-

705 2303 1068 2376 plementum
1099 2295 1490 2358 sacerdotum,
1521 2291 1850 2356 viduarum,
1911 2303 2232 2360 pauperum
2289 2289 2346 2341 et

707 2404 1043 2464 egenorum,
1077 2386 1134 2440 in
1169 2383 1349 2439 altera
1380 2397 1586 2453 panem
1620 2383 1675 2432 et
1703 2377 1901 2432 vinum
1933 2377 2003 2431 ad
2045 2391 2342 2430 consecra-

707 2480 948 2535 tionem.
982 2475 1147 2529 Hunc
1178 2471 1369 2526 locum
1411 2467 1635 2540 egregie
1691 2465 1945 2520 illustrat
1999 2464 2346 2520 Hincmarus

710 2564 1015 2624 Remensis
1048 2563 1104 2616 in
1137 2558 1470 2632 capitularis
1503 2555 1670 2628 primi
1714 2553 1954 2610 articulo
1984 2569 2112 2609 XVI:
2178 2575 2205 2602 «
2239 2553 2346 2618 Qui

715 2654 1015 2713 candelam
1050 2652 1251 2706 oti‘erre
1281 2645 1546 2711 voluerit,
1579 2645 1695 2699 sive
1726 2641 2074 2714 specialiter,
2103 2641 2220 2697 sive
2249 2657 2344 2714 ge-

715 2741 1007 2806 neraliter,
1043 2742 1144 2793 aut
1166 2740 1296 2793 ante
1314 2734 1581 2802 missam,
1603 2736 1703 2787 aut
1732 2731 1880 2786 inter
1901 2729 2161 2798 missam,
2186 2733 2344 2784 ante-

711 2848 884 2906 quam
916 2827 1290 2899 Evangelium
1324 2823 1574 2894 legatur,
1609 2821 1679 2874 ad
1729 2818 1908 2875 altare
1965 2818 2202 2906 deferat.
2259 2817 2345 2872 Ad

711 2905 1061 2976 oblationem
1096 2917 1288 2969 autem
1319 2927 1494 2965 unam
1528 2907 1934 2964 tantummodo
1991 2905 2244 2960 oblatam
2287 2909 2346 2962 et

711 3005 1065 3064 otl‘ertorium
1099 3018 1200 3074 pro
1234 3016 1292 3054 se
1320 2999 1559 3068 suisque
1599 2997 1872 3052 omnibus
1913 2993 2241 3064 conjunctis
2289 2996 2348 3049 et

713 3093 1101 3153 familiaribus
1132 3091 1350 3146 offerat.
1385 3089 1442 3142 Si
1474 3087 1604 3159 plus
1643 3086 1712 3140 de
1767 3085 1900 3139 vino
1959 3081 2225 3148 voluerit,
2284 3081 2344 3136 in

713 3182 974 3240 buticula
1003 3181 1088 3236 vel
1121 3195 1326 3248 canna,
1359 3179 1458 3232 aut
1489 3174 1681 3247 plures
1737 3170 1994 3238 oblatas;
2055 3173 2157 3225 aut
2213 3172 2346 3226 ante

2449 1973 2662 2028 aquam
2693 1955 2879 2013 solam
2909 1957 3270 2014 adhiberent.
3304 1959 3450 2030 Ergo
3468 1974 3535 2014 eo
3550 1960 3812 2030 tempore
3831 1957 4114 2014 Ecclesia

2449 2061 2518 2100 ex
2547 2061 2696 2118 pane
2721 2061 2922 2117 azymo
2943 2045 3296 2102 sacriﬁcium
3351 2045 3713 2102 conﬁciebat.
3769 2045 3941 2102 Certe
4007 2045 4114 2102 in-

2449 2133 2782 2206 terpretatio
2816 2133 2936 2190 haec
2963 2134 3272 2206 Epiphanii
3299 2133 3490 2190 verbis
3511 2133 3734 2192 nullam
3756 2135 3925 2190 affert
3949 2135 4111 2200 vim,

2451 2221 2713 2293 quinimo
2760 2221 2948 2294 ipsius
3004 2222 3185 2278 menti
3229 2226 3616 2278 consentanea
3657 2238 3788 2278 esse
3831 2222 4112 2293 videtur,

2451 2326 2588 2366 cum
2619 2325 2820 2366 eorum
2851 2326 3070 2366 morem
3091 2309 3289 2366 laudet
3303 2311 3378 2366 ob
3392 2308 3656 2366 Ecclesiae
3673 2309 4112 2380 imitationem,

2453 2414 2628 2470 quam
2659 2399 2719 2454 in
2746 2398 3052 2456 oﬂ‘erendis
3082 2398 3300 2471 azymis
3337 2397 3512 2454 sitam
3542 2413 3672 2455 esse
3707 2414 3824 2454 non
3881 2398 4114 2456 imme-

2451 2487 2561 2545 rito
2593 2487 2726 2559 quis
2757 2487 3085 2544 contendat.
3116 2486 3357 2544 Accedit
3384 2487 3538 2558 quod
3571 2485 3939 2559 Epiphanius
4003 2487 4115 2560 qui

2452 2593 2676 2633 errores
2706 2577 2822 2632 fere
2852 2592 3057 2633 omnes
3089 2592 3238 2648 quos
3267 2577 3528 2632 recenset
3546 2575 3895 2648 impugnare
3915 2575 4110 2646 solet;

2451 2665 2774 2722 Encratitas
2805 2665 3042 2737 quidem
3073 2665 3173 2737 qui
3203 2680 3356 2736 aqua
3377 2662 3502 2720 sola
3529 2664 3590 2720 in
3629 2679 3690 2720 re
3737 2679 3907 2722 sacra
3971 2670 4111 2722 ute-

2452 2753 2685 2824 bantur,
2717 2753 2966 2822 refutat;
2999 2770 3293 2825 nusquam
3331 2769 3461 2810 vero
3517 2767 3858 2824 azymorum
3916 2769 4110 2810 usum

2451 2841 2838 2914 reprehendit.
2869 2846 2938 2897 Et
2965 2858 3104 2897 sane
3135 2842 3269 2914 quis
3297 2843 3462 2912 putet
3496 2839 3885 2913 Epiphaniam
3935 2855 4111 2898 erro-

2451 2930 2532 2986 ris
2561 2931 2870 2987 damnasse
2896 2931 3195 2986 Ebionaaos
3217 2930 3290 2986 ob
3311 2945 3484 2986 usum
3505 2943 3844 3002 azymorum
3873 2921 3936 2984 in
3971 2945 4110 3004 my-

2452 3018 2626 3074 sterio
2655 3019 3212 3090 sacrosancto,quod
3231 3019 3291 3073 in
3317 3019 3536 3092 azymis
3557 3015 3834 3076 aChristo
3847 3011 4112 3075 Domino

2449 3106 2788 3164 institutum
2819 3107 3000 3164 fuisse
3025 3108 3352 3176 conﬁtetur,
3392 3105 3665 3180 superius
3723 3106 4114 3180 priamissum

717 3272 979 3336 missam.
1013 3272 1114 3325 aut
1160 3270 1291 3340 post
1346 3266 1586 3357 missam
1644 3261 1979 3357 presbytero
2019 3256 2121 3357 ,νει
2171 3257 2341 3313 mini-
2375 3266 2418 3333 C
2487 3239 2719 3340 “Unum
2749 3283 2844 3340 hic
2872 3299 3159 3340 remoram
3190 3283 3397 3355 injicit,
3420 3239 3832 3356 quod‘scilicet
3849 3284 4116 3357 Epipha-

718 3365 836 3418 stro
866 3359 1021 3414 illius
1052 3357 1288 3424 tribuat,
1348 3355 1500 3409 unde
1548 3349 1798 3424 populus
1863 3348 1922 3402 in
1980 3346 2348 3419 eleemosyna

717 3453 775 3517 et
801 3447 1200 3505 benedictione
1231 3443 1390 3498 illius
1434 3439 1693 3512 eulogias
1750 3435 2014 3509 accipiat,
2071 3433 2158 3490 vel
2215 3451 2353 3506 pre-

624 3551 636 3566 ‘
722 3539 915 3610 sbyter
927 3535 1396 3608 supplementum
1415 3528 1649 3600 aliquod
1665 3525 1892 3581 habeat.
1910 3545 1938 3574 »
1954 3527 2232 3578 Praeterea
2252 3540 2352 3595 pa-

719 3643 854 3683 nem
884 3639 1250 3681 communem
1281 3638 1315 3676 a
1343 3617 1614 3673 ﬁdelibus
1645 3612 1834 3669 offerri
1865 3611 2098 3667 solitum
2138 3611 2351 3668 diserte

720 3715 893 3770 etiam
923 3713 992 3768 ab
1017 3710 1226 3768 oblatis
1255 3703 1665 3763 consecrandis
1693 3699 2000 3772 distinguit
2042 3697 2350 3754 concilium

717 3803 1124 3867 Namnetense,
1139 3815 1271 3853 cum
1295 3793 1496 3852 statuit
1517 3808 1641 3863 cap.
1669 3791 1723 3860 9,
1747 3812 1773 3840 «
1795 3792 1858 3844 ut
1875 3792 1944 3844 de
1961 3786 2352 3844 oblationibus

716 3909 839 3964 qum
857 3891 1172 3946 otl‘erentur
1192 3903 1224 3941 a
1245 3883 1480 3958 populo,
1496 3885 1550 3936 et
1571 3875 1987 3934 consecrationi
2010 3879 2348 3948 supersunt;

709 3963 796 4037 vel
829 3981 899 4035 de
928 3977 1178 4051 panibus
1207 3990 1354 4046 quos
1385 3972 1635 4027 otl‘erunt
1660 3966 1858 4022 ﬁdeles
1886 3965 1956 4020 ad
2013 3963 2348 4032 Ecclesiam,

709 4067 798 4125 vel
823 4070 974 4122 certe
995 4066 1064 4120 de
1095 4063 1218 4118 suis
1249 4059 1550 4134 presbyter
1570 4055 1978 4139 convenienter
1997 4056 2188 4125 partes
2212 4051 2351 4107 inci-

711 4172 809 4213 sas
837 4153 1048 4208 habeat
1077 4151 1134 4204 in
1163 4165 1296 4203 vase
1327 4147 1530 4211 nitido,
1565 4147 1629 4225 ut
1646 4145 1775 4214 post
1797 4140 2111 4196 missarum
2135 4139 2348 4196 solem-

710 4243 830 4311 nia,
867 4240 965 4314 qui
999 4235 1426 4294 communicare
1458 4248 1572 4287 non
1605 4230 1838 4284 fuerunt
1859 4225 2346 4301 parati,eulogias

713 4328 874 4388 omni
905 4327 997 4382 die
1024 4323 1320 4380 Dominico
1351 4324 1405 4377 et
1435 4321 1492 4376 in
1519 4319 1723 4374 diebus
1759 4315 1921 4372 festis
1951 4315 2156 4370 exinde
2193 4315 2345 4370 acci-

711 4419 894 4492 piant.
932 4440 958 4466 ››
982 4415 1115 4470 Erat
1137 4429 1268 4486 ergo
1295 4411 1442 4467 alius
1465 4406 1631 4481 panis
1663 4405 1890 4462 oblatus
1922 4403 1992 4458 ad
2034 4419 2347 4492 consecra-

709 4491 948 4575 tionem,
985 4503 1132 4560 alius
1163 4525 1191 4551 «
1225 4502 1292 4556 ad
1332 4497 1664 4562 Ecclesiam,
1699 4516 1726 4544 »
1761 4495 1813 4548 id
1845 4495 1934 4548 est
1979 4491 2051 4548 ad
2106 4491 2346 4548 alendos

2459 3371 2592 3428 nius
2621 3372 2765 3444 ipse,
2789 3372 2850 3428 in
2879 3372 3086 3428 haeresi
3118 3374 3206 3442 46,
3235 3372 3464 3429 Tatiani
3489 3386 3716 3429 errores
3745 3387 4116 3432 enumerans

2459 3460 2538 3517 ait
2565 3477 2700 3516 eum
2742 3461 3069 3517 instituisse
3099 3459 3380 3533 mysteria
3433 3459 3706 3532 quadam
3735 3471 3865 3518 κατὰ
3896 3469 4116 3533 μίμησιν

2455 3560 2541 3618 τῆς
2587 3557 2722 3620 ἁγίας
2771 3555 3075 3618 Ἐκιλησίας,
3127 3571 3160 3600 ‹(
3190 3550 3260 3604 ad
3309 3547 3572 3604 Ecclesiae
3627 3552 3846 3605 sanctae
3904 3548 4119 3606 imita—

2457 3638 2676 3694 tionem
2709 3660 2737 3687 »
2770 3637 2870 3694 sed
2899 3637 2970 3694 ad
2993 3654 3060 3694 ea
3083 3641 3278 3694 tamen
3309 3633 3454 3693 nihil
3478 3639 3684 3709 praeter
3703 3651 3923 3708 aquam
3948 3637 4121 3695 adbi-

2456 3726 2676 3782 buisse.
2709 3726 2815 3782 Ubi
2846 3730 3006 3798 patet
3032 3725 3300 3782 Ecclesiae
3353 3720 3744 3782 imitatibnem
3798 3741 3922 3782 non
3985 3719 4116 3784 rem

2459 3813 2734 3881 oblatam,
2767 3815 2868 3870 sed
2899 3814 3251 3870 oblationem
3283 3813 3590 3886 respicere.
3621 3811 3787 3877 Quod
3817 3815 4007 3872 etiam
4025 3814 4118 3872 di-

2457 3903 2706 3958 cendum
2737 3903 2806 3958 de
2831 3902 3007 3974 priori
3037 3901 3391 3958 testimonio.

2527 3995 2600 4046 Et
2629 3989 2864 4062 quidem
2901 3989 3012 4046 hoc
3057 3993 3402 4063 argumento
3458 3989 3614 4046 recte
3671 3987 3997 4062 colligitur,
4047 4007 4116 4050 ex

2457 4079 2634 4152 priori
2657 4078 2753 4134 illo
2776 4079 3081 4152 Epiphanii
3109 4079 3238 4136 loco
3257 4077 3379 4134 nihi
3404 4079 3545 4135 certi
3572 4077 3779 4136 conﬁci
3799 4094 3986 4151 posse
4007 4097 4115 4154 pro

2456 4186 2568 4225 usu
2599 4184 2934 4241 azymorum
2959 4184 2972 4233 ;
3006 4172 3061 4222 et
3088 4183 3192 4240 ego
3214 4168 3286 4224 de
3309 4166 3772 4223 industria'istuc
3794 4165 3976 4224 illum
3994 4183 4116 4226 non

2394 4284 2405 4292 -
2455 4254 2627 4313 retuli
2659 4257 2719 4312 in
2751 4255 3169 4328 superioribus,
3202 4255 3302 4312 ubi
3329 4259 3525 4312 actum
3556 4259 3647 4312 est
3693 4255 3766 4311 de
3811 4249 4117 4314 fermento

2454 4346 2804 4402 Griecorum.
2835 4345 2942 4400 Sed
2973 4350 3170 4401 tamen
3198 4344 3336 4400 hinc
3364 4359 3482 4402 non
3513 4343 3800 4412 evincitur
3845 4344 4112 4418 Epipha-

2453 4431 2619 4487 nium
2647 4436 2900 4488 statuere
2933 4430 3239 4503 utrobique
3267 4430 3531 4488 Ecclesia
3586 4429 3993 4490 imitationem
4049 4431 4112 4490 in

2451 4520 2582 4593 ipsa
2600 4519 2908 4583 oblatione,
2940 4536 3056 4575 non
3085 4519 3144 4575 in
3177 4534 3237 4575 re
3261 4519 3476 4576 oblata.
3517 4519 3665 4576 Nam
3702 4514 4112 4578 imitationem

710 4595 974 4652 Εοοῖθείτο
998 4591 1316 4693 τηῖῐῖίῗίνοδ·
1433 4586 1708 4693 alterni":
1732 4582 1944 4693 ﬁebfmt
1961 4578 2343 4693 eu!°gl:‘9’.€1ui
2375 4630 2420 4693 υ
2451 4578 2639 4678 magis
2655 4578 2985 4678 expressam
3007 4606 3312 4680 agnovisse
3333 4608 3522 4680 potuit
3537 4607 3595 4662 in
3609 4607 3902 4666 Eblonaais
3921 4600 4112 4682 quam

711 4685 876 4758 panis
903 4680 1242 4739 benedictus
1275 4677 1443 4732 modo
1467 4671 1808 4747 appellatur.
1837 4674 1979 4741 Lege
2001 4667 2084 4724 sic
2113 4669 2342 4758 Capitu-

709 4757 829 4829 lare
859 4772 1113 4845 primum
1134 4764 1428 4822 Hincmari
1460 4761 1698 4818 articulo
1727 4761 1781 4828 7,
1801 4761 1857 4814 et
1879 4757 2342 4826 Consuetudines

710 4859 1121 4916 Cluniacenses
1145 4855 1203 4909 in
1234 4853 1335 4907 lib.
1370 4870 1430 4920 ii,
1463 4868 1588 4922 cap.
1621 4849 1711 4916 30,
1770 4845 1869 4902 ubi
1925 4845 2338 4918 prazscribitur,

711 4968 739 4997 «
768 4950 833 5001 ut
857 4945 913 4999 in
943 4942 1178 5016 privatis
1208 4940 1410 4994 diebus
1441 4939 1640 4993 hostiae
1668 4951 1779 4990 non
1814 4938 2154 4988 consecratm
2208 4949 2340 5006 por-

706 5036 904 5089 tentur
933 5033 990 5086 in
1024 5028 1338 5093 refectorio,
1370 5031 1436 5082 ut
1459 5027 1550 5081 his
1580 5023 1677 5096 qui
1705 5039 1770 5078 eo
1795 5021 1886 5077 die
1927 5039 2038 5078 non
2079 5022 2340 5076 commu-

707 5122 1044 5178 nicaverunt
1075 5117 1517 5180 distribuantur,
1553 5136 1574 5163 ι
1611 5127 1816 5182 nempe
1847 5109 1954 5164 illa:
1994 5111 2153 5182 ipsa},
2211 5126 2340 5180 qua:

708 5211 882 5266 etiam
910 5227 942 5263 a
960 5224 1073 5263 non
1091 5222 1214 5260 com
1227 5200 1601 5257 municaturis
1617 5199 1816 5254 oblata:
1831 5198 2056 5254 fuerant
2077 5197 2135 5252 in
2161 5197 2341 5253 missa

709 5296 977 5368 solemni,
1009 5295 1068 5351 in
1091 5311 1206 5368 qua
1237 5290 1464 5346 tametsi
1485 5303 1684 5342 omnes
1706 5285 1953 5358 singulis
1974 5286 2180 5342 diebus
2202 5285 2337 5341 otl'e-

708 5387 934 5450 rebant,
969 5389 1080 5440 tres
1112 5385 1339 5439 tantum
1370 5376 1612 5442 hostias,
1645 5374 1848 5430 diebus
1880 5371 2197 5440 ferialibus,
2233 5390 2336 5446 pro

709 5471 1223 5527 communicaturis
1253 5485 1317 5524 ex
1350 5467 1625 5522 alterutro
1655 5461 1909 5517 vicissim
1940 5462 2112 5517 choro
2135 5477 2334 5520 conse-

712 5557 860 5612 crari
892 5575 1017 5614 mos
1047 5564 1190 5625 erat,
1221 5553 1537 5613 Dominicis
1569 5549 1843 5622 quinque.

783 5669 955 5726 Aliud
986 5673 1272 5743 objectum
1304 5668 1516 5742 petitur
1545 5682 1612 5722 ex
1640 5665 1958 5738 Epiphanio
2016 5665 2075 5720 in
2132 5665 2335 5723 haeresi

2453 4698 2511 4751 in
2541 4696 2802 4752 Tatiano.
2835 4696 3045 4751 Praeter
3091 4712 3178 4767 ea,
3237 4695 3468 4752 etiamsi
3520 4709 3861 4768 azymorum
3927 4709 4110 4755 usum

2451 4801 2567 4841 non
2592 4785 2800 4840 referat
2819 4784 2892 4840 ad
2914 4784 3298 4841 imitationem
3313 4783 3602 4852 Ecclesiae,
3617 4799 3736 4840 non
3749 4778 3960 4842 tamen
3973 4783 4110 4844 inde

2450 4878 2604 4932 certo
2633 4873 2858 4929 eruitur
2885 4889 3020 4928 eum
3037 4889 3211 4929 usum
3233 4875 3304 4931 ab
3334 4873 3462 4946 ipso
3481 4871 3637 4929 inter
3663 4887 3898 4930 errores
3916 4875 4110 4948 depu-

2451 4961 2563 5017 tari
2592 4960 2842 5017 maxime
2871 4977 3026 5029 cum,
3060 4967 3123 5017 ut
3143 4961 3270 5032 jam
3315 4961 3455 5030 dixi,
3516 4965 3799 5034 agnoscat
3842 4963 4108 5037 Epipha-

2450 5049 2582 5105 nius
2610 5047 3032 5104 Eucharistiam
3070 5049 3341 5121 primitus
3383 5049 3442 5104 in
3501 5049 3720 5122 azymis
3773 5065 3809 5106 a
3866 5049 4110 5109 Christo

2452 5137 2800 5193 institutam.
2835 5137 2946 5192 Fac
2975 5138 3130 5193 enim
3161 5137 3388 5194 Graecos
3409 5137 3823 5193 fermentatum
3881 5133 4106 5212 panem

2450 5225 2509 5281 in
2535 5241 2656 5280 rem
2689 5241 2916 5280 sacram
2941 5229 3067 5280 tum
3098 5225 3458 5292 adhibuisse,
3481 5223 3718 5282 Latinos
3747 5241 3888 5284 vero
3921 5229 4108 5286 infer-

2447 5317 2793 5374 mentatum.
2817 5312 2981 5370 Certe
3003 5313 3360 5386 Epiphanius
3377 5329 3503 5370 .non
3530 5313 3833 5374 retulisset
3863 5311 4105 5391 azymo-

2448 5420 2580 5462 rum
2601 5417 2774 5458 usum
2796 5402 2868 5457 ad
2885 5401 3268 5458 imitationem
3280 5401 3546 5458 Ecclesia
3566 5404 3853 5460 universis
3879 5422 3894 5474 ;
3921 5403 4108 5479 siqui-

2447 5491 2578 5546 dem
2609 5491 2805 5546 Graeca
2831 5489 3245 5545 fermentatum
3275 5505 3486 5562 panem
3523 5489 3926 5550 adhibuisset.
3989 5493 4106 5552 Nec

2446 5581 2640 5635 tamen
2671 5576 2882 5633 erroris
2911 5576 3295 5633 damnaturus
3323 5581 3478 5634 esset
3515 5593 3693 5635 usum
3723 5595 4102 5653 azymorum,

2448 5681 2621 5736 quem
2641 5663 2702 5719 in
2718 5661 2935 5720 Latinis
2953 5677 3068 5718 non
3089 5662 3499 5736 improbasset.
3521 5666 3607 5724 Ad
3629 5665 3772 5738 haec,
3797 5668 3851 5726 si
3878 5671 4103 5730 erroris
