  <div class='ocr_page' id='page_1' title='image "/cluster/home/n/w/nwhite01/storage/ocr_20150623/142-143/uc1.31175018423130/1376.png"; bbox 0 0 4630 6380; ppageno 0'>
   <div class='ocr_carea' id='block_1_1' title="bbox 558 438 718 508">
    <p class='ocr_par' dir='ltr' id='par_1_1' title="bbox 558 438 718 508">
     <span class='ocr_line' id='line_1_1' title="bbox 558 438 718 508; baseline -0.019 0"><span class='ocrx_word' id='word_1_1' title='bbox 558 438 718 508; x_wconf 65' lang='lat'><strong>{3&#39;13</strong></span> 
     </span>
    </p>
   </div>
   <div class='ocr_carea' id='block_1_2' title="bbox 1531 431 2997 511">
    <p class='ocr_par' dir='ltr' id='par_1_2' title="bbox 1531 431 2997 511">
     <span class='ocr_line' id='line_1_2' title="bbox 1531 431 2997 511; baseline 0.001 -10"><span class='ocrx_word' id='word_1_2' title='bbox 1531 435 1987 503; x_wconf 76' lang='lat' dir='ltr'><strong>MABILLONII</strong></span> <span class='ocrx_word' id='word_1_3' title='bbox 2033 431 2503 511; x_wconf 83' lang='lat' dir='ltr'><strong>DISQUISITIO</strong></span> <span class='ocrx_word' id='word_1_4' title='bbox 2547 437 2649 500; x_wconf 91' lang='lat' dir='ltr'><strong>DE</strong></span> <span class='ocrx_word' id='word_1_5' title='bbox 2692 437 2997 503; x_wconf 80' lang='lat' dir='ltr'><strong>AZYMO.</strong></span> 
     </span>
    </p>
   </div>
   <div class='ocr_carea' id='block_1_3' title="bbox 3807 416 3985 511">
    <p class='ocr_par' dir='ltr' id='par_1_3' title="bbox 3807 416 3985 511">
     <span class='ocr_line' id='line_1_3' title="bbox 3807 416 3985 511; baseline -0.006 -2"><span class='ocrx_word' id='word_1_6' title='bbox 3807 416 3985 511; x_wconf 17' lang='lat' dir='ltr'><strong>1274i</strong></span> 
     </span>
    </p>
   </div>
   <div class='ocr_carea' id='block_1_4' title="bbox 560 572 3964 653">
    <p class='ocr_par' dir='ltr' id='par_1_4' title="bbox 560 572 3964 653">
     <span class='ocr_line' id='line_1_4' title="bbox 560 572 3964 653; baseline 0 -16"><span class='ocrx_word' id='word_1_7' title='bbox 560 577 759 651; x_wconf 82' lang='lat' dir='ltr'><strong>arguit</strong></span> <span class='ocrx_word' id='word_1_8' title='bbox 785 574 1088 635; x_wconf 69' lang='lat' dir='ltr'><strong>Ebiontsos</strong></span> <span class='ocrx_word' id='word_1_9' title='bbox 1118 573 1272 646; x_wconf 88' lang='lat' dir='ltr'><strong>quod</strong></span> <span class='ocrx_word' id='word_1_10' title='bbox 1306 574 1524 645; x_wconf 88' lang='lat' dir='ltr'><strong>azymis</strong></span> <span class='ocrx_word' id='word_1_11' title='bbox 1552 578 1872 642; x_wconf 75' lang='lat' dir='ltr'><strong>uterentur,</strong></span> <span class='ocrx_word' id='word_1_12' title='bbox 1895 574 2025 630; x_wconf 90' lang='lat' dir='ltr'><strong>ideo</strong></span> <span class='ocrx_word' id='word_1_13' title='bbox 2049 575 2204 630; x_wconf 80' lang='lat' dir='ltr'>istud</span> <span class='ocrx_word' id='word_1_14' title='bbox 2235 574 2291 639; x_wconf 69' lang='grc' dir='ltr'><strong>Α</strong></span> <span class='ocrx_word' id='word_1_15' title='bbox 2320 572 2577 628; x_wconf 79' lang='lat' dir='ltr'><strong>minatur</strong></span> <span class='ocrx_word' id='word_1_16' title='bbox 2605 574 2982 629; x_wconf 81' lang='lat' dir='ltr'><strong>fermentum.</strong></span> <span class='ocrx_word' id='word_1_17' title='bbox 3013 594 3042 624; x_wconf 84' lang='grc'>››</span> <span class='ocrx_word' id='word_1_18' title='bbox 3067 574 3444 633; x_wconf 80' lang='lat' dir='ltr'><strong>Innocentius</strong></span> <span class='ocrx_word' id='word_1_19' title='bbox 3474 575 3726 652; x_wconf 85' lang='lat' dir='ltr'><strong>denique</strong></span> <span class='ocrx_word' id='word_1_20' title='bbox 3754 579 3816 636; x_wconf 89' lang='lat' dir='ltr'><strong>in</strong></span> <span class='ocrx_word' id='word_1_21' title='bbox 3845 582 3964 653; x_wconf 85' lang='lat' dir='ltr'><strong>epi-</strong></span> 
     </span>
    </p>
   </div>
   <div class='ocr_carea' id='block_1_5' title="bbox 562 663 2211 741">
    <p class='ocr_par' dir='ltr' id='par_1_5' title="bbox 562 663 2211 741">
     <span class='ocr_line' id='line_1_5' title="bbox 562 663 2211 741; baseline -0.005 -14"><span class='ocrx_word' id='word_1_22' title='bbox 562 670 700 728; x_wconf 77' lang='lat' dir='ltr'><strong>{ecit</strong></span> <span class='ocrx_word' id='word_1_23' title='bbox 726 667 883 741; x_wconf 90' lang='lat' dir='ltr'><strong>quod</strong></span> <span class='ocrx_word' id='word_1_24' title='bbox 917 682 1185 737; x_wconf 82' lang='lat' dir='ltr'><strong>azymum</strong></span> <span class='ocrx_word' id='word_1_25' title='bbox 1210 663 1636 719; x_wconf 89' lang='lat' dir='ltr'><strong>adhiberenteo</strong></span> <span class='ocrx_word' id='word_1_26' title='bbox 1662 664 1856 719; x_wconf 92' lang='lat' dir='ltr'><strong>animo</strong></span> <span class='ocrx_word' id='word_1_27' title='bbox 1904 669 1971 719; x_wconf 90' lang='lat' dir='ltr'><strong>ut</strong></span> <span class='ocrx_word' id='word_1_28' title='bbox 2002 664 2211 736; x_wconf 89' lang='lat' dir='ltr'><strong>legalia</strong></span> 
     </span>
    </p>
   </div>
   <div class='ocr_carea' id='block_1_6' title="bbox 562 754 2207 825">
    <p class='ocr_par' dir='ltr' id='par_1_6' title="bbox 562 754 2207 825">
     <span class='ocr_line' id='line_1_6' title="bbox 562 754 2207 825; baseline -0.005 -7"><span class='ocrx_word' id='word_1_29' title='bbox 562 776 700 818; x_wconf 83' lang='lat' dir='ltr'><strong>cum</strong></span> <span class='ocrx_word' id='word_1_30' title='bbox 757 756 1067 825; x_wconf 86' lang='lat' dir='ltr'><strong>Evangelio</strong></span> <span class='ocrx_word' id='word_1_31' title='bbox 1125 755 1340 809; x_wconf 86' lang='lat' dir='ltr'><strong>servari</strong></span> <span class='ocrx_word' id='word_1_32' title='bbox 1390 759 1653 825; x_wconf 86' lang='lat' dir='ltr'><strong>oportere</strong></span> <span class='ocrx_word' id='word_1_33' title='bbox 1710 754 2021 809; x_wconf 83' lang='lat' dir='ltr'><strong>traderent.</strong></span> <span class='ocrx_word' id='word_1_34' title='bbox 2085 754 2207 809; x_wconf 88' lang='lat' dir='ltr'><strong>Uno</strong></span> 
     </span>
    </p>
   </div>
   <div class='ocr_carea' id='block_1_7' title="bbox 563 843 2209 917">
    <p class='ocr_par' dir='ltr' id='par_1_7' title="bbox 563 843 2209 917">
     <span class='ocr_line' id='line_1_7' title="bbox 563 843 2209 917; baseline -0.005 -11"><span class='ocrx_word' id='word_1_35' title='bbox 563 850 762 917; x_wconf 84' lang='lat' dir='ltr'><strong>verbo,</strong></span> <span class='ocrx_word' id='word_1_36' title='bbox 795 846 843 903; x_wconf 85' lang='lat' dir='ltr'><strong>si</strong></span> <span class='ocrx_word' id='word_1_37' title='bbox 876 845 1021 900; x_wconf 86' lang='lat' dir='ltr'><strong>nihil</strong></span> <span class='ocrx_word' id='word_1_38' title='bbox 1058 844 1192 899; x_wconf 80' lang='lat' dir='ltr'><strong>facit</strong></span> <span class='ocrx_word' id='word_1_39' title='bbox 1224 861 1326 915; x_wconf 91' lang='lat' dir='ltr'><strong>pro</strong></span> <span class='ocrx_word' id='word_1_40' title='bbox 1360 860 1696 914; x_wconf 79' lang='lat' dir='ltr'><strong>azymorum</strong></span> <span class='ocrx_word' id='word_1_41' title='bbox 1747 861 1857 898; x_wconf 88' lang='lat' dir='ltr'><strong>usu</strong></span> <span class='ocrx_word' id='word_1_42' title='bbox 1910 843 2067 915; x_wconf 89' lang='lat' dir='ltr'><strong>prior</strong></span> <span class='ocrx_word' id='word_1_43' title='bbox 2099 844 2209 898; x_wconf 87' lang='lat' dir='ltr'><strong>iste</strong></span> 
     </span>
    </p>
   </div>
   <div class='ocr_carea' id='block_1_8' title="bbox 565 932 2209 1004">
    <p class='ocr_par' dir='ltr' id='par_1_8' title="bbox 565 932 2209 1004">
     <span class='ocr_line' id='line_1_8' title="bbox 565 932 2209 1004; baseline -0.005 -9"><span class='ocrx_word' id='word_1_44' title='bbox 565 938 754 1004; x_wconf 86' lang='lat' dir='ltr'><strong>locus,</strong></span> <span class='ocrx_word' id='word_1_45' title='bbox 783 940 938 992; x_wconf 88' lang='lat' dir='ltr'><strong>certe</strong></span> <span class='ocrx_word' id='word_1_46' title='bbox 972 951 1085 989; x_wconf 92' lang='lat' dir='ltr'><strong>non</strong></span> <span class='ocrx_word' id='word_1_47' title='bbox 1120 933 1307 1001; x_wconf 82' lang='lat' dir='ltr'><strong>magis</strong></span> <span class='ocrx_word' id='word_1_48' title='bbox 1342 933 1490 987; x_wconf 79' lang='lat' dir='ltr'><strong>favet</strong></span> <span class='ocrx_word' id='word_1_49' title='bbox 1541 932 1883 986; x_wconf 82' lang='lat' dir='ltr'><strong>fermentato</strong></span> <span class='ocrx_word' id='word_1_50' title='bbox 1910 950 1923 998; x_wconf 90' lang='lat'><strong>;</strong></span> <span class='ocrx_word' id='word_1_51' title='bbox 1954 933 2057 986; x_wconf 90' lang='lat' dir='ltr'><strong>sed</strong></span> <span class='ocrx_word' id='word_1_52' title='bbox 2087 948 2209 987; x_wconf 89' lang='lat' dir='ltr'><strong>rem</strong></span> 
     </span>
    </p>
   </div>
   <div class='ocr_carea' id='block_1_9' title="bbox 564 1020 2212 1093">
    <p class='ocr_par' dir='ltr' id='par_1_9' title="bbox 564 1020 2212 1093">
     <span class='ocr_line' id='line_1_9' title="bbox 564 1020 2212 1093; baseline -0.005 -8"><span class='ocrx_word' id='word_1_53' title='bbox 564 1028 626 1085; x_wconf 92' lang='lat' dir='ltr'><strong>in</strong></span> <span class='ocrx_word' id='word_1_54' title='bbox 658 1026 851 1083; x_wconf 87' lang='lat' dir='ltr'><strong>medio</strong></span> <span class='ocrx_word' id='word_1_55' title='bbox 881 1023 1176 1093; x_wconf 85' lang='lat' dir='ltr'><strong>relinquit,</strong></span> <span class='ocrx_word' id='word_1_56' title='bbox 1213 1039 1338 1092; x_wconf 65' lang='lat' dir='ltr'><strong>qua:</strong></span> <span class='ocrx_word' id='word_1_57' title='bbox 1381 1020 1621 1092; x_wconf 87' lang='lat' dir='ltr'><strong>proinde</strong></span> <span class='ocrx_word' id='word_1_58' title='bbox 1669 1020 1802 1075; x_wconf 88' lang='lat' dir='ltr'><strong>aliis</strong></span> <span class='ocrx_word' id='word_1_59' title='bbox 1850 1022 2212 1091; x_wconf 74' lang='lat' dir='ltr'><strong>argumentis</strong></span> 
     </span>
    </p>
   </div>
   <div class='ocr_carea' id='block_1_10' title="bbox 565 1116 1034 1175">
    <p class='ocr_par' dir='ltr' id='par_1_10' title="bbox 565 1116 1034 1175">
     <span class='ocr_line' id='line_1_10' title="bbox 565 1116 1034 1175; baseline -0.017 0"><span class='ocrx_word' id='word_1_60' title='bbox 565 1116 895 1175; x_wconf 87' lang='lat' dir='ltr'><strong>dirimenda</strong></span> <span class='ocrx_word' id='word_1_61' title='bbox 926 1120 1034 1169; x_wconf 84' lang='lat' dir='ltr'><strong>est.</strong></span> 
     </span>
    </p>
   </div>
   <div class='ocr_carea' id='block_1_11' title="bbox 636 1200 2204 1271">
    <p class='ocr_par' dir='ltr' id='par_1_11' title="bbox 636 1200 2204 1271">
     <span class='ocr_line' id='line_1_11' title="bbox 636 1200 2204 1271; baseline -0.005 -8"><span class='ocrx_word' id='word_1_62' title='bbox 636 1206 721 1264; x_wconf 80' lang='lat' dir='ltr'><strong>Ad</strong></span> <span class='ocrx_word' id='word_1_63' title='bbox 743 1209 1089 1267; x_wconf 78' lang='lat' dir='ltr'><strong>extremum,</strong></span> <span class='ocrx_word' id='word_1_64' title='bbox 1125 1206 1185 1256; x_wconf 91' lang='lat' dir='ltr'><strong>ut</strong></span> <span class='ocrx_word' id='word_1_65' title='bbox 1219 1218 1339 1255; x_wconf 88' lang='lat' dir='ltr'><strong>rem</strong></span> <span class='ocrx_word' id='word_1_66' title='bbox 1375 1200 1577 1271; x_wconf 83' lang='lat' dir='ltr'><strong>paucis</strong></span> <span class='ocrx_word' id='word_1_67' title='bbox 1610 1201 1846 1255; x_wconf 87' lang='lat' dir='ltr'><strong>tandem</strong></span> <span class='ocrx_word' id='word_1_68' title='bbox 1881 1200 2204 1267; x_wconf 89' lang='lat' dir='ltr'><strong>conﬁciam,</strong></span> 
     </span>
    </p>
   </div>
   <div class='ocr_carea' id='block_1_12' title="bbox 569 1289 2209 1372">
    <p class='ocr_par' dir='ltr' id='par_1_12' title="bbox 569 1289 2209 1372">
     <span class='ocr_line' id='line_1_12' title="bbox 569 1289 2209 1372; baseline -0.006 -19"><span class='ocrx_word' id='word_1_69' title='bbox 569 1298 810 1372; x_wconf 86' lang='lat' dir='ltr'><strong>probato</strong></span> <span class='ocrx_word' id='word_1_70' title='bbox 850 1296 1076 1349; x_wconf 65' lang='lat' dir='ltr'><strong>Graecos</strong></span> <span class='ocrx_word' id='word_1_71' title='bbox 1118 1291 1315 1361; x_wconf 84' lang='lat' dir='ltr'><strong>eisque</strong></span> <span class='ocrx_word' id='word_1_72' title='bbox 1347 1290 1705 1345; x_wconf 70' lang='lat' dir='ltr'><strong>adhrerentes</strong></span> <span class='ocrx_word' id='word_1_73' title='bbox 1754 1289 2043 1345; x_wconf 82' lang='lat' dir='ltr'><strong>Ecclesias</strong></span> <span class='ocrx_word' id='word_1_74' title='bbox 2102 1291 2209 1344; x_wconf 84' lang='lat' dir='ltr'><strong>fer-</strong></span> 
     </span>
    </p>
   </div>
   <div class='ocr_carea' id='block_1_13' title="bbox 569 1380 2209 1451">
    <p class='ocr_par' dir='ltr' id='par_1_13' title="bbox 569 1380 2209 1451">
     <span class='ocr_line' id='line_1_13' title="bbox 569 1380 2209 1451; baseline -0.005 -8"><span class='ocrx_word' id='word_1_75' title='bbox 569 1390 784 1451; x_wconf 86' lang='lat' dir='ltr'><strong>mento,</strong></span> <span class='ocrx_word' id='word_1_76' title='bbox 820 1383 1054 1439; x_wconf 87' lang='lat' dir='ltr'><strong>Latinos</strong></span> <span class='ocrx_word' id='word_1_77' title='bbox 1083 1398 1214 1435; x_wconf 88' lang='lat' dir='ltr'><strong>vero</strong></span> <span class='ocrx_word' id='word_1_78' title='bbox 1246 1381 1463 1451; x_wconf 80' lang='lat' dir='ltr'><strong>azymis</strong></span> <span class='ocrx_word' id='word_1_79' title='bbox 1498 1380 1569 1435; x_wconf 84' lang='lat' dir='ltr'><strong>ab</strong></span> <span class='ocrx_word' id='word_1_80' title='bbox 1602 1380 1766 1434; x_wconf 88' lang='lat' dir='ltr'><strong>initio</strong></span> <span class='ocrx_word' id='word_1_81' title='bbox 1817 1396 1954 1434; x_wconf 90' lang='lat' dir='ltr'><strong>usos</strong></span> <span class='ocrx_word' id='word_1_82' title='bbox 2008 1380 2209 1446; x_wconf 78' lang='lat' dir='ltr'><strong>fuisse,</strong></span> 
     </span>
    </p>
   </div>
   <div class='ocr_carea' id='block_1_14' title="bbox 570 1469 2213 1540">
    <p class='ocr_par' dir='ltr' id='par_1_14' title="bbox 570 1469 2213 1540">
     <span class='ocr_line' id='line_1_14' title="bbox 570 1469 2213 1540; baseline -0.005 -7"><span class='ocrx_word' id='word_1_83' title='bbox 570 1476 830 1533; x_wconf 84' lang='lat' dir='ltr'><strong>admisso</strong></span> <span class='ocrx_word' id='word_1_84' title='bbox 876 1473 1053 1528; x_wconf 89' lang='lat' dir='ltr'><strong>etiam</strong></span> <span class='ocrx_word' id='word_1_85' title='bbox 1109 1471 1409 1525; x_wconf 69' lang='lat' dir='ltr'><strong>Ebionzeos</strong></span> <span class='ocrx_word' id='word_1_86' title='bbox 1468 1471 1540 1522; x_wconf 89' lang='lat' dir='ltr'><strong>ab</strong></span> <span class='ocrx_word' id='word_1_87' title='bbox 1598 1469 1922 1540; x_wconf 85' lang='lat' dir='ltr'><strong>Epiphanio</strong></span> <span class='ocrx_word' id='word_1_88' title='bbox 1982 1474 2213 1524; x_wconf 89' lang='lat' dir='ltr'><strong>notatos</strong></span> 
     </span>
    </p>
   </div>
   <div class='ocr_carea' id='block_1_15' title="bbox 568 1560 2215 1637">
    <p class='ocr_par' dir='ltr' id='par_1_15' title="bbox 568 1560 2215 1637">
     <span class='ocr_line' id='line_1_15' title="bbox 568 1560 2215 1637; baseline -0.005 -15"><span class='ocrx_word' id='word_1_89' title='bbox 568 1565 727 1637; x_wconf 87' lang='lat' dir='ltr'><strong>quod</strong></span> <span class='ocrx_word' id='word_1_90' title='bbox 784 1563 841 1619; x_wconf 92' lang='lat' dir='ltr'><strong>in</strong></span> <span class='ocrx_word' id='word_1_91' title='bbox 898 1561 1080 1617; x_wconf 82' lang='lat' dir='ltr'><strong>sacris</strong></span> <span class='ocrx_word' id='word_1_92' title='bbox 1138 1576 1406 1630; x_wconf 89' lang='lat' dir='ltr'><strong>azymum</strong></span> <span class='ocrx_word' id='word_1_93' title='bbox 1469 1560 1833 1626; x_wconf 84' lang='lat' dir='ltr'><strong>adhiberent,</strong></span> <span class='ocrx_word' id='word_1_94' title='bbox 1894 1560 2215 1629; x_wconf 83' lang='lat' dir='ltr'><strong>respondeo</strong></span> 
     </span>
    </p>
   </div>
   <div class='ocr_carea' id='block_1_16' title="bbox 568 1649 2216 1720">
    <p class='ocr_par' dir='ltr' id='par_1_16' title="bbox 568 1649 2216 1720">
     <span class='ocr_line' id='line_1_16' title="bbox 568 1649 2216 1720; baseline -0.005 -9"><span class='ocrx_word' id='word_1_95' title='bbox 568 1654 873 1711; x_wconf 68' lang='lat' dir='ltr'><strong>Ebionaaos</strong></span> <span class='ocrx_word' id='word_1_96' title='bbox 905 1652 976 1707; x_wconf 90' lang='lat' dir='ltr'><strong>ab</strong></span> <span class='ocrx_word' id='word_1_97' title='bbox 1001 1650 1318 1720; x_wconf 82' lang='lat' dir='ltr'><strong>Epiphanio</strong></span> <span class='ocrx_word' id='word_1_98' title='bbox 1351 1649 1877 1719; x_wconf 84' lang='lat' dir='ltr'><strong>reprehensos,non</strong></span> <span class='ocrx_word' id='word_1_99' title='bbox 1902 1650 2054 1719; x_wconf 89' lang='lat' dir='ltr'><strong>quod</strong></span> <span class='ocrx_word' id='word_1_100' title='bbox 2087 1666 2216 1703; x_wconf 84' lang='lat' dir='ltr'><strong>cen-</strong></span> 
     </span>
    </p>
   </div>
   <div class='ocr_carea' id='block_1_17' title="bbox 570 1736 2215 1812">
    <p class='ocr_par' dir='ltr' id='par_1_17' title="bbox 570 1736 2215 1812">
     <span class='ocr_line' id='line_1_17' title="bbox 570 1736 2215 1812; baseline -0.005 -13"><span class='ocrx_word' id='word_1_101' title='bbox 570 1747 723 1799; x_wconf 83' lang='lat' dir='ltr'><strong>seret</strong></span> <span class='ocrx_word' id='word_1_102' title='bbox 752 1740 1111 1812; x_wconf 79' lang='lat' dir='ltr'><strong>Epiphanius</strong></span> <span class='ocrx_word' id='word_1_103' title='bbox 1142 1738 1322 1792; x_wconf 84' lang='lat' dir='ltr'><strong>cuivis</strong></span> <span class='ocrx_word' id='word_1_104' title='bbox 1351 1737 1615 1792; x_wconf 69' lang='lat' dir='ltr'><strong>Ecclesia:</strong></span> <span class='ocrx_word' id='word_1_105' title='bbox 1649 1754 1849 1808; x_wconf 82' lang='lat' dir='ltr'><strong>azymo</strong></span> <span class='ocrx_word' id='word_1_106' title='bbox 1882 1738 1964 1792; x_wconf 89' lang='lat' dir='ltr'><strong>uti</strong></span> <span class='ocrx_word' id='word_1_107' title='bbox 1998 1754 2112 1792; x_wconf 91' lang='lat' dir='ltr'><strong>non</strong></span> <span class='ocrx_word' id='word_1_108' title='bbox 2143 1736 2215 1791; x_wconf 91' lang='lat' dir='ltr'><strong>li-</strong></span> 
     </span>
    </p>
   </div>
   <div class='ocr_carea' id='block_1_18' title="bbox 571 1827 2215 1901">
    <p class='ocr_par' dir='ltr' id='par_1_18' title="bbox 571 1827 2215 1901">
     <span class='ocr_line' id='line_1_18' title="bbox 571 1827 2215 1901; baseline -0.005 -12"><span class='ocrx_word' id='word_1_109' title='bbox 571 1832 827 1897; x_wconf 89' lang='lat' dir='ltr'><strong>cere,sed</strong></span> <span class='ocrx_word' id='word_1_110' title='bbox 855 1830 1010 1901; x_wconf 90' lang='lat' dir='ltr'><strong>quod</strong></span> <span class='ocrx_word' id='word_1_111' title='bbox 1037 1828 1286 1883; x_wconf 71' lang='lat' dir='ltr'><strong>Ebionaai</strong></span> <span class='ocrx_word' id='word_1_112' title='bbox 1313 1844 1445 1881; x_wconf 91' lang='lat' dir='ltr'><strong>cum</strong></span> <span class='ocrx_word' id='word_1_113' title='bbox 1469 1832 1665 1880; x_wconf 85' lang='lat' dir='ltr'><strong>essent</strong></span> <span class='ocrx_word' id='word_1_114' title='bbox 1695 1827 2034 1881; x_wconf 69' lang='lat' dir='ltr'><strong>(irrecanica)</strong></span> <span class='ocrx_word' id='word_1_115' title='bbox 2058 1842 2215 1881; x_wconf 83' lang='lat' dir='ltr'><strong>com-</strong></span> 
     </span>
    </p>
   </div>
   <div class='ocr_carea' id='block_1_19' title="bbox 570 1916 2293 2016">
    <p class='ocr_par' dir='ltr' id='par_1_19' title="bbox 570 1916 2293 2016">
     <span class='ocr_line' id='line_1_19' title="bbox 570 1916 2293 2016; baseline -0.006 -37"><span class='ocrx_word' id='word_1_116' title='bbox 570 1920 961 1989; x_wconf 88' lang='lat' dir='ltr'><strong>munionis,eo</strong></span> <span class='ocrx_word' id='word_1_117' title='bbox 994 1922 1296 1973; x_wconf 88' lang='lat' dir='ltr'><strong>uterentur</strong></span> <span class='ocrx_word' id='word_1_118' title='bbox 1328 1922 1535 1987; x_wconf 69' lang='lat' dir='ltr'><strong>prmter</strong></span> <span class='ocrx_word' id='word_1_119' title='bbox 1567 1933 1787 1970; x_wconf 88' lang='lat' dir='ltr'><strong>morem</strong></span> <span class='ocrx_word' id='word_1_120' title='bbox 1822 1934 1942 1971; x_wconf 70' lang='lat' dir='ltr'><strong>sua:</strong></span> <span class='ocrx_word' id='word_1_121' title='bbox 1974 1916 2216 1971; x_wconf 82' lang='lat' dir='ltr'><strong>societa-</strong></span> <span class='ocrx_word' id='word_1_122' title='bbox 2245 1950 2293 2016; x_wconf 85' lang='lat' dir='ltr'><strong>B</strong></span> 
     </span>
    </p>
   </div>
   <div class='ocr_carea' id='block_1_20' title="bbox 568 2005 2214 2077">
    <p class='ocr_par' dir='ltr' id='par_1_20' title="bbox 568 2005 2214 2077">
     <span class='ocr_line' id='line_1_20' title="bbox 568 2005 2214 2077; baseline -0.005 -10"><span class='ocrx_word' id='word_1_123' title='bbox 568 2009 801 2067; x_wconf 84' lang='lat' dir='ltr'><strong>tis.Pari</strong></span> <span class='ocrx_word' id='word_1_124' title='bbox 832 2009 987 2065; x_wconf 89' lang='lat' dir='ltr'><strong>enim</strong></span> <span class='ocrx_word' id='word_1_125' title='bbox 1011 2008 1145 2077; x_wconf 86' lang='lat' dir='ltr'><strong>jure</strong></span> <span class='ocrx_word' id='word_1_126' title='bbox 1178 2006 1224 2061; x_wconf 91' lang='lat' dir='ltr'><strong>si</strong></span> <span class='ocrx_word' id='word_1_127' title='bbox 1260 2005 1559 2077; x_wconf 82' lang='lat' dir='ltr'><strong>qui,modo</strong></span> <span class='ocrx_word' id='word_1_128' title='bbox 1595 2006 2214 2069; x_wconf 80' lang='lat' dir='ltr'><strong>Latinorum,fermen-</strong></span> 
     </span>
    </p>
   </div>
   <div class='ocr_carea' id='block_1_21' title="bbox 569 2094 2215 2171">
    <p class='ocr_par' dir='ltr' id='par_1_21' title="bbox 569 2094 2215 2171">
     <span class='ocr_line' id='line_1_21' title="bbox 569 2094 2215 2171; baseline -0.004 -14"><span class='ocrx_word' id='word_1_129' title='bbox 569 2105 695 2157; x_wconf 84' lang='lat' dir='ltr'><strong>tum</strong></span> <span class='ocrx_word' id='word_1_130' title='bbox 724 2115 925 2171; x_wconf 82' lang='lat' dir='ltr'><strong>azymo</strong></span> <span class='ocrx_word' id='word_1_131' title='bbox 960 2097 1013 2151; x_wconf 88' lang='lat' dir='ltr'><strong>iu</strong></span> <span class='ocrx_word' id='word_1_132' title='bbox 1047 2115 1103 2152; x_wconf 88' lang='lat' dir='ltr'><strong>rc</strong></span> <span class='ocrx_word' id='word_1_133' title='bbox 1136 2113 1298 2150; x_wconf 83' lang='lat' dir='ltr'><strong>sacra</strong></span> <span class='ocrx_word' id='word_1_134' title='bbox 1332 2094 1726 2167; x_wconf 70' lang='lat' dir='ltr'><strong>prmlerrent,a</strong></span> <span class='ocrx_word' id='word_1_135' title='bbox 1761 2096 1981 2151; x_wconf 82' lang='lat' dir='ltr'><strong>Latinis</strong></span> <span class='ocrx_word' id='word_1_136' title='bbox 2012 2112 2215 2167; x_wconf 86' lang='lat' dir='ltr'><strong>argue-</strong></span> 
     </span>
    </p>
   </div>
   <div class='ocr_carea' id='block_1_22' title="bbox 571 2186 2216 2257">
    <p class='ocr_par' dir='ltr' id='par_1_22' title="bbox 571 2186 2216 2257">
     <span class='ocr_line' id='line_1_22' title="bbox 571 2186 2216 2257; baseline -0.004 -11"><span class='ocrx_word' id='word_1_137' title='bbox 571 2194 791 2257; x_wconf 84' lang='lat' dir='ltr'><strong>rentur,</strong></span> <span class='ocrx_word' id='word_1_138' title='bbox 828 2205 940 2242; x_wconf 91' lang='lat' dir='ltr'><strong>non</strong></span> <span class='ocrx_word' id='word_1_139' title='bbox 973 2186 1138 2257; x_wconf 88' lang='lat' dir='ltr'><strong>quasi</strong></span> <span class='ocrx_word' id='word_1_140' title='bbox 1175 2186 1503 2239; x_wconf 70' lang='lat' dir='ltr'><strong>Grzrcorum</strong></span> <span class='ocrx_word' id='word_1_141' title='bbox 1566 2186 1915 2240; x_wconf 83' lang='lat' dir='ltr'><strong>fermentum</strong></span> <span class='ocrx_word' id='word_1_142' title='bbox 1949 2187 2216 2257; x_wconf 87' lang='lat' dir='ltr'><strong>reprobet</strong></span> 
     </span>
    </p>
   </div>
   <div class='ocr_carea' id='block_1_23' title="bbox 571 2274 2215 2346">
    <p class='ocr_par' dir='ltr' id='par_1_23' title="bbox 571 2274 2215 2346">
     <span class='ocr_line' id='line_1_23' title="bbox 571 2274 2215 2346; baseline -0.004 -11"><span class='ocrx_word' id='word_1_143' title='bbox 571 2279 770 2335; x_wconf 84' lang='lat' dir='ltr'><strong>Latina</strong></span> <span class='ocrx_word' id='word_1_144' title='bbox 803 2276 1074 2341; x_wconf 82' lang='lat' dir='ltr'><strong>Ecclesia,</strong></span> <span class='ocrx_word' id='word_1_145' title='bbox 1109 2274 1385 2346; x_wconf 88' lang='lat' dir='ltr'><strong>sedquod</strong></span> <span class='ocrx_word' id='word_1_146' title='bbox 1424 2275 1638 2329; x_wconf 87' lang='lat' dir='ltr'><strong>Latinis</strong></span> <span class='ocrx_word' id='word_1_147' title='bbox 1684 2274 2022 2330; x_wconf 87' lang='lat' dir='ltr'><strong>hominibus</strong></span> <span class='ocrx_word' id='word_1_148' title='bbox 2054 2276 2215 2330; x_wconf 76' lang='lat' dir='ltr'><strong>nefas</strong></span> 
     </span>
    </p>
   </div>
   <div class='ocr_carea' id='block_1_24' title="bbox 571 2362 2214 2435">
    <p class='ocr_par' dir='ltr' id='par_1_24' title="bbox 571 2362 2214 2435">
     <span class='ocr_line' id='line_1_24' title="bbox 571 2362 2214 2435; baseline -0.004 -10"><span class='ocrx_word' id='word_1_149' title='bbox 571 2368 645 2425; x_wconf 83' lang='lat' dir='ltr'><strong>sit</strong></span> <span class='ocrx_word' id='word_1_150' title='bbox 674 2383 896 2423; x_wconf 85' lang='lat' dir='ltr'><strong>morem</strong></span> <span class='ocrx_word' id='word_1_151' title='bbox 928 2365 1198 2420; x_wconf 89' lang='lat' dir='ltr'><strong>Latinum</strong></span> <span class='ocrx_word' id='word_1_152' title='bbox 1244 2364 1299 2418; x_wconf 89' lang='lat' dir='ltr'><strong>in</strong></span> <span class='ocrx_word' id='word_1_153' title='bbox 1333 2380 1391 2418; x_wconf 89' lang='lat' dir='ltr'><strong>re</strong></span> <span class='ocrx_word' id='word_1_154' title='bbox 1422 2380 1587 2417; x_wconf 87' lang='lat' dir='ltr'><strong>sacra</strong></span> <span class='ocrx_word' id='word_1_155' title='bbox 1618 2362 1852 2418; x_wconf 90' lang='lat' dir='ltr'><strong>violare.</strong></span> <span class='ocrx_word' id='word_1_156' title='bbox 1895 2364 2214 2435; x_wconf 82' lang='lat' dir='ltr'><strong>Responsio</strong></span> 
     </span>
    </p>
   </div>
   <div class='ocr_carea' id='block_1_25' title="bbox 571 2451 2215 2527">
    <p class='ocr_par' dir='ltr' id='par_1_25' title="bbox 571 2451 2215 2527">
     <span class='ocr_line' id='line_1_25' title="bbox 571 2451 2215 2527; baseline -0.005 -12"><span class='ocrx_word' id='word_1_157' title='bbox 571 2457 694 2514; x_wconf 65' lang='lat' dir='ltr'><strong>haec</strong></span> <span class='ocrx_word' id='word_1_158' title='bbox 726 2455 910 2527; x_wconf 90' lang='lat' dir='ltr'><strong>aptari</strong></span> <span class='ocrx_word' id='word_1_159' title='bbox 944 2454 1119 2509; x_wconf 88' lang='lat' dir='ltr'><strong>etiam</strong></span> <span class='ocrx_word' id='word_1_160' title='bbox 1149 2456 1338 2524; x_wconf 85' lang='lat' dir='ltr'><strong>potest</strong></span> <span class='ocrx_word' id='word_1_161' title='bbox 1369 2451 1678 2519; x_wconf 81' lang='lat' dir='ltr'><strong>Armeniis,</strong></span> <span class='ocrx_word' id='word_1_162' title='bbox 1712 2453 1926 2524; x_wconf 78' lang='lat' dir='ltr'><strong>quibus</strong></span> <span class='ocrx_word' id='word_1_163' title='bbox 1948 2454 2215 2507; x_wconf 85' lang='lat' dir='ltr'><strong>eamdem</strong></span> 
     </span>
    </p>
   </div>
   <div class='ocr_carea' id='block_1_26' title="bbox 571 2542 2215 2613">
    <p class='ocr_par' dir='ltr' id='par_1_26' title="bbox 571 2542 2215 2613">
     <span class='ocr_line' id='line_1_26' title="bbox 571 2542 2215 2613; baseline -0.004 -8"><span class='ocrx_word' id='word_1_164' title='bbox 571 2548 645 2605; x_wconf 90' lang='lat' dir='ltr'><strong>ob</strong></span> <span class='ocrx_word' id='word_1_165' title='bbox 677 2562 917 2603; x_wconf 88' lang='lat' dir='ltr'><strong>causam</strong></span> <span class='ocrx_word' id='word_1_166' title='bbox 950 2549 1188 2599; x_wconf 88' lang='lat' dir='ltr'><strong>sanctus</strong></span> <span class='ocrx_word' id='word_1_167' title='bbox 1219 2542 1395 2597; x_wconf 72' lang='lat' dir='ltr'><strong>Nicon</strong></span> <span class='ocrx_word' id='word_1_168' title='bbox 1430 2559 1763 2613; x_wconf 76' lang='lat' dir='ltr'><strong>azymorum</strong></span> <span class='ocrx_word' id='word_1_169' title='bbox 1798 2559 1970 2597; x_wconf 89' lang='lat' dir='ltr'><strong>usum</strong></span> <span class='ocrx_word' id='word_1_170' title='bbox 2004 2542 2215 2598; x_wconf 68' lang='lat' dir='ltr'><strong>smculo</strong></span> 
     </span>
    </p>
   </div>
   <div class='ocr_carea' id='block_1_27' title="bbox 572 2631 1215 2705">
    <p class='ocr_par' dir='ltr' id='par_1_27' title="bbox 572 2631 1215 2705">
     <span class='ocr_line' id='line_1_27' title="bbox 572 2631 1215 2705; baseline -0.014 -11"><span class='ocrx_word' id='word_1_171' title='bbox 572 2638 797 2694; x_wconf 85' lang='lat' dir='ltr'><strong>decimo</strong></span> <span class='ocrx_word' id='word_1_172' title='bbox 830 2631 1215 2705; x_wconf 84' lang='lat' dir='ltr'><strong>exprobravit.</strong></span> 
     </span>
    </p>
   </div>
   <div class='ocr_carea' id='block_1_28' title="bbox 643 2720 2216 2791">
    <p class='ocr_par' dir='ltr' id='par_1_28' title="bbox 643 2720 2216 2791">
     <span class='ocr_line' id='line_1_28' title="bbox 643 2720 2216 2791; baseline -0.004 -9"><span class='ocrx_word' id='word_1_173' title='bbox 643 2725 905 2782; x_wconf 88' lang='lat' dir='ltr'><strong>Tertium</strong></span> <span class='ocrx_word' id='word_1_174' title='bbox 936 2726 1297 2777; x_wconf 82' lang='lat' dir='ltr'><strong>momentum</strong></span> <span class='ocrx_word' id='word_1_175' title='bbox 1317 2737 1418 2791; x_wconf 91' lang='lat' dir='ltr'><strong>pro</strong></span> <span class='ocrx_word' id='word_1_176' title='bbox 1436 2720 1780 2776; x_wconf 81' lang='lat' dir='ltr'><strong>fermentato</strong></span> <span class='ocrx_word' id='word_1_177' title='bbox 1803 2720 2133 2775; x_wconf 89' lang='lat' dir='ltr'><strong>desumitur</strong></span> <span class='ocrx_word' id='word_1_178' title='bbox 2148 2737 2216 2775; x_wconf 83' lang='lat' dir='ltr'><strong>ex</strong></span> 
     </span>
    </p>
   </div>
   <div class='ocr_carea' id='block_1_29' title="bbox 571 2810 2215 2881">
    <p class='ocr_par' dir='ltr' id='par_1_29' title="bbox 571 2810 2215 2881">
     <span class='ocr_line' id='line_1_29' title="bbox 571 2810 2215 2881; baseline -0.005 -8"><span class='ocrx_word' id='word_1_179' title='bbox 571 2815 677 2873; x_wconf 88' lang='lat' dir='ltr'><strong>lib.</strong></span> <span class='ocrx_word' id='word_1_180' title='bbox 712 2832 764 2871; x_wconf 87' lang='lat' dir='ltr'><strong>Iv</strong></span> <span class='ocrx_word' id='word_1_181' title='bbox 794 2812 1084 2869; x_wconf 87' lang='lat' dir='ltr'><strong>Ambrosii</strong></span> <span class='ocrx_word' id='word_1_182' title='bbox 1116 2811 1193 2866; x_wconf 86' lang='lat' dir='ltr'><strong>De</strong></span> <span class='ocrx_word' id='word_1_183' title='bbox 1228 2810 1765 2881; x_wconf 86' lang='lat' dir='ltr'><strong>sacramentis,cap.</strong></span> <span class='ocrx_word' id='word_1_184' title='bbox 1798 2810 1826 2863; x_wconf 72' lang='grc'>4</span> <span class='ocrx_word' id='word_1_185' title='bbox 1854 2828 1865 2864; x_wconf 91' lang='lat'>:</span> <span class='ocrx_word' id='word_1_186' title='bbox 1892 2833 1918 2857; x_wconf 89' lang='grc'><strong>‹‹</strong></span> <span class='ocrx_word' id='word_1_187' title='bbox 1952 2810 2036 2865; x_wconf 89' lang='lat' dir='ltr'><strong>Tn</strong></span> <span class='ocrx_word' id='word_1_188' title='bbox 2072 2811 2215 2865; x_wconf 84' lang='lat' dir='ltr'><strong>torte</strong></span> 
     </span>
    </p>
   </div>
   <div class='ocr_carea' id='block_1_30' title="bbox 571 2899 2217 2972">
    <p class='ocr_par' dir='ltr' id='par_1_30' title="bbox 571 2899 2217 2972">
     <span class='ocr_line' id='line_1_30' title="bbox 571 2899 2217 2972; baseline -0.005 -10"><span class='ocrx_word' id='word_1_189' title='bbox 571 2906 757 2962; x_wconf 88' lang='lat' dir='ltr'><strong>dicis:</strong></span> <span class='ocrx_word' id='word_1_190' title='bbox 794 2903 956 2959; x_wconf 83' lang='lat' dir='ltr'><strong>Meus</strong></span> <span class='ocrx_word' id='word_1_191' title='bbox 982 2901 1148 2972; x_wconf 87' lang='lat' dir='ltr'><strong>panis</strong></span> <span class='ocrx_word' id='word_1_192' title='bbox 1172 2904 1257 2954; x_wconf 85' lang='lat' dir='ltr'><strong>est</strong></span> <span class='ocrx_word' id='word_1_193' title='bbox 1291 2899 1682 2953; x_wconf 85' lang='lat' dir='ltr'><strong>usitatus.Sed</strong></span> <span class='ocrx_word' id='word_1_194' title='bbox 1714 2899 2217 2971; x_wconf 88' lang='lat' dir='ltr'><strong>panisiste,panis</strong></span> 
     </span>
    </p>
   </div>
   <div class='ocr_carea' id='block_1_31' title="bbox 570 2989 2215 3056">
    <p class='ocr_par' dir='ltr' id='par_1_31' title="bbox 570 2989 2215 3056">
     <span class='ocr_line' id='line_1_31' title="bbox 570 2989 2215 3056; baseline -0.005 -4"><span class='ocrx_word' id='word_1_195' title='bbox 570 2999 660 3051; x_wconf 87' lang='lat' dir='ltr'><strong>est</strong></span> <span class='ocrx_word' id='word_1_196' title='bbox 688 2998 823 3050; x_wconf 87' lang='lat' dir='ltr'><strong>ante</strong></span> <span class='ocrx_word' id='word_1_197' title='bbox 852 2992 1026 3048; x_wconf 90' lang='lat' dir='ltr'><strong>verba</strong></span> <span class='ocrx_word' id='word_1_198' title='bbox 1058 2993 1555 3044; x_wconf 71' lang='lat' dir='ltr'><strong>sacramentorum</strong></span> <span class='ocrx_word' id='word_1_199' title='bbox 1584 3007 1595 3056; x_wconf 91' lang='lat'>;</span> <span class='ocrx_word' id='word_1_200' title='bbox 1632 2989 1729 3043; x_wconf 87' lang='lat' dir='ltr'><strong>ubi</strong></span> <span class='ocrx_word' id='word_1_201' title='bbox 1754 2989 2062 3043; x_wconf 84' lang='lat' dir='ltr'><strong>accesserit</strong></span> <span class='ocrx_word' id='word_1_202' title='bbox 2083 3006 2215 3045; x_wconf 91' lang='lat' dir='ltr'><strong>con-</strong></span> 
     </span>
    </p>
   </div>
   <div class='ocr_carea' id='block_1_32' title="bbox 572 3077 2219 3151">
    <p class='ocr_par' dir='ltr' id='par_1_32' title="bbox 572 3077 2219 3151">
     <span class='ocr_line' id='line_1_32' title="bbox 572 3077 2219 3151; baseline -0.005 -11"><span class='ocrx_word' id='word_1_203' title='bbox 572 3081 917 3145; x_wconf 85' lang='lat' dir='ltr'><strong>secratio,de</strong></span> <span class='ocrx_word' id='word_1_204' title='bbox 952 3095 1098 3151; x_wconf 89' lang='lat' dir='ltr'><strong>pane</strong></span> <span class='ocrx_word' id='word_1_205' title='bbox 1132 3078 1194 3132; x_wconf 90' lang='lat' dir='ltr'><strong>ﬁt</strong></span> <span class='ocrx_word' id='word_1_206' title='bbox 1226 3094 1356 3132; x_wconf 86' lang='lat' dir='ltr'><strong>caro</strong></span> <span class='ocrx_word' id='word_1_207' title='bbox 1388 3077 1622 3133; x_wconf 84' lang='lat' dir='ltr'><strong>Christi.</strong></span> <span class='ocrx_word' id='word_1_208' title='bbox 1656 3102 1683 3127; x_wconf 90' lang='grc'><strong>››</strong></span> <span class='ocrx_word' id='word_1_209' title='bbox 1719 3078 1798 3133; x_wconf 80' lang='lat' dir='ltr'><strong>Ex</strong></span> <span class='ocrx_word' id='word_1_210' title='bbox 1822 3095 1933 3148; x_wconf 90' lang='lat' dir='ltr'><strong>quo</strong></span> <span class='ocrx_word' id='word_1_211' title='bbox 1958 3078 2219 3133; x_wconf 88' lang='lat' dir='ltr'><strong>Sirmun-</strong></span> 
     </span>
    </p>
   </div>
   <div class='ocr_carea' id='block_1_33' title="bbox 572 3165 2221 3244">
    <p class='ocr_par' dir='ltr' id='par_1_33' title="bbox 572 3165 2221 3244">
     <span class='ocr_line' id='line_1_33' title="bbox 572 3165 2221 3244; baseline -0.004 -15"><span class='ocrx_word' id='word_1_212' title='bbox 572 3174 685 3229; x_wconf 89' lang='lat' dir='ltr'><strong>dus</strong></span> <span class='ocrx_word' id='word_1_213' title='bbox 717 3170 946 3244; x_wconf 79' lang='lat' dir='ltr'><strong>arguit:</strong></span> <span class='ocrx_word' id='word_1_214' title='bbox 974 3168 1239 3239; x_wconf 76' lang='lat' dir='ltr'><strong>«Nempe</strong></span> <span class='ocrx_word' id='word_1_215' title='bbox 1262 3166 1359 3238; x_wconf 86' lang='lat' dir='ltr'><strong>qui</strong></span> <span class='ocrx_word' id='word_1_216' title='bbox 1388 3165 1671 3222; x_wconf 85' lang='lat' dir='ltr'><strong>usitatum</strong></span> <span class='ocrx_word' id='word_1_217' title='bbox 1706 3168 2043 3239; x_wconf 76' lang='lat' dir='ltr'><strong>mensisque</strong></span> <span class='ocrx_word' id='word_1_218' title='bbox 2084 3184 2221 3239; x_wconf 89' lang='lat' dir='ltr'><strong>quo-</strong></span> 
     </span>
    </p>
   </div>
   <div class='ocr_carea' id='block_1_34' title="bbox 571 3254 2220 3326">
    <p class='ocr_par' dir='ltr' id='par_1_34' title="bbox 571 3254 2220 3326">
     <span class='ocr_line' id='line_1_34' title="bbox 571 3254 2220 3326; baseline -0.004 -10"><span class='ocrx_word' id='word_1_219' title='bbox 571 3256 813 3317; x_wconf 85' lang='lat' dir='ltr'><strong>tidianis</strong></span> <span class='ocrx_word' id='word_1_220' title='bbox 841 3260 1188 3326; x_wconf 90' lang='lat' dir='ltr'><strong>usurpatum</strong></span> <span class='ocrx_word' id='word_1_221' title='bbox 1224 3270 1432 3326; x_wconf 82' lang='lat' dir='ltr'><strong>panem</strong></span> <span class='ocrx_word' id='word_1_222' title='bbox 1465 3254 1913 3326; x_wconf 82' lang='lat' dir='ltr'><strong>dicit,azymum</strong></span> <span class='ocrx_word' id='word_1_223' title='bbox 1938 3254 2095 3310; x_wconf 88' lang='lat' dir='ltr'><strong>haud</strong></span> <span class='ocrx_word' id='word_1_224' title='bbox 2118 3256 2220 3310; x_wconf 91' lang='lat' dir='ltr'><strong>du-</strong></span> 
     </span>
    </p>
   </div>
   <div class='ocr_carea' id='block_1_35' title="bbox 571 3344 1200 3417">
    <p class='ocr_par' dir='ltr' id='par_1_35' title="bbox 571 3344 1200 3417">
     <span class='ocr_line' id='line_1_35' title="bbox 571 3344 1200 3417; baseline -0.016 -11"><span class='ocrx_word' id='word_1_225' title='bbox 571 3348 669 3405; x_wconf 87' lang='lat' dir='ltr'><strong>bie</strong></span> <span class='ocrx_word' id='word_1_226' title='bbox 697 3364 812 3403; x_wconf 91' lang='lat' dir='ltr'><strong>non</strong></span> <span class='ocrx_word' id='word_1_227' title='bbox 834 3344 1144 3417; x_wconf 89' lang='lat' dir='ltr'><strong>signiﬁcat.</strong></span> <span class='ocrx_word' id='word_1_228' title='bbox 1174 3366 1200 3390; x_wconf 89' lang='grc'><strong>››</strong></span> 
     </span>
    </p>
   </div>
   <div class='ocr_carea' id='block_1_36' title="bbox 644 3431 2217 3507">
    <p class='ocr_par' dir='ltr' id='par_1_36' title="bbox 644 3431 2217 3507">
     <span class='ocr_line' id='line_1_36' title="bbox 644 3431 2217 3507; baseline -0.001 -15"><span class='ocrx_word' id='word_1_229' title='bbox 644 3440 720 3492; x_wconf 76' lang='lat' dir='ltr'><strong>At</strong></span> <span class='ocrx_word' id='word_1_230' title='bbox 751 3451 938 3507; x_wconf 88' lang='lat' dir='ltr'><strong>neque</strong></span> <span class='ocrx_word' id='word_1_231' title='bbox 970 3433 1405 3489; x_wconf 83' lang='lat' dir='ltr'><strong>fermentatum.</strong></span> <span class='ocrx_word' id='word_1_232' title='bbox 1442 3431 1667 3488; x_wconf 82' lang='lat' dir='ltr'><strong>Etenim</strong></span> <span class='ocrx_word' id='word_1_233' title='bbox 1696 3434 1957 3489; x_wconf 74' lang='lat' dir='ltr'><strong>usitatum</strong></span> <span class='ocrx_word' id='word_1_234' title='bbox 2006 3452 2217 3507; x_wconf 87' lang='lat' dir='ltr'><strong>panem</strong></span> 
     </span>
    </p>
   </div>
   <div class='ocr_carea' id='block_1_37' title="bbox 571 3521 2219 3597">
    <p class='ocr_par' dir='ltr' id='par_1_37' title="bbox 571 3521 2219 3597">
     <span class='ocr_line' id='line_1_37' title="bbox 571 3521 2219 3597; baseline -0.001 -14"><span class='ocrx_word' id='word_1_235' title='bbox 571 3530 739 3585; x_wconf 83' lang='lat' dir='ltr'><strong>vocat</strong></span> <span class='ocrx_word' id='word_1_236' title='bbox 768 3521 1135 3589; x_wconf 85' lang='lat' dir='ltr'><strong>Ambrosius,</strong></span> <span class='ocrx_word' id='word_1_237' title='bbox 1171 3539 1284 3577; x_wconf 91' lang='lat' dir='ltr'><strong>non</strong></span> <span class='ocrx_word' id='word_1_238' title='bbox 1314 3525 1603 3592; x_wconf 81' lang='lat' dir='ltr'><strong>quatenus</strong></span> <span class='ocrx_word' id='word_1_239' title='bbox 1634 3539 1854 3594; x_wconf 82' lang='lat' dir='ltr'><strong>azymo,</strong></span> <span class='ocrx_word' id='word_1_240' title='bbox 1879 3524 1979 3578; x_wconf 88' lang='lat' dir='ltr'><strong>sed</strong></span> <span class='ocrx_word' id='word_1_241' title='bbox 2012 3530 2219 3597; x_wconf 89' lang='lat' dir='ltr'><strong>quate-</strong></span> 
     </span>
    </p>
   </div>
   <div class='ocr_carea' id='block_1_38' title="bbox 570 3610 2218 3685">
    <p class='ocr_par' dir='ltr' id='par_1_38' title="bbox 570 3610 2218 3685">
     <span class='ocr_line' id='line_1_38' title="bbox 570 3610 2218 3685; baseline -0.002 -12"><span class='ocrx_word' id='word_1_242' title='bbox 570 3632 687 3674; x_wconf 88' lang='lat' dir='ltr'><strong>nus</strong></span> <span class='ocrx_word' id='word_1_243' title='bbox 715 3610 1137 3679; x_wconf 89' lang='lat' dir='ltr'><strong>consecrato,id</strong></span> <span class='ocrx_word' id='word_1_244' title='bbox 1167 3616 1254 3666; x_wconf 87' lang='lat' dir='ltr'><strong>est</strong></span> <span class='ocrx_word' id='word_1_245' title='bbox 1283 3610 1507 3682; x_wconf 89' lang='lat' dir='ltr'><strong>corpori</strong></span> <span class='ocrx_word' id='word_1_246' title='bbox 1540 3610 1752 3666; x_wconf 91' lang='lat' dir='ltr'><strong>Christi</strong></span> <span class='ocrx_word' id='word_1_247' title='bbox 1785 3612 2119 3685; x_wconf 88' lang='lat' dir='ltr'><strong>opponitur,</strong></span> <span class='ocrx_word' id='word_1_248' title='bbox 2155 3619 2218 3671; x_wconf 91' lang='lat' dir='ltr'><strong>ut</strong></span> 
     </span>
    </p>
   </div>
   <div class='ocr_carea' id='block_1_39' title="bbox 568 3699 1600 3772">
    <p class='ocr_par' dir='ltr' id='par_1_39' title="bbox 568 3699 1600 3772">
     <span class='ocr_line' id='line_1_39' title="bbox 568 3699 1600 3772; baseline -0.004 -11"><span class='ocrx_word' id='word_1_249' title='bbox 568 3703 741 3761; x_wconf 87' lang='lat' dir='ltr'><strong>lectio</strong></span> <span class='ocrx_word' id='word_1_250' title='bbox 773 3703 1084 3758; x_wconf 84' lang='lat' dir='ltr'><strong>verborum</strong></span> <span class='ocrx_word' id='word_1_251' title='bbox 1107 3699 1235 3772; x_wconf 91' lang='lat' dir='ltr'><strong>ipsa</strong></span> <span class='ocrx_word' id='word_1_252' title='bbox 1266 3699 1600 3770; x_wconf 88' lang='lat' dir='ltr'><strong>persuadet.</strong></span> 
     </span>
    </p>
   </div>
   <div class='ocr_carea' id='block_1_40' title="bbox 640 3789 2215 3863">
    <p class='ocr_par' dir='ltr' id='par_1_40' title="bbox 640 3789 2215 3863">
     <span class='ocr_line' id='line_1_40' title="bbox 640 3789 2215 3863; baseline 0.001 -15"><span class='ocrx_word' id='word_1_253' title='bbox 640 3794 815 3848; x_wconf 89' lang='lat' dir='ltr'><strong>Porro</strong></span> <span class='ocrx_word' id='word_1_254' title='bbox 842 3805 1081 3863; x_wconf 87' lang='lat' dir='ltr'><strong>azymus</strong></span> <span class='ocrx_word' id='word_1_255' title='bbox 1107 3790 1276 3863; x_wconf 89' lang='lat' dir='ltr'><strong>panis</strong></span> <span class='ocrx_word' id='word_1_256' title='bbox 1298 3789 1471 3844; x_wconf 88' lang='lat' dir='ltr'><strong>etiam</strong></span> <span class='ocrx_word' id='word_1_257' title='bbox 1496 3790 1827 3844; x_wconf 90' lang='lat' dir='ltr'><strong>communis</strong></span> <span class='ocrx_word' id='word_1_258' title='bbox 1850 3808 1949 3845; x_wconf 88' lang='lat' dir='ltr'><strong>seu</strong></span> <span class='ocrx_word' id='word_1_259' title='bbox 1966 3792 2215 3850; x_wconf 88' lang='lat' dir='ltr'><strong>usitatus</strong></span> 
     </span>
    </p>
   </div>
   <div class='ocr_carea' id='block_1_41' title="bbox 565 3877 2213 3956">
    <p class='ocr_par' dir='ltr' id='par_1_41' title="bbox 565 3877 2213 3956">
     <span class='ocr_line' id='line_1_41' title="bbox 565 3877 2213 3956; baseline -0.001 -16"><span class='ocrx_word' id='word_1_260' title='bbox 565 3881 680 3940; x_wconf 89' lang='lat' dir='ltr'><strong>dici</strong></span> <span class='ocrx_word' id='word_1_261' title='bbox 712 3882 927 3956; x_wconf 86' lang='lat' dir='ltr'><strong>potest,</strong></span> <span class='ocrx_word' id='word_1_262' title='bbox 958 3894 1093 3934; x_wconf 91' lang='lat' dir='ltr'><strong>cum</strong></span> <span class='ocrx_word' id='word_1_263' title='bbox 1129 3878 1395 3949; x_wconf 88' lang='lat' dir='ltr'><strong>ejusdem</strong></span> <span class='ocrx_word' id='word_1_264' title='bbox 1447 3879 1702 3933; x_wconf 74' lang='lat' dir='ltr'><strong>materias</strong></span> <span class='ocrx_word' id='word_1_265' title='bbox 1751 3877 1827 3934; x_wconf 87' lang='lat' dir='ltr'><strong>sit</strong></span> <span class='ocrx_word' id='word_1_266' title='bbox 1882 3897 2015 3936; x_wconf 90' lang='lat' dir='ltr'><strong>cum</strong></span> <span class='ocrx_word' id='word_1_267' title='bbox 2066 3898 2213 3953; x_wconf 89' lang='lat' dir='ltr'><strong>pane</strong></span> 
     </span>
    </p>
   </div>
   <div class='ocr_carea' id='block_1_42' title="bbox 565 3968 2209 4039">
    <p class='ocr_par' dir='ltr' id='par_1_42' title="bbox 565 3968 2209 4039">
     <span class='ocr_line' id='line_1_42' title="bbox 565 3968 2209 4039; baseline 0.001 -10"><span class='ocrx_word' id='word_1_268' title='bbox 565 3972 934 4029; x_wconf 81' lang='lat' dir='ltr'><strong>fermentato.</strong></span> <span class='ocrx_word' id='word_1_269' title='bbox 968 3972 1131 4023; x_wconf 85' lang='lat' dir='ltr'><strong>Certe</strong></span> <span class='ocrx_word' id='word_1_270' title='bbox 1163 3968 1455 4039; x_wconf 78' lang='lat' dir='ltr'><strong>Rupertus</strong></span> <span class='ocrx_word' id='word_1_271' title='bbox 1488 3969 1668 4025; x_wconf 82' lang='lat' dir='ltr'><strong>abbas</strong></span> <span class='ocrx_word' id='word_1_272' title='bbox 1691 3970 2007 4029; x_wconf 88' lang='lat' dir='ltr'><strong>Tuitiensis</strong></span> <span class='ocrx_word' id='word_1_273' title='bbox 2030 3971 2209 4030; x_wconf 90' lang='lat' dir='ltr'><strong>inlib.</strong></span> 
     </span>
    </p>
   </div>
   <div class='ocr_carea' id='block_1_43' title="bbox 565 4058 2211 4133">
    <p class='ocr_par' dir='ltr' id='par_1_43' title="bbox 565 4058 2211 4133">
     <span class='ocr_line' id='line_1_43' title="bbox 565 4058 2211 4133; baseline 0 -15"><span class='ocrx_word' id='word_1_274' title='bbox 565 4076 651 4129; x_wconf 82' lang='grc' dir='ltr'><strong>ιιι,</strong></span> <span class='ocrx_word' id='word_1_275' title='bbox 681 4059 752 4116; x_wconf 90' lang='lat' dir='ltr'><strong>de</strong></span> <span class='ocrx_word' id='word_1_276' title='bbox 777 4058 1035 4131; x_wconf 87' lang='lat' dir='ltr'><strong>Spiritus</strong></span> <span class='ocrx_word' id='word_1_277' title='bbox 1068 4058 1254 4112; x_wconf 88' lang='lat' dir='ltr'><strong>sancti</strong></span> <span class='ocrx_word' id='word_1_278' title='bbox 1279 4058 1723 4133; x_wconf 89' lang='lat' dir='ltr'><strong>Operibus,cap.</strong></span> <span class='ocrx_word' id='word_1_279' title='bbox 1756 4060 2070 4127; x_wconf 81' lang='lat' dir='ltr'><strong>21,eodem</strong></span> <span class='ocrx_word' id='word_1_280' title='bbox 2094 4062 2211 4119; x_wconf 84' lang='lat' dir='ltr'><strong>fere</strong></span> 
     </span>
    </p>
   </div>
   <div class='ocr_carea' id='block_1_44' title="bbox 564 4146 2210 4225">
    <p class='ocr_par' dir='ltr' id='par_1_44' title="bbox 564 4146 2210 4225">
     <span class='ocr_line' id='line_1_44' title="bbox 564 4146 2210 4225; baseline 0.001 -18"><span class='ocrx_word' id='word_1_281' title='bbox 564 4150 738 4207; x_wconf 91' lang='lat' dir='ltr'><strong>modo</strong></span> <span class='ocrx_word' id='word_1_282' title='bbox 768 4164 882 4221; x_wconf 89' lang='lat' dir='ltr'><strong>quo</strong></span> <span class='ocrx_word' id='word_1_283' title='bbox 910 4162 1084 4219; x_wconf 87' lang='lat' dir='ltr'><strong>supra</strong></span> <span class='ocrx_word' id='word_1_284' title='bbox 1108 4148 1453 4203; x_wconf 77' lang='lat' dir='ltr'><strong>Ambrosius</strong></span> <span class='ocrx_word' id='word_1_285' title='bbox 1472 4146 1729 4221; x_wconf 89' lang='lat' dir='ltr'><strong>loquitur</strong></span> <span class='ocrx_word' id='word_1_286' title='bbox 1748 4148 1815 4204; x_wconf 91' lang='lat' dir='ltr'><strong>de</strong></span> <span class='ocrx_word' id='word_1_287' title='bbox 1841 4166 1988 4221; x_wconf 90' lang='lat' dir='ltr'><strong>pane</strong></span> <span class='ocrx_word' id='word_1_288' title='bbox 2009 4168 2210 4225; x_wconf 85' lang='lat' dir='ltr'><strong>azymo</strong></span> 
     </span>
    </p>
   </div>
   <div class='ocr_carea' id='block_1_45' title="bbox 562 4234 2207 4311">
    <p class='ocr_par' dir='ltr' id='par_1_45' title="bbox 562 4234 2207 4311">
     <span class='ocr_line' id='line_1_45' title="bbox 562 4234 2207 4311; baseline 0.001 -17"><span class='ocrx_word' id='word_1_289' title='bbox 562 4253 738 4311; x_wconf 89' lang='lat' dir='ltr'><strong>quem</strong></span> <span class='ocrx_word' id='word_1_290' title='bbox 768 4236 1034 4293; x_wconf 88' lang='lat' dir='ltr'><strong>Christus</strong></span> <span class='ocrx_word' id='word_1_291' title='bbox 1056 4236 1114 4291; x_wconf 90' lang='lat' dir='ltr'><strong>in</strong></span> <span class='ocrx_word' id='word_1_292' title='bbox 1137 4234 1345 4291; x_wconf 90' lang='lat' dir='ltr'><strong>ultima</strong></span> <span class='ocrx_word' id='word_1_293' title='bbox 1367 4253 1529 4292; x_wconf 84' lang='lat' dir='ltr'><strong>ccena</strong></span> <span class='ocrx_word' id='word_1_294' title='bbox 1550 4239 2207 4309; x_wconf 75' lang='lat' dir='ltr'><strong>consecravit.¢Panem,</strong></span> 
     </span>
    </p>
   </div>
   <div class='ocr_carea' id='block_1_46' title="bbox 561 4325 2207 4402">
    <p class='ocr_par' dir='ltr' id='par_1_46' title="bbox 561 4325 2207 4402">
     <span class='ocr_line' id='line_1_46' title="bbox 561 4325 2207 4402; baseline 0.002 -20"><span class='ocrx_word' id='word_1_295' title='bbox 561 4326 1153 4399; x_wconf 89' lang='lat' dir='ltr'><strong>inquit,communem</strong></span> <span class='ocrx_word' id='word_1_296' title='bbox 1176 4325 1522 4398; x_wconf 85' lang='lat' dir='ltr'><strong>acccpit;sed</strong></span> <span class='ocrx_word' id='word_1_297' title='bbox 1548 4327 2125 4402; x_wconf 83' lang='lat' dir='ltr'><strong>benedicendolonge</strong></span> <span class='ocrx_word' id='word_1_298' title='bbox 2149 4331 2207 4386; x_wconf 91' lang='lat' dir='ltr'><strong>in</strong></span> 
     </span>
    </p>
   </div>
   <div class='ocr_carea' id='block_1_47' title="bbox 562 4410 2210 4489">
    <p class='ocr_par' dir='ltr' id='par_1_47' title="bbox 562 4410 2210 4489">
     <span class='ocr_line' id='line_1_47' title="bbox 562 4410 2210 4489; baseline 0.002 -17"><span class='ocrx_word' id='word_1_299' title='bbox 562 4410 721 4472; x_wconf 83' lang='lat' dir='ltr'><strong>aliud</strong></span> <span class='ocrx_word' id='word_1_300' title='bbox 751 4430 928 4489; x_wconf 85' lang='lat' dir='ltr'><strong>quam</strong></span> <span class='ocrx_word' id='word_1_301' title='bbox 963 4413 1150 4469; x_wconf 79' lang='lat' dir='ltr'><strong>fuerat</strong></span> <span class='ocrx_word' id='word_1_302' title='bbox 1179 4416 1645 4470; x_wconf 80' lang='lat' dir='ltr'><strong>transmutavit.»</strong></span> <span class='ocrx_word' id='word_1_303' title='bbox 1680 4418 1760 4471; x_wconf 84' lang='lat' dir='ltr'><strong>En</strong></span> <span class='ocrx_word' id='word_1_304' title='bbox 1782 4420 1953 4488; x_wconf 90' lang='lat' dir='ltr'><strong>panis</strong></span> <span class='ocrx_word' id='word_1_305' title='bbox 1974 4436 2210 4475; x_wconf 78' lang='lat' dir='ltr'><strong>commu-</strong></span> 
     </span>
    </p>
   </div>
   <div class='ocr_carea' id='block_1_48' title="bbox 558 4503 2208 4579">
    <p class='ocr_par' dir='ltr' id='par_1_48' title="bbox 558 4503 2208 4579">
     <span class='ocr_line' id='line_1_48' title="bbox 558 4503 2208 4579; baseline 0.002 -19"><span class='ocrx_word' id='word_1_306' title='bbox 558 4506 648 4577; x_wconf 71' lang='lat' dir='ltr'><strong>nis</strong></span> <span class='ocrx_word' id='word_1_307' title='bbox 679 4503 895 4579; x_wconf 88' lang='lat' dir='ltr'><strong>dicitur</strong></span> <span class='ocrx_word' id='word_1_308' title='bbox 915 4504 1277 4577; x_wconf 85' lang='lat' dir='ltr'><strong>aRupertois</strong></span> <span class='ocrx_word' id='word_1_309' title='bbox 1299 4521 1414 4575; x_wconf 89' lang='lat' dir='ltr'><strong>quo</strong></span> <span class='ocrx_word' id='word_1_310' title='bbox 1436 4504 1699 4561; x_wconf 87' lang='lat' dir='ltr'><strong>Christus</strong></span> <span class='ocrx_word' id='word_1_311' title='bbox 1726 4506 1786 4561; x_wconf 92' lang='lat' dir='ltr'><strong>in</strong></span> <span class='ocrx_word' id='word_1_312' title='bbox 1813 4506 2023 4563; x_wconf 88' lang='lat' dir='ltr'><strong>ultima</strong></span> <span class='ocrx_word' id='word_1_313' title='bbox 2044 4526 2208 4564; x_wconf 82' lang='lat' dir='ltr'><strong>ccena</strong></span> 
     </span>
    </p>
   </div>
   <div class='ocr_carea' id='block_1_49' title="bbox 558 4590 2208 4671">
    <p class='ocr_par' dir='ltr' id='par_1_49' title="bbox 558 4590 2208 4671">
     <span class='ocr_line' id='line_1_49' title="bbox 558 4590 2208 4671; baseline 0.002 -20"><span class='ocrx_word' id='word_1_314' title='bbox 558 4608 707 4671; x_wconf 84' lang='lat' dir='ltr'><strong>usus</strong></span> <span class='ocrx_word' id='word_1_315' title='bbox 736 4590 863 4661; x_wconf 81' lang='lat' dir='ltr'><strong>est;</strong></span> <span class='ocrx_word' id='word_1_316' title='bbox 899 4592 1000 4666; x_wconf 88' lang='lat' dir='ltr'><strong>qui</strong></span> <span class='ocrx_word' id='word_1_317' title='bbox 1033 4592 1158 4648; x_wconf 86' lang='lat' dir='ltr'><strong>sine</strong></span> <span class='ocrx_word' id='word_1_318' title='bbox 1188 4593 1366 4649; x_wconf 89' lang='lat' dir='ltr'><strong>dubio</strong></span> <span class='ocrx_word' id='word_1_319' title='bbox 1398 4594 1455 4649; x_wconf 92' lang='lat' dir='ltr'><strong>in</strong></span> <span class='ocrx_word' id='word_1_320' title='bbox 1486 4594 1727 4666; x_wconf 85' lang='lat' dir='ltr'><strong>Ruperti</strong></span> <span class='ocrx_word' id='word_1_321' title='bbox 1776 4598 2065 4653; x_wconf 88' lang='lat' dir='ltr'><strong>sententia</strong></span> <span class='ocrx_word' id='word_1_322' title='bbox 2096 4598 2208 4655; x_wconf 78' lang='lat' dir='ltr'><strong>fuit</strong></span> 
     </span>
    </p>
   </div>
   <div class='ocr_carea' id='block_1_50' title="bbox 554 4682 1029 4739">
    <p class='ocr_par' dir='ltr' id='par_1_50' title="bbox 554 4682 1029 4739">
     <span class='ocr_line' id='line_1_50' title="bbox 554 4682 1029 4739; baseline -0.006 1"><span class='ocrx_word' id='word_1_323' title='bbox 554 4682 1029 4739; x_wconf 78' lang='lat' dir='ltr'><strong>infermentatus.</strong></span> 
     </span>
    </p>
   </div>
   <div class='ocr_carea' id='block_1_51' title="bbox 626 4770 2205 4841">
    <p class='ocr_par' dir='ltr' id='par_1_51' title="bbox 626 4770 2205 4841">
     <span class='ocr_line' id='line_1_51' title="bbox 626 4770 2205 4841; baseline 0.003 -14"><span class='ocrx_word' id='word_1_324' title='bbox 626 4770 912 4841; x_wconf 82' lang='lat' dir='ltr'><strong>Quartum</strong></span> <span class='ocrx_word' id='word_1_325' title='bbox 944 4775 1359 4841; x_wconf 81' lang='lat' dir='ltr'><strong>argumentum</strong></span> <span class='ocrx_word' id='word_1_326' title='bbox 1391 4785 1460 4826; x_wconf 81' lang='lat' dir='ltr'><strong>ex</strong></span> <span class='ocrx_word' id='word_1_327' title='bbox 1504 4788 1722 4828; x_wconf 89' lang='lat' dir='ltr'><strong>canone</strong></span> <span class='ocrx_word' id='word_1_328' title='bbox 1771 4777 1930 4831; x_wconf 79' lang='lat' dir='ltr'><strong>sexto</strong></span> <span class='ocrx_word' id='word_1_329' title='bbox 1978 4776 2205 4832; x_wconf 85' lang='lat' dir='ltr'><strong>concilii</strong></span> 
     </span>
    </p>
   </div>
   <div class='ocr_carea' id='block_1_52' title="bbox 550 4850 2201 4938">
    <p class='ocr_par' dir='ltr' id='par_1_52' title="bbox 550 4850 2201 4938">
     <span class='ocr_line' id='line_1_52' title="bbox 550 4850 2201 4938; baseline 0.003 -21"><span class='ocrx_word' id='word_1_330' title='bbox 550 4873 650 4917; x_wconf 76' lang='lat' dir='ltr'><strong>1m</strong></span> <span class='ocrx_word' id='word_1_331' title='bbox 680 4850 946 4917; x_wconf 84' lang='lat' dir='ltr'><strong>Toletani</strong></span> <span class='ocrx_word' id='word_1_332' title='bbox 978 4860 1248 4932; x_wconf 89' lang='lat' dir='ltr'><strong>petitum,</strong></span> <span class='ocrx_word' id='word_1_333' title='bbox 1282 4877 1397 4916; x_wconf 92' lang='lat' dir='ltr'><strong>non</strong></span> <span class='ocrx_word' id='word_1_334' title='bbox 1430 4861 1602 4917; x_wconf 93' lang='lat' dir='ltr'><strong>modo</strong></span> <span class='ocrx_word' id='word_1_335' title='bbox 1625 4862 1770 4918; x_wconf 87' lang='lat' dir='ltr'><strong>nihil</strong></span> <span class='ocrx_word' id='word_1_336' title='bbox 1805 4880 1910 4938; x_wconf 90' lang='lat' dir='ltr'><strong>pro</strong></span> <span class='ocrx_word' id='word_1_337' title='bbox 1943 4881 2054 4920; x_wconf 90' lang='lat' dir='ltr'><strong>usu</strong></span> <span class='ocrx_word' id='word_1_338' title='bbox 2088 4866 2201 4922; x_wconf 82' lang='lat' dir='ltr'><strong>fer-</strong></span> 
     </span>
    </p>
   </div>
   <div class='ocr_carea' id='block_1_53' title="bbox 550 4947 2200 5027">
    <p class='ocr_par' dir='ltr' id='par_1_53' title="bbox 550 4947 2200 5027">
     <span class='ocr_line' id='line_1_53' title="bbox 550 4947 2200 5027; baseline 0.003 -20"><span class='ocrx_word' id='word_1_339' title='bbox 550 4948 758 5016; x_wconf 87' lang='lat' dir='ltr'><strong>menti,</strong></span> <span class='ocrx_word' id='word_1_340' title='bbox 791 4947 893 5007; x_wconf 89' lang='lat' dir='ltr'><strong>sed</strong></span> <span class='ocrx_word' id='word_1_341' title='bbox 926 4950 1180 5006; x_wconf 83' lang='lat' dir='ltr'><strong>maxime</strong></span> <span class='ocrx_word' id='word_1_342' title='bbox 1208 4966 1311 5022; x_wconf 91' lang='lat' dir='ltr'><strong>pro</strong></span> <span class='ocrx_word' id='word_1_343' title='bbox 1338 4967 1539 5024; x_wconf 88' lang='lat' dir='ltr'><strong>azymo</strong></span> <span class='ocrx_word' id='word_1_344' title='bbox 1570 4951 1759 5008; x_wconf 87' lang='lat' dir='ltr'><strong>valere</strong></span> <span class='ocrx_word' id='word_1_345' title='bbox 1801 4954 2075 5027; x_wconf 89' lang='lat' dir='ltr'><strong>superius</strong></span> <span class='ocrx_word' id='word_1_346' title='bbox 2108 4973 2200 5012; x_wconf 87' lang='lat' dir='ltr'><strong>os-</strong></span> 
     </span>
    </p>
   </div>
   <div class='ocr_carea' id='block_1_54' title="bbox 551 5036 735 5095">
    <p class='ocr_par' dir='ltr' id='par_1_54' title="bbox 551 5036 735 5095">
     <span class='ocr_line' id='line_1_54' title="bbox 551 5036 735 5095; baseline -0.011 0"><span class='ocrx_word' id='word_1_347' title='bbox 551 5036 735 5095; x_wconf 87' lang='lat' dir='ltr'><strong>tendi.</strong></span> 
     </span>
    </p>
   </div>
   <div class='ocr_carea' id='block_1_55' title="bbox 618 5126 2196 5202">
    <p class='ocr_par' dir='ltr' id='par_1_55' title="bbox 618 5126 2196 5202">
     <span class='ocr_line' id='line_1_55' title="bbox 618 5126 2196 5202; baseline 0.004 -19"><span class='ocrx_word' id='word_1_348' title='bbox 618 5126 902 5194; x_wconf 81' lang='lat' dir='ltr'><strong>Quintum</strong></span> <span class='ocrx_word' id='word_1_349' title='bbox 934 5128 1317 5202; x_wconf 83' lang='lat' dir='ltr'><strong>suppeditant</strong></span> <span class='ocrx_word' id='word_1_350' title='bbox 1348 5128 1906 5199; x_wconf 83' lang='lat' dir='ltr'><strong>Melchiadis,Siricii</strong></span> <span class='ocrx_word' id='word_1_351' title='bbox 1932 5137 1993 5189; x_wconf 88' lang='lat' dir='ltr'><strong>et</strong></span> <span class='ocrx_word' id='word_1_352' title='bbox 2022 5133 2196 5191; x_wconf 89' lang='lat' dir='ltr'><strong>Inno-</strong></span> 
     </span>
    </p>
   </div>
   <div class='ocr_carea' id='block_1_56' title="bbox 546 5215 2204 5291">
    <p class='ocr_par' dir='ltr' id='par_1_56' title="bbox 546 5215 2204 5291">
     <span class='ocr_line' id='line_1_56' title="bbox 546 5215 2204 5291; baseline 0.004 -16"><span class='ocrx_word' id='word_1_353' title='bbox 546 5215 724 5275; x_wconf 87' lang='lat' dir='ltr'><strong>centii</strong></span> <span class='ocrx_word' id='word_1_354' title='bbox 753 5219 1150 5275; x_wconf 82' lang='lat' dir='ltr'><strong>Romanorum</strong></span> <span class='ocrx_word' id='word_1_355' title='bbox 1170 5220 1511 5291; x_wconf 89' lang='lat' dir='ltr'><strong>pontiﬁcum</strong></span> <span class='ocrx_word' id='word_1_356' title='bbox 1529 5220 1860 5277; x_wconf 88' lang='lat' dir='ltr'><strong>decreta.De</strong></span> <span class='ocrx_word' id='word_1_357' title='bbox 1883 5222 2204 5281; x_wconf 88' lang='lat' dir='ltr'><strong>Melchiade</strong></span> 
     </span>
    </p>
   </div>
   <div class='ocr_carea' id='block_1_57' title="bbox 545 5292 2201 5381">
    <p class='ocr_par' dir='ltr' id='par_1_57' title="bbox 545 5292 2201 5381">
     <span class='ocr_line' id='line_1_57' title="bbox 545 5292 2201 5381; baseline 0.004 -17"><span class='ocrx_word' id='word_1_358' title='bbox 545 5306 671 5364; x_wconf 75' lang='lat' dir='ltr'><strong>haec</strong></span> <span class='ocrx_word' id='word_1_359' title='bbox 701 5292 761 5362; x_wconf 83' lang='lat' dir='ltr'><strong>in</strong></span> <span class='ocrx_word' id='word_1_360' title='bbox 793 5306 921 5381; x_wconf 90' lang='lat' dir='ltr'><strong>ejus</strong></span> <span class='ocrx_word' id='word_1_361' title='bbox 945 5305 1080 5364; x_wconf 87' lang='lat' dir='ltr'><strong>Vita</strong></span> <span class='ocrx_word' id='word_1_362' title='bbox 1109 5307 1425 5381; x_wconf 88' lang='lat' dir='ltr'><strong>leguntur:</strong></span> <span class='ocrx_word' id='word_1_363' title='bbox 1457 5332 1477 5361; x_wconf 78' lang='grc' dir='ltr'><strong>ι</strong></span> <span class='ocrx_word' id='word_1_364' title='bbox 1507 5309 1609 5365; x_wconf 89' lang='lat' dir='ltr'><strong>Hic</strong></span> <span class='ocrx_word' id='word_1_365' title='bbox 1632 5310 1772 5365; x_wconf 87' lang='lat' dir='ltr'><strong>fecit</strong></span> <span class='ocrx_word' id='word_1_366' title='bbox 1795 5316 1858 5367; x_wconf 90' lang='lat' dir='ltr'><strong>ut</strong></span> <span class='ocrx_word' id='word_1_367' title='bbox 1878 5311 2201 5370; x_wconf 85' lang='lat' dir='ltr'><strong>oblationes</strong></span> 
     </span>
    </p>
   </div>
   <div class='ocr_carea' id='block_1_58' title="bbox 545 5397 2200 5478">
    <p class='ocr_par' dir='ltr' id='par_1_58' title="bbox 545 5397 2200 5478">
     <span class='ocr_line' id='line_1_58' title="bbox 545 5397 2200 5478; baseline 0.003 -25"><span class='ocrx_word' id='word_1_368' title='bbox 545 5401 901 5453; x_wconf 70' lang='lat' dir='ltr'><strong>consecrata:</strong></span> <span class='ocrx_word' id='word_1_369' title='bbox 960 5414 1065 5472; x_wconf 90' lang='lat' dir='ltr'><strong>per</strong></span> <span class='ocrx_word' id='word_1_370' title='bbox 1112 5397 1399 5455; x_wconf 77' lang='lat' dir='ltr'><strong>Ecclesiae</strong></span> <span class='ocrx_word' id='word_1_371' title='bbox 1442 5417 1511 5455; x_wconf 80' lang='lat' dir='ltr'><strong>ex</strong></span> <span class='ocrx_word' id='word_1_372' title='bbox 1558 5406 1897 5457; x_wconf 79' lang='lat' dir='ltr'><strong>consecrata</strong></span> <span class='ocrx_word' id='word_1_373' title='bbox 1942 5402 2200 5478; x_wconf 84' lang='lat' dir='ltr'><strong>episcopi</strong></span> 
     </span>
    </p>
   </div>
   <div class='ocr_carea' id='block_1_59' title="bbox 543 5484 2199 5560">
    <p class='ocr_par' dir='ltr' id='par_1_59' title="bbox 543 5484 2199 5560">
     <span class='ocr_line' id='line_1_59' title="bbox 543 5484 2199 5560; baseline 0.004 -18"><span class='ocrx_word' id='word_1_374' title='bbox 543 5484 965 5560; x_wconf 81' lang='lat' dir='ltr'><strong>dirigerentur,</strong></span> <span class='ocrx_word' id='word_1_375' title='bbox 994 5488 1149 5560; x_wconf 90' lang='lat' dir='ltr'><strong>quod</strong></span> <span class='ocrx_word' id='word_1_376' title='bbox 1182 5487 1515 5545; x_wconf 86' lang='lat' dir='ltr'><strong>declaratur</strong></span> <span class='ocrx_word' id='word_1_377' title='bbox 1561 5489 1934 5547; x_wconf 74' lang='lat' dir='ltr'><strong>fermentum.</strong></span> <span class='ocrx_word' id='word_1_378' title='bbox 1970 5513 1999 5540; x_wconf 82' lang='lat'><strong>»</strong></span> <span class='ocrx_word' id='word_1_379' title='bbox 2031 5491 2097 5547; x_wconf 88' lang='lat' dir='ltr'><strong>Et</strong></span> <span class='ocrx_word' id='word_1_380' title='bbox 2127 5491 2199 5549; x_wconf 91' lang='lat' dir='ltr'><strong>de</strong></span> 
     </span>
    </p>
   </div>
   <div class='ocr_carea' id='block_1_60' title="bbox 540 5574 2197 5653">
    <p class='ocr_par' dir='ltr' id='par_1_60' title="bbox 540 5574 2197 5653">
     <span class='ocr_line' id='line_1_60' title="bbox 540 5574 2197 5653; baseline 0.003 -19"><span class='ocrx_word' id='word_1_381' title='bbox 540 5574 755 5635; x_wconf 89' lang='lat' dir='ltr'><strong>Siricio</strong></span> <span class='ocrx_word' id='word_1_382' title='bbox 778 5594 831 5631; x_wconf 73' lang='grc' dir='ltr'><strong>ε»</strong></span> <span class='ocrx_word' id='word_1_383' title='bbox 867 5575 969 5633; x_wconf 87' lang='lat' dir='ltr'><strong>Hic</strong></span> <span class='ocrx_word' id='word_1_384' title='bbox 1000 5577 1305 5634; x_wconf 89' lang='lat' dir='ltr'><strong>constituit</strong></span> <span class='ocrx_word' id='word_1_385' title='bbox 1336 5583 1401 5633; x_wconf 91' lang='lat' dir='ltr'><strong>ut</strong></span> <span class='ocrx_word' id='word_1_386' title='bbox 1430 5578 1631 5636; x_wconf 90' lang='lat' dir='ltr'><strong>nullus</strong></span> <span class='ocrx_word' id='word_1_387' title='bbox 1660 5581 1963 5653; x_wconf 75' lang='lat' dir='ltr'><strong>presbyter</strong></span> <span class='ocrx_word' id='word_1_388' title='bbox 1982 5581 2197 5639; x_wconf 88' lang='lat' dir='ltr'><strong>missas</strong></span> 
     </span>
    </p>
   </div>
   <div class='ocr_carea' id='block_1_61' title="bbox 535 5652 2195 5739">
    <p class='ocr_par' dir='ltr' id='par_1_61' title="bbox 535 5652 2195 5739">
     <span class='ocr_line' id='line_1_61' title="bbox 535 5652 2195 5739; baseline 0.002 -14"><span class='ocrx_word' id='word_1_389' title='bbox 535 5652 866 5725; x_wconf 72' lang='lat' dir='ltr'><strong>celebraret</strong></span> <span class='ocrx_word' id='word_1_390' title='bbox 886 5676 990 5739; x_wconf 78' lang='lat' dir='ltr'><strong>per</strong></span> <span class='ocrx_word' id='word_1_391' title='bbox 1013 5684 1247 5724; x_wconf 87' lang='lat' dir='ltr'><strong>omnem</strong></span> <span class='ocrx_word' id='word_1_392' title='bbox 1275 5652 1727 5736; x_wconf 88' lang='lat' dir='ltr'><strong>hebdomadam,</strong></span> <span class='ocrx_word' id='word_1_393' title='bbox 1744 5652 1857 5726; x_wconf 83' lang='lat' dir='ltr'><strong>nisi</strong></span> <span class='ocrx_word' id='word_1_394' title='bbox 1888 5687 2195 5729; x_wconf 88' lang='lat' dir='ltr'><strong>consecra-</strong></span> 
     </span>
    </p>
   </div>
   <div class='ocr_carea' id='block_1_62' title="bbox 534 5754 2193 5835">
    <p class='ocr_par' dir='ltr' id='par_1_62' title="bbox 534 5754 2193 5835">
     <span class='ocr_line' id='line_1_62' title="bbox 534 5754 2193 5835; baseline 0.003 -19"><span class='ocrx_word' id='word_1_395' title='bbox 534 5761 669 5816; x_wconf 86' lang='lat' dir='ltr'><strong>tum</strong></span> <span class='ocrx_word' id='word_1_396' title='bbox 703 5754 965 5830; x_wconf 88' lang='lat' dir='ltr'><strong>episcopi</strong></span> <span class='ocrx_word' id='word_1_397' title='bbox 994 5757 1106 5817; x_wconf 88' lang='lat' dir='ltr'><strong>loci</strong></span> <span class='ocrx_word' id='word_1_398' title='bbox 1137 5758 1462 5831; x_wconf 82' lang='lat' dir='ltr'><strong>susciperet</strong></span> <span class='ocrx_word' id='word_1_399' title='bbox 1492 5759 1875 5834; x_wconf 85' lang='lat' dir='ltr'><strong>declaratum,</strong></span> <span class='ocrx_word' id='word_1_400' title='bbox 1908 5763 2063 5835; x_wconf 90' lang='lat' dir='ltr'><strong>quod</strong></span> <span class='ocrx_word' id='word_1_401' title='bbox 2090 5780 2193 5821; x_wconf 88' lang='lat' dir='ltr'><strong>no-</strong></span> 
     </span>
    </p>
   </div>
   <div class='ocr_carea' id='block_1_63' title="bbox 2318 662 3965 740">
    <p class='ocr_par' dir='ltr' id='par_1_63' title="bbox 2318 662 3965 740">
     <span class='ocr_line' id='line_1_63' title="bbox 2318 662 3965 740; baseline 0.008 -24"><span class='ocrx_word' id='word_1_402' title='bbox 2318 662 2466 718; x_wconf 92' lang='lat' dir='ltr'><strong>stola</strong></span> <span class='ocrx_word' id='word_1_403' title='bbox 2494 663 2566 717; x_wconf 87' lang='lat' dir='ltr'><strong>ad</strong></span> <span class='ocrx_word' id='word_1_404' title='bbox 2595 663 2938 719; x_wconf 90' lang='lat' dir='ltr'><strong>Decentium</strong></span> <span class='ocrx_word' id='word_1_405' title='bbox 2969 663 3052 720; x_wconf 90' lang='lat' dir='ltr'><strong>ita</strong></span> <span class='ocrx_word' id='word_1_406' title='bbox 3082 663 3304 735; x_wconf 88' lang='lat' dir='ltr'><strong>scribit,</strong></span> <span class='ocrx_word' id='word_1_407' title='bbox 3355 683 3481 740; x_wconf 91' lang='lat' dir='ltr'><strong>cap.</strong></span> <span class='ocrx_word' id='word_1_408' title='bbox 3527 669 3596 725; x_wconf 88' lang='lat'><strong>5:</strong></span> <span class='ocrx_word' id='word_1_409' title='bbox 3647 692 3675 720; x_wconf 87' lang='grc'><strong>‹‹</strong></span> <span class='ocrx_word' id='word_1_410' title='bbox 3725 670 3809 728; x_wconf 92' lang='lat' dir='ltr'><strong>De</strong></span> <span class='ocrx_word' id='word_1_411' title='bbox 3854 672 3965 729; x_wconf 79' lang='lat' dir='ltr'><strong>ter-</strong></span> 
     </span>
    </p>
   </div>
   <div class='ocr_carea' id='block_1_64' title="bbox 2320 753 3970 830">
    <p class='ocr_par' dir='ltr' id='par_1_64' title="bbox 2320 753 3970 830">
     <span class='ocr_line' id='line_1_64' title="bbox 2320 753 3970 830; baseline 0.008 -24"><span class='ocrx_word' id='word_1_412' title='bbox 2320 758 2512 808; x_wconf 88' lang='lat' dir='ltr'><strong>mento</strong></span> <span class='ocrx_word' id='word_1_413' title='bbox 2543 754 2696 823; x_wconf 89' lang='lat' dir='ltr'><strong>quod</strong></span> <span class='ocrx_word' id='word_1_414' title='bbox 2726 754 2821 810; x_wconf 91' lang='lat' dir='ltr'><strong>die</strong></span> <span class='ocrx_word' id='word_1_415' title='bbox 2849 753 3153 810; x_wconf 91' lang='lat' dir='ltr'><strong>Dominico</strong></span> <span class='ocrx_word' id='word_1_416' title='bbox 3183 771 3286 827; x_wconf 90' lang='lat' dir='ltr'><strong>per</strong></span> <span class='ocrx_word' id='word_1_417' title='bbox 3316 756 3520 814; x_wconf 83' lang='lat' dir='ltr'><strong>titulos</strong></span> <span class='ocrx_word' id='word_1_418' title='bbox 3553 758 3970 830; x_wconf 88' lang='lat' dir='ltr'><strong>mittimus,su-</strong></span> 
     </span>
    </p>
   </div>
   <div class='ocr_carea' id='block_1_65' title="bbox 2319 842 3967 915">
    <p class='ocr_par' dir='ltr' id='par_1_65' title="bbox 2319 842 3967 915">
     <span class='ocr_line' id='line_1_65' title="bbox 2319 842 3967 915; baseline 0.005 -17"><span class='ocrx_word' id='word_1_419' title='bbox 2319 842 2536 915; x_wconf 86' lang='lat' dir='ltr'><strong>perflue</strong></span> <span class='ocrx_word' id='word_1_420' title='bbox 2564 860 2668 898; x_wconf 90' lang='lat' dir='ltr'><strong>nos</strong></span> <span class='ocrx_word' id='word_1_421' title='bbox 2697 843 3000 900; x_wconf 89' lang='lat' dir='ltr'><strong>consulere</strong></span> <span class='ocrx_word' id='word_1_422' title='bbox 3024 843 3283 913; x_wconf 88' lang='lat' dir='ltr'><strong>voluisti,</strong></span> <span class='ocrx_word' id='word_1_423' title='bbox 3315 862 3449 903; x_wconf 90' lang='lat' dir='ltr'><strong>cum</strong></span> <span class='ocrx_word' id='word_1_424' title='bbox 3482 864 3690 906; x_wconf 90' lang='lat' dir='ltr'><strong>omnes</strong></span> <span class='ocrx_word' id='word_1_425' title='bbox 3712 850 3967 908; x_wconf 69' lang='lat' dir='ltr'><strong>ecclesiae</strong></span> 
     </span>
    </p>
   </div>
   <div class='ocr_carea' id='block_1_66' title="bbox 2320 932 3966 1011">
    <p class='ocr_par' dir='ltr' id='par_1_66' title="bbox 2320 932 3966 1011">
     <span class='ocr_line' id='line_1_66' title="bbox 2320 932 3966 1011; baseline 0.007 -26"><span class='ocrx_word' id='word_1_426' title='bbox 2320 937 2527 986; x_wconf 75' lang='lat' dir='ltr'><strong>nostra:</strong></span> <span class='ocrx_word' id='word_1_427' title='bbox 2576 932 2729 987; x_wconf 91' lang='lat' dir='ltr'><strong>intra</strong></span> <span class='ocrx_word' id='word_1_428' title='bbox 2774 933 3069 988; x_wconf 79' lang='lat' dir='ltr'><strong>civitatem</strong></span> <span class='ocrx_word' id='word_1_429' title='bbox 3117 933 3236 1006; x_wconf 87' lang='lat' dir='ltr'><strong>sint</strong></span> <span class='ocrx_word' id='word_1_430' title='bbox 3284 935 3660 1005; x_wconf 74' lang='lat' dir='ltr'><strong>constitutae;</strong></span> <span class='ocrx_word' id='word_1_431' title='bbox 3711 956 3966 1011; x_wconf 88' lang='lat' dir='ltr'><strong>quarum</strong></span> 
     </span>
    </p>
   </div>
   <div class='ocr_carea' id='block_1_67' title="bbox 2319 1021 3968 1096">
    <p class='ocr_par' dir='ltr' id='par_1_67' title="bbox 2319 1021 3968 1096">
     <span class='ocr_line' id='line_1_67' title="bbox 2319 1021 3968 1096; baseline 0.007 -21"><span class='ocrx_word' id='word_1_432' title='bbox 2319 1022 2807 1093; x_wconf 86' lang='lat' dir='ltr'><strong>presbyteri,quia</strong></span> <span class='ocrx_word' id='word_1_433' title='bbox 2838 1021 2931 1077; x_wconf 88' lang='lat' dir='ltr'><strong>die</strong></span> <span class='ocrx_word' id='word_1_434' title='bbox 2962 1022 3089 1093; x_wconf 85' lang='lat' dir='ltr'><strong>ipsa</strong></span> <span class='ocrx_word' id='word_1_435' title='bbox 3119 1028 3353 1094; x_wconf 87' lang='lat' dir='ltr'><strong>propter</strong></span> <span class='ocrx_word' id='word_1_436' title='bbox 3380 1024 3612 1096; x_wconf 91' lang='lat' dir='ltr'><strong>plebem</strong></span> <span class='ocrx_word' id='word_1_437' title='bbox 3646 1028 3758 1083; x_wconf 86' lang='lat' dir='ltr'><strong>sibi</strong></span> <span class='ocrx_word' id='word_1_438' title='bbox 3780 1030 3968 1086; x_wconf 87' lang='lat' dir='ltr'><strong>credi-</strong></span> 
     </span>
    </p>
   </div>
   <div class='ocr_carea' id='block_1_68' title="bbox 2320 1111 3966 1184">
    <p class='ocr_par' dir='ltr' id='par_1_68' title="bbox 2320 1111 3966 1184">
     <span class='ocr_line' id='line_1_68' title="bbox 2320 1111 3966 1184; baseline 0.009 -21"><span class='ocrx_word' id='word_1_439' title='bbox 2320 1115 2438 1164; x_wconf 90' lang='lat' dir='ltr'><strong>tam</strong></span> <span class='ocrx_word' id='word_1_440' title='bbox 2470 1111 2773 1165; x_wconf 87' lang='lat' dir='ltr'><strong>nobiscum</strong></span> <span class='ocrx_word' id='word_1_441' title='bbox 2802 1112 3107 1167; x_wconf 88' lang='lat' dir='ltr'><strong>convenire</strong></span> <span class='ocrx_word' id='word_1_442' title='bbox 3137 1129 3252 1167; x_wconf 91' lang='lat' dir='ltr'><strong>non</strong></span> <span class='ocrx_word' id='word_1_443' title='bbox 3282 1120 3552 1184; x_wconf 88' lang='lat' dir='ltr'><strong>possunt,</strong></span> <span class='ocrx_word' id='word_1_444' title='bbox 3598 1116 3818 1174; x_wconf 90' lang='lat' dir='ltr'><strong>idcirco</strong></span> <span class='ocrx_word' id='word_1_445' title='bbox 3847 1120 3966 1177; x_wconf 87' lang='lat' dir='ltr'><strong>fer-</strong></span> 
     </span>
    </p>
   </div>
   <div class='ocr_carea' id='block_1_69' title="bbox 2322 1200 3968 1280">
    <p class='ocr_par' dir='ltr' id='par_1_69' title="bbox 2322 1200 3968 1280">
     <span class='ocr_line' id='line_1_69' title="bbox 2322 1200 3968 1280; baseline 0.009 -28"><span class='ocrx_word' id='word_1_446' title='bbox 2322 1204 2585 1253; x_wconf 89' lang='lat' dir='ltr'><strong>mentum</strong></span> <span class='ocrx_word' id='word_1_447' title='bbox 2618 1217 2652 1253; x_wconf 88' lang='lat' dir='ltr'><strong>a</strong></span> <span class='ocrx_word' id='word_1_448' title='bbox 2682 1200 2850 1254; x_wconf 89' lang='lat' dir='ltr'><strong>nobis</strong></span> <span class='ocrx_word' id='word_1_449' title='bbox 2880 1201 3201 1255; x_wconf 84' lang='lat' dir='ltr'><strong>confertum</strong></span> <span class='ocrx_word' id='word_1_450' title='bbox 3227 1219 3327 1273; x_wconf 90' lang='lat' dir='ltr'><strong>per</strong></span> <span class='ocrx_word' id='word_1_451' title='bbox 3346 1202 3643 1275; x_wconf 87' lang='lat' dir='ltr'><strong>acolythos</strong></span> <span class='ocrx_word' id='word_1_452' title='bbox 3664 1208 3968 1280; x_wconf 88' lang='lat' dir='ltr'><strong>accipiunt</strong></span> 
     </span>
    </p>
   </div>
   <div class='ocr_carea' id='block_1_70' title="bbox 2321 1290 3964 1355">
    <p class='ocr_par' dir='ltr' id='par_1_70' title="bbox 2321 1290 3964 1355">
     <span class='ocr_line' id='line_1_70' title="bbox 2321 1290 3964 1355; baseline 0.007 -12"><span class='ocrx_word' id='word_1_453' title='bbox 2321 1294 2385 1343; x_wconf 91' lang='lat' dir='ltr'><strong>ut</strong></span> <span class='ocrx_word' id='word_1_454' title='bbox 2418 1305 2477 1343; x_wconf 91' lang='lat' dir='ltr'><strong>se</strong></span> <span class='ocrx_word' id='word_1_455' title='bbox 2510 1306 2543 1342; x_wconf 90' lang='lat' dir='ltr'><strong>a</strong></span> <span class='ocrx_word' id='word_1_456' title='bbox 2574 1293 2773 1343; x_wconf 88' lang='lat' dir='ltr'><strong>nostra</strong></span> <span class='ocrx_word' id='word_1_457' title='bbox 2804 1290 3212 1345; x_wconf 87' lang='lat' dir='ltr'><strong>communione</strong></span> <span class='ocrx_word' id='word_1_458' title='bbox 3257 1292 3508 1348; x_wconf 78' lang='lat' dir='ltr'><strong>maxime</strong></span> <span class='ocrx_word' id='word_1_459' title='bbox 3555 1292 3657 1350; x_wconf 89' lang='lat' dir='ltr'><strong>illa</strong></span> <span class='ocrx_word' id='word_1_460' title='bbox 3704 1296 3797 1352; x_wconf 90' lang='lat' dir='ltr'><strong>die</strong></span> <span class='ocrx_word' id='word_1_461' title='bbox 3844 1315 3964 1355; x_wconf 88' lang='lat' dir='ltr'><strong>non</strong></span> 
     </span>
    </p>
   </div>
   <div class='ocr_carea' id='block_1_71' title="bbox 2314 1378 3965 1451">
    <p class='ocr_par' dir='ltr' id='par_1_71' title="bbox 2314 1378 3965 1451">
     <span class='ocr_line' id='line_1_71' title="bbox 2314 1378 3965 1451; baseline 0.008 -21"><span class='ocrx_word' id='word_1_462' title='bbox 2314 1378 2583 1447; x_wconf 90' lang='lat' dir='ltr'><strong>judicent</strong></span> <span class='ocrx_word' id='word_1_463' title='bbox 2614 1380 3105 1449; x_wconf 84' lang='lat' dir='ltr'><strong>separatos.Quod</strong></span> <span class='ocrx_word' id='word_1_464' title='bbox 3139 1395 3241 1450; x_wconf 90' lang='lat' dir='ltr'><strong>per</strong></span> <span class='ocrx_word' id='word_1_465' title='bbox 3269 1381 3575 1451; x_wconf 89' lang='lat' dir='ltr'><strong>parochias</strong></span> <span class='ocrx_word' id='word_1_466' title='bbox 3604 1383 3729 1439; x_wconf 88' lang='lat' dir='ltr'><strong>ﬁeri</strong></span> <span class='ocrx_word' id='word_1_467' title='bbox 3754 1386 3965 1445; x_wconf 89' lang='lat' dir='ltr'><strong>debere</strong></span> 
     </span>
    </p>
   </div>
   <div class='ocr_carea' id='block_1_72' title="bbox 2325 1468 3969 1541">
    <p class='ocr_par' dir='ltr' id='par_1_72' title="bbox 2325 1468 3969 1541">
     <span class='ocr_line' id='line_1_72' title="bbox 2325 1468 3969 1541; baseline 0.008 -20"><span class='ocrx_word' id='word_1_468' title='bbox 2325 1485 2439 1521; x_wconf 91' lang='lat' dir='ltr'><strong>non</strong></span> <span class='ocrx_word' id='word_1_469' title='bbox 2472 1468 2785 1538; x_wconf 87' lang='lat' dir='ltr'><strong>puta,quia</strong></span> <span class='ocrx_word' id='word_1_470' title='bbox 2807 1485 2923 1522; x_wconf 92' lang='lat' dir='ltr'><strong>non</strong></span> <span class='ocrx_word' id='word_1_471' title='bbox 2947 1468 3117 1540; x_wconf 85' lang='lat' dir='ltr'><strong>longe</strong></span> <span class='ocrx_word' id='word_1_472' title='bbox 3136 1471 3421 1541; x_wconf 86' lang='lat' dir='ltr'><strong>portanda</strong></span> <span class='ocrx_word' id='word_1_473' title='bbox 3442 1476 3583 1527; x_wconf 85' lang='lat' dir='ltr'><strong>sunt</strong></span> <span class='ocrx_word' id='word_1_474' title='bbox 3603 1483 3969 1534; x_wconf 88' lang='lat' dir='ltr'><strong>sacramenta</strong></span> 
     </span>
    </p>
   </div>
   <div class='ocr_carea' id='block_1_73' title="bbox 2325 1558 3966 1639">
    <p class='ocr_par' dir='ltr' id='par_1_73' title="bbox 2325 1558 3966 1639">
     <span class='ocr_line' id='line_1_73' title="bbox 2325 1558 3966 1639; baseline 0.007 -29"><span class='ocrx_word' id='word_1_475' title='bbox 2325 1573 2427 1611; x_wconf 86' lang='lat' dir='ltr'><strong>nec</strong></span> <span class='ocrx_word' id='word_1_476' title='bbox 2456 1574 2562 1611; x_wconf 89' lang='lat' dir='ltr'><strong>nos</strong></span> <span class='ocrx_word' id='word_1_477' title='bbox 2593 1574 2696 1627; x_wconf 91' lang='lat' dir='ltr'><strong>per</strong></span> <span class='ocrx_word' id='word_1_478' title='bbox 2724 1558 3059 1613; x_wconf 85' lang='lat' dir='ltr'><strong>coemeteria</strong></span> <span class='ocrx_word' id='word_1_479' title='bbox 3087 1558 3315 1614; x_wconf 88' lang='lat' dir='ltr'><strong>diversa</strong></span> <span class='ocrx_word' id='word_1_480' title='bbox 3348 1560 3684 1617; x_wconf 89' lang='lat' dir='ltr'><strong>constitutis</strong></span> <span class='ocrx_word' id='word_1_481' title='bbox 3731 1566 3966 1639; x_wconf 78' lang='lat' dir='ltr'><strong>presby-</strong></span> 
     </span>
    </p>
   </div>
   <div class='ocr_carea' id='block_1_74' title="bbox 2325 1646 3973 1719">
    <p class='ocr_par' dir='ltr' id='par_1_74' title="bbox 2325 1646 3973 1719">
     <span class='ocr_line' id='line_1_74' title="bbox 2325 1646 3973 1719; baseline 0.007 -20"><span class='ocrx_word' id='word_1_482' title='bbox 2325 1647 2462 1701; x_wconf 90' lang='lat' dir='ltr'><strong>teris</strong></span> <span class='ocrx_word' id='word_1_483' title='bbox 2494 1646 2885 1712; x_wconf 87' lang='lat' dir='ltr'><strong>destinamus,</strong></span> <span class='ocrx_word' id='word_1_484' title='bbox 2918 1652 2976 1702; x_wconf 92' lang='lat' dir='ltr'><strong>et</strong></span> <span class='ocrx_word' id='word_1_485' title='bbox 3006 1648 3327 1719; x_wconf 84' lang='lat' dir='ltr'><strong>presbyteri</strong></span> <span class='ocrx_word' id='word_1_486' title='bbox 3358 1665 3561 1706; x_wconf 90' lang='lat' dir='ltr'><strong>eorum</strong></span> <span class='ocrx_word' id='word_1_487' title='bbox 3591 1652 3973 1711; x_wconf 85' lang='lat' dir='ltr'><strong>conﬁciendo-</strong></span> 
     </span>
    </p>
   </div>
   <div class='ocr_carea' id='block_1_75' title="bbox 2325 1736 3447 1807">
    <p class='ocr_par' dir='ltr' id='par_1_75' title="bbox 2325 1736 3447 1807">
     <span class='ocr_line' id='line_1_75' title="bbox 2325 1736 3447 1807; baseline -0.001 -18"><span class='ocrx_word' id='word_1_488' title='bbox 2325 1752 2455 1790; x_wconf 91' lang='lat' dir='ltr'><strong>rum</strong></span> <span class='ocrx_word' id='word_1_489' title='bbox 2480 1736 2582 1805; x_wconf 89' lang='lat' dir='ltr'><strong>jus</strong></span> <span class='ocrx_word' id='word_1_490' title='bbox 2615 1736 2831 1791; x_wconf 90' lang='lat' dir='ltr'><strong>habent</strong></span> <span class='ocrx_word' id='word_1_491' title='bbox 2860 1740 3033 1807; x_wconf 90' lang='lat' dir='ltr'><strong>atque</strong></span> <span class='ocrx_word' id='word_1_492' title='bbox 3065 1736 3382 1793; x_wconf 90' lang='lat' dir='ltr'><strong>licentiam.</strong></span> <span class='ocrx_word' id='word_1_493' title='bbox 3418 1761 3447 1788; x_wconf 84' lang='grc'><strong>››</strong></span> 
     </span>
    </p>
   </div>
   <div class='ocr_carea' id='block_1_76' title="bbox 2396 1824 3974 1898">
    <p class='ocr_par' dir='ltr' id='par_1_76' title="bbox 2396 1824 3974 1898">
     <span class='ocr_line' id='line_1_76' title="bbox 2396 1824 3974 1898; baseline 0.007 -20"><span class='ocrx_word' id='word_1_494' title='bbox 2396 1824 2475 1879; x_wconf 90' lang='lat' dir='ltr'><strong>De</strong></span> <span class='ocrx_word' id='word_1_495' title='bbox 2505 1824 2611 1879; x_wconf 88' lang='lat' dir='ltr'><strong>hoc</strong></span> <span class='ocrx_word' id='word_1_496' title='bbox 2646 1825 2931 1880; x_wconf 83' lang='lat' dir='ltr'><strong>fermento</strong></span> <span class='ocrx_word' id='word_1_497' title='bbox 2963 1826 3134 1881; x_wconf 74' lang='lat' dir='ltr'><strong>variae</strong></span> <span class='ocrx_word' id='word_1_498' title='bbox 3163 1832 3303 1882; x_wconf 90' lang='lat' dir='ltr'><strong>sunt</strong></span> <span class='ocrx_word' id='word_1_499' title='bbox 3340 1830 3663 1898; x_wconf 74' lang='lat' dir='ltr'><strong>sententiae,</strong></span> <span class='ocrx_word' id='word_1_500' title='bbox 3696 1831 3829 1889; x_wconf 86' lang='lat' dir='ltr'><strong>aliis</strong></span> <span class='ocrx_word' id='word_1_501' title='bbox 3855 1834 3974 1889; x_wconf 86' lang='lat' dir='ltr'><strong>Eu-</strong></span> 
     </span>
    </p>
   </div>
   <div class='ocr_carea' id='block_1_77' title="bbox 2326 1913 3970 1987">
    <p class='ocr_par' dir='ltr' id='par_1_77' title="bbox 2326 1913 3970 1987">
     <span class='ocr_line' id='line_1_77' title="bbox 2326 1913 3970 1987; baseline 0.007 -20"><span class='ocrx_word' id='word_1_502' title='bbox 2326 1913 2665 1969; x_wconf 88' lang='lat' dir='ltr'><strong>charistiam</strong></span> <span class='ocrx_word' id='word_1_503' title='bbox 2696 1931 2822 1970; x_wconf 90' lang='lat' dir='ltr'><strong>esse</strong></span> <span class='ocrx_word' id='word_1_504' title='bbox 2856 1916 3619 1987; x_wconf 83' lang='lat' dir='ltr'><strong>negantibus,probantibus</strong></span> <span class='ocrx_word' id='word_1_505' title='bbox 3637 1920 3970 1978; x_wconf 88' lang='lat' dir='ltr'><strong>aliis.Baro-</strong></span> 
     </span>
    </p>
   </div>
   <div class='ocr_carea' id='block_1_78' title="bbox 2329 2004 3967 2080">
    <p class='ocr_par' dir='ltr' id='par_1_78' title="bbox 2329 2004 3967 2080">
     <span class='ocr_line' id='line_1_78' title="bbox 2329 2004 3967 2080; baseline 0.007 -23"><span class='ocrx_word' id='word_1_506' title='bbox 2329 2006 2423 2058; x_wconf 90' lang='lat' dir='ltr'><strong>nio</strong></span> <span class='ocrx_word' id='word_1_507' title='bbox 2453 2004 2706 2059; x_wconf 81' lang='lat' dir='ltr'><strong>assentio</strong></span> <span class='ocrx_word' id='word_1_508' title='bbox 2746 2004 2843 2074; x_wconf 89' lang='lat' dir='ltr'><strong>qui</strong></span> <span class='ocrx_word' id='word_1_509' title='bbox 2879 2004 3303 2060; x_wconf 88' lang='lat' dir='ltr'><strong>Eucharistiam</strong></span> <span class='ocrx_word' id='word_1_510' title='bbox 3334 2023 3461 2062; x_wconf 91' lang='lat' dir='ltr'><strong>esse</strong></span> <span class='ocrx_word' id='word_1_511' title='bbox 3488 2013 3680 2080; x_wconf 85' lang='lat' dir='ltr'><strong>negat,</strong></span> <span class='ocrx_word' id='word_1_512' title='bbox 3714 2011 3814 2067; x_wconf 87' lang='lat' dir='ltr'><strong>sed</strong></span> <span class='ocrx_word' id='word_1_513' title='bbox 3838 2015 3967 2067; x_wconf 92' lang='lat' dir='ltr'><strong>tan-</strong></span> 
     </span>
    </p>
   </div>
   <div class='ocr_carea' id='block_1_79' title="bbox 2327 2093 3967 2173">
    <p class='ocr_par' dir='ltr' id='par_1_79' title="bbox 2327 2093 3967 2173">
     <span class='ocr_line' id='line_1_79' title="bbox 2327 2093 3967 2173; baseline 0.006 -26"><span class='ocrx_word' id='word_1_514' title='bbox 2327 2097 2450 2147; x_wconf 91' lang='lat' dir='ltr'><strong>tum</strong></span> <span class='ocrx_word' id='word_1_515' title='bbox 2466 2093 2795 2164; x_wconf 84' lang='lat' dir='ltr'><strong>eulogiasin</strong></span> <span class='ocrx_word' id='word_1_516' title='bbox 2820 2093 3053 2164; x_wconf 85' lang='lat' dir='ltr'><strong>signum</strong></span> <span class='ocrx_word' id='word_1_517' title='bbox 3080 2100 3293 2149; x_wconf 73' lang='lat' dir='ltr'><strong>mutua:</strong></span> <span class='ocrx_word' id='word_1_518' title='bbox 3317 2098 3747 2156; x_wconf 88' lang='lat' dir='ltr'><strong>communionis</strong></span> <span class='ocrx_word' id='word_1_519' title='bbox 3769 2117 3804 2156; x_wconf 88' lang='lat' dir='ltr'><strong>a</strong></span> <span class='ocrx_word' id='word_1_520' title='bbox 3822 2115 3967 2173; x_wconf 88' lang='lat' dir='ltr'><strong>pon-</strong></span> 
     </span>
    </p>
   </div>
   <div class='ocr_carea' id='block_1_80' title="bbox 2326 2183 3966 2261">
    <p class='ocr_par' dir='ltr' id='par_1_80' title="bbox 2326 2183 3966 2261">
     <span class='ocr_line' id='line_1_80' title="bbox 2326 2183 3966 2261; baseline 0.005 -25"><span class='ocrx_word' id='word_1_521' title='bbox 2326 2183 2477 2237; x_wconf 89' lang='lat' dir='ltr'><strong>tiﬁce</strong></span> <span class='ocrx_word' id='word_1_522' title='bbox 2510 2183 2896 2237; x_wconf 85' lang='lat' dir='ltr'><strong>missas.Nam</strong></span> <span class='ocrx_word' id='word_1_523' title='bbox 2930 2184 3279 2239; x_wconf 86' lang='lat' dir='ltr'><strong>fermentum</strong></span> <span class='ocrx_word' id='word_1_524' title='bbox 3309 2186 3463 2241; x_wconf 89' lang='lat' dir='ltr'><strong>istud</strong></span> <span class='ocrx_word' id='word_1_525' title='bbox 3497 2191 3553 2242; x_wconf 90' lang='lat' dir='ltr'><strong>et</strong></span> <span class='ocrx_word' id='word_1_526' title='bbox 3583 2211 3609 2237; x_wconf 86' lang='grc'><strong>‹‹</strong></span> <span class='ocrx_word' id='word_1_527' title='bbox 3640 2189 3811 2261; x_wconf 85' lang='lat' dir='ltr'><strong>panis</strong></span> <span class='ocrx_word' id='word_1_528' title='bbox 3831 2207 3966 2245; x_wconf 84' lang='lat' dir='ltr'><strong>con-</strong></span> 
     </span>
    </p>
   </div>
   <div class='ocr_carea' id='block_1_81' title="bbox 2326 2274 3972 2353">
    <p class='ocr_par' dir='ltr' id='par_1_81' title="bbox 2326 2274 3972 2353">
     <span class='ocr_line' id='line_1_81' title="bbox 2326 2274 3972 2353; baseline 0.006 -27"><span class='ocrx_word' id='word_1_529' title='bbox 2326 2277 2607 2337; x_wconf 88' lang='lat' dir='ltr'><strong>secratus,</strong></span> <span class='ocrx_word' id='word_1_530' title='bbox 2639 2278 2695 2327; x_wconf 91' lang='lat' dir='ltr'><strong>et</strong></span> <span class='ocrx_word' id='word_1_531' title='bbox 2726 2278 3160 2328; x_wconf 86' lang='lat' dir='ltr'><strong>sacramentum</strong></span> <span class='ocrx_word' id='word_1_532' title='bbox 3194 2296 3222 2322; x_wconf 73' lang='grc' dir='ltr'><strong>»ι</strong></span> <span class='ocrx_word' id='word_1_533' title='bbox 3253 2274 3467 2329; x_wconf 89' lang='lat' dir='ltr'><strong>dicitur</strong></span> <span class='ocrx_word' id='word_1_534' title='bbox 3497 2280 3553 2332; x_wconf 91' lang='lat' dir='ltr'><strong>et</strong></span> <span class='ocrx_word' id='word_1_535' title='bbox 3581 2278 3725 2334; x_wconf 90' lang='lat' dir='ltr'><strong>solis</strong></span> <span class='ocrx_word' id='word_1_536' title='bbox 3740 2280 3972 2353; x_wconf 83' lang='lat' dir='ltr'><strong>presby-</strong></span> 
     </span>
    </p>
   </div>
   <div class='ocr_carea' id='block_1_82' title="bbox 2325 2362 3969 2434">
    <p class='ocr_par' dir='ltr' id='par_1_82' title="bbox 2325 2362 3969 2434">
     <span class='ocr_line' id='line_1_82' title="bbox 2325 2362 3969 2434; baseline 0.005 -19"><span class='ocrx_word' id='word_1_537' title='bbox 2325 2362 2466 2417; x_wconf 90' lang='lat' dir='ltr'><strong>teris</strong></span> <span class='ocrx_word' id='word_1_538' title='bbox 2498 2362 2624 2430; x_wconf 87' lang='lat' dir='ltr'><strong>ejus</strong></span> <span class='ocrx_word' id='word_1_539' title='bbox 2656 2362 3121 2432; x_wconf 87' lang='lat' dir='ltr'><strong>conﬁciendijus</strong></span> <span class='ocrx_word' id='word_1_540' title='bbox 3170 2368 3342 2434; x_wconf 87' lang='lat' dir='ltr'><strong>atque</strong></span> <span class='ocrx_word' id='word_1_541' title='bbox 3385 2364 3624 2422; x_wconf 89' lang='lat' dir='ltr'><strong>licentia</strong></span> <span class='ocrx_word' id='word_1_542' title='bbox 3669 2369 3969 2424; x_wconf 87' lang='lat' dir='ltr'><strong>tribuitur.</strong></span> 
     </span>
    </p>
   </div>
   <div class='ocr_carea' id='block_1_83' title="bbox 2325 2451 3977 2528">
    <p class='ocr_par' dir='ltr' id='par_1_83' title="bbox 2325 2451 3977 2528">
     <span class='ocr_line' id='line_1_83' title="bbox 2325 2451 3977 2528; baseline 0.004 -21"><span class='ocrx_word' id='word_1_543' title='bbox 2325 2451 2584 2522; x_wconf 87' lang='lat' dir='ltr'><strong>Denique</strong></span> <span class='ocrx_word' id='word_1_544' title='bbox 2617 2473 2645 2499; x_wconf 85' lang='lat'><strong>«</strong></span> <span class='ocrx_word' id='word_1_545' title='bbox 2680 2452 2849 2522; x_wconf 90' lang='lat' dir='ltr'><strong>panis</strong></span> <span class='ocrx_word' id='word_1_546' title='bbox 2881 2456 3318 2508; x_wconf 57' lang='lat' dir='ltr'><strong>consecratus-ii</strong></span> <span class='ocrx_word' id='word_1_547' title='bbox 3340 2453 3556 2510; x_wconf 88' lang='lat' dir='ltr'><strong>dicitur</strong></span> <span class='ocrx_word' id='word_1_548' title='bbox 3580 2472 3716 2528; x_wconf 87' lang='lat' dir='ltr'><strong>;quo</strong></span> <span class='ocrx_word' id='word_1_549' title='bbox 3741 2457 3977 2514; x_wconf 89' lang='lat' dir='ltr'><strong>nomine</strong></span> 
     </span>
    </p>
   </div>
   <div class='ocr_carea' id='block_1_84' title="bbox 2328 2540 3976 2618">
    <p class='ocr_par' dir='ltr' id='par_1_84' title="bbox 2328 2540 3976 2618">
     <span class='ocr_line' id='line_1_84' title="bbox 2328 2540 3976 2618; baseline 0.003 -21"><span class='ocrx_word' id='word_1_550' title='bbox 2328 2540 2698 2597; x_wconf 85' lang='lat' dir='ltr'><strong>Eucharistia</strong></span> <span class='ocrx_word' id='word_1_551' title='bbox 2723 2545 2962 2595; x_wconf 84' lang='lat' dir='ltr'><strong>vocatur</strong></span> <span class='ocrx_word' id='word_1_552' title='bbox 2990 2558 3024 2596; x_wconf 89' lang='lat' dir='ltr'><strong>a</strong></span> <span class='ocrx_word' id='word_1_553' title='bbox 3052 2540 3286 2597; x_wconf 87' lang='lat' dir='ltr'><strong>Justino</strong></span> <span class='ocrx_word' id='word_1_554' title='bbox 3335 2543 3395 2598; x_wconf 91' lang='lat' dir='ltr'><strong>in</strong></span> <span class='ocrx_word' id='word_1_555' title='bbox 3441 2543 3721 2618; x_wconf 84' lang='lat' dir='ltr'><strong>Apologia</strong></span> <span class='ocrx_word' id='word_1_556' title='bbox 3765 2547 3976 2618; x_wconf 90' lang='lat' dir='ltr'><strong>prima,</strong></span> 
     </span>
    </p>
   </div>
   <div class='ocr_carea' id='block_1_85' title="bbox 2327 2630 3975 2708">
    <p class='ocr_par' dir='ltr' id='par_1_85' title="bbox 2327 2630 3975 2708">
     <span class='ocr_line' id='line_1_85' title="bbox 2327 2630 3975 2708; baseline 0.003 -22"><span class='ocrx_word' id='word_1_557' title='bbox 2327 2633 2401 2686; x_wconf 91' lang='lat' dir='ltr'><strong>ab</strong></span> <span class='ocrx_word' id='word_1_558' title='bbox 2432 2632 2647 2685; x_wconf 75' lang='lat' dir='ltr'><strong>[remeo</strong></span> <span class='ocrx_word' id='word_1_559' title='bbox 2678 2631 2853 2684; x_wconf 89' lang='lat' dir='ltr'><strong>citato</strong></span> <span class='ocrx_word' id='word_1_560' title='bbox 2883 2630 3035 2701; x_wconf 89' lang='lat' dir='ltr'><strong>apud</strong></span> <span class='ocrx_word' id='word_1_561' title='bbox 3069 2631 3387 2688; x_wconf 88' lang='lat' dir='ltr'><strong>Eusebium</strong></span> <span class='ocrx_word' id='word_1_562' title='bbox 3417 2632 3477 2688; x_wconf 92' lang='lat' dir='ltr'><strong>in</strong></span> <span class='ocrx_word' id='word_1_563' title='bbox 3529 2633 3631 2689; x_wconf 92' lang='lat' dir='ltr'><strong>lib.</strong></span> <span class='ocrx_word' id='word_1_564' title='bbox 3666 2651 3852 2708; x_wconf 86' lang='lat' dir='ltr'><strong>v,cap.</strong></span> <span class='ocrx_word' id='word_1_565' title='bbox 3885 2636 3975 2703; x_wconf 72' lang='lat'><strong>24,</strong></span> 
     </span>
    </p>
   </div>
   <div class='ocr_carea' id='block_1_86' title="bbox 2328 2719 3973 2797">
    <p class='ocr_par' dir='ltr' id='par_1_86' title="bbox 2328 2719 3973 2797">
     <span class='ocr_line' id='line_1_86' title="bbox 2328 2719 3973 2797; baseline 0.004 -22"><span class='ocrx_word' id='word_1_566' title='bbox 2328 2726 2453 2775; x_wconf 91' lang='lat' dir='ltr'><strong>tum</strong></span> <span class='ocrx_word' id='word_1_567' title='bbox 2489 2720 2545 2773; x_wconf 93' lang='lat' dir='ltr'><strong>in</strong></span> <span class='ocrx_word' id='word_1_568' title='bbox 2576 2720 2727 2774; x_wconf 88' lang='lat' dir='ltr'><strong>libro</strong></span> <span class='ocrx_word' id='word_1_569' title='bbox 2760 2735 2811 2784; x_wconf 88' lang='lat' dir='ltr'><strong>v,</strong></span> <span class='ocrx_word' id='word_1_570' title='bbox 2848 2723 3051 2774; x_wconf 92' lang='lat' dir='ltr'><strong>contra</strong></span> <span class='ocrx_word' id='word_1_571' title='bbox 3081 2719 3351 2789; x_wconf 69' lang='lat' dir='ltr'><strong>haereses,</strong></span> <span class='ocrx_word' id='word_1_572' title='bbox 3381 2727 3640 2794; x_wconf 87' lang='lat' dir='ltr'><strong>cap.n,et</strong></span> <span class='ocrx_word' id='word_1_573' title='bbox 3666 2725 3822 2797; x_wconf 88' lang='lat' dir='ltr'><strong>apud</strong></span> <span class='ocrx_word' id='word_1_574' title='bbox 3849 2724 3973 2781; x_wconf 89' lang='lat' dir='ltr'><strong>Cle-</strong></span> 
     </span>
    </p>
   </div>
   <div class='ocr_carea' id='block_1_87' title="bbox 2330 2806 3973 2886">
    <p class='ocr_par' dir='ltr' id='par_1_87' title="bbox 2330 2806 3973 2886">
     <span class='ocr_line' id='line_1_87' title="bbox 2330 2806 3973 2886; baseline 0.004 -23"><span class='ocrx_word' id='word_1_575' title='bbox 2330 2815 2581 2863; x_wconf 89' lang='lat' dir='ltr'><strong>mentem</strong></span> <span class='ocrx_word' id='word_1_576' title='bbox 2603 2806 3061 2862; x_wconf 75' lang='lat' dir='ltr'><strong>Alexandrinum</strong></span> <span class='ocrx_word' id='word_1_577' title='bbox 3087 2807 3144 2863; x_wconf 92' lang='lat' dir='ltr'><strong>in</strong></span> <span class='ocrx_word' id='word_1_578' title='bbox 3170 2810 3461 2865; x_wconf 84' lang='lat' dir='ltr'><strong>Stromate</strong></span> <span class='ocrx_word' id='word_1_579' title='bbox 3489 2812 3973 2886; x_wconf 79' lang='lat' dir='ltr'><strong>primo,pag.ii7,</strong></span> 
     </span>
    </p>
   </div>
   <div class='ocr_carea' id='block_1_88' title="bbox 2326 2896 3979 2960">
    <p class='ocr_par' dir='ltr' id='par_1_88' title="bbox 2326 2896 3979 2960">
     <span class='ocr_line' id='line_1_88' title="bbox 2326 2896 3979 2960; baseline 0.002 -5"><span class='ocrx_word' id='word_1_580' title='bbox 2326 2899 2410 2955; x_wconf 89' lang='lat' dir='ltr'><strong>uti</strong></span> <span class='ocrx_word' id='word_1_581' title='bbox 2440 2898 2722 2954; x_wconf 84' lang='lat' dir='ltr'><strong>Henricus</strong></span> <span class='ocrx_word' id='word_1_582' title='bbox 2751 2896 3021 2952; x_wconf 87' lang='lat' dir='ltr'><strong>Valesius</strong></span> <span class='ocrx_word' id='word_1_583' title='bbox 3042 2898 3127 2952; x_wconf 88' lang='lat' dir='ltr'><strong>vir</strong></span> <span class='ocrx_word' id='word_1_584' title='bbox 3156 2898 3522 2956; x_wconf 86' lang='lat' dir='ltr'><strong>clarissimus</strong></span> <span class='ocrx_word' id='word_1_585' title='bbox 3550 2901 3611 2956; x_wconf 91' lang='lat' dir='ltr'><strong>in</strong></span> <span class='ocrx_word' id='word_1_586' title='bbox 3660 2902 3979 2960; x_wconf 86' lang='lat' dir='ltr'><strong>Eusebium</strong></span> 
     </span>
    </p>
   </div>
   <div class='ocr_carea' id='block_1_89' title="bbox 2330 2987 3979 3063">
    <p class='ocr_par' dir='ltr' id='par_1_89' title="bbox 2330 2987 3979 3063">
     <span class='ocr_line' id='line_1_89' title="bbox 2330 2987 3979 3063; baseline 0.004 -21"><span class='ocrx_word' id='word_1_587' title='bbox 2330 2988 2646 3043; x_wconf 71' lang='lat' dir='ltr'><strong>adnotavit.</strong></span> <span class='ocrx_word' id='word_1_588' title='bbox 2686 2988 2753 3040; x_wconf 89' lang='lat' dir='ltr'><strong>Et</strong></span> <span class='ocrx_word' id='word_1_589' title='bbox 2784 2987 3021 3057; x_wconf 87' lang='lat' dir='ltr'><strong>quidem</strong></span> <span class='ocrx_word' id='word_1_590' title='bbox 3046 2988 3483 3045; x_wconf 84' lang='lat' dir='ltr'><strong>Eucharistiam</strong></span> <span class='ocrx_word' id='word_1_591' title='bbox 3514 2991 3575 3045; x_wconf 91' lang='lat' dir='ltr'><strong>in</strong></span> <span class='ocrx_word' id='word_1_592' title='bbox 3606 2991 3845 3063; x_wconf 90' lang='lat' dir='ltr'><strong>signum</strong></span> <span class='ocrx_word' id='word_1_593' title='bbox 3885 3008 3979 3048; x_wconf 81' lang='lat' dir='ltr'><strong>ec-</strong></span> 
     </span>
    </p>
   </div>
   <div class='ocr_carea' id='block_1_90' title="bbox 2330 3075 3978 3149">
    <p class='ocr_par' dir='ltr' id='par_1_90' title="bbox 2330 3075 3978 3149">
     <span class='ocr_line' id='line_1_90' title="bbox 2330 3075 3978 3149; baseline 0.003 -16"><span class='ocrx_word' id='word_1_594' title='bbox 2330 3076 2665 3133; x_wconf 81' lang='lat' dir='ltr'><strong>clesiasticae</strong></span> <span class='ocrx_word' id='word_1_595' title='bbox 2696 3075 3130 3131; x_wconf 87' lang='lat' dir='ltr'><strong>communionis</strong></span> <span class='ocrx_word' id='word_1_596' title='bbox 3162 3075 3492 3148; x_wconf 89' lang='lat' dir='ltr'><strong>antiquitus</strong></span> <span class='ocrx_word' id='word_1_597' title='bbox 3523 3080 3676 3135; x_wconf 86' lang='lat' dir='ltr'><strong>mitti</strong></span> <span class='ocrx_word' id='word_1_598' title='bbox 3722 3080 3978 3149; x_wconf 89' lang='lat' dir='ltr'><strong>solitam,</strong></span> 
     </span>
    </p>
   </div>
   <div class='ocr_carea' id='block_1_91' title="bbox 2332 3165 3981 3240">
    <p class='ocr_par' dir='ltr' id='par_1_91' title="bbox 2332 3165 3981 3240">
     <span class='ocr_line' id='line_1_91' title="bbox 2332 3165 3981 3240; baseline 0.003 -18"><span class='ocrx_word' id='word_1_599' title='bbox 2332 3172 2511 3222; x_wconf 88' lang='lat' dir='ltr'><strong>testes</strong></span> <span class='ocrx_word' id='word_1_600' title='bbox 2543 3170 2681 3221; x_wconf 86' lang='lat' dir='ltr'><strong>sunt</strong></span> <span class='ocrx_word' id='word_1_601' title='bbox 2709 3165 2985 3221; x_wconf 86' lang='lat' dir='ltr'><strong>Justinus</strong></span> <span class='ocrx_word' id='word_1_602' title='bbox 3008 3166 3065 3221; x_wconf 92' lang='lat' dir='ltr'><strong>in</strong></span> <span class='ocrx_word' id='word_1_603' title='bbox 3084 3166 3368 3239; x_wconf 78' lang='lat' dir='ltr'><strong>Apologia</strong></span> <span class='ocrx_word' id='word_1_604' title='bbox 3390 3169 3579 3240; x_wconf 88' lang='lat' dir='ltr'><strong>prima</strong></span> <span class='ocrx_word' id='word_1_605' title='bbox 3603 3170 3981 3238; x_wconf 86' lang='lat' dir='ltr'><strong>;Eusebiusin</strong></span> 
     </span>
    </p>
   </div>
   <div class='ocr_carea' id='block_1_92' title="bbox 2332 3255 3984 3329">
    <p class='ocr_par' dir='ltr' id='par_1_92' title="bbox 2332 3255 3984 3329">
     <span class='ocr_line' id='line_1_92' title="bbox 2332 3255 3984 3329; baseline 0.004 -19"><span class='ocrx_word' id='word_1_606' title='bbox 2332 3256 2435 3310; x_wconf 91' lang='lat' dir='ltr'><strong>lib.</strong></span> <span class='ocrx_word' id='word_1_607' title='bbox 2465 3273 2523 3322; x_wconf 87' lang='lat' dir='ltr'><strong>v,</strong></span> <span class='ocrx_word' id='word_1_608' title='bbox 2556 3264 2684 3326; x_wconf 80' lang='lat' dir='ltr'><strong>ca‘p.</strong></span> <span class='ocrx_word' id='word_1_609' title='bbox 2717 3255 2808 3320; x_wconf 75' lang='grc'><strong>24,</strong></span> <span class='ocrx_word' id='word_1_610' title='bbox 2844 3256 3075 3310; x_wconf 87' lang='lat' dir='ltr'><strong>tametsi</strong></span> <span class='ocrx_word' id='word_1_611' title='bbox 3110 3256 3163 3311; x_wconf 89' lang='lat' dir='ltr'><strong>id</strong></span> <span class='ocrx_word' id='word_1_612' title='bbox 3201 3256 3324 3311; x_wconf 79' lang='lat' dir='ltr'><strong>fieri</strong></span> <span class='ocrx_word' id='word_1_613' title='bbox 3357 3274 3461 3329; x_wconf 91' lang='lat' dir='ltr'><strong>per</strong></span> <span class='ocrx_word' id='word_1_614' title='bbox 3488 3258 3786 3329; x_wconf 87' lang='lat' dir='ltr'><strong>paschalia</strong></span> <span class='ocrx_word' id='word_1_615' title='bbox 3835 3260 3984 3316; x_wconf 83' lang='lat' dir='ltr'><strong>festa</strong></span> 
     </span>
    </p>
   </div>
   <div class='ocr_carea' id='block_1_93' title="bbox 2334 3343 3980 3419">
    <p class='ocr_par' dir='ltr' id='par_1_93' title="bbox 2334 3343 3980 3419">
     <span class='ocr_line' id='line_1_93' title="bbox 2334 3343 3980 3419; baseline 0.002 -19"><span class='ocrx_word' id='word_1_616' title='bbox 2334 3347 2515 3401; x_wconf 87' lang='lat' dir='ltr'><strong>vetuit</strong></span> <span class='ocrx_word' id='word_1_617' title='bbox 2563 3344 2872 3399; x_wconf 84' lang='lat' dir='ltr'><strong>Laodiceni</strong></span> <span class='ocrx_word' id='word_1_618' title='bbox 2930 3343 3157 3399; x_wconf 89' lang='lat' dir='ltr'><strong>concilii</strong></span> <span class='ocrx_word' id='word_1_619' title='bbox 3182 3361 3367 3401; x_wconf 90' lang='lat' dir='ltr'><strong>canon</strong></span> <span class='ocrx_word' id='word_1_620' title='bbox 3404 3347 3601 3402; x_wconf 75' lang='lat' dir='ltr'><strong>H.Nec</strong></span> <span class='ocrx_word' id='word_1_621' title='bbox 3621 3363 3980 3419; x_wconf 89' lang='lat' dir='ltr'><strong>quemquam</strong></span> 
     </span>
    </p>
   </div>
   <div class='ocr_carea' id='block_1_94' title="bbox 2334 3432 3976 3505">
    <p class='ocr_par' dir='ltr' id='par_1_94' title="bbox 2334 3432 3976 3505">
     <span class='ocr_line' id='line_1_94' title="bbox 2334 3432 3976 3505; baseline 0.001 -16"><span class='ocrx_word' id='word_1_622' title='bbox 2334 3447 2565 3489; x_wconf 85' lang='lat' dir='ltr'><strong>movere</strong></span> <span class='ocrx_word' id='word_1_623' title='bbox 2594 3433 2763 3487; x_wconf 85' lang='lat' dir='ltr'><strong>debet</strong></span> <span class='ocrx_word' id='word_1_624' title='bbox 2793 3432 2949 3503; x_wconf 92' lang='lat' dir='ltr'><strong>quod</strong></span> <span class='ocrx_word' id='word_1_625' title='bbox 2968 3432 3374 3505; x_wconf 88' lang='lat' dir='ltr'><strong>peracolytum</strong></span> <span class='ocrx_word' id='word_1_626' title='bbox 3393 3434 3755 3491; x_wconf 86' lang='lat' dir='ltr'><strong>Eucharistia</strong></span> <span class='ocrx_word' id='word_1_627' title='bbox 3783 3440 3976 3491; x_wconf 56' lang='lat' dir='ltr'><strong>trans.</strong></span> 
     </span>
    </p>
   </div>
   <div class='ocr_carea' id='block_1_95' title="bbox 2332 3523 3967 3597">
    <p class='ocr_par' dir='ltr' id='par_1_95' title="bbox 2332 3523 3967 3597">
     <span class='ocr_line' id='line_1_95' title="bbox 2332 3523 3967 3597; baseline 0.002 -18"><span class='ocrx_word' id='word_1_628' title='bbox 2332 3523 2481 3579; x_wconf 86' lang='lat' dir='ltr'><strong>mitti</strong></span> <span class='ocrx_word' id='word_1_629' title='bbox 2515 3523 2764 3591; x_wconf 86' lang='lat' dir='ltr'><strong>dicatur,</strong></span> <span class='ocrx_word' id='word_1_630' title='bbox 2790 3538 2923 3576; x_wconf 91' lang='lat' dir='ltr'><strong>cum</strong></span> <span class='ocrx_word' id='word_1_631' title='bbox 2960 3537 3059 3592; x_wconf 90' lang='lat' dir='ltr'><strong>per</strong></span> <span class='ocrx_word' id='word_1_632' title='bbox 3088 3538 3334 3593; x_wconf 90' lang='lat' dir='ltr'><strong>puerum</strong></span> <span class='ocrx_word' id='word_1_633' title='bbox 3361 3524 3430 3577; x_wconf 90' lang='lat' dir='ltr'><strong>ad</strong></span> <span class='ocrx_word' id='word_1_634' title='bbox 3472 3524 3849 3597; x_wconf 84' lang='lat' dir='ltr'><strong>Serapionem</strong></span> <span class='ocrx_word' id='word_1_635' title='bbox 3877 3542 3967 3582; x_wconf 91' lang='lat' dir='ltr'><strong>se-</strong></span> 
     </span>
    </p>
   </div>
   <div class='ocr_carea' id='block_1_96' title="bbox 2329 3610 3973 3684">
    <p class='ocr_par' dir='ltr' id='par_1_96' title="bbox 2329 3610 3973 3684">
     <span class='ocr_line' id='line_1_96' title="bbox 2329 3610 3973 3684; baseline 0.002 -16"><span class='ocrx_word' id='word_1_636' title='bbox 2329 3628 2463 3668; x_wconf 90' lang='lat' dir='ltr'><strong>nem</strong></span> <span class='ocrx_word' id='word_1_637' title='bbox 2494 3611 2710 3667; x_wconf 87' lang='lat' dir='ltr'><strong>directa</strong></span> <span class='ocrx_word' id='word_1_638' title='bbox 2740 3610 3116 3682; x_wconf 87' lang='lat' dir='ltr'><strong>perhibeatur</strong></span> <span class='ocrx_word' id='word_1_639' title='bbox 3141 3612 3295 3683; x_wconf 90' lang='lat' dir='ltr'><strong>apud</strong></span> <span class='ocrx_word' id='word_1_640' title='bbox 3346 3614 3689 3684; x_wconf 84' lang='lat' dir='ltr'><strong>Eusebium,</strong></span> <span class='ocrx_word' id='word_1_641' title='bbox 3740 3614 3845 3670; x_wconf 91' lang='lat' dir='ltr'><strong>lib.</strong></span> <span class='ocrx_word' id='word_1_642' title='bbox 3886 3633 3973 3684; x_wconf 79' lang='lat' dir='ltr'><strong>v1,</strong></span> 
     </span>
    </p>
   </div>
   <div class='ocr_carea' id='block_1_97' title="bbox 2329 3700 3982 3776">
    <p class='ocr_par' dir='ltr' id='par_1_97' title="bbox 2329 3700 3982 3776">
     <span class='ocr_line' id='line_1_97' title="bbox 2329 3700 3982 3776; baseline 0.001 -18"><span class='ocrx_word' id='word_1_643' title='bbox 2329 3719 2456 3775; x_wconf 89' lang='lat' dir='ltr'><strong>cap.</strong></span> <span class='ocrx_word' id='word_1_644' title='bbox 2489 3702 2577 3756; x_wconf 64' lang='grc' dir='ltr'><strong>«Η.</strong></span> <span class='ocrx_word' id='word_1_645' title='bbox 2609 3700 2909 3771; x_wconf 88' lang='lat' dir='ltr'><strong>Duplicem</strong></span> <span class='ocrx_word' id='word_1_646' title='bbox 2940 3717 3074 3756; x_wconf 90' lang='lat' dir='ltr'><strong>vero</strong></span> <span class='ocrx_word' id='word_1_647' title='bbox 3104 3701 3177 3756; x_wconf 92' lang='lat' dir='ltr'><strong>ob</strong></span> <span class='ocrx_word' id='word_1_648' title='bbox 3218 3718 3458 3759; x_wconf 89' lang='lat' dir='ltr'><strong>causam</strong></span> <span class='ocrx_word' id='word_1_649' title='bbox 3492 3704 3753 3776; x_wconf 85' lang='lat' dir='ltr'><strong>pontifex</strong></span> <span class='ocrx_word' id='word_1_650' title='bbox 3781 3721 3888 3775; x_wconf 91' lang='lat' dir='ltr'><strong>per</strong></span> <span class='ocrx_word' id='word_1_651' title='bbox 3912 3705 3982 3759; x_wconf 91' lang='lat' dir='ltr'><strong>ti-</strong></span> 
     </span>
    </p>
   </div>
   <div class='ocr_carea' id='block_1_98' title="bbox 2326 3789 3974 3865">
    <p class='ocr_par' dir='ltr' id='par_1_98' title="bbox 2326 3789 3974 3865">
     <span class='ocr_line' id='line_1_98' title="bbox 2326 3789 3974 3865; baseline 0.001 -17"><span class='ocrx_word' id='word_1_652' title='bbox 2326 3790 2484 3848; x_wconf 91' lang='lat' dir='ltr'><strong>tulos</strong></span> <span class='ocrx_word' id='word_1_653' title='bbox 2501 3789 3108 3845; x_wconf 88' lang='lat' dir='ltr'><strong>UrbisEucharistiam</strong></span> <span class='ocrx_word' id='word_1_654' title='bbox 3132 3790 3710 3864; x_wconf 87' lang='lat' dir='ltr'><strong>mittebat,nempein</strong></span> <span class='ocrx_word' id='word_1_655' title='bbox 3733 3792 3974 3865; x_wconf 88' lang='lat' dir='ltr'><strong>signum</strong></span> 
     </span>
    </p>
   </div>
   <div class='ocr_carea' id='block_1_99' title="bbox 2325 3878 3965 3945">
    <p class='ocr_par' dir='ltr' id='par_1_99' title="bbox 2325 3878 3965 3945">
     <span class='ocr_line' id='line_1_99' title="bbox 2325 3878 3965 3945; baseline 0.001 -9"><span class='ocrx_word' id='word_1_656' title='bbox 2325 3886 2451 3937; x_wconf 89' lang='lat' dir='ltr'><strong>tum</strong></span> <span class='ocrx_word' id='word_1_657' title='bbox 2479 3878 2865 3945; x_wconf 84' lang='lat' dir='ltr'><strong>auctoritatis,</strong></span> <span class='ocrx_word' id='word_1_658' title='bbox 2897 3883 3024 3935; x_wconf 90' lang='lat' dir='ltr'><strong>tum</strong></span> <span class='ocrx_word' id='word_1_659' title='bbox 3055 3878 3459 3936; x_wconf 66' lang='lat' dir='ltr'><strong>ecclesiasticae</strong></span> <span class='ocrx_word' id='word_1_660' title='bbox 3507 3882 3965 3938; x_wconf 89' lang='lat' dir='ltr'><strong>communionis.</strong></span> 
     </span>
    </p>
   </div>
   <div class='ocr_carea' id='block_1_100' title="bbox 2336 3967 3978 4044">
    <p class='ocr_par' dir='ltr' id='par_1_100' title="bbox 2336 3967 3978 4044">
     <span class='ocr_line' id='line_1_100' title="bbox 2336 3967 3978 4044; baseline 0.001 -19"><span class='ocrx_word' id='word_1_661' title='bbox 2336 3969 2597 4042; x_wconf 83' lang='lat' dir='ltr'><strong>Ignatius</strong></span> <span class='ocrx_word' id='word_1_662' title='bbox 2652 3967 3053 4025; x_wconf 88' lang='lat' dir='ltr'><strong>Antiochenus</strong></span> <span class='ocrx_word' id='word_1_663' title='bbox 3106 3968 3415 4042; x_wconf 90' lang='lat' dir='ltr'><strong>episcopus</strong></span> <span class='ocrx_word' id='word_1_664' title='bbox 3473 3971 3532 4025; x_wconf 93' lang='lat' dir='ltr'><strong>in</strong></span> <span class='ocrx_word' id='word_1_665' title='bbox 3608 3970 3857 4044; x_wconf 90' lang='lat' dir='ltr'><strong>epistola</strong></span> <span class='ocrx_word' id='word_1_666' title='bbox 3905 3971 3978 4027; x_wconf 88' lang='lat' dir='ltr'><strong>ad</strong></span> 
     </span>
    </p>
   </div>
   <div class='ocr_carea' id='block_1_101' title="bbox 2323 4058 3978 4133">
    <p class='ocr_par' dir='ltr' id='par_1_101' title="bbox 2323 4058 3978 4133">
     <span class='ocr_line' id='line_1_101' title="bbox 2323 4058 3978 4133; baseline 0.001 -18"><span class='ocrx_word' id='word_1_667' title='bbox 2323 4060 2651 4132; x_wconf 70' lang='lat' dir='ltr'><strong>Smyrnmos</strong></span> <span class='ocrx_word' id='word_1_668' title='bbox 2681 4061 2868 4113; x_wconf 90' lang='lat' dir='ltr'><strong>ratam</strong></span> <span class='ocrx_word' id='word_1_669' title='bbox 2894 4058 3067 4129; x_wconf 89' lang='lat' dir='ltr'><strong>jubet</strong></span> <span class='ocrx_word' id='word_1_670' title='bbox 3107 4059 3543 4117; x_wconf 86' lang='lat' dir='ltr'><strong>Eucharistiam</strong></span> <span class='ocrx_word' id='word_1_671' title='bbox 3592 4060 3798 4118; x_wconf 88' lang='lat' dir='ltr'><strong>haberi</strong></span> <span class='ocrx_word' id='word_1_672' title='bbox 3850 4077 3978 4133; x_wconf 57' lang='lat' dir='ltr'><strong>quas</strong></span> 
     </span>
    </p>
   </div>
   <div class='ocr_carea' id='block_1_102' title="bbox 2321 4147 3978 4222">
    <p class='ocr_par' dir='ltr' id='par_1_102' title="bbox 2321 4147 3978 4222">
     <span class='ocr_line' id='line_1_102' title="bbox 2321 4147 3978 4222; baseline 0.001 -16"><span class='ocrx_word' id='word_1_673' title='bbox 2321 4151 2431 4206; x_wconf 91' lang='lat' dir='ltr'><strong>sub</strong></span> <span class='ocrx_word' id='word_1_674' title='bbox 2458 4149 2726 4221; x_wconf 89' lang='lat' dir='ltr'><strong>episcopo</strong></span> <span class='ocrx_word' id='word_1_675' title='bbox 2751 4147 2925 4203; x_wconf 84' lang='lat' dir='ltr'><strong>fuerit</strong></span> <span class='ocrx_word' id='word_1_676' title='bbox 2947 4147 3034 4204; x_wconf 88' lang='lat' dir='ltr'><strong>vel</strong></span> <span class='ocrx_word' id='word_1_677' title='bbox 3067 4149 3161 4204; x_wconf 90' lang='lat' dir='ltr'><strong>cui</strong></span> <span class='ocrx_word' id='word_1_678' title='bbox 3191 4149 3317 4222; x_wconf 90' lang='lat' dir='ltr'><strong>ipse</strong></span> <span class='ocrx_word' id='word_1_679' title='bbox 3353 4151 3730 4207; x_wconf 89' lang='lat' dir='ltr'><strong>concesserit.</strong></span> <span class='ocrx_word' id='word_1_680' title='bbox 3766 4152 3836 4207; x_wconf 86' lang='lat' dir='ltr'><strong>Et</strong></span> <span class='ocrx_word' id='word_1_681' title='bbox 3865 4152 3978 4207; x_wconf 88' lang='lat' dir='ltr'><strong>Leo</strong></span> 
     </span>
    </p>
   </div>
   <div class='ocr_carea' id='block_1_103' title="bbox 2322 4236 3977 4314">
    <p class='ocr_par' dir='ltr' id='par_1_103' title="bbox 2322 4236 3977 4314">
     <span class='ocr_line' id='line_1_103' title="bbox 2322 4236 3977 4314; baseline 0.001 -20"><span class='ocrx_word' id='word_1_682' title='bbox 2322 4239 2591 4312; x_wconf 84' lang='lat' dir='ltr'><strong>Magnus,</strong></span> <span class='ocrx_word' id='word_1_683' title='bbox 2622 4237 2684 4292; x_wconf 90' lang='lat' dir='ltr'><strong>in</strong></span> <span class='ocrx_word' id='word_1_684' title='bbox 2715 4236 2967 4308; x_wconf 85' lang='lat' dir='ltr'><strong>epistola</strong></span> <span class='ocrx_word' id='word_1_685' title='bbox 2992 4240 3063 4294; x_wconf 89' lang='lat' dir='ltr'><strong>ad</strong></span> <span class='ocrx_word' id='word_1_686' title='bbox 3098 4238 3293 4295; x_wconf 66' lang='lat' dir='ltr'><strong>Galliae</strong></span> <span class='ocrx_word' id='word_1_687' title='bbox 3325 4244 3382 4296; x_wconf 87' lang='lat' dir='ltr'><strong>et</strong></span> <span class='ocrx_word' id='word_1_688' title='bbox 3404 4239 3727 4297; x_wconf 57' lang='lat' dir='ltr'><strong>Germania</strong></span> <span class='ocrx_word' id='word_1_689' title='bbox 3752 4241 3977 4314; x_wconf 71' lang='lat' dir='ltr'><strong>episco-</strong></span> 
     </span>
    </p>
   </div>
   <div class='ocr_carea' id='block_1_104' title="bbox 2321 4315 4055 4402">
    <p class='ocr_par' dir='ltr' id='par_1_104' title="bbox 2321 4315 4055 4402">
     <span class='ocr_line' id='line_1_104' title="bbox 2321 4315 4055 4402; baseline 0.003 -20"><span class='ocrx_word' id='word_1_690' title='bbox 2321 4346 2448 4400; x_wconf 89' lang='lat' dir='ltr'><strong>pos,</strong></span> <span class='ocrx_word' id='word_1_691' title='bbox 2482 4328 2559 4383; x_wconf 91' lang='lat' dir='ltr'><strong>ait</strong></span> <span class='ocrx_word' id='word_1_692' title='bbox 2590 4343 2704 4383; x_wconf 93' lang='lat' dir='ltr'><strong>non</strong></span> <span class='ocrx_word' id='word_1_693' title='bbox 2738 4326 2913 4383; x_wconf 87' lang='lat' dir='ltr'><strong>licere</strong></span> <span class='ocrx_word' id='word_1_694' title='bbox 2946 4328 3221 4401; x_wconf 89' lang='lat' dir='ltr'><strong>episcopo</strong></span> <span class='ocrx_word' id='word_1_695' title='bbox 3267 4315 3573 4402; x_wconf 66' lang='lat' dir='ltr'><strong>praesente,</strong></span> <span class='ocrx_word' id='word_1_696' title='bbox 3624 4327 3737 4386; x_wconf 88' lang='lat' dir='ltr'><strong>nisi</strong></span> <span class='ocrx_word' id='word_1_697' title='bbox 3782 4330 3970 4402; x_wconf 87' lang='lat' dir='ltr'><strong>ipsius</strong></span> <span class='ocrx_word' id='word_1_698' title='bbox 4043 4322 4055 4333; x_wconf 81' lang='grc'><strong>’</strong></span> 
     </span>
    </p>
   </div>
   <div class='ocr_carea' id='block_1_105' title="bbox 2312 4418 3972 4492">
    <p class='ocr_par' dir='ltr' id='par_1_105' title="bbox 2312 4418 3972 4492">
     <span class='ocr_line' id='line_1_105' title="bbox 2312 4418 3972 4492; baseline 0.002 -21"><span class='ocrx_word' id='word_1_699' title='bbox 2312 4419 2511 4488; x_wconf 90' lang='lat' dir='ltr'><strong>jussu,</strong></span> <span class='ocrx_word' id='word_1_700' title='bbox 2543 4420 2976 4473; x_wconf 89' lang='lat' dir='ltr'><strong>sacramentum</strong></span> <span class='ocrx_word' id='word_1_701' title='bbox 3010 4419 3269 4488; x_wconf 86' lang='lat' dir='ltr'><strong>corporis</strong></span> <span class='ocrx_word' id='word_1_702' title='bbox 3300 4422 3357 4475; x_wconf 86' lang='lat' dir='ltr'><strong>et</strong></span> <span class='ocrx_word' id='word_1_703' title='bbox 3403 4419 3714 4492; x_wconf 84' lang='lat' dir='ltr'><strong>sanguinis</strong></span> <span class='ocrx_word' id='word_1_704' title='bbox 3755 4418 3972 4475; x_wconf 88' lang='lat' dir='ltr'><strong>Christi</strong></span> 
     </span>
    </p>
   </div>
   <div class='ocr_carea' id='block_1_106' title="bbox 2320 4505 3974 4580">
    <p class='ocr_par' dir='ltr' id='par_1_106' title="bbox 2320 4505 3974 4580">
     <span class='ocr_line' id='line_1_106' title="bbox 2320 4505 3974 4580; baseline 0.002 -18"><span class='ocrx_word' id='word_1_705' title='bbox 2320 4507 2623 4562; x_wconf 87' lang='lat' dir='ltr'><strong>conﬁcere.</strong></span> <span class='ocrx_word' id='word_1_706' title='bbox 2649 4505 2849 4576; x_wconf 89' lang='lat' dir='ltr'><strong>Itaque</strong></span> <span class='ocrx_word' id='word_1_707' title='bbox 2865 4506 3126 4578; x_wconf 81' lang='lat' dir='ltr'><strong>pontifex</strong></span> <span class='ocrx_word' id='word_1_708' title='bbox 3144 4511 3529 4564; x_wconf 85' lang='lat' dir='ltr'><strong>attestaretur</strong></span> <span class='ocrx_word' id='word_1_709' title='bbox 3539 4524 3601 4564; x_wconf 90' lang='lat' dir='ltr'><strong>se</strong></span> <span class='ocrx_word' id='word_1_710' title='bbox 3616 4506 3974 4580; x_wconf 80' lang='lat' dir='ltr'><strong>presbyteris</strong></span> 
     </span>
    </p>
   </div>
   <div class='ocr_carea' id='block_1_107' title="bbox 2320 4594 3973 4668">
    <p class='ocr_par' dir='ltr' id='par_1_107' title="bbox 2320 4594 3973 4668">
     <span class='ocr_line' id='line_1_107' title="bbox 2320 4594 3973 4668; baseline 0.001 -17"><span class='ocrx_word' id='word_1_711' title='bbox 2320 4595 2624 4651; x_wconf 90' lang='lat' dir='ltr'><strong>titulorum</strong></span> <span class='ocrx_word' id='word_1_712' title='bbox 2658 4594 2820 4650; x_wconf 88' lang='lat' dir='ltr'><strong>urbis</strong></span> <span class='ocrx_word' id='word_1_713' title='bbox 2852 4594 3045 4650; x_wconf 70' lang='lat' dir='ltr'><strong>Romae</strong></span> <span class='ocrx_word' id='word_1_714' title='bbox 3078 4599 3425 4668; x_wconf 88' lang='lat' dir='ltr'><strong>potestatem</strong></span> <span class='ocrx_word' id='word_1_715' title='bbox 3456 4597 3648 4652; x_wconf 77' lang='lat' dir='ltr'><strong>facere</strong></span> <span class='ocrx_word' id='word_1_716' title='bbox 3692 4596 3973 4653; x_wconf 84' lang='lat' dir='ltr'><strong>Euchari-</strong></span> 
     </span>
    </p>
   </div>
   <div class='ocr_carea' id='block_1_108' title="bbox 2240 4682 3973 4769">
    <p class='ocr_par' dir='ltr' id='par_1_108' title="bbox 2240 4682 3973 4769">
     <span class='ocr_line' id='line_1_108' title="bbox 2240 4682 3973 4769; baseline 0.001 -28"><span class='ocrx_word' id='word_1_717' title='bbox 2240 4703 2286 4769; x_wconf 74' lang='grc' dir='ltr'><strong>ι)</strong></span> <span class='ocrx_word' id='word_1_718' title='bbox 2318 4686 2440 4741; x_wconf 74' lang='lat' dir='ltr'><strong>stiae</strong></span> <span class='ocrx_word' id='word_1_719' title='bbox 2473 4685 2867 4753; x_wconf 68' lang='lat' dir='ltr'><strong>conﬁciendae,</strong></span> <span class='ocrx_word' id='word_1_720' title='bbox 2896 4685 3325 4741; x_wconf 87' lang='lat' dir='ltr'><strong>Eucharistiam</strong></span> <span class='ocrx_word' id='word_1_721' title='bbox 3348 4686 3473 4758; x_wconf 90' lang='lat' dir='ltr'><strong>ipse</strong></span> <span class='ocrx_word' id='word_1_722' title='bbox 3504 4682 3793 4754; x_wconf 87' lang='lat' dir='ltr'><strong>mittebat,</strong></span> <span class='ocrx_word' id='word_1_723' title='bbox 3842 4702 3973 4759; x_wconf 71' lang='lat' dir='ltr'><strong>quas</strong></span> 
     </span>
    </p>
   </div>
   <div class='ocr_carea' id='block_1_109' title="bbox 2316 4774 3968 4847">
    <p class='ocr_par' dir='ltr' id='par_1_109' title="bbox 2316 4774 3968 4847">
     <span class='ocr_line' id='line_1_109' title="bbox 2316 4774 3968 4847; baseline 0.001 -16"><span class='ocrx_word' id='word_1_724' title='bbox 2316 4775 2491 4831; x_wconf 87' lang='lat' dir='ltr'><strong>etiam</strong></span> <span class='ocrx_word' id='word_1_725' title='bbox 2513 4774 2846 4847; x_wconf 84' lang='lat' dir='ltr'><strong>symbolum</strong></span> <span class='ocrx_word' id='word_1_726' title='bbox 2870 4774 3562 4831; x_wconf 70' lang='lat' dir='ltr'><strong>mutuaaunioniseratJd</strong></span> <span class='ocrx_word' id='word_1_727' title='bbox 3581 4792 3615 4832; x_wconf 92' lang='lat' dir='ltr'><strong>a</strong></span> <span class='ocrx_word' id='word_1_728' title='bbox 3639 4774 3968 4832; x_wconf 88' lang='lat' dir='ltr'><strong>Melchiade</strong></span> 
     </span>
    </p>
   </div>
   <div class='ocr_carea' id='block_1_110' title="bbox 2313 4862 3969 4937">
    <p class='ocr_par' dir='ltr' id='par_1_110' title="bbox 2313 4862 3969 4937">
     <span class='ocr_line' id='line_1_110' title="bbox 2313 4862 3969 4937; baseline 0.001 -17"><span class='ocrx_word' id='word_1_729' title='bbox 2313 4869 2369 4920; x_wconf 89' lang='lat' dir='ltr'><strong>et</strong></span> <span class='ocrx_word' id='word_1_730' title='bbox 2395 4862 2597 4918; x_wconf 88' lang='lat' dir='ltr'><strong>Siricio</strong></span> <span class='ocrx_word' id='word_1_731' title='bbox 2630 4862 2924 4918; x_wconf 87' lang='lat' dir='ltr'><strong>sancitum</strong></span> <span class='ocrx_word' id='word_1_732' title='bbox 2976 4862 3211 4931; x_wconf 90' lang='lat' dir='ltr'><strong>dicitur,</strong></span> <span class='ocrx_word' id='word_1_733' title='bbox 3262 4863 3620 4937; x_wconf 85' lang='lat' dir='ltr'><strong>explicatum</strong></span> <span class='ocrx_word' id='word_1_734' title='bbox 3669 4864 3742 4920; x_wconf 89' lang='lat' dir='ltr'><strong>ab</strong></span> <span class='ocrx_word' id='word_1_735' title='bbox 3794 4866 3969 4921; x_wconf 89' lang='lat' dir='ltr'><strong>Inno-</strong></span> 
     </span>
    </p>
   </div>
   <div class='ocr_carea' id='block_1_111' title="bbox 2317 4951 3971 5029">
    <p class='ocr_par' dir='ltr' id='par_1_111' title="bbox 2317 4951 3971 5029">
     <span class='ocr_line' id='line_1_111' title="bbox 2317 4951 3971 5029; baseline 0.001 -20"><span class='ocrx_word' id='word_1_736' title='bbox 2317 4953 2740 5009; x_wconf 88' lang='lat' dir='ltr'><strong>centio.Postea</strong></span> <span class='ocrx_word' id='word_1_737' title='bbox 2769 4951 2895 5008; x_wconf 91' lang='lat' dir='ltr'><strong>loco</strong></span> <span class='ocrx_word' id='word_1_738' title='bbox 2926 4952 3303 5010; x_wconf 69' lang='lat' dir='ltr'><strong>Eucharistiaa</strong></span> <span class='ocrx_word' id='word_1_739' title='bbox 3336 4953 3530 5011; x_wconf 64' lang='lat' dir='ltr'><strong>missae</strong></span> <span class='ocrx_word' id='word_1_740' title='bbox 3562 4958 3705 5011; x_wconf 88' lang='lat' dir='ltr'><strong>sunt</strong></span> <span class='ocrx_word' id='word_1_741' title='bbox 3723 4954 3971 5029; x_wconf 65' lang='lat' dir='ltr'><strong>eulogia;</strong></span> 
     </span>
    </p>
   </div>
   <div class='ocr_carea' id='block_1_112' title="bbox 2316 5041 3973 5118">
    <p class='ocr_par' dir='ltr' id='par_1_112' title="bbox 2316 5041 3973 5118">
     <span class='ocr_line' id='line_1_112' title="bbox 2316 5041 3973 5118; baseline 0.002 -19"><span class='ocrx_word' id='word_1_742' title='bbox 2316 5060 2417 5099; x_wconf 90' lang='lat' dir='ltr'><strong>seu</strong></span> <span class='ocrx_word' id='word_1_743' title='bbox 2449 5041 2653 5097; x_wconf 72' lang='lat' dir='ltr'><strong>oblata:</strong></span> <span class='ocrx_word' id='word_1_744' title='bbox 2686 5042 3274 5099; x_wconf 63' lang='lat' dir='ltr'><strong>inconsecrataaﬂinc</strong></span> <span class='ocrx_word' id='word_1_745' title='bbox 3306 5044 3366 5099; x_wconf 92' lang='lat' dir='ltr'><strong>in</strong></span> <span class='ocrx_word' id='word_1_746' title='bbox 3390 5044 3525 5100; x_wconf 89' lang='lat' dir='ltr'><strong>Vita</strong></span> <span class='ocrx_word' id='word_1_747' title='bbox 3543 5042 3792 5102; x_wconf 86' lang='lat' dir='ltr'><strong>Joannis</strong></span> <span class='ocrx_word' id='word_1_748' title='bbox 3808 5060 3973 5118; x_wconf 64' lang='lat' dir='ltr'><strong>papas</strong></span> 
     </span>
    </p>
   </div>
   <div class='ocr_carea' id='block_1_113' title="bbox 2316 5126 3989 5205">
    <p class='ocr_par' dir='ltr' id='par_1_113' title="bbox 2316 5126 3989 5205">
     <span class='ocr_line' id='line_1_113' title="bbox 2316 5126 3989 5205; baseline 0.001 -16"><span class='ocrx_word' id='word_1_749' title='bbox 2316 5132 2470 5189; x_wconf 84' lang='lat' dir='ltr'><strong>tertii</strong></span> <span class='ocrx_word' id='word_1_750' title='bbox 2501 5131 2883 5187; x_wconf 89' lang='lat' dir='ltr'><strong>constitutum</strong></span> <span class='ocrx_word' id='word_1_751' title='bbox 2914 5131 3128 5205; x_wconf 82' lang='lat' dir='ltr'><strong>legitur</strong></span> <span class='ocrx_word' id='word_1_752' title='bbox 3161 5157 3182 5183; x_wconf 76' lang='grc' dir='ltr'><strong>ι</strong></span> <span class='ocrx_word' id='word_1_753' title='bbox 3218 5138 3284 5189; x_wconf 87' lang='lat' dir='ltr'><strong>ut</strong></span> <span class='ocrx_word' id='word_1_754' title='bbox 3315 5134 3643 5192; x_wconf 86' lang='lat' dir='ltr'><strong>oblationes</strong></span> <span class='ocrx_word' id='word_1_755' title='bbox 3673 5138 3731 5191; x_wconf 89' lang='lat' dir='ltr'><strong>et</strong></span> <span class='ocrx_word' id='word_1_756' title='bbox 3759 5126 3989 5191; x_wconf 37' lang='lat' dir='ltr'><strong>amula:</strong></span> 
     </span>
    </p>
   </div>
   <div class='ocr_carea' id='block_1_114' title="bbox 2311 5220 3968 5298">
    <p class='ocr_par' dir='ltr' id='par_1_114' title="bbox 2311 5220 3968 5298">
     <span class='ocr_line' id='line_1_114' title="bbox 2311 5220 3968 5298; baseline 0 -21"><span class='ocrx_word' id='word_1_757' title='bbox 2311 5222 2398 5278; x_wconf 86' lang='lat' dir='ltr'><strong>vel</strong></span> <span class='ocrx_word' id='word_1_758' title='bbox 2431 5220 2745 5277; x_wconf 89' lang='lat' dir='ltr'><strong>luminaria</strong></span> <span class='ocrx_word' id='word_1_759' title='bbox 2771 5221 2831 5276; x_wconf 90' lang='lat' dir='ltr'><strong>in</strong></span> <span class='ocrx_word' id='word_1_760' title='bbox 2864 5223 3214 5281; x_wconf 74' lang='lat' dir='ltr'><strong>cmmeteriis</strong></span> <span class='ocrx_word' id='word_1_761' title='bbox 3245 5241 3351 5298; x_wconf 89' lang='lat' dir='ltr'><strong>per</strong></span> <span class='ocrx_word' id='word_1_762' title='bbox 3387 5241 3593 5281; x_wconf 87' lang='lat' dir='ltr'><strong>omnes</strong></span> <span class='ocrx_word' id='word_1_763' title='bbox 3632 5224 3968 5281; x_wconf 87' lang='lat' dir='ltr'><strong>Dominicas</strong></span> 
     </span>
    </p>
   </div>
   <div class='ocr_carea' id='block_1_115' title="bbox 2313 5310 3963 5384">
    <p class='ocr_par' dir='ltr' id='par_1_115' title="bbox 2313 5310 3963 5384">
     <span class='ocr_line' id='line_1_115' title="bbox 2313 5310 3963 5384; baseline -0.001 -16"><span class='ocrx_word' id='word_1_764' title='bbox 2313 5312 2382 5368; x_wconf 91' lang='lat' dir='ltr'><strong>de</strong></span> <span class='ocrx_word' id='word_1_765' title='bbox 2414 5310 2715 5367; x_wconf 88' lang='lat' dir='ltr'><strong>Lateranis</strong></span> <span class='ocrx_word' id='word_1_766' title='bbox 2749 5311 3249 5382; x_wconf 88' lang='lat' dir='ltr'><strong>ministrarentur,</strong></span> <span class='ocrx_word' id='word_1_767' title='bbox 3283 5338 3312 5366; x_wconf 82' lang='grc'><strong>››</strong></span> <span class='ocrx_word' id='word_1_768' title='bbox 3344 5320 3403 5371; x_wconf 90' lang='lat' dir='ltr'><strong>et</strong></span> <span class='ocrx_word' id='word_1_769' title='bbox 3427 5316 3486 5370; x_wconf 89' lang='lat' dir='ltr'><strong>in</strong></span> <span class='ocrx_word' id='word_1_770' title='bbox 3519 5315 3650 5370; x_wconf 86' lang='lat' dir='ltr'><strong>Vita</strong></span> <span class='ocrx_word' id='word_1_771' title='bbox 3699 5311 3963 5384; x_wconf 86' lang='lat' dir='ltr'><strong>Gregorii</strong></span> 
     </span>
    </p>
   </div>
   <div class='ocr_carea' id='block_1_116' title="bbox 2309 5400 3960 5477">
    <p class='ocr_par' dir='ltr' id='par_1_116' title="bbox 2309 5400 3960 5477">
     <span class='ocr_line' id='line_1_116' title="bbox 2309 5400 3960 5477; baseline -0.001 -19"><span class='ocrx_word' id='word_1_772' title='bbox 2309 5401 2485 5469; x_wconf 88' lang='lat' dir='ltr'><strong>tertii,</strong></span> <span class='ocrx_word' id='word_1_773' title='bbox 2518 5424 2548 5451; x_wconf 90' lang='grc'><strong>‹‹</strong></span> <span class='ocrx_word' id='word_1_774' title='bbox 2582 5403 2646 5455; x_wconf 91' lang='lat' dir='ltr'><strong>ut</strong></span> <span class='ocrx_word' id='word_1_775' title='bbox 2675 5400 3004 5459; x_wconf 87' lang='lat' dir='ltr'><strong>oblationes</strong></span> <span class='ocrx_word' id='word_1_776' title='bbox 3036 5404 3107 5459; x_wconf 92' lang='lat' dir='ltr'><strong>de</strong></span> <span class='ocrx_word' id='word_1_777' title='bbox 3132 5405 3488 5477; x_wconf 87' lang='lat' dir='ltr'><strong>patriarchio</strong></span> <span class='ocrx_word' id='word_1_778' title='bbox 3517 5419 3620 5476; x_wconf 86' lang='lat' dir='ltr'><strong>per</strong></span> <span class='ocrx_word' id='word_1_779' title='bbox 3642 5400 3960 5458; x_wconf 62' lang='lat' dir='ltr'><strong>oblationa4</strong></span> 
     </span>
    </p>
   </div>
   <div class='ocr_carea' id='block_1_117' title="bbox 2308 5490 3962 5564">
    <p class='ocr_par' dir='ltr' id='par_1_117' title="bbox 2308 5490 3962 5564">
     <span class='ocr_line' id='line_1_117' title="bbox 2308 5490 3962 5564; baseline -0.001 -16"><span class='ocrx_word' id='word_1_780' title='bbox 2308 5493 2461 5548; x_wconf 89' lang='lat' dir='ltr'><strong>rium</strong></span> <span class='ocrx_word' id='word_1_781' title='bbox 2492 5492 2946 5564; x_wconf 87' lang='lat' dir='ltr'><strong>deportarentur</strong></span> <span class='ocrx_word' id='word_1_782' title='bbox 2975 5493 3046 5550; x_wconf 91' lang='lat' dir='ltr'><strong>ad</strong></span> <span class='ocrx_word' id='word_1_783' title='bbox 3080 5494 3457 5551; x_wconf 86' lang='lat' dir='ltr'><strong>celebrandas</strong></span> <span class='ocrx_word' id='word_1_784' title='bbox 3486 5492 3759 5557; x_wconf 87' lang='lat' dir='ltr'><strong>missas,»</strong></span> <span class='ocrx_word' id='word_1_785' title='bbox 3788 5490 3962 5547; x_wconf 85' lang='lat' dir='ltr'><strong>obla-</strong></span> 
     </span>
    </p>
   </div>
   <div class='ocr_carea' id='block_1_118' title="bbox 2305 5580 3962 5656">
    <p class='ocr_par' dir='ltr' id='par_1_118' title="bbox 2305 5580 3962 5656">
     <span class='ocr_line' id='line_1_118' title="bbox 2305 5580 3962 5656; baseline -0.001 -17"><span class='ocrx_word' id='word_1_786' title='bbox 2305 5583 2516 5649; x_wconf 88' lang='lat' dir='ltr'><strong>tiones,</strong></span> <span class='ocrx_word' id='word_1_787' title='bbox 2547 5581 2812 5653; x_wconf 88' lang='lat' dir='ltr'><strong>inquam,</strong></span> <span class='ocrx_word' id='word_1_788' title='bbox 2848 5583 3017 5655; x_wconf 90' lang='lat' dir='ltr'><strong>panis</strong></span> <span class='ocrx_word' id='word_1_789' title='bbox 3047 5587 3104 5640; x_wconf 90' lang='lat' dir='ltr'><strong>et</strong></span> <span class='ocrx_word' id='word_1_790' title='bbox 3132 5584 3272 5653; x_wconf 90' lang='lat' dir='ltr'><strong>vini,</strong></span> <span class='ocrx_word' id='word_1_791' title='bbox 3301 5582 3502 5656; x_wconf 89' lang='lat' dir='ltr'><strong>quales</strong></span> <span class='ocrx_word' id='word_1_792' title='bbox 3524 5580 3844 5655; x_wconf 87' lang='lat' dir='ltr'><strong>Gregorius</strong></span> <span class='ocrx_word' id='word_1_793' title='bbox 3870 5597 3962 5639; x_wconf 78' lang='lat' dir='ltr'><strong>se-</strong></span> 
     </span>
    </p>
   </div>
   <div class='ocr_carea' id='block_1_119' title="bbox 2305 5670 3953 5745">
    <p class='ocr_par' dir='ltr' id='par_1_119' title="bbox 2305 5670 3953 5745">
     <span class='ocr_line' id='line_1_119' title="bbox 2305 5670 3953 5745; baseline -0.001 -16"><span class='ocrx_word' id='word_1_794' title='bbox 2305 5672 2535 5729; x_wconf 89' lang='lat' dir='ltr'><strong>cundus</strong></span> <span class='ocrx_word' id='word_1_795' title='bbox 2564 5670 2820 5728; x_wconf 81' lang='lat' dir='ltr'><strong>ecclesiae</strong></span> <span class='ocrx_word' id='word_1_796' title='bbox 2852 5672 3048 5730; x_wconf 88' lang='lat' dir='ltr'><strong>Sancti</strong></span> <span class='ocrx_word' id='word_1_797' title='bbox 3074 5672 3236 5730; x_wconf 87' lang='lat' dir='ltr'><strong>Pauli</strong></span> <span class='ocrx_word' id='word_1_798' title='bbox 3267 5670 3523 5745; x_wconf 90' lang='lat' dir='ltr'><strong>quotidie</strong></span> <span class='ocrx_word' id='word_1_799' title='bbox 3554 5670 3710 5727; x_wconf 89' lang='lat' dir='ltr'><strong>mitti</strong></span> <span class='ocrx_word' id='word_1_800' title='bbox 3734 5671 3953 5727; x_wconf 87' lang='lat' dir='ltr'><strong>consti-</strong></span> 
     </span>
    </p>
   </div>
   <div class='ocr_carea' id='block_1_120' title="bbox 2302 5761 3954 5837">
    <p class='ocr_par' dir='ltr' id='par_1_120' title="bbox 2302 5761 3954 5837">
     <span class='ocr_line' id='line_1_120' title="bbox 2302 5761 3954 5837; baseline -0.002 -16"><span class='ocrx_word' id='word_1_801' title='bbox 2302 5762 2432 5822; x_wconf 90' lang='lat' dir='ltr'><strong>tuit.</strong></span> <span class='ocrx_word' id='word_1_802' title='bbox 2460 5761 2679 5819; x_wconf 89' lang='lat' dir='ltr'><strong>Verum</strong></span> <span class='ocrx_word' id='word_1_803' title='bbox 2701 5762 2929 5823; x_wconf 86' lang='lat' dir='ltr'><strong>etiamsi</strong></span> <span class='ocrx_word' id='word_1_804' title='bbox 2942 5763 3201 5837; x_wconf 79' lang='lat' dir='ltr'><strong>pontifex</strong></span> <span class='ocrx_word' id='word_1_805' title='bbox 3228 5761 3654 5823; x_wconf 85' lang='lat' dir='ltr'><strong>Eucharistiam</strong></span> <span class='ocrx_word' id='word_1_806' title='bbox 3687 5761 3954 5821; x_wconf 87' lang='lat' dir='ltr'><strong>mittebat</strong></span> 
     </span>
    </p>
   </div>
  </div>
