3978 6394
354 361 505 426 1275
1380 362 1770 427 APPENDIX
1809 361 1911 425 AD

2117 357 2217 428 BA
2259 359 2695 425 HUMBERTI.
3649 347 3830 418 1276

352 499 424 554 ad
454 495 654 555 titulos
679 495 870 564 Urbis,
903 496 1078 554 aliam
1099 501 1290 554 tamen
1312 499 1627 571 presbyteri
1657 499 1781 554 sine
1803 498 1978 554 dubio
2009 499 2064 565 Α
2093 511 2224 552 nem
2257 511 2524 569 azymum
2555 493 2896 550 Latinorum
2927 507 2962 550 α
2991 490 3202 550 Niceta
3232 489 3582 550 Pectorato
3601 485 3828 548 vocari

353 587 786 642 consecrabant.
825 587 967 644 Nam
1015 591 1072 642 et
1119 586 1330 642 missas
1376 587 1744 641 celebrabant
1789 589 1863 654 et,
1917 590 1980 642 ut
2085 592 2279 656 ἀζύμην
2309 594 2468 656 ζύμην
2499 605 2526 634 ‹‹
2562 598 2832 655 azymum
2877 581 3264 648 fermentum,
3330 604 3354 634 ι
3429 578 3571 636 nisi
3607 577 3680 634 id
3717 595 3828 636 ex-

352 676 464 731 sibi
493 676 549 730 id
581 675 776 731 liceret
806 691 908 746 per
936 676 1286 746 pontiﬁcem,
1327 674 1679 730 eucharistia
1709 673 1974 729 mitteba-
2085 675 2385 746 probando
2415 679 2471 728 et
2495 669 2916 729 subsannando
2943 668 3168 726 dixisse
3200 669 3556 724 videretur.

349 769 482 834 tur;
515 769 640 819 tum
671 781 804 820 vero
834 780 901 819 ex
918 769 1160 835 utraque
1185 761 1556 828 oblatione,et
1583 779 1650 816 ex
1674 779 1741 817 ea
1761 763 1978 818 scilicet
2153 793 2390 844 Sextum
2421 804 2525 859 pro
2541 787 2823 842 fermento
2838 784 3612 840 momentumdesumitur
3633 801 3716 841 ex
3743 785 3824 841 εί,

347 869 474 923 qum
505 869 538 906 ³
567 852 854 946 Ροῖξῖίέῖοθν
889 855 943 946 9t
973 867 1036 906 ex
1063 867 1129 946 3?
1159 868 1284 922 quae
1327 851 1397 905 ab
1447 850 1599 946 iRSiS_
1641 855 1977 946 θοξλεξῗέτεξξα
2082 876 2259 932 lentio
2285 850 2600 946 Photii,qui
2632 890 2766 928 cum
2799 873 3156 928 criminandi
3191 872 3450 929 Latinos
3491 874 3562 928 in
3599 873 3818 928 omni-

346 948 486 1006 eral,
519 940 819 1012 presbyter
848 945 903 994 et
935 939 1184 1011 populus
1215 938 1746 994 communicabant.
1771 937 1973 993 Simile

345 1029 486 1099 quid
517 1028 800 1083 faciebant
829 1028 1146 1100 presbyteri
1179 1043 1378 1082 recens
1408 1026 1658 1082 ordinati
1711 1027 1810 1096 qui
1858 1027 1969 1081 Eu-

343 1116 615 1171 charistia
647 1117 716 1170 de
751 1131 924 1170 manu
942 1115 1194 1187 episcopi
1217 1115 1309 1170 die
1331 1114 1714 1170 ordinationis
1736 1131 1853 1168 suae
1875 1131 1968 1169 ac-

341 1209 505 1274 cepta
531 1204 590 1258 in
634 1204 756 1258 dies
788 1204 1175 1276 quadraginta
1205 1203 1612 1258 reﬁciebantur
1635 1219 1647 1268 ;
1673 1209 1727 1256 et
1772 1207 1967 1258 tamen

339 1291 580 1347 missam
603 1291 858 1362 quotidie
879 1291 1168 1346 celebrare
1182 1289 1966 1362 poterant,etEucbaristiam

340 1397 458 1434 ase
481 1385 880 1434 consecratam
912 1377 1089 1433 simul
1137 1379 1450 1449 percipere,
1503 1382 1648 1432 teste
1698 1377 1965 1434 Fulberto

337 1468 681 1522 Carnutensi
712 1467 981 1538 episcopo
1011 1466 1070 1520 in
1095 1465 1339 1536 epistola
1365 1468 1400 1518 2
1429 1465 1500 1519 ad
1531 1465 1867 1519 Einardum.

405 1557 515 1610 Sed
540 1563 601 1610 ut
622 1555 693 1609 ad
717 1555 1064 1609 fermentum
1087 1553 1422 1608 Melchiadis
1441 1553 1806 1624 aliorumque
1828 1569 1966 1623 pon~

341 1644 565 1698 tiﬁcum
598 1647 866 1708 revertar,
899 1659 1001 1697 cur
1021 1642 1125 1696 hoc
1159 1641 1392 1696 nomine
1421 1640 1783 1696 Eucharistia
1811 1641 1964 1695 dicta

335 1731 414 1786 sit
443 1731 812 1801 inquirimus.
844 1729 1212 1794 Sirmundus,
1245 1728 1480 1783 tametsi
1529 1728 1688 1782 locus
1721 1745 1820 1800 pro
1851 1729 1958 1783 fer-

335 1821 510 1874 menti
543 1836 684 1874 usus
716 1835 888 1889 quem
919 1833 1176 1872 asserere
1194 1816 1632 1883 volebat,facere
1657 1816 1959 1871 videbatur

333 1909 412 1961 ita
441 1906 653 1962 dictam
685 1907 913 1977 probat,
945 1923 1060 1960 non
1104 1906 1257 1975 quod
1306 1921 1374 1959 ex
1422 1905 1762 1960 fermentato
1811 1921 1960 1975 pane

329 1999 636 2060 constaret,
663 1994 762 2048 sed
793 1994 946 2065 quod
979 1994 1106 2064 ipsa
1135 2009 1484 2064 quocunque
1511 2009 1578 2047 ex
1608 2010 1756 2064 pane
1775 1993 1954 2061 fieret,

328 2083 594 2138 Ecclesiis
616 2083 684 2138 ad
703 2099 848 2153 quas
871 2082 1208 2137 mittebatur
1229 2082 1494 2136 fermenti
1517 2081 1696 2136 vicem
1719 2085 1955 2153 praesta-

327 2175 429 2234 ret,
462 2170 662 2241 eisque
693 2169 926 2225 unionis
957 2169 1108 2224 inter
1136 2186 1197 2224 se
1228 2167 1526 2224 vinculum
1558 2173 1731 2236 esset,
1782 2168 1952 2224 sicuti

324 2259 670 2312 fermentum
703 2273 909 2312 massa:
940 2257 1032 2310 cui
1065 2257 1494 2311 commiscetur.
1543 2257 1610 2310 Et
1639 2257 1874 2327 quidem
1907 2255 1956 2312 si

321 2347 464 2401 bene
495 2345 929 2418 perpendantur
956 2345 1127 2399 verba
1151 2343 1333 2399 relata
1363 2361 1430 2400 ex
1459 2344 1590 2398 Vita
1613 2344 1952 2400 Melcbiadis

320 2439 377 2489 et
408 2434 617 2501 Siricii,
643 2437 869 2488 tantum
900 2433 1064 2488 abest
1097 2437 1161 2486 ut
1189 2432 1556 2487 Eucharistia
1602 2432 1742 2487 dicti
1767 2433 1956 2488 videa-

321 2527 418 2577 tur
446 2523 792 2578 fermentum
828 2538 895 2576 ex
925 2537 990 2576 eo
1022 2521 1176 2590 quod
1210 2520 1490 2574 fermento
1549 2523 1856 2586 constaret,
1891 2524 1955 2574 ut

318 2615 518 2666 contra
547 2610 657 2664 hoc
681 2625 890 2663 nomen
925 2607 1034 2678 ipsi
1059 2605 1414 2661 adscititium
1439 2611 1493 2661 et
1511 2605 1746 2661 aliunde
1775 2623 1950 2678 quam

317 2699 388 2753 ab
413 2699 540 2770 ipsa
570 2715 630 2753 re
661 2697 910 2770 petitum
942 2712 1070 2751 csse
1093 2699 1387 2766 appareat.
1416 2695 1496 2750 De
1523 2693 1839 2750 Melchiade
1873 2693 1950 2750 le-

314 2785 506 2858 gitur:
539 2809 566 2834 «
595 2785 696 2841 Hic
728 2783 1628 2840 fecitutoblationesconsecrates
1641 2800 1740 2854 per
1757 2783 1949 2838 Eccle-

315 2875 434 2929 sias
466 2891 532 2929 ex
561 2877 899 2929 consecrata
932 2871 1190 2943 episcOpi
1234 2871 1640 2943 dirigerentur,
1676 2871 1828 2942 quod
1859 2871 1951 2926 de-

314 2961 568 3016 claratur
599 2962 967 3015 fermentum.
989 2981 1016 3010 ››
1049 2960 1110 3014 In
1137 2959 1396 3024 Siricio,«
1431 2959 1584 3029 quod
1617 2959 1952 3014 nominatur

313 3050 665 3104 fermentum
697 3069 724 3096 ››
755 3047 894 3100 Mihi
921 3063 1054 3102 vero
1084 3045 1298 3116 legenti
1337 3045 1456 3100 haec
1488 3047 1679 3112 verba,
1714 3068 1743 3096 «
1793 3047 1946 3116 quod

313 3136 658 3203 declaratur,
693 3134 844 3206 quod
878 3135 1214 3189 nominatur
1259 3135 1630 3200 fermentum,
1669 3157 1696 3182 ››
1747 3135 1944 3190 statim

312 3226 492 3280 subiit
512 3224 786 3297 cogitatio
812 3227 1146 3277 extraneum
1175 3221 1284 3276 hoc
1306 3238 1432 3276 esse
1455 3222 1942 3288 vocabulum,non
1977 3217 2018 3284 C

310 3316 382 3370 ab
412 3315 538 3385 ipsa
577 3313 656 3368 rei
692 3311 1020 3368 substantia
1051 3310 1317 3382 petitum.
1351 3310 1512 3366 Certe
1543 3310 1684 3365 mihi
1709 3328 1943 3381 persua-

311 3420 442 3459 sum
481 3405 569 3458 est
616 3399 760 3456 nihil
810 3404 964 3455 certe
1013 3400 1148 3454 inde
1193 3399 1396 3454 conﬁci
1454 3416 1626 3470 posse
1679 3416 1780 3472 pro
1831 3401 1941 3455 fer-

310 3497 524 3547 mento.
1255 3555 1260 3564 η

375 3583 464 3646 At,
497 3578 714 3652 inquis,
747 3578 794 3634 si
829 3577 996 3648 panis
1026 3593 1263 3648 azymus
1284 3576 1621 3642 fuisset,cur
1650 3577 1942 3633 contraria

305 3667 689 3741 appellatione
719 3666 909 3722 dictus
937 3669 1092 3722 esset
1113 3665 1461 3720 fermentum
1475 3665 1628 3720 ?Non
1653 3665 1837 3722 facilis
1858 3682 1942 3721 re-

305 3756 564 3829 sponsio,
594 3755 693 3811 ubi
723 3752 1170 3820 vocabulorum;
1205 3770 1308 3808 cur
1337 3769 1452 3808 una
1473 3769 1714 3824 quaeque
1735 3771 1826 3810 res
1857 3755 1940 3810 ita

303 3844 592 3917 appellata
621 3845 716 3911 sit,
749 3859 957 3898 causas
985 3839 1271 3912 explicare
1303 3841 1610 3896 incumbit.
1647 3841 1828 3898 Unam
1854 3861 1938 3897 ra-

301 3934 517 3990 tionem
549 3949 688 3988 sane
717 3945 998 4003 perquam
1047 3927 1410 4000 probabilem
1446 3928 1640 3984 attulit
1670 3930 1933 3986 Sirmun-

303 4023 556 4092 dus.Ego
585 4035 718 4075 vero
745 4017 1172 4072 Eucharistiam
1205 4017 1378 4071 etiam
1411 4015 1519 4072 hoc
1547 4017 1825 4074 vocabulo
1843 4037 1938 4092 ap-

300 4108 574 4181 pellatam
606 4109 768 4178 puto,
801 4109 866 4160 ut
895 4105 1128 4160 nomine
1156 4105 1402 4160 obscuro
1432 4105 1691 4176 profanis
1723 4107 1936 4164 celare-

299 4202 396 4252 tur
425 4199 654 4251 tantum
694 4191 1055 4264 mysterium.
1086 4191 1229 4246 Nam
1261 4208 1362 4262 per
1391 4207 1458 4247 ea
1501 4197 1764 4266 tempora
1809 4212 1935 4251 mos

300 4289 424 4340 erat
453 4283 722 4340 Patribus
757 4285 819 4334 ut
835 4296 948 4335 non
979 4275 1092 4335 nisi
1123 4279 1387 4334 obscuris
1421 4281 1607 4336 verbis
1659 4282 1934 4338 Euchari-

299 4372 472 4428 stiam
501 4370 909 4444 exprimerent.
942 4371 1155 4422 Nolum
1188 4367 1244 4422 id
1277 4383 1344 4422 ex
1367 4369 1692 4440 Augustino
1714 4371 1934 4442 passim

275 4445 646 4518 ‘Theodorito
679 4459 738 4514 in
765 4457 1001 4528 Dialogo
1031 4454 1329 4526 Eranistm,
1363 4462 1420 4510 et
1448 4455 1597 4512 aliis.
1631 4458 1776 4513 Hinc
1798 4475 1933 4530 ergo

299 4552 517 4607 factum
577 4553 730 4644 puto
895 4543 1264 4644 bielchiades,
1339 4544 1578 4644 Siriciu‘s
1627 4549 1694 4644 ‘et
1740 4549 1932 4644 'Inno-
1963 4581 2010 4644 D

297 4639 524 4694 centius
575 4635 866 4693 adscititio
915 4632 1182 4689 fermenti
1227 4631 1462 4687 nomine
1505 4633 1932 4692 Eucharistiam

298 4727 750 4799 designaverint,
798 4741 868 4780 ne
897 4739 1018 4778 rem
1065 4737 1232 4777 sacra
1267 4719 1585 4793 gentilibus
1631 4722 1934 4794 propalare

294 4815 648 4870 viderentur.
681 4813 920 4869 Accedit
951 4810 1108 4882 quod
1139 4808 1420 4866 Caesarius
1443 4809 1674 4866 Grzccus
1696 4813 1934 4883 parabo-

294 4902 412 4956 lam
447 4901 715 4957 fermenti
745 4901 816 4956 de
837 4897 1204 4954 Eucharistia
1227 4897 1781 4970 interpretatur,non
1805 4917 1933 4958 sen-

295 5007 364 5046 su
395 4987 630 5044 litterali
663 4989 762 5044 sed
797 4987 1000 5043 morali
1032 4987 1090 5041 in
1123 4987 1362 5059 Dialogo
1383 4987 1476 5042 his
1497 4989 1688 5044 verbis
1713 4991 1929 5058 :»Quod

296 5077 348 5133 si
375 5077 542 5134 aliter
571 5077 724 5133 dicta
751 5076 951 5132 audire
981 5075 1545 5148 placet,fermentum
1576 5077 1933 5150 intelligatur

293 5167 686 5223 venerandum
719 5169 776 5221 et
803 5165 1066 5222 divinum
1097 5179 1310 5234 corpus
1339 5163 1460 5233 Dei,
1495 5166 1648 5234 quod
1673 5167 1733 5222 in
1765 5171 1930 5224 utero

294 5258 505 5312 sancta:
533 5253 777 5330 virginis
811 5255 1004 5310 Mariae
1033 5251 1146 5310 sibi
1177 5250 1664 5309 circumdandum
1717 5256 1928 5313 forma-

291 5345 390 5412 vit,
423 5345 644 5417 absque
677 5345 900 5401 semine
929 5343 1231 5400 contextus
1253 5343 1308 5394 et
1339 5339 1542 5396 unitus
1570 5347 1688 5398 tam
1721 5345 1928 5402 animis

292 5448 470 5504 quam
499 5433 742 5506 corpori.
777 5455 805 5484 ››
835 5431 982 5498 Quid
1015 5429 1064 5486 i
1095 5427 1168 5484 ob
1199 5425 1348 5480 hanc
1397 5427 1720 5487 similemve
1751 5436 1930 5491 ratio-

295 5535 428 5574 nem
457 5521 718 5588 praedicti
747 5521 1053 5595 pontifices
1086 5513 1510 5572 Eucharistiam
1543 5519 1808 5577 fermenti
1833 5542 1930 5580 no-

294 5603 452 5661 mine
479 5605 839 5678 donaverint,
873 5625 988 5666 non
1017 5603 1218 5662 habita
1261 5603 1482 5658 ratione
1512 5610 1784 5682 materiae,
1827 5614 1926 5668 sed

293 5689 550 5764 corporis
581 5695 790 5757 Chi-isti
801 5699 862 5758 in
875 5713 1054 5774 sensu
1067 5689 1273 5756 morali
1297 5691 1610 5780 ‘IIdeercm
1634 5699 1808 5768 etiam
1831 5717 1926 5774 pa-

2079 965 2189 1020 bus
2223 965 2282 1018 in
2315 965 2530 1036 quibus
2560 980 2595 1018 a
2623 963 2958 1018 Graecorum
2991 961 3268 1016 moribus
3302 978 3377 1017 ac
3403 963 3660 1018 ritibus
3685 962 3818 1017 dis-

2079 1052 2412 1123 crepabant,
2446 1051 2781 1106 occasiones
2813 1054 3152 1122 corrogaret
3182 1066 3430 1116 omnes,
3453 1067 3816 1122 nunquam

2076 1144 2272 1196 tamen
2297 1155 2631 1212 azymorum
2655 1154 2827 1193 usum
2861 1137 3108 1208 objecit;
3141 1153 3329 1209 quam
3355 1139 3461 1208 obj
3473 1140 3812 1196 actionem

2077 1229 2126 1284 si
2161 1246 2301 1284 usus
2345 1228 2442 1283 ille
2489 1232 2617 1283 tum
2663 1226 2971 1299 viguisset,
3023 1243 3144 1282 non
3189 1226 3444 1282 videtur
3504 1229 3812 1286 omissu-

2075 1333 2174 1372 rus
2203 1315 2400 1372 fuisse.
2433 1316 2502 1371 Et
2531 1319 2684 1370 certe
2714 1330 2842 1369 eam
2877 1331 2992 1368 non
3027 1313 3313 1369 omisisse
3365 1316 3638 1372 Graecos
3699 1335 3812 1374 re-

2017 1448 2020 1450 η
2072 1406 2354 1461 centiores
2386 1404 2483 1476 qui
2515 1403 2854 1476 pontiﬁcatu
2890 1403 3100 1458 Leonis
3151 1419 3320 1474 papas
3372 1405 3536 1459 noni
3595 1406 3802 1462 dissi-

2081 1493 2240 1548 dium
2274 1493 2602 1548 conﬂarunt
2625 1507 2756 1545 cum
2799 1489 3056 1545 Ecclesia
3105 1491 3404 1546 Romana.
3467 1493 3542 1582 Id
3599 1511 3806 1567 argu-

2071 1585 2267 1637 mento
2297 1597 2424 1636 esse
2457 1595 2792 1651 azymorum
2823 1595 3001 1634 usum
3035 1579 3232 1634 medio
3263 1579 3600 1651 illo,quod
3627 1581 3808 1640 inter

2069 1673 2385 1741 utrumque
2417 1668 2673 1723 schisma
2705 1666 2928 1731 eﬂuxit,
2963 1666 3278 1724 intervallo
3307 1669 3486 1742 apud
3525 1672 3804 1729 Latinos

2068 1757 2395 1829 incmpisse.

1989 1862 2036 1928 Β
2136 1873 2222 1926 Ad
2254 1872 2373 1926 haec
2405 1872 2728 1943 respondeo
2781 1869 3061 1926 Photium
3115 1870 3347 1926 Latinis
3403 1889 3536 1928 non
3605 1875 3796 1948 obje-

2065 1959 2214 2016 cisse
2245 1975 2578 2031 azymorum
2611 1962 3128 2031 usum,pr0pterea
3160 1959 3321 2029 quod
3345 1975 3498 2016 eum
3529 1977 3796 2021 morem

2064 2064 2130 2104 ex
2151 2047 2364 2104 Christi
2387 2045 2647 2118 exemplo
2666 2047 2994 2118 profectum
3017 2063 3147 2102 esse
3167 2047 3466 2104 docuerat
3489 2049 3794 2110 Joannes

2063 2136 3003 2208 Chrysostomus,persuasumque
3037 2133 3301 2191 habebat
3335 2153 3452 2193 suo
3477 2143 3796 2212 tempore

2063 2223 2502 2280 Ecclesiaeliam
2525 2221 2836 2290 Graeca,uti
2858 2221 2984 2294 ipse
3019 2223 3239 2278 fatetur
3269 2223 3333 2279 in
3358 2225 3788 2286 Bibliotheca

2063 2329 2186 2383 cap.
2224 2312 2343 2379 “6,
2377 2315 2442 2366 ut
2473 2310 2743 2381 superius
2771 2309 2965 2365 retuli.
3001 2310 3223 2368 Deinde
3255 2311 3466 2385 ipsum
3503 2333 3636 2372 non
3665 2335 3786 2374 ex-

2064 2400 2375 2470 probrasse
2429 2398 2651 2454 Latinis
2683 2399 2840 2470 quod
2881 2397 3122 2454 alleluia
3167 2417 3290 2456 non
3343 2410 3658 2462 canerent
3715 2408 3788 2465 in

2061 2486 2536 2560 Quadragesima,
2573 2503 2675 2542 nec
2710 2487 3016 2543 monachis
3048 2485 3556 2548 Occidentalibus
3617 2495 3784 2554 vitio

2059 2575 2302 2630 vertisse
2334 2573 2485 2644 quod
2519 2574 2736 2629 inﬁrmi
2769 2575 3049 2631 carnibus
3081 2581 3478 2634 vescerentur
3511 2597 3590 2637 ex
3627 2599 3782 2642 con-

2061 2679 2225 2717 cessu
2258 2661 2468 2734 regulae
2501 2661 2690 2716 sancti
2721 2662 3042 2730 Benedicti,
3065 2723 3068 2728 ,
3093 2663 3254 2734 quod
3307 2665 3650 2726 femoralia
3705 2675 3776 2729 in

2059 2749 2264 2806 itinere
2321 2749 2621 2805 constituti
2668 2755 2985 2823 gestarent.
3033 2751 3171 2815 Quae
3226 2755 3440 2810 omnia
3509 2757 3770 2818 Latinis

2057 2841 2318 2909 tempore
2347 2837 2556 2894 Leonis
2581 2839 2718 2894 noni
2744 2839 2972 2909 objecta
2993 2843 3138 2895 sunt
3157 2843 3770 2921 aGraecis.Dcnique

2059 2923 2327 2980 Photium
2360 2925 2545 2981 multa
2577 2925 2633 2980 id
2676 2943 2862 3000 genus
2895 2926 3008 2983 alia
3040 2927 3343 2998 omisisse,
3397 2931 3460 2986 in
3519 2937 3768 3007 quibus

2057 3018 2182 3069 tum
2216 3013 2402 3069 Latini
2424 3031 2457 3068 a
2482 3013 2695 3070 Griecis
2727 3015 3182 3088 discrepabunt;
3217 3018 3422 3089 qualis
3448 3029 3592 3078 erat
3623 3029 3770 3082 ton-

2057 3119 2196 3158 sura
2227 3102 2434 3174 capitis
2466 3103 2719 3173 (tametsi
2751 3103 2822 3164 de
2846 3103 3027 3160 menti
3059 3105 3417 3164 detonsione
3469 3113 3768 3190 vitiliga-

2053 3191 2378 3262 vit),qualis
2406 3197 2530 3246 erat
2559 3209 2802 3247 manum
2833 3192 3134 3266 impositis
3168 3195 3229 3249 in
3262 3199 3762 3262 conﬁrmatione

2055 3279 2429 3335 interdictum
2457 3279 2788 3351 baptizandi
2821 3279 2880 3335 in
2929 3281 3284 3353 Epiphania,
3324 3289 3384 3340 et
3417 3286 3548 3345 alia
3579 3292 3758 3363 ejus-

2054 3369 2232 3434 modi,
2267 3385 2392 3440 quae
2423 3367 2664 3424 Photius
2691 3369 2949 3440 prudens
2981 3370 3758 3440 dissimulavit.Cmterum

2053 3455 2196 3511 nihil
2228 3456 2461 3528 penitus
2491 3457 2670 3512 efficit
2691 3457 2880 3513 Photii
2905 3457 3212 3516 silentium
3237 3463 3546 3524 adversus
3575 3475 3756 3528 certa

2050 3561 2116 3600 ac
2145 3545 2472 3600 necessaria
2502 3549 2868 3618 argumenta,
2905 3548 3124 3618 quibus
3155 3567 3520 3622 azymorum
3553 3575 3757 3618 usum

2049 3631 2378 3705 generalem
2410 3633 2562 3705 apud
2597 3633 2837 3690 Latinos
2867 3639 3002 3690 ante
3024 3635 3304 3694 Photium
3325 3639 3616 3714 viguisse
3650 3649 3760 3706 de-

2049 3721 2385 3776 monstravi.
2719 3727 2732 3736 ⁴
3213 3721 3234 3730 ’

2120 3825 2400 3882 Ultimum
2433 3833 2844 3900 argumentum
2889 3828 3025 3885 inde
3081 3831 3307 3902 petitur
3365 3839 3540 3908 quod
3597 3847 3752 3902 ante

2047 3913 2232 3968 Photii
2265 3917 2494 3969 aetatem
2525 3913 2688 3970 nulla
2718 3915 2788 3970 de
2819 3932 3160 3988 azymorum
3195 3937 3312 3976 usu
3345 3921 3442 3978 lex
3475 3931 3750 3988 condita

2043 4002 2278 4074 legitur.
2311 4002 2428 4058 Hoc
2453 4008 2870 4075 argumentum
2911 4021 3046 4061 cum
3089 4009 3424 4068 Demetrico
3457 4015 3744 4077 Choma-

2044 4093 2178 4146 tene
2208 4089 2505 4180 Bulgaria;
2523 4089 2964 4180 archiepiscopo
2995 4093 3054 4150 in
3081 4097 3392 4170 responsis
3427 4103 3508 4158 ad
3565 4109 3752 4180 epis-

2043 4195 2254 4251 c0pum
2275 4177 2772 4252 Dyrrachii,urget
2795 4179 3156 4240 Sirmundus
3173 4183 3234 4242 in
3259 4177 3750 4262 Disquisitionis

2045 4283 2170 4338 cap.
2201 4267 2255 4320 3.

2114 4377 2188 4426 At
2217 4371 2266 4427 si
2297 4371 2405 4426 hoc
2453 4377 2867 4444 argumentum
2904 4375 3046 4448 quid
3087 4378 3372 4448 efﬁceret,
3438 4387 3752 4456 probaret

2043 4461 2248 4532 utique
2262 4476 2494 4532 azymos
2515 4477 2696 4532 panes
2717 4462 2777 4518 in
2797 4479 2858 4519 re
2879 4481 3048 4520 sacra
3066 4483 3182 4521 non
3197 4467 3388 4525 fuisse
3409 4473 3748 4538 adhibitos

2041 4549 2219 4606 etiam
2249 4551 2381 4619 post
2413 4547 2672 4605 schisma
2721 4550 3096 4609 Photianum.
3131 4554 3380 4613 Nullum
3423 4562 3628 4633 enim,
3689 4569 3744 4626 si

2041 4638 2186 4692 bene
2215 4635 2476 4701 memini,
2511 4636 2628 4693 sive
2659 4638 2729 4693 de
2779 4639 3109 4712 abjiciendo
3141 4643 3464 4716 fermento.
3497 4667 3616 4708 seu
3663 4657 3746 4714 de

2045 4725 2264 4796 azymis
2294 4725 2642 4796 recipiendis
2673 4727 3356 4798 decretum,constitutio
3379 4737 3740 4810 nulla,nul-

2040 4813 2220 4868 lusne.
2240 4829 2425 4868 canon
2457 4817 2588 4884 post
2617 4813 2764 4870 illud
2787 4821 3024 4890 tempus
3047 4819 3354 4876 invenitur
3375 4829 3524 4883 ante
3543 4829 3744 4888 disci-

2041 4902 2204 4956 dium
2236 4899 2534 4956 Michaelis
2559 4901 2861 4972 Cerularii,
2895 4907 3068 4977 cujus
3089 4910 3362 4980 tempore
3383 4914 3742 4978 universim

2040 5005 2376 5080 azymorum
2407 4989 2815 5080 ususuvigcbat
2843 4993 2904 5049 in
2933 4994 3198 5052 Ecclesia
3237 4997 3475 5057 Latina.
3535 5010 3740 5080 Atqui

2039 5095 2172 5168 cum
2193 5079 2322 5149 ejus
2351 5077 2434 5133 rei
2467 5077 2635 5168 nulla
2649 5081 2941 5138 exstetlex
2969 5101 3158 5155 neque
3187 5089 3566 5164 ante,neque
3587 5077 3742 5168 post

2039 5167 2308 5223 Photium
2341 5170 2480 5224 ante
2511 5167 2812 5225 Michaelis
2845 5173 3446 5242 aetatem,diceudum
3471 5185 3576 5238 est
3592 5167 3736 5242 mo-

2038 5273 2161 5312 rem
2183 5255 2364 5312 istum
2383 5255 2456 5311 ab
2477 5254 2605 5328 ipso
2627 5255 2839 5314 Latinae
2854 5259 3128 5318 Ecclesia
3139 5261 3384 5320 exordio
3403 5275 3730 5342 receptum

2037 5345 2314 5402 fuisse.Et
2341 5349 2496 5400 certe
2525 5343 2738 5402 Grecis
2761 5353 3104 5422 promptum
3127 5349 3346 5408 fuisset
3367 5355 3612 5416 Latinis
3633 5375 3732 5417 ex-

2037 5435 2282 5506 probare
2312 5433 2490 5506 hujus
2523 5434 2608 5490 rei
2639 5437 2979 5508 novitatem,
3031 5439 3082 5494 si
3127 5455 3280 5496 usus
3327 5439 3446 5500 iste
3495 5449 3632 5505 tam
3691 5467 3730 5506 δ

2037 5522 2354 5579 schismate
2383 5521 2662 5579 Photiano
2695 5523 3188 5584 invaluisset.Nec
3219 5545 3400 5602 porro
3419 5535 3541 5590 Leo
3563 5541 3730 5595 Pon-

2035 5611 2172 5666 tifex
2217 5609 2430 5682 aliique
2459 5611 2648 5667 Latini
2679 5629 2744 5670 eo
2776 5615 3062 5688 perfrictw
3094 5617 3336 5690 frontis,
3373 5621 3472 5678 vel
3521 5627 3728 5700 turpis

2035 5699 2376 5774 ignorantia:
2406 5701 3010 5782 processissent,utab
3023 5721 3256 5768 morem
3279 5707 3462 5772 illum
3481 5699 3732 5792 aposto-
