3978 6422
199 394 355 462 ηπ
1178 385 1637 458 MABILLONII
1680 381 2159 462 DISQUISITIO
2203 387 2306 451 DE
2349 389 2650 454 AZYMO.
3457 400 3614 464 12⁸78

197 531 390 590 lorum
420 529 787 605 temporibus
817 532 1076 604 repetere
1105 527 1232 586 ausi
1273 531 1488 596 essent,
1523 525 1571 583 si
1603 529 1723 582 tam
1756 539 1846 581 re-
1877 523 1932 590 A
1963 529 2331 585 secutionum
2366 528 2453 600 (ut
2471 527 2816 602 loquuntur)
2848 544 2976 602 quae
3008 527 3216 601 primis
3245 529 3362 589 illis
3386 533 3612 592 saculis

200 639 337 680 cens
365 620 591 679 fuisset.
1958 619 2786 692 grassabantur,.fermentato
2839 636 2986 690 pane
3039 637 3179 676 usos
3220 620 3279 676 in
3329 639 3390 678 re
3423 639 3608 692 sacra,

1966 707 2157 780 qualis
2183 707 2402 764 scilicet
2427 708 2616 780 magis
2639 709 2847 764 obvius
2891 713 3034 765 erat.
3063 710 3212 766 Sane
3240 711 3296 766 id
3330 729 3462 768 vero
3496 730 3609 770 non

1963 797 2232 853 absimile
2262 815 2502 870 prorsus
2536 802 2641 853 est.
2692 798 3040 870 Quanquam
3101 817 3215 855 non
3248 801 3327 856 ita
3359 801 3613 859 difficilis

1964 892 2245 959 apparatu
2277 892 2368 943 est
2397 905 2635 960 azymus
2657 888 2922 960 panis,ut
2942 889 3031 944 vel
3061 890 3264 945 conﬁci
3294 908 3408 946 non
3426 892 3614 962 possit

1963 976 2110 1031 citra
2121 975 2734 1048 periculumvulgandi
2750 981 3036 1044 auctores;
3051 977 3137 1034 vel
3155 980 3437 1051 temporis
3455 981 3616 1038 illius

1965 1064 2430 1120 Christianorum
2477 1064 2836 1136 diligentiam
2881 1083 2947 1121 ac
2999 1065 3271 1138 pietatem
3297 1071 3612 1140 superavit.

1967 1153 2132 1209 Certe
2164 1155 2272 1209 Leo
2295 1158 2453 1226 Papa
2472 1154 2542 1209 IX
2563 1158 2828 1221 testatur,
2856 1160 3142 1228 martyres
3166 1160 3418 1226 nostros,
3448 1158 3506 1214 id
3529 1165 3619 1215 est

1971 1243 2186 1298 Latium
2220 1242 2504 1310 Ecclesiae,
2541 1244 2758 1316 azymis
2790 1244 2973 1300 fuisse
2998 1245 3316 1317 saginatas.
3342 1247 3410 1302 Et
3431 1248 3619 1306 multa

1970 1332 2084 1389 alia
2113 1332 2282 1404 longe
2305 1331 2636 1388 difficiliora
2658 1333 2873 1388 fiebant
2899 1335 3326 1405 parabanturve
3345 1336 3445 1392 illa
3471 1341 3618 1392 tem-

843 737 1071 794 CAPUT
1111 736 1204 792 XI.

474 846 734 918 Epilogus
764 849 816 901 et
845 845 1116 901 conclusio
1146 845 1575 915 prwmissorum.

279 982 574 1036 Hactenus
633 977 920 1050 quidquid
974 977 1044 1032 de
1091 976 1334 1048 antiquo
1369 992 1478 1030 usu
1513 987 1850 1046 azymorum

204 1070 360 1143 apud
393 1067 628 1124 Latinos
659 1067 965 1122 observare
987 1064 1152 1120 licuit
1181 1063 1502 1120 subsecivis
1532 1062 1714 1129 horis,
1749 1078 1851 1134 pro

202 1156 446 1216 modulo
478 1173 606 1212 meo
638 1155 902 1228 exposui,
948 1154 1094 1209 nulli
1145 1153 1443 1210 sententiis
1486 1151 1860 1225 pervicaciter

206 1246 611 1314 addietus,sed
639 1244 762 1300 solo
793 1244 910 1300 veri
943 1243 1295 1316 agnoscendi
1327 1247 1382 1298 et
1412 1240 1855 1297 demonstrandi

208 1335 403 1393 studio
430 1335 741 1390 adductus.
766 1332 824 1388 Si
847 1331 987 1404 quid
1012 1331 1250 1404 proieci,
1274 1332 1329 1386 id
1353 1335 1543 1386 totum
1574 1346 1859 1402 suprema:

206 1422 450 1480 Veritati
509 1423 796 1478 tributum
853 1421 1003 1478 volo.
1035 1421 1092 1476 Si
1139 1421 1279 1493 quid
1323 1421 1553 1476 incaute
1585 1417 1861 1476 scribenti

207 1511 550 1578 excidit,aut
580 1510 819 1576 falsum,
844 1514 946 1566 aut
968 1510 1214 1584 dubium
1249 1527 1352 1583 pro
1373 1527 1506 1565 vero
1527 1509 1860 1576 obtrusum,

207 1601 378 1674 cupio
410 1599 615 1656 refelli.
675 1600 943 1655 Poteram
1001 1599 1240 1672 quidem
1287 1599 1521 1671 longius
1564 1598 1862 1671 progredi,

211 1691 263 1747 si
318 1687 670 1760 conjecturis
723 1686 1061 1760 plusculum
1121 1687 1424 1761 indulgere
1478 1687 1794 1743 voluissem
1850 1703 1863 1742 :

207 1782 269 1837 at
324 1776 614 1850 ejusmodi
646 1775 902 1831 inventis
961 1777 1202 1832 modum
1234 1793 1448 1850 ponere
1501 1775 1687 1831 satius
1719 1774 1864 1830 mihi

1973 1425 2220 1494 pestate,
2254 1425 2319 1476 ut
2349 1421 2497 1476 ritus
2528 1421 2878 1493 poenitentia
2912 1423 3178 1494 publicai,
3213 1424 3621 1497 amplissimus

1974 1509 2239 1565 Ecclesiae
2273 1509 2609 1575 thesaurus,
2637 1527 2813 1565 aurea
2837 1514 2894 1565 et
2917 1516 3193 1584 argentea
3213 1513 3293 1568 rei
3318 1531 3496 1570 sacrae
3519 1532 3618 1571 su-

1974 1598 2246 1671 pellex,et
2266 1603 2474 1654 caetera
2494 1599 2549 1653 id
2576 1615 2762 1671 genus
2786 1589 2899 1654 non
2924 1617 3128 1671 pauca.
3162 1601 3425 1674 Denique
3445 1604 3623 1660 etiam

1976 1687 2070 1743 his
2085 1687 2300 1744 nostris
2317 1688 2686 1759 temporibus
2717 1688 2904 1743 Latini
2937 1689 3217 1745 Catholici
3238 1691 3337 1764 qui
3359 1693 3515 1764 apud
3541 1694 3626 1748 in-

1979 1777 2180 1832 fideles
2202 1776 2288 1831 vel
2310 1777 2611 1833 haereticos
2643 1776 2982 1833 delitescere
3027 1785 3336 1851 coguntur,
3370 1786 3565 1837 tamen
3597 1800 3631 1839 a

211 1867 408 1925 visum
435 1869 544 1934 est,
577 1865 677 1936 qui
709 1865 990 1921 historico
1022 1866 1194 1921 modo
1228 1881 1350 1920 rem
1395 1864 1665 1938 persequi
1701 1864 1864 1936 prin-
1899 1893 1946 1958 B
1980 1866 2240 1939 parando
2267 1865 2324 1920 in
2350 1883 2470 1921 rem
2495 1883 2723 1922 sacram
2749 1883 2948 1939 azymo
2972 1867 3308 1925 nullatenus
3331 1871 3628 1927 deterren-

215 1956 367 2029 cipio
401 1953 973 2025 institui.Reliquum
1007 1958 1116 2020 est,
1139 1958 1202 2009 ut
1231 1954 1389 2010 brevi
1422 1953 1681 2009 oratione
1703 1953 1864 2008 colli-

212 2062 350 2120 gam
373 2045 530 2118 quod
560 2043 814 2116 sparsim
835 2043 895 2099 in
920 2043 1320 2116 superioribus
1343 2042 1547 2100 fusiori
1568 2043 1742 2098 modo
1764 2059 1861 2099 ex-

212 2134 426 2208 plicavi
439 2176 452 2188 .

289 2221 719 2280 Eucharistiam
751 2240 785 2278 υ.
805 2221 1034 2278 Christo
1056 2221 1301 2277 Domino
1319 2222 1377 2277 in
1401 2221 1619 2294 azymis
1641 2221 1871 2278 institu-

214 2318 341 2370 tam
375 2312 556 2368 fuisse
578 2310 814 2384 probavi
841 2329 853 2366 :
879 2325 984 2366 nec
1029 2315 1227 2367 tamen
1251 2326 1318 2366 ex
1339 2311 1464 2382 ejus
1513 2311 1663 2366 facto
1695 2313 1870 2382 atque

216 2399 485 2474 exemplo
507 2400 846 2456 incumbere
861 2399 1269 2456 necessitatem
1283 2399 1658 2455 consecrandi
1673 2398 1732 2453 in
1749 2415 1873 2471 azy-

221 2491 359 2553 mis.
391 2490 539 2544 Hinc
559 2493 616 2546 et
646 2490 868 2544 Gracos
892 2489 1259 2555 fermentata,
1292 2493 1349 2544 et
1384 2488 1621 2545 Latinos
1669 2505 1870 2562 azymo

215 2581 293 2639 ab
324 2579 491 2636 initio
524 2577 794 2634 Ecclesiae
816 2578 898 2633 uti
923 2577 1207 2650 potuisse,
1230 2581 1286 2634 et
1317 2578 1556 2650 quidem
1587 2595 1728 2634 usos
1747 2594 1874 2634 esse

224 2670 372 2727 citra
386 2666 712 2742 periculum
738 2667 1189 2724 necessitudinis
1212 2667 1698 2723 ChristianissNec
1717 2667 1874 2724 enim

220 2775 323 2817 nos
381 2758 616 2830 offendit
669 2757 1028 2814 observantiae
1084 2757 1389 2828 diversitas,
1443 2757 1540 2812 ubi
1575 2757 1705 2828 ﬁdei
1764 2773 1875 2812 non

224 2848 500 2906 scinditur
554 2852 760 2915 unitas,
822 2845 1016 2918 inquit
1044 2845 1354 2902 Fulbertus
1411 2847 1470 2901 in
1503 2847 1750 2920 epistola
1781 2863 1874 2902 se-

227 2939 441 2996 cunda.

299 3026 382 3083 De
411 3023 709 3098 Apostolis
731 3023 1343 3098 nihildixi,pr0pterea
1365 3025 1540 3098 quod,
1567 3025 1708 3098 quid
1727 3024 1878 3080 hanc

222 3118 287 3173 in
310 3132 433 3172 rem
465 3114 710 3188 egerint,
734 3113 866 3169 silet
899 3113 1094 3169 omnis
1125 3115 1469 3186 antiquitas,
1490 3115 1538 3169 si
1563 3118 1756 3170 tamen
1788 3129 1880 3169 ex-

225 3203 412 3279 cipias
442 3203 782 3260 testimonia
811 3203 1022 3260 Leonis
1053 3203 1218 3276 Papae
1251 3203 1388 3260 noni
1417 3206 1474 3259 et
1503 3203 1753 3260 aliorum
1785 3220 1876 3260 se-

1982 1955 2233 2011 tur.ch
2254 1955 2325 2009 de
2346 1955 2554 2026 primis
2577 1955 2695 2012 illis
2717 1957 3082 2027 temporibus
3098 1959 3288 2032 magis
3300 1959 3630 2031 probabilia

1977 2049 2035 2101 et
2063 2044 2409 2100 verisimilia
2456 2045 2747 2111 videntur,
2783 2044 2945 2101 nullo
2978 2047 3214 2118 quidem
3243 2051 3396 2104 certo
3428 2066 3494 2104 ac
3525 2065 3628 2105 ne-

1980 2135 2233 2190 cessario
2256 2135 2730 2206 argumento,sed
2754 2135 3108 2205 conjecturis
3128 2141 3360 2193 tantum
3377 2137 3545 2206 fulta,
3567 2139 3629 2195 in

1980 2224 2196 2296 quibus
2225 2223 2553 2280 sistendum
2588 2223 2805 2295 putavi,
2839 2225 2980 2280 dum
3013 2225 3260 2281 certiora
3291 2231 3628 2299 suppetant.

1979 2314 2182 2369 Exstat
2212 2313 2450 2385 quidem
2481 2312 2645 2368 locus
2668 2330 2772 2384 pro
2795 2330 2995 2386 azymo
3027 2313 3368 2370 Latinorum
3414 2316 3473 2372 in
3496 2317 3629 2372 Ser-

1982 2419 2154 2458 mone
2176 2403 2246 2458 de
2275 2405 2447 2457 Cmna
2479 2402 2710 2458 Domini
2744 2403 2899 2474 apud
2927 2407 3220 2459 auctorem
3251 2404 3386 2460 libri
3416 2406 3488 2462 de
3508 2423 3633 2462 car-

1983 2491 2281 2548 dinalibus
2302 2491 2516 2548 Christi
2542 2491 2839 2564 operibus,
2860 2493 2961 2563 qui
2983 2492 3131 2548 liber
3152 2493 3262 2550 sub
3286 2494 3522 2550 nomine
3537 2495 3638 2568 Cy-

1984 2580 2174 2653 priani
2204 2579 2480 2653 vulgatus
2533 2587 2642 2638 est.
2702 2583 2774 2636 At
2803 2586 3007 2638 auctor
3058 2582 3167 2638 iste
3209 2583 3492 2639 recentior
3524 2589 3637 2652 est,

1986 2669 2209 2726 scilicet
2260 2669 2546 2726 Ernaldus
2594 2673 2685 2740 (ut
2731 2670 2916 2726 certis
2968 2674 3202 2727 constat
3249 2673 3636 2744 argumentis)

1987 2759 2170 2814 abbas
2201 2758 2542 2814 Bonaevallis
2572 2759 2631 2813 in
2662 2777 2802 2830 agro
2861 2759 3230 2827 Carnutensi,
3283 2762 3468 2816 sancti
3503 2766 3640 2817 Ber-

1987 2847 2152 2902 nardi
2185 2846 2414 2902 abbatis
2474 2846 2934 2904 Claraavallensis
2985 2847 3225 2919 aequalis
3276 2851 3334 2903 et
3389 2848 3636 2918 amicus,

1987 2936 2127 2992 totis
2157 2937 2470 3009 nongenlis
2503 2936 2673 2992 annis
2704 2937 2987 3010 Cypriano
3019 2937 3323 3008 posterior.

2062 3025 2249 3098 Magis
2297 3024 2594 3098 explorata
2638 3030 2779 3081 sunt
2818 3043 2945 3098 quae
3004 3027 3074 3083 de
3109 3031 3314 3097 quarto
3345 3030 3402 3083 et
3433 3027 3639 3084 subse-

1991 3113 2309 3186 quentibus
2343 3113 2574 3170 saeculis
2605 3120 2944 3171 occurrunt.
2979 3118 3053 3170 At
3079 3133 3214 3172 vero
3247 3120 3404 3173 certa
3433 3120 3489 3172 et
3518 3133 3645 3188 per-

1991 3197 2215 3276 specta‘
2243 3203 2518 3260 videntur
2568 3220 2654 3271 ea,
2689 3221 2816 3276 qua:
2847 3205 2918 3260 de
2963 3202 3275 3261 universali
3305 3221 3643 3278 azymorum

221 3294 530 3368 quacium,
564 3293 663 3366 qui
696 3292 968 3348 Latinum
993 3309 1215 3348 morem
1242 3293 1314 3348 ab
1345 3292 1608 3365 exemplo
1641 3293 1794 3350 Petri
1825 3299 1882 3350 et
1911 3263 1956 3334 (ἶ
1991 3311 2100 3350 usu
2134 3295 2267 3348 ante
2296 3293 2576 3350 saeculum
2601 3311 2821 3349 nonum
2847 3295 3001 3366 apud
3027 3293 3264 3350 Latinos
3287 3297 3515 3365 recepto
3543 3311 3642 3349 su-

220 3383 391 3441 Pauli
415 3381 828 3456 Apostolorum
854 3382 1138 3438 derivant.
1165 3383 1245 3438 De
1276 3381 1409 3438 aliis
1433 3399 1565 3438 vero
1587 3383 1880 3455 Apostolis

219 3472 373 3530 nihil
397 3471 799 3545 pronuntiant,
835 3488 983 3544 quos
1009 3476 1165 3528 certo
1190 3471 1325 3545 pani
1347 3472 1407 3527 in
1431 3488 1490 3526 re
1512 3488 1677 3527 sacra
1698 3472 1880 3528 fuisse

217 3561 492 3621 addictos
517 3578 632 3617 non
657 3559 825 3616 facile
848 3562 1132 3617 conficere
1153 3561 1392 3634 poteris.
1417 3561 1608 3617 Habes
1630 3560 1689 3617 in
1714 3578 1885 3633 supe-

223 3650 370 3708 riori
402 3649 649 3724 epistola
705 3649 1160 3706 eminentissimi
1211 3649 1526 3706 cardinalis
1557 3650 1717 3706 Bona
1747 3667 1884 3706 con-

216 3742 484 3814 jecturas
505 3756 572 3796 ea
594 3739 665 3795 de
699 3755 760 3794 re
783 3739 1102 3796 admodum
1122 3737 1471 3812 probabiles,
1499 3739 1716 3812 quibus
1742 3735 1886 3794 nihil

233 3825 575 3887 addendum
604 3828 856 3884 videtur.

311 3918 398 3974 Ab
429 3916 838 3989 Apostolorum
871 3921 1132 3990 tempore
1179 3915 1454 3972 constitui
1499 3916 1670 3988 cmpit
1701 3916 1885 3972 cccle-

235 4007 478 4064 siastica
497 4005 1005 4078 disciplina,cujus
1029 4004 1294 4078 primarii
1311 4008 1575 4060 auctores
1596 4006 1756 4077 apud
1780 4007 1886 4062 La-

236 4096 395 4152 tinos
422 4111 757 4169 azymorum
779 4112 954 4151 usum
978 4093 1320 4168 praecepisse
1345 4111 1459 4150 non
1482 4094 1776 4150 immerito
1799 4095 1888 4150 vi-

240 4185 474 4242 dentur.
523 4185 609 4242 Ad
668 4185 816 4241 hanc
861 4184 1231 4257 disciplinam
1263 4184 1639 4240 sanciendam
1671 4185 1890 4240 conditi

239 4278 383 4331 sunt
411 4291 684 4342 canones,
717 4291 864 4347 quos
900 4291 1180 4330 vocamus
1207 4272 1629 4346 apostolorum,
1663 4273 1718 4329 in
1753 4291 1893 4347 quo-

237 4381 374 4422 rum
396 4365 566 4422 tertio
588 4364 958 4421 decernitur:
984 4363 1137 4420 Nihil
1165 4363 1324 4420 aliud
1353 4365 1413 4418 in
1449 4364 1723 4434 sacriﬁcio
1746 4381 1890 4436 pra:-

235 4459 324 4512 ter
352 4453 409 4510 id
438 4453 580 4526 quod
608 4455 874 4510 Dominus
909 4453 1123 4523 statuit,
1174 4452 1529 4525 offerendum.
1585 4454 1718 4518 Quae
1766 4470 1891 4509 ver-

238 4544 318 4600 ba
347 4560 461 4600 non
495 4543 622 4600 sine
653 4542 1034 4599 fundamento
1091 4543 1266 4599 etiam
1299 4542 1369 4597 de
1399 4558 1737 4615 azymorum
1781 4559 1892 4598 usu

1991 3382 2188 3454 perius
2217 3382 2454 3453 exposui
2483 3399 2495 3436 :
2531 3381 2630 3452 qui
2691 3398 2818 3437 mos
2848 3399 2984 3437 cum
3044 3386 3177 3438 ante
3217 3399 3452 3437 omnem
3485 3381 3644 3437 illius

1991 3469 2274 3542 temporis
2305 3469 2612 3525 hominum
2647 3469 2988 3526 memoriam
3039 3469 3357 3526 invaluisse
3387 3469 3645 3526 creditus

1994 3560 2108 3616 sit:
2143 3559 2445 3614 fatendum
2503 3561 2592 3614 est
2644 3575 2778 3614 eum
2839 3561 2940 3615 aut
2969 3559 3042 3614 ab
3099 3559 3267 3632 ipsis,
3329 3564 3433 3615 aut
3464 3577 3646 3632 prope

1995 3649 2067 3704 ab
2128 3647 2270 3720 ipsis
2329 3648 2545 3703 Latinae
2605 3647 2872 3704 Ecclesiae
2942 3648 3280 3721 primordiis
3341 3653 3643 3722 receptum

1997 3737 2202 3793 fuisse.

2067 3829 2430 3899 Argumenta
2447 3843 2579 3883 vero
2603 3843 2728 3898 quis
2752 3842 2855 3898 pro
2879 3826 3161 3882 fermento
3184 3826 3526 3884 Latinorum
3553 3827 3652 3882 ad-

1997 3916 2317 3986 ducuntur,
2364 3915 2470 3970 etsi
2519 3931 2622 3987 pro
2672 3931 3040 3971 summorum
3072 3915 3356 3983 virorum,
3389 3914 3489 3988 qui
3519 3915 3651 3984 ejus

2001 4005 2299 4062 sententia:
2320 4009 2584 4060 auctores
2598 4004 3048 4077 sunt,dignitatc
3070 4007 3126 4061 et
3146 4004 3430 4078 gravitate
3451 4004 3650 4077 magni

2001 4095 2154 4168 apud
2187 4111 2279 4150 me
2310 4094 2428 4149 sint
2457 4093 2753 4166 ponderis,
2788 4111 2904 4150 non
2935 4098 3131 4151 tamen
3156 4095 3300 4151 adeo
3322 4094 3656 4151 necessaria

2003 4183 2148 4239 mihi
2169 4184 2530 4252 videntur,ut
2551 4184 2607 4239 id
2633 4183 2798 4240 fateri
2825 4201 2931 4240 nos
2953 4188 3202 4258 cogant;
3228 4199 3335 4240 nec
3366 4188 3520 4240 certe
3551 4201 3653 4239 va-

2002 4272 2232 4342 lidiora,
2266 4289 2442 4344 quam
2477 4290 2603 4346 qua:
2633 4291 2666 4329 a
2697 4273 2998 4330 contrariae
3020 4274 3324 4331 sententia:
3344 4273 3654 4331 assertori-

2002 4362 2114 4418 bus
2141 4361 2342 4434 reponi
2367 4361 2987 4435 possint.Quapropter
3013 4363 3084 4418 de
3109 4363 3317 4435 primis
3339 4362 3458 4418 illis
3480 4378 3657 4417 saecu-

2002 4451 2077 4508 lis
2100 4457 2363 4508 remanet
2383 4451 2618 4523 quidem
2643 4451 2965 4524 plurimum
2989 4451 3522 4524 obscuritatis,quac
3546 4451 3655 4506 du-

2001 4542 2228 4598 bitandi
2255 4540 2559 4596 materiam
2583 4541 2837 4612 praebere
2853 4545 3045 4614 potest
3069 4559 3079 4596 :
3104 4545 3163 4595 at
3185 4540 3454 4597 fermenti
3479 4555 3654 4594 usum

240 4632 516 4706 explicari
540 4635 826 4706 possunt:
851 4632 1328 4705 quandoquidem
1351 4631 1506 4704 apud
1529 4631 1889 4702 antiquiores
1919 4643 1967 4707 D
2004 4632 2160 4704 apud
2189 4631 2428 4687 Latinos
2452 4630 2750 4687 asserendi
2780 4630 2958 4703 (quod
2981 4647 3113 4686 cum
3138 4630 3508 4685 bonacontra
3529 4645 3658 4684 sen-

238 4721 372 4781 illos
394 4722 594 4780 Patres
614 4737 964 4795 persuasum
987 4725 1129 4793 erat,
1153 4719 1450 4778 Christum
1473 4719 1531 4776 in
1555 4719 1730 4777 Coena
1750 4737 1886 4793 azy-

239 4828 407 4871 mum
439 4811 744 4869 obtulisse.
1032 4871 1034 4873 .

310 4901 581 4977 Oppones
610 4900 908 4976 probabile
951 4900 1156 4969 videri,
1220 4899 1417 4955 fideles
1457 4901 1721 4972 tempore
1750 4915 1881 4971 per-

2000 4720 2279 4776 tientium
2308 4720 2477 4776 venia
2502 4720 2724 4776 dictum
2753 4719 2949 4793 velim)
2972 4718 3117 4774 mihi
3144 4717 3449 4796 sufficiens
3477 4733 3659 4773 causa

2002 4827 2118 4866 non
2147 4809 2400 4866 videtur.
