3898 6472
82 139 240 570 μ.

1406 419 1816 485 EXPOSITIO
1861 421 1998 484 PSA
2011 423 2365 488 LMORUM.

3455 429 3580 490 262

89 547 106 633 ξ
159 552 312 605 {erant
338 553 394 604 et
425 547 776 606 illusiones
819 551 1164 608 ostendant.
1199 552 1240 607 C
1270 553 1692 625 Improperium
1739 569 1825 609 ex-
1856 554 1907 621 Α
1939 553 2053 610 leta
2081 560 2190 611 est.
2224 556 2641 625 Tabernacula,
2679 557 2776 613 Dei
2811 558 3094 630 templum
3126 561 3182 614 et
3212 559 3363 633 regis
3411 561 3575 633 pala-

85 631 108 1039 ἲ

86 1063 92 1168 l

85 1252 90 1285 l

159 638 407 712 spectavit.
428 655 543 694 cor
567 639 738 710 ejus,
757 640 1014 712 quando
1045 640 1386 712 iniquitates
1401 641 1756 709 Judaeorum,
1771 646 1826 698 et

158 730 348 784 diversa
378 744 523 800 quae
558 729 800 799 passu's
824 733 920 784 est
950 745 1058 800 pro
1081 746 1187 784 sua
1207 730 1502 786 voluntate
1523 732 1823 800 sustinuit,

159 824 194 874 et
216 817 488 890 passione
526 816 853 890 benignus
887 818 1137 890 excepit.
1173 819 1217 873 Η
1257 818 1359 874 Vel
1404 818 1824 891 imprOperium

161 905 416 979 passionis
441 910 504 961 et
539 906 902 972 miseriam,
935 906 996 960 id
1028 911 1118 962 est
1145 908 1561 964 contumeliam
1615 910 1823 966 crucis.

159 998 206 1050 25
265 997 329 1050 Et
341 994 630 1050 sustinui
644 997 760 1066 qui
772 993 995 1051 simul:
1011 997 1471 1053 contristantur
1484 1003 1660 1052 etnon
1674 998 1823 1072 fuit:

269 1085 385 1154 Qui
413 1099 611 1139 omaso
621 1082 876 1139 (aretur
895 1089 954 1139 et
975 1100 1094 1139 non
1120 1086 1338 1140 inveni.
1649 1099 1651 1102 ‘

209 1172 248 1228 Η
275 1173 344 1228 Et
372 1171 822 1242 sustinui,non
857 1172 974 1226 fuit
994 1171 1152 1228 ullus
1178 1173 1248 1228 de
1268 1177 1432 1229 tanta
1453 1174 1828 1232 multitudine

86 1260 90 1325 ,¹
166 1263 500 1333 iniquorum,
538 1263 655 1315 aut
688 1277 1054 1332 compassus
1084 1260 1385 1318 doloribus
1415 1263 1564 1332 ejus,
1597 1269 1697 1320 aut
1727 1263 1829 1336 qui

165 1349 349 1404 exstitit
368 1348 758 1404 consolator.
784 1350 827 1404 C
850 1349 978 1404 Non
1000 1349 1160 1404 enim
1191 1351 1263 1405 de
1295 1350 1585 1417 fidelibus,
1606 1353 1707 1407 sed
1738 1352 1827 1408 in-

86 1442 90 1526 ;
167 1438 405 1492 ﬁdelibus
437 1437 735 1510 loquitur
764 1438 1278 1509 persecutoribus;
1305 1439 1506 1494 ﬁdeles
1535 1441 1690 1495 enim
1725 1457 1826 1495 au-

162 1528 368 1593 ditones,
406 1527 739 1581 doctorem
795 1525 1201 1592 consolantur,
1233 1527 1373 1582 dum
1413 1527 1470 1581 in
1522 1527 1606 1584 eis
1652 1528 1828 1584 verba

151 1615 643 1686 praedicationum
681 1614 1034 1686 proficiunt.
1067 1614 1408 1670 Judzeorum
1440 1615 1620 1688 igitur
1648 1616 1828 1688 perti-

153 1703 300 1759 nscia
329 1703 658 1759 Christum
689 1719 813 1758 non
845 1702 1288 1770 consolabatur,
1312 1703 1452 1775 quia
1500 1705 1627 1775 ejus
1657 1704 1832 1760 verba

84 1799 85 1803 ‘
153 1810 249 1846 non
280 1792 582 1865 suscepit.

276 1885 346 1938 Et
373 1882 702 1938 dederunt
735 1882 800 1936 in
829 1891 1019 1938 escam
1055 1897 1239 1936 meam
1269 1879 1358 1954 fel
1390 1897 1403 1936 :

276 1971 358 2023 Et
390 1969 457 2024 in
489 1970 618 2024 siti
638 1985 777 2024 mea
803 1974 1169 2042 potae-erunt
1199 1985 1283 2024 me
1311 1974 1492 2025 aceto.

205 2059 242 2111 C
271 2057 571 2113 Oblatum
607 2062 705 2112 est
740 2057 824 2112 illi
877 2057 952 2114 fel
999 2074 1137 2113 cum
1171 2061 1330 2113 aceto
1359 2058 1623 2125 mistum,
1657 2062 1721 2113 ut
1753 2076 1834 2114 re-

147 2164 260 2201 vera
289 2147 454 2202 facta
486 2146 855 2202 Judaeorum
888 2147 1224 2202 amaritudo
1249 2146 1500 2218 potionis
1532 2147 1828 2202 indicaret.

144 2235 254 2306 ipse
282 2237 455 2291 enim
494 2234 663 2290 dixit
682 2252 695 2290 :
716 2233 861 2289 Sitio
880 2235 1386 2306 (Joan.x1x),quia
1406 2235 1580 2291 fidem
1605 2235 1662 2289 in
1689 2236 1831 2306 ipsis

143 2324 491 2381 desideravit
540 2322 848 2388 invenire,
883 2322 970 2379 illi
1024 2322 1366 2378 obtulerunt
1424 2323 1831 2380 amarissimos

144 2429 312 2469 nores
345 2429 531 2478 suos,
550 2412 667 2484 qui
702 2411 872 2467 nulla
901 2411 1356 2484 compunctione
1383 2411 1642 2468 conversi
1670 2417 1828 2467 sunt.

143 2505 187 2555 ‘27
257 2505 408 2559 Fiat
441 2517 679 2558 mensa
708 2517 917 2557 eorum
937 2517 1148 2556 coram
1179 2501 1318 2572 ipsis
1347 2503 1411 2555 in
1444 2501 1712 2574 laqueum
1744 2517 1758 2557 ε

258 2595 328 2647 Et
360 2594 429 2646 in
463 2590 932 2646 retributiones
964 2595 1021 2644 et
1056 2591 1119 2644 in
1147 2589 1519 2644 scandalum.

191 2682 228 2733 Ω
254 2681 384 2736 Non
423 2678 859 2734 maledicendi
884 2682 1040 2744 voto,
1062 2677 1162 2733 sed
1187 2678 1549 2749 praescientis
1569 2695 1728 2734 more
1749 2695 1834 2733 se-

160 2769 361 2836 quentia
384 2771 808 2840 promuntur.
833 2766 1039 2821 Mensa
1066 2765 1297 2821 Domini
1325 2775 1414 2822 est
1435 2765 1739 2838 utriusque
1761 2765 1836 2822 le-

155 2857 216 2925 ξπέ
245 2855 710 2913 intellectualis
743 2853 1036 2927 epulatio,
1076 2871 1255 2926 quam
1287 2855 1476 2926 primo
1503 2854 1835 2910 habuerunt

148 2944 324 3012 Judaei,
339 2944 613 3017 quando
638 2943 938 2998 mandata
965 2941 1067 2998 Dei
1090 2942 1833 3015 custodierunt,postquam

155 3050 262 3088 vero
290 3052 324 3089 a
354 3035 481 3089 ﬁde
506 3033 816 3105 jejunare
849 3030 1541 3103 caepemnt,coramipsis
1562 3031 1834 3103 gentibus

155 3122 342 3178 tradita
392 3128 518 3187 est,
557 3125 635 3176 ut
684 3119 933 3193 gravius
992 3117 1259 3175 dolerent
1305 3119 1640 3174 videntibus
1691 3119 1834 3191 ipsis

158 3212 406 3283 adempta
433 3210 774 3266 felicitate.
810 3207 877 3263 In
910 3207 1212 3280 laqueum,
1249 3206 1304 3262 id
1335 3211 1425 3263 est
1454 3208 1525 3262 de
1556 3205 1833 3274 littera,in

1932 643 2100 711 tium,
2135 643 2259 700 sine
2285 647 2504 702 cultore
2535 651 2960 703 remanserunt.
2991 649 3056 702 Et
3091 651 3249 715 nota,
3279 651 3431 720 quod
3465 649 3577 721 pri-

1931 733 2081 788 vatis
2112 733 2385 790 domibus
2415 736 2609 808 posuit
2638 735 3198 801 habitationem,sed
3232 736 3330 791 Dei
3361 737 3575 808 templo

1934 820 2599 894 inhabitationem,quia
2651 823 2751 878 ibi
2782 823 3121 879 habitamus
3171 839 3438 895 corpore;
3485 825 3578 879 hic

1937 913 2131 964 autem
2162 909 2582 979 inhabitamus,
2616 911 2718 966 ubi
2749 912 2963 967 devotae
2996 911 3210 967 mentis
3241 913 3446 968 affectu
3487 912 3576 968 lo-

1937 1013 2073 1052 cum
2107 998 2569 1070 frequentamus.

1933 1086 1998 1139 31
2076 1089 2364 1155 Quoniam
2394 1105 2558 1162 quem
2597 1097 2661 1144 tu
2703 1091 3047 1160 percussisti
3082 1092 3374 1162 persecuti
3398 1098 3530 1145 sunt
3558 1110 3577 1146 .-

2078 1176 2152 1228 ΕΙ
2168 1191 2344 1246 super
2359 1176 2623 1232 dolorem
2640 1177 2940 1233 vulnerum
2963 1193 3164 1232 eorum
3183 1178 3576 1234 addiderunt.

2007 1261 2052 1316 Η
2085 1267 2159 1317 De
2191 1281 2250 1318 se
2281 1265 2402 1320 haec
2431 1265 2695 1320 Chrisius
2725 1265 2795 1320 ad
2828 1266 3052 1322 Patrem
3077 1265 3356 1337 loquitur,
3372 1267 3442 1321 de
3473 1283 3581 1322 sua

1936 1350 2206 1422 passione
2233 1353 2450 1421 dicens,
2475 1353 2759 1424 scriptum
2789 1357 2876 1408 est
2900 1372 2911 1409 :
2938 1353 3262 1409 Percutiam
3281 1358 3575 1426 pastorem

1935 1440 2117 1506 (Zach.
2149 1443 2298 1509 xm);
2331 1445 2388 1496 et
2409 1442 2491 1496 εἰη
2536 1441 2648 1497 alio
2681 1442 2964 1514 propheta
3010 1459 3078 1497 ex
3121 1458 3371 1514 persona
3392 1443 3579 1498 Patris

1934 1527 2490 1602 loquentis,propter
2511 1535 2746 1602 peccata
2777 1531 2973 1603 p0puli
3009 1531 3121 1586 mei
3157 1531 3418 1603 percussi
3442 1548 3576 1588 eum

1943 1616 2070 1685 (Isa.
2103 1619 2244 1689 xm),
2278 1617 2513 1673 dicitur.

2010 1705 2054 1759 H
2087 1706 2230 1771 Quia
2279 1722 2645 1778 percussum,
2678 1706 2737 1762 id
2785 1711 2873 1763 est
2895 1706 3259 1775 concessum,
3294 1707 3576 1780 persecuti

1939 1797 2098 1858 sunt,
2133 1793 2358 1866 sibique
2390 1795 2670 1850 traditum
2693 1794 3022 1851 detestabili
3072 1795 3296 1852 feritate
3341 1811 3578 1851 necave-

1938 1886 2093 1936 runt.
2130 1882 2175 1937 H
2207 1883 2567 1938 Addiderunt
2596 1899 2772 1956 super
2799 1882 3078 1950 dolorem,
3113 1899 3247 1938 cum
3267 1881 3356 1938 vel
3385 1882 3578 1938 Eccle-

1941 1969 2087 2025 siam
2118 1970 2204 2024 vel
2236 1971 2527 2042 apostolos
2551 1971 2834 2043 persecuti
2867 1976 3024 2028 sunt.

1939 2061 2008 2113 3'2
2081 2059 2305 2131 Appone
2338 2061 2714 2132 iniquitatem
2741 2075 2916 2133 super
2935 2061 3308 2133 iniquitatem
3339 2076 3536 2116 eorum
3562 2077 3580 2114 :

2080 2151 2146 2204 Et
2176 2163 2288 2202 non
2321 2151 2539 2204 intrent
2569 2150 2628 2204 in
2644 2150 2950 2218 justitiam
2982 2155 3168 2204 tuam.

2011 2235 2050 2290 C
2084 2236 2366 2308 lniquitas
2422 2237 2610 2309 prima
2679 2237 2786 2291 fuit
2857 2236 3094 2304 Jndzeis,
3156 2242 3220 2290 ut
3271 2236 3582 2308 prophetas

1940 2324 2393 2394 exstinguerent.
2427 2323 2704 2396 Apposita
2733 2329 2819 2378 est
2853 2324 3129 2395 iniquitas
3155 2339 3332 2395 super
3363 2323 3580 2394 iniqui-

1941 2416 2118 2466 tatem
2152 2429 2372 2479 eorum,
2392 2413 2666 2483 quoniam
2699 2413 2891 2484 ipsum
2912 2410 3223 2466 Dominum
3246 2411 3582 2482 crucifigere

1943 2499 2292 2555 maluerunt.
2326 2500 2574 2554 Additur
2623 2516 2792 2570 pcena
2842 2499 3081 2571 peccati,
3118 2516 3186 2553 ne
3245 2499 3463 2554 intrent
3521 2497 3578 2552 in

1943 2589 2232 2659 [ustitiam
2266 2589 2388 2655 Dei,
2423 2589 2477 2642 id
2509 2591 2597 2644 est
2627 2604 2697 2642 ne
2729 2587 3038 2660 participes
3068 2586 3292 2642 Christo
3325 2588 3489 2658 ﬁant,
3525 2588 3582 2642 in

1945 2676 2044 2731 illo
2068 2693 2244 2748 regno
2269 2675 2531 2747 justitiae.

1943 2767 2010 2820 33
2090 2766 2408 2821 Deleantur
2436 2767 2503 2820 de
2537 2763 2688 2820 libro
2720 2767 3035 2820 viventium
3067 2783 3085 2819 :

2084 2857 2160 2908 Et
2189 2871 2318 2908 cum
2332 2856 2520 2925 justis
2547 2870 2661 2909 non
2680 2854 3039 2909 scribantur.

2014 2940 2055 2995 Ο
2087 2941 2235 2996 Dicit
2265 2957 2400 3013 ergo
2431 2940 2648 2996 Judaeis
2682 2958 2694 2995 :
2728 2941 3042 2996 Deleantur
3081 2941 3152 2994 de
3194 2938 3343 2995 libro
3385 2940 3580 2995 viven-

1944 3030 2237 3096 tium,non
2272 3027 2410 3100 quia
2439 3027 2638 3100 scripti
2667 3033 2852 3094 erant,
2881 3029 2980 3084 sed
3011 3028 3150 3100 quia
3177 3027 3424 3100 scriptos
3455 3043 3582 3083 esse

1946 3133 2006 3171 se
2029 3116 2391 3188 judicabant.
2426 3116 2507 3171 lbi
2541 3116 2694 3170 enim
2729 3116 2882 3186 quod
2915 3115 3208 3182 scribitur,
3241 3114 3418 3170 deleri
3467 3133 3582 3171 non

1946 3204 2299 3276 potest,quia
2318 3207 2502 3259 totum
2527 3205 2584 3258 in
2608 3203 3110 3275 praedestinatione
3134 3201 3448 3258 solidatam
3471 3208 3579 3258 est.

159 3317 251 3367 qua
281 3299 431 3355 alios
467 3297 833 3369 astringere
867 3297 1257 3363 conabantur,
1293 3296 1405 3367 ipsi
1437 3296 1497 3350 in
1529 3313 1596 3351 ea
1637 3296 1834 3368 potius
1864 3283 1906 3349 C
1945 3295 2011 3348 Et
2037 3310 2168 3347 cum
2191 3293 2374 3363 justis
2409 3308 2518 3347 non
2552 3292 2904 3360 scribantur,
2935 3291 3045 3346 hoc
3075 3290 3160 3345 eis
3189 3291 3451 3345 accidere
3482 3308 3584 3345 ne-

161 3389 402 3444 raderent
457 3386 753 3458 obligati.
793 3384 1126 3440 Retributio
1176 3383 1467 3439 malorum
1516 3384 1645 3451 fuit,
1679 3385 1833 3456 quod

158 3479 433 3532 subtracta
466 3475 585 3531 illa
632 3488 855 3529 mensa
902 3472 1038 3537 fuit,
1070 3475 1126 3527 et
1182 3471 1454 3543 gentibus
1502 3473 1732 3528 tradita.
1767 3475 1836 3528 Et

158 3566 513 3634 scandalum,
551 3564 710 3635 quia
757 3561 1100 3616 deserentes
1148 3561 1310 3632 pacis
1358 3563 1678 3631 auctorem,
1723 3561 1833 3616 sibi

159 3654 522 3710 :mcitabant
556 3653 763 3707 rixam
800 3654 858 3705 et
888 3665 1069 3720 prava
1098 3648 1316 3704 studia.

203 3745 702 3802 ZSObscurentur
734 3737 910 3794 oculi
937 3754 1162 3803 earnm,
1193 3754 1266 3792 ne
1294 3737 1543 3793 videant
1571 3757 1589 3791 :

265 3835 338 3888 ετ
369 3833 636 3888 dorsum
668 3844 885 3883 eorum
914 3841 1144 3895 semper
1172 3827 1438 3882 incurva.

203 3920 238 3972 C
268 3919 750 3976 Frui-nuntiatur
775 3915 961 3987 digna
988 3931 1179 3986 pcena,
1215 3931 1285 3968 ne
1317 3914 1548 3969 videant
1591 3914 1650 3968 in
1680 3915 1831 3968 Scri-

163 4017 255 4063 i'ira
304 4027 420 4066 sua
475 4005 887 4064 verissimum
933 4002 1182 4074 justitiae
1229 4002 1440 4067 Solem,
1474 4006 1530 4057 et
1577 4002 1685 4058 hoc
1717 4002 1832 4059 illis

165 4099 325 4165 uenit,
361 4100 473 4170 qui
513 4096 718 4152 etiam
753 4092 943 4148 nimio
991 4092 1248 4164 pondere
1294 4090 1642 4146 delictorum
1688 4109 1830 4164 prai-

165 4189 360 4253 rea-sti,
399 4185 721 4243 cervicem
764 4197 942 4237 suam
975 4181 1036 4234 in
1091 4184 1303 4234 terram
1355 4180 1552 4234 cernui
1604 4195 1834 4252 semper

177 4281 457 4343 :~:urvant,
475 4290 599 4330 nec
621 4271 713 4327 eis
738 4271 812 4325 ad
850 4267 1068 4324 cmlum
1101 4267 1450 4339 respiciendi
1472 4267 1832 4339 possibilitas

168 4361 307 4417 fatur.
341 4369 627 4420 Dorsum
658 4359 922 4424 dictum,
944 4357 1119 4428 quasi
1139 4356 1502 4411 descendens
1531 4357 1828 4413 deorsum.

152 4450 174 4500 ii
204 4449 290 4507 Vel
339 4455 643 4515 incurva,
680 4450 756 4503 ut
808 4445 1099 4501 Romanis
1151 4443 1407 4500 serviant
1462 4461 1712 4517 semper,
1741 4444 1828 4500 vel

150 4539 229 4591 51b
259 4556 439 4596 onere
472 4539 649 4611 legis
681 4537 1194 4604 maneant,quam
1219 4532 1546 4588 secundum
1577 4531 1829 4589 litteram

149 4625 257 4682 fre
284 4647 472 4684 nemo
497 4628 788 4702 poterat.

148 4716 193 4763 ε’)
250 4719 519 4791 εβπᾱε
553 4731 760 4785 super
787 4727 898 4768 nos
929 4712 1087 4768 iram
1119 4715 1285 4766 tuam
1319 4725 1332 4765 :

249 4809 321 4863 Et
347 4808 548 4883 furor
586 4807 717 4862 ira?
741 4808 868 4858 tuae
898 4798 1361 4872 comprehendat
1391 4815 1505 4854 eos.

84 4935 88 4949 ι
191 4897 383 4954 CDum
397 4898 610 4954 dicitu
622 4887 1309 4961 r,eﬂ‘unde,magnitudo
1329 4887 1824 4958 iraasigniﬁcatur;

179 5003 233 5036 -2
250 4988 307 5041 in
329 4995 579 5043 morem
600 4979 901 5039 ﬂuminis
918 4977 1159 5049 cepiosa
1174 4975 1828 5048 descendit.Apprehen-

173 5074 200 5122 3:
220 5093 308 5132 aes
329 5079 532 5145 furor,
551 5070 751 5148 quasi
788 5069 1119 5125 damnatos
1149 5069 1207 5121 et
1237 5065 1595 5138 perterritos,
1617 5071 1681 5121 ut
1710 5083 1824 5122 non

197 5175 267 5218 θεέ
290 5168 590 5242 effugere,
611 5160 792 5236 quod
819 5159 1005 5213 datur
1037 5171 1144 5228 pro
1176 5152 1493 5210 sceleribus
1517 5153 1823 5211 sustinere.

155 5247 175 5292 ’⁵
245 5257 366 5311 Pis!
395 5252 747 5314 habitatio
779 5262 994 5305 eorum
1030 5245 1270 5300 deserta
1305 5259 1323 5296 :

261 5353 309 5407 -I-
337 5351 407 5403 Et
452 5354 469 5412 ζ
524 5348 596 5403 in
632 5332 1086 5400 tabernaculis
1114 5347 1315 5387 eorum
1346 5348 1461 5386 non
1490 5332 1569 5386 sit
1598 5333 1701 5404 qui
1729 5333 1823 5388 in-

215 5561 226 5566 -
249 5436 697 5584 efﬁgiati-0
718 5531 950 5578 eorum
969 5509 1298 5571 deserta,et
1326 5507 1382 5561 in
1403 5507 1820 5574 tabernaculis,

1941 3386 2058 3452 gat,
2092 3381 2190 3451 qui
2226 3398 2337 3436 non
2369 3385 2504 3436 sunt
2532 3382 2617 3451 (ut
2648 3379 2853 3436 titulus
2883 3380 2986 3447 ait)
3009 3379 3120 3451 piis
3165 3378 3575 3434 satisfactioni-

1943 3470 2053 3525 bus
2086 3469 2399 3524 immutati.

1940 3557 2010 3612 34
2084 3562 2203 3630 Ego
2226 3575 2350 3612 sum
2371 3573 2597 3628 pauper
2625 3562 2680 3611 et
2709 3555 2911 3612 dolens
2932 3559 2953 3607 .‘

2081 3645 2255 3701 Salus
2287 3651 2394 3702 tua
2423 3651 2570 3702 Deus
2591 3645 2840 3716 suscepit
2872 3659 2978 3699 me.

2027 3735 2066 3789 C
2096 3734 2211 3806 Ego
2244 3751 2374 3788 sum
2405 3749 2643 3804 pauper,
2678 3731 2827 3787 hanc
2860 3729 3270 3803 proprietatem
3311 3728 3418 3786 sibi
3469 3729 3583 3784 vin-

1940 3821 2327 3892 dicavit,quia
2358 3837 2526 3876 nemo
2559 3820 2706 3874 alter
2733 3820 2881 3874 hanc
2913 3822 3311 3890 paupertatem
3343 3823 3398 3873 et
3428 3816 3583 3872 hunc

1940 3909 2339 3980 dolorem,pro
2366 3911 2543 3963 totius
2575 3907 2778 3962 mundi
2801 3905 2973 3978 culpa
3003 3905 3586 3983 sustinuit._Suscepit

1943 3999 2135 4069 itaque
2167 3997 2590 4051 humanitatem
2619 3994 2796 4061 salus,
2815 3994 2870 4047 id
2894 3998 2980 4048 est
3005 3993 3187 4047 forma
3218 3991 3364 4055 Filii,
3391 3991 3447 4045 in
3467 4007 3610 4060 qua-

1941 4084 2180 4157 mqualis
2231 4089 2319 4139 est
2366 4083 2538 4150 Patri,
2571 4084 2803 4154 quando
2854 4080 3245 4136 reconciliavit
3291 4078 3580 4132 mundum

1942 4173 2117 4230 Patri.
2151 4172 2197 4227 Η
2227 4171 2351 4237 Vel,
2386 4187 2609 4243 pauper
2635 4174 2692 4226 et
2721 4169 2925 4226 dolens
2948 4169 3055 4223 fuit
3086 4169 3143 4222 in
3176 4166 3470 4239 passione,
3497 4181 3582 4220 sa-

1940 4263 2034 4318 lus
2063 4265 2258 4316 autem
2288 4274 2422 4314 eum
2455 4259 2513 4313 in
2548 4257 2968 4314 resurrectione
3002 4255 3276 4326 suscepit.

1939 4353 2010 4407 35
2082 4349 2359 4406 Laudabo
2391 4364 2594 4404 nomen
2625 4349 2729 4403 Dei
2759 4363 2888 4402 cum
2918 4347 3144 4402 cantico
3173 4360 3187 4400 :

2082 4443 2150 4495 Et
2173 4437 2548 4508 magniﬁcabo
2568 4452 2695 4492 eum
2727 4437 2789 4491 in
2826 4434 3027 4490 laude.

2012 4528 2052 4583 C
2081 4527 2304 4583 Laudat
2331 4525 2486 4581 enim
2518 4527 2691 4597 caput
2738 4528 3004 4578 nostrum
3052 4534 3262 4575 nomen
3315 4517 3415 4572 Dei
3448 4532 3580 4572 cum

1863 4645 1910 4710 Ι)
1942 4615 2436 4687 cantico,quando
2465 4614 2523 4668 in
2554 4611 2809 4668 Ecclesia
2836 4604 3580 4710 hpmnidica‘easpltatione

1942 4705 2202 4761 ﬁdelium
2234 4705 2298 4758 fit
2327 4701 2633 4769 adunatio;
2667 4701 2789 4772 ipse
2821 4699 2977 4755 enim
3009 4697 3067 4752 in
3099 4695 3270 4751 nobis
3298 4693 3500 4749 laudat
3523 4696 3582 4748 et

1941 4793 2294 4866 magniﬁcat,
2330 4791 2483 4863 quod
2516 4805 2620 4844 nos
2648 4788 2928 4844 veraciter
2975 4785 3212 4842 laudare
3256 4781 3578 4854 cognoscit.

1934 4883 2004 4937 36
2076 4883 2153 4937 Et
2182 4878 2440 4949 placebit
2471 4884 2586 4935 Deo
2613 4895 2785 4950 super
2809 4875 3061 4932 vitulum
3098 4870 3387 4930 novellum
3418 4891 3436 4926 :

2075 4973 2308 5027 Cornua
2335 4969 2748 5037 producentem
2771 4973 2825 5022 et
2855 4963 3130 5039 ungulas.

2003 5063 2043 5114 C
2072 5056 2251 5114 Multo
2281 5057 2435 5122 enim
2457 5060 2544 5112 est
2574 5055 2863 5128 acceptior
2877 5054 3063 5111 eil‘usa
3082 5051 3212 5107 laus
3230 5065 3374 5121 puro
3397 5047 3570 5104 corde

1934 5148 2068 5214 Deo,
2085 5163 2259 5218 quam
2293 5149 2478 5216 potest
2497 5144 2785 5216 pecudum
2808 5142 3035 5216 placere
3053 5137 3264 5195 veteris
3286 5135 3432 5209 legis
3456 5151 3575 5190 ma-

1930 5236 2124 5293 ctatio.
2158 5234 2203 5289 H
2235 5233 2337 5289 Vel
2369 5231 2617 5305 placebit
2646 5233 2760 5289 Deo
2792 5231 2947 5287 Patri
2982 5246 3157 5302 super
3190 5224 3440 5281 vitulum
3473 5239 3576 5277 no-

1929 5323 2236 5391 vellum,id
2269 5326 2357 5378 est
2375 5322 2928 5388 Christum,cornua
2962 5311 3463 5392 producentem,id
3487 5314 3574 5366 est

1933 5412 2332 5470 fortitudinem
2363 5409 2630 5466 Ecclesiae
2661 5410 2922 5475 dantem,
2955 5412 3014 5463 et
3056 5401 3312 5476 ungulas
3360 5398 3574 5471 quibus

1933 5499 2236 5572 sacrilegia
2251 5496 2549 5553 conculcet
2569 5497 2827 5570 gentium
2859 5513 2926 5552 ac
2947 5493 3204 5550 divellat.
3221 5487 3455 5546 Vitulus
3478 5501 3570 5572 no-

124 5685 132 5766 l
177 5705 214 5742 ξ.-
252 5718 352 5763 πω
380 5709 596 5766 emus
621 5684 1038 5764 ﬁierusalem
1064 5684 1366 5759 frequenti
1383 5685 1708 5764 captivitate
1734 5686 1828 5746 de-

1936 5682 2049 5741 Nec
2080 5692 2254 5754 super
2295 5676 2530 5733 denotat
2573 5673 3085 5753 comparationem,
3121 5667 3221 5726 sed
3269 5660 3568 5722 materiam
