  <div class='ocr_page' id='page_1' title='image "/cluster/home/n/w/nwhite01/storage/ocr_20150623/142-143/uc1.31175018423130/1384.png"; bbox 0 0 3978 6414; ppageno 0'>
   <div class='ocr_carea' id='block_1_1' title="bbox 164 449 324 539">
    <p class='ocr_par' dir='ltr' id='par_1_1' title="bbox 164 449 324 539">
     <span class='ocr_line' id='line_1_1' title="bbox 164 449 324 539; baseline -0.006 -12"><span class='ocrx_word' id='word_1_1' title='bbox 164 449 324 539; x_wconf 68' lang='lat' dir='ltr'><strong>i989</strong></span> 
     </span>
    </p>
   </div>
   <div class='ocr_carea' id='block_1_2' title="bbox 1068 455 2682 528">
    <p class='ocr_par' dir='ltr' id='par_1_2' title="bbox 1068 455 2682 528">
     <span class='ocr_line' id='line_1_2' title="bbox 1068 455 2682 528; baseline 0.001 -6"><span class='ocrx_word' id='word_1_2' title='bbox 1068 457 1319 526; x_wconf 84' lang='lat' dir='ltr'><strong>EPIST.</strong></span> <span class='ocrx_word' id='word_1_3' title='bbox 1371 457 1473 522; x_wconf 87' lang='lat' dir='ltr'><strong>DE</strong></span> <span class='ocrx_word' id='word_1_4' title='bbox 1517 455 2080 528; x_wconf 63' lang='lat' dir='ltr'><strong>EUCHARISTIIE</strong></span> <span class='ocrx_word' id='word_1_5' title='bbox 2125 458 2682 527; x_wconf 83' lang='lat' dir='ltr'><strong>SACRAMENTO.</strong></span> 
     </span>
    </p>
   </div>
   <div class='ocr_carea' id='block_1_3' title="bbox 3427 464 3585 526">
    <p class='ocr_par' dir='ltr' id='par_1_3' title="bbox 3427 464 3585 526">
     <span class='ocr_line' id='line_1_3' title="bbox 3427 464 3585 526; baseline 0.013 -2"><span class='ocrx_word' id='word_1_6' title='bbox 3427 464 3585 526; x_wconf 76' lang='lat' dir='ltr'><strong>I290</strong></span> 
     </span>
    </p>
   </div>
   <div class='ocr_carea' id='block_1_4' title="bbox 874 622 3540 651">
    <p class='ocr_par' dir='ltr' id='par_1_4' title="bbox 874 622 3540 651">
     <span class='ocr_line' id='line_1_4' title="bbox 874 622 3540 651; baseline -0.002 -1"><span class='ocrx_word' id='word_1_7' title='bbox 874 622 3540 651; x_wconf 60' lang='lat' dir='ltr'><strong>mm</strong></span> 
     </span>
    </p>
   </div>
   <div class='ocr_carea' id='block_1_5' title="bbox 1270 804 2478 932">
    <p class='ocr_par' dir='ltr' id='par_1_5' title="bbox 1270 804 2478 932">
     <span class='ocr_line' id='line_1_5' title="bbox 1270 804 2478 932; baseline 0 -2"><span class='ocrx_word' id='word_1_8' title='bbox 1270 804 2478 932; x_wconf 79' lang='lat' dir='ltr'><strong>ADELMANNI</strong></span> 
     </span>
    </p>
   </div>
   <div class='ocr_carea' id='block_1_6' title="bbox 867 1056 2894 1123">
    <p class='ocr_par' dir='ltr' id='par_1_6' title="bbox 867 1056 2894 1123">
     <span class='ocr_line' id='line_1_6' title="bbox 867 1056 2894 1123; baseline 0.001 -4"><span class='ocrx_word' id='word_1_9' title='bbox 867 1058 972 1119; x_wconf 88' lang='lat' dir='ltr'><strong>EX</strong></span> <span class='ocrx_word' id='word_1_10' title='bbox 1017 1057 1556 1120; x_wconf 85' lang='lat' dir='ltr'><strong>SCHOLASTICO</strong></span> <span class='ocrx_word' id='word_1_11' title='bbox 1598 1057 2017 1119; x_wconf 88' lang='lat' dir='ltr'><strong>LEODIENSI</strong></span> <span class='ocrx_word' id='word_1_12' title='bbox 2059 1056 2411 1119; x_wconf 85' lang='lat' dir='ltr'><strong>EPISGOPI</strong></span> <span class='ocrx_word' id='word_1_13' title='bbox 2453 1057 2894 1123; x_wconf 81' lang='lat' dir='ltr'><strong>BRIXIENSIS</strong></span> 
     </span>
    </p>
   </div>
   <div class='ocr_carea' id='block_1_7' title="bbox 1105 1241 2643 1320">
    <p class='ocr_par' dir='ltr' id='par_1_7' title="bbox 1105 1241 2643 1320">
     <span class='ocr_line' id='line_1_7' title="bbox 1105 1241 2643 1320; baseline 0.002 -4"><span class='ocrx_word' id='word_1_14' title='bbox 1105 1243 1227 1316; x_wconf 93' lang='lat' dir='ltr'><strong>DE</strong></span> <span class='ocrx_word' id='word_1_15' title='bbox 1285 1241 1958 1318; x_wconf 74' lang='lat' dir='ltr'><strong>EUCHARISTI/E</strong></span> <span class='ocrx_word' id='word_1_16' title='bbox 2009 1241 2643 1320; x_wconf 83' lang='lat' dir='ltr'><strong>SACRAMENTO</strong></span> 
     </span>
    </p>
   </div>
   <div class='ocr_carea' id='block_1_8' title="bbox 626 1458 3133 1569">
    <p class='ocr_par' dir='ltr' id='par_1_8' title="bbox 626 1458 3133 1569">
     <span class='ocr_line' id='line_1_8' title="bbox 626 1458 3133 1569; baseline -0.001 0"><span class='ocrx_word' id='word_1_17' title='bbox 626 1465 814 1569; x_wconf 90' lang='lat' dir='ltr'><strong>AD</strong></span> <span class='ocrx_word' id='word_1_18' title='bbox 951 1458 2150 1568; x_wconf 78' lang='lat' dir='ltr'><strong>BEBENGABIUM</strong></span> <span class='ocrx_word' id='word_1_19' title='bbox 2289 1461 3133 1568; x_wconf 83' lang='lat' dir='ltr'><strong>EPISTOLA.</strong></span> 
     </span>
    </p>
   </div>
   <div class='ocr_carea' id='block_1_9' title="bbox 1346 1680 2396 1756">
    <p class='ocr_par' dir='ltr' id='par_1_9' title="bbox 1346 1680 2396 1756">
     <span class='ocr_line' id='line_1_9' title="bbox 1346 1680 2396 1756; baseline -0.001 -18"><span class='ocrx_word' id='word_1_20' title='bbox 1346 1681 1704 1756; x_wconf 76' lang='lat' dir='ltr'><strong>(Bibliotheca</strong></span> <span class='ocrx_word' id='word_1_21' title='bbox 1731 1682 1984 1748; x_wconf 80' lang='lat' dir='ltr'><strong>Patrum,</strong></span> <span class='ocrx_word' id='word_1_22' title='bbox 2014 1680 2216 1756; x_wconf 85' lang='lat' dir='ltr'><strong>XVIII,</strong></span> <span class='ocrx_word' id='word_1_23' title='bbox 2248 1683 2396 1755; x_wconf 86' lang='grc'>438.)</span> 
     </span>
    </p>
   </div>
   <div class='ocr_carea' id='block_1_10' title="bbox 240 1957 3588 2031">
    <p class='ocr_par' dir='ltr' id='par_1_10' title="bbox 240 1957 3588 2031">
     <span class='ocr_line' id='line_1_10' title="bbox 240 1957 3588 2031; baseline -0.001 -13"><span class='ocrx_word' id='word_1_24' title='bbox 240 1961 466 2019; x_wconf 85' lang='lat' dir='ltr'><strong>Dilecto</strong></span> <span class='ocrx_word' id='word_1_25' title='bbox 496 1961 559 2016; x_wconf 92' lang='lat' dir='ltr'><strong>in</strong></span> <span class='ocrx_word' id='word_1_26' title='bbox 587 1959 818 2018; x_wconf 79' lang='lat' dir='ltr'><strong>Christo</strong></span> <span class='ocrx_word' id='word_1_27' title='bbox 851 1958 1014 2016; x_wconf 84' lang='lat' dir='ltr'><strong>fratri</strong></span> <span class='ocrx_word' id='word_1_28' title='bbox 1064 1957 1411 2015; x_wconf 88' lang='lat' dir='ltr'><strong>scholastico</strong></span> <span class='ocrx_word' id='word_1_29' title='bbox 1456 1958 1822 2014; x_wconf 81' lang='lat' dir='ltr'><strong>BERENGARIO</strong></span> <span class='ocrx_word' id='word_1_30' title='bbox 1851 1961 1907 2027; x_wconf 82' lang='grc' dir='ltr'><strong>Α</strong></span> <span class='ocrx_word' id='word_1_31' title='bbox 1937 1959 2092 2022; x_wconf 88' lang='lat' dir='ltr'><strong>Quos</strong></span> <span class='ocrx_word' id='word_1_32' title='bbox 2114 1958 2498 2015; x_wconf 87' lang='lat' dir='ltr'><strong>nihilominus</strong></span> <span class='ocrx_word' id='word_1_33' title='bbox 2519 1957 2580 2014; x_wconf 93' lang='lat' dir='ltr'><strong>in</strong></span> <span class='ocrx_word' id='word_1_34' title='bbox 2603 1957 2860 2031; x_wconf 83' lang='lat' dir='ltr'><strong>psal.xm</strong></span> <span class='ocrx_word' id='word_1_35' title='bbox 2892 1959 2975 2014; x_wconf 89' lang='lat' dir='ltr'><strong>ita</strong></span> <span class='ocrx_word' id='word_1_36' title='bbox 2995 1959 3307 2015; x_wconf 89' lang='lat' dir='ltr'><strong>adnotatos</strong></span> <span class='ocrx_word' id='word_1_37' title='bbox 3337 1958 3588 2014; x_wconf 87' lang='lat' dir='ltr'><strong>adverti-</strong></span> 
     </span>
    </p>
   </div>
   <div class='ocr_carea' id='block_1_11' title="bbox 163 2047 1236 2108">
    <p class='ocr_par' dir='ltr' id='par_1_11' title="bbox 163 2047 1236 2108">
     <span class='ocr_line' id='line_1_11' title="bbox 163 2047 1236 2108; baseline -0.007 1"><span class='ocrx_word' id='word_1_38' title='bbox 163 2055 564 2108; x_wconf 79' lang='lat' dir='ltr'><strong>ADELMANNUS</strong></span> <span class='ocrx_word' id='word_1_39' title='bbox 595 2049 845 2106; x_wconf 80' lang='lat' dir='ltr'><strong>salutem</strong></span> <span class='ocrx_word' id='word_1_40' title='bbox 877 2049 936 2103; x_wconf 92' lang='lat' dir='ltr'><strong>in</strong></span> <span class='ocrx_word' id='word_1_41' title='bbox 968 2047 1236 2104; x_wconf 91' lang='lat' dir='ltr'><strong>Domino.</strong></span> 
     </span>
    </p>
   </div>
   <div class='ocr_carea' id='block_1_12' title="bbox 233 2134 1820 2208">
    <p class='ocr_par' dir='ltr' id='par_1_12' title="bbox 233 2134 1820 2208">
     <span class='ocr_line' id='line_1_12' title="bbox 233 2134 1820 2208; baseline -0.005 -10"><span class='ocrx_word' id='word_1_42' title='bbox 233 2141 672 2198; x_wconf 88' lang='lat' dir='ltr'><strong>Collactaneum</strong></span> <span class='ocrx_word' id='word_1_43' title='bbox 703 2141 758 2195; x_wconf 91' lang='lat' dir='ltr'><strong>te</strong></span> <span class='ocrx_word' id='word_1_44' title='bbox 788 2151 986 2194; x_wconf 90' lang='lat' dir='ltr'><strong>meum</strong></span> <span class='ocrx_word' id='word_1_45' title='bbox 1032 2135 1229 2193; x_wconf 87' lang='lat' dir='ltr'><strong>vocavi</strong></span> <span class='ocrx_word' id='word_1_46' title='bbox 1279 2140 1518 2208; x_wconf 83' lang='lat' dir='ltr'><strong>propter</strong></span> <span class='ocrx_word' id='word_1_47' title='bbox 1548 2134 1820 2191; x_wconf 90' lang='lat' dir='ltr'><strong>dulcissi-</strong></span> 
     </span>
    </p>
   </div>
   <div class='ocr_carea' id='block_1_13' title="bbox 163 2223 1818 2298">
    <p class='ocr_par' dir='ltr' id='par_1_13' title="bbox 163 2223 1818 2298">
     <span class='ocr_line' id='line_1_13' title="bbox 163 2223 1818 2298; baseline -0.005 -11"><span class='ocrx_word' id='word_1_48' title='bbox 163 2247 326 2287; x_wconf 92' lang='lat' dir='ltr'><strong>mum</strong></span> <span class='ocrx_word' id='word_1_49' title='bbox 358 2229 512 2285; x_wconf 90' lang='lat' dir='ltr'><strong>illud</strong></span> <span class='ocrx_word' id='word_1_50' title='bbox 543 2227 996 2285; x_wconf 86' lang='lat' dir='ltr'><strong>contubernium</strong></span> <span class='ocrx_word' id='word_1_51' title='bbox 1029 2225 1185 2298; x_wconf 92' lang='lat' dir='ltr'><strong>quod</strong></span> <span class='ocrx_word' id='word_1_52' title='bbox 1227 2241 1359 2280; x_wconf 89' lang='lat' dir='ltr'><strong>cum</strong></span> <span class='ocrx_word' id='word_1_53' title='bbox 1392 2229 1450 2280; x_wconf 90' lang='lat' dir='ltr'><strong>te</strong></span> <span class='ocrx_word' id='word_1_54' title='bbox 1479 2223 1818 2280; x_wconf 89' lang='lat' dir='ltr'><strong>adolescen-</strong></span> 
     </span>
    </p>
   </div>
   <div class='ocr_carea' id='block_1_14' title="bbox 163 2314 1818 2392">
    <p class='ocr_par' dir='ltr' id='par_1_14' title="bbox 163 2314 1818 2392">
     <span class='ocr_line' id='line_1_14' title="bbox 163 2314 1818 2392; baseline -0.005 -15"><span class='ocrx_word' id='word_1_55' title='bbox 163 2320 308 2389; x_wconf 89' lang='lat' dir='ltr'><strong>tulo,</strong></span> <span class='ocrx_word' id='word_1_56' title='bbox 341 2320 471 2392; x_wconf 85' lang='lat' dir='ltr'><strong>ipse</strong></span> <span class='ocrx_word' id='word_1_57' title='bbox 502 2334 608 2391; x_wconf 91' lang='lat' dir='ltr'><strong>ego</strong></span> <span class='ocrx_word' id='word_1_58' title='bbox 639 2315 1028 2389; x_wconf 90' lang='lat' dir='ltr'><strong>majusculus,</strong></span> <span class='ocrx_word' id='word_1_59' title='bbox 1053 2316 1114 2371; x_wconf 89' lang='lat' dir='ltr'><strong>in</strong></span> <span class='ocrx_word' id='word_1_60' title='bbox 1146 2314 1447 2371; x_wconf 89' lang='lat' dir='ltr'><strong>academia</strong></span> <span class='ocrx_word' id='word_1_61' title='bbox 1474 2314 1818 2370; x_wconf 88' lang='lat' dir='ltr'><strong>Carnotensi</strong></span> 
     </span>
    </p>
   </div>
   <div class='ocr_carea' id='block_1_15' title="bbox 164 2402 1817 2474">
    <p class='ocr_par' dir='ltr' id='par_1_15' title="bbox 164 2402 1817 2474">
     <span class='ocr_line' id='line_1_15' title="bbox 164 2402 1817 2474; baseline -0.005 -7"><span class='ocrx_word' id='word_1_62' title='bbox 164 2411 272 2467; x_wconf 90' lang='lat' dir='ltr'><strong>sub</strong></span> <span class='ocrx_word' id='word_1_63' title='bbox 303 2413 508 2467; x_wconf 85' lang='lat' dir='ltr'><strong>nostro</strong></span> <span class='ocrx_word' id='word_1_64' title='bbox 538 2406 640 2464; x_wconf 95' lang='lat' dir='ltr'><strong>illo</strong></span> <span class='ocrx_word' id='word_1_65' title='bbox 664 2405 984 2462; x_wconf 84' lang='lat' dir='ltr'><strong>venerabili</strong></span> <span class='ocrx_word' id='word_1_66' title='bbox 1014 2406 1248 2460; x_wconf 89' lang='lat' dir='ltr'><strong>Socrate</strong></span> <span class='ocrx_word' id='word_1_67' title='bbox 1278 2404 1354 2474; x_wconf 93' lang='lat'><strong>(3)</strong></span> <span class='ocrx_word' id='word_1_68' title='bbox 1380 2402 1817 2474; x_wconf 90' lang='lat' dir='ltr'><strong>jucundissime</strong></span> 
     </span>
    </p>
   </div>
   <div class='ocr_carea' id='block_1_16' title="bbox 163 2491 1818 2569">
    <p class='ocr_par' dir='ltr' id='par_1_16' title="bbox 163 2491 1818 2569">
     <span class='ocr_line' id='line_1_16' title="bbox 163 2491 1818 2569; baseline -0.005 -14"><span class='ocrx_word' id='word_1_69' title='bbox 163 2499 336 2568; x_wconf 86' lang='lat' dir='ltr'><strong>duxi;</strong></span> <span class='ocrx_word' id='word_1_70' title='bbox 369 2499 542 2569; x_wconf 90' lang='lat' dir='ltr'><strong>cujus</strong></span> <span class='ocrx_word' id='word_1_71' title='bbox 572 2498 644 2552; x_wconf 92' lang='lat' dir='ltr'><strong>de</strong></span> <span class='ocrx_word' id='word_1_72' title='bbox 674 2495 938 2552; x_wconf 88' lang='lat' dir='ltr'><strong>convictu</strong></span> <span class='ocrx_word' id='word_1_73' title='bbox 971 2492 1207 2566; x_wconf 88' lang='lat' dir='ltr'><strong>gloriari</strong></span> <span class='ocrx_word' id='word_1_74' title='bbox 1229 2492 1398 2548; x_wconf 90' lang='lat' dir='ltr'><strong>nobis</strong></span> <span class='ocrx_word' id='word_1_75' title='bbox 1422 2492 1660 2564; x_wconf 87' lang='lat' dir='ltr'><strong>dignius</strong></span> <span class='ocrx_word' id='word_1_76' title='bbox 1681 2491 1818 2547; x_wconf 89' lang='lat' dir='ltr'><strong>licet</strong></span> 
     </span>
    </p>
   </div>
   <div class='ocr_carea' id='block_1_17' title="bbox 164 2582 1815 2662">
    <p class='ocr_par' dir='ltr' id='par_1_17' title="bbox 164 2582 1815 2662">
     <span class='ocr_line' id='line_1_17' title="bbox 164 2582 1815 2662; baseline -0.006 -16"><span class='ocrx_word' id='word_1_77' title='bbox 164 2603 338 2662; x_wconf 89' lang='lat' dir='ltr'><strong>quam</strong></span> <span class='ocrx_word' id='word_1_78' title='bbox 368 2586 735 2661; x_wconf 85' lang='lat' dir='ltr'><strong>gloriabatur</strong></span> <span class='ocrx_word' id='word_1_79' title='bbox 782 2583 965 2650; x_wconf 85' lang='lat' dir='ltr'><strong>Plato,</strong></span> <span class='ocrx_word' id='word_1_80' title='bbox 1007 2582 1226 2655; x_wconf 83' lang='lat' dir='ltr'><strong>gratias</strong></span> <span class='ocrx_word' id='word_1_81' title='bbox 1277 2597 1456 2654; x_wconf 86' lang='lat' dir='ltr'><strong>agens</strong></span> <span class='ocrx_word' id='word_1_82' title='bbox 1496 2585 1716 2636; x_wconf 75' lang='lat' dir='ltr'><strong>natura:</strong></span> <span class='ocrx_word' id='word_1_83' title='bbox 1749 2596 1815 2636; x_wconf 93' lang='lat' dir='ltr'><strong>eo</strong></span> 
     </span>
    </p>
   </div>
   <div class='ocr_carea' id='block_1_18' title="bbox 166 2671 1813 2752">
    <p class='ocr_par' dir='ltr' id='par_1_18' title="bbox 166 2671 1813 2752">
     <span class='ocr_line' id='line_1_18' title="bbox 166 2671 1813 2752; baseline -0.007 -17"><span class='ocrx_word' id='word_1_84' title='bbox 166 2679 317 2752; x_wconf 89' lang='lat' dir='ltr'><strong>quod</strong></span> <span class='ocrx_word' id='word_1_85' title='bbox 341 2678 403 2733; x_wconf 92' lang='lat' dir='ltr'><strong>in</strong></span> <span class='ocrx_word' id='word_1_86' title='bbox 426 2675 641 2732; x_wconf 89' lang='lat' dir='ltr'><strong>diebus</strong></span> <span class='ocrx_word' id='word_1_87' title='bbox 663 2673 918 2730; x_wconf 85' lang='lat' dir='ltr'><strong>Socratis</strong></span> <span class='ocrx_word' id='word_1_88' title='bbox 958 2672 1048 2727; x_wconf 89' lang='lat' dir='ltr'><strong>sui</strong></span> <span class='ocrx_word' id='word_1_89' title='bbox 1071 2671 1369 2726; x_wconf 88' lang='lat' dir='ltr'><strong>hominem</strong></span> <span class='ocrx_word' id='word_1_90' title='bbox 1402 2687 1462 2726; x_wconf 88' lang='lat' dir='ltr'><strong>se</strong></span> <span class='ocrx_word' id='word_1_91' title='bbox 1491 2687 1606 2725; x_wconf 94' lang='lat' dir='ltr'><strong>non</strong></span> <span class='ocrx_word' id='word_1_92' title='bbox 1639 2685 1813 2741; x_wconf 91' lang='lat' dir='ltr'><strong>pecu-</strong></span> 
     </span>
    </p>
   </div>
   <div class='ocr_carea' id='block_1_19' title="bbox 164 2757 1817 2840">
    <p class='ocr_par' dir='ltr' id='par_1_19' title="bbox 164 2757 1817 2840">
     <span class='ocr_line' id='line_1_19' title="bbox 164 2757 1817 2840; baseline -0.007 -17"><span class='ocrx_word' id='word_1_93' title='bbox 164 2768 294 2825; x_wconf 88' lang='lat' dir='ltr'><strong>dem</strong></span> <span class='ocrx_word' id='word_1_94' title='bbox 327 2765 676 2840; x_wconf 82' lang='lat' dir='ltr'><strong>peperisset.</strong></span> <span class='ocrx_word' id='word_1_95' title='bbox 702 2763 820 2819; x_wconf 86' lang='lat' dir='ltr'><strong>Nos</strong></span> <span class='ocrx_word' id='word_1_96' title='bbox 870 2761 1029 2817; x_wconf 91' lang='lat' dir='ltr'><strong>enim</strong></span> <span class='ocrx_word' id='word_1_97' title='bbox 1073 2760 1423 2816; x_wconf 86' lang='lat' dir='ltr'><strong>sanctiorem</strong></span> <span class='ocrx_word' id='word_1_98' title='bbox 1449 2758 1631 2814; x_wconf 83' lang='lat' dir='ltr'><strong>vitam</strong></span> <span class='ocrx_word' id='word_1_99' title='bbox 1664 2757 1817 2814; x_wconf 89' lang='lat' dir='ltr'><strong>salu-</strong></span> 
     </span>
    </p>
   </div>
   <div class='ocr_carea' id='block_1_20' title="bbox 162 2847 1813 2928">
    <p class='ocr_par' dir='ltr' id='par_1_20' title="bbox 162 2847 1813 2928">
     <span class='ocr_line' id='line_1_20' title="bbox 162 2847 1813 2928; baseline -0.006 -16"><span class='ocrx_word' id='word_1_100' title='bbox 162 2857 536 2928; x_wconf 88' lang='lat' dir='ltr'><strong>brioremque</strong></span> <span class='ocrx_word' id='word_1_101' title='bbox 567 2853 894 2909; x_wconf 86' lang='lat' dir='ltr'><strong>doctrinam</strong></span> <span class='ocrx_word' id='word_1_102' title='bbox 933 2849 1206 2907; x_wconf 85' lang='lat' dir='ltr'><strong>catholici</strong></span> <span class='ocrx_word' id='word_1_103' title='bbox 1251 2853 1308 2904; x_wconf 90' lang='lat' dir='ltr'><strong>et</strong></span> <span class='ocrx_word' id='word_1_104' title='bbox 1339 2847 1813 2904; x_wconf 89' lang='lat' dir='ltr'><strong>christianissimi</strong></span> 
     </span>
    </p>
   </div>
   <div class='ocr_carea' id='block_1_21' title="bbox 164 2936 1813 3015">
    <p class='ocr_par' dir='ltr' id='par_1_21' title="bbox 164 2936 1813 3015">
     <span class='ocr_line' id='line_1_21' title="bbox 164 2936 1813 3015; baseline -0.006 -15"><span class='ocrx_word' id='word_1_105' title='bbox 164 2944 420 3002; x_wconf 85' lang='lat' dir='ltr'><strong>hominis</strong></span> <span class='ocrx_word' id='word_1_106' title='bbox 453 2941 676 3015; x_wconf 80' lang='lat' dir='ltr'><strong>experti</strong></span> <span class='ocrx_word' id='word_1_107' title='bbox 726 2955 956 3008; x_wconf 89' lang='lat' dir='ltr'><strong>sumus,</strong></span> <span class='ocrx_word' id='word_1_108' title='bbox 989 2941 1045 2994; x_wconf 87' lang='lat' dir='ltr'><strong>et</strong></span> <span class='ocrx_word' id='word_1_109' title='bbox 1084 2953 1243 2997; x_wconf 89' lang='lat' dir='ltr'><strong>nunc</strong></span> <span class='ocrx_word' id='word_1_110' title='bbox 1285 2938 1416 3008; x_wconf 86' lang='lat' dir='ltr'><strong>ejus</strong></span> <span class='ocrx_word' id='word_1_111' title='bbox 1447 2936 1601 3008; x_wconf 89' lang='lat' dir='ltr'><strong>apud</strong></span> <span class='ocrx_word' id='word_1_112' title='bbox 1634 2940 1813 2992; x_wconf 90' lang='lat' dir='ltr'><strong>Deum</strong></span> 
     </span>
    </p>
   </div>
   <div class='ocr_carea' id='block_1_22' title="bbox 165 3024 1814 3108">
    <p class='ocr_par' dir='ltr' id='par_1_22' title="bbox 165 3024 1814 3108">
     <span class='ocr_line' id='line_1_22' title="bbox 165 3024 1814 3108; baseline -0.008 -15"><span class='ocrx_word' id='word_1_113' title='bbox 165 3035 436 3108; x_wconf 87' lang='lat' dir='ltr'><strong>precibus</strong></span> <span class='ocrx_word' id='word_1_114' title='bbox 470 3030 734 3103; x_wconf 85' lang='lat' dir='ltr'><strong>adjuvari</strong></span> <span class='ocrx_word' id='word_1_115' title='bbox 778 3044 1012 3102; x_wconf 89' lang='lat' dir='ltr'><strong>sperare</strong></span> <span class='ocrx_word' id='word_1_116' title='bbox 1064 3027 1369 3082; x_wconf 88' lang='lat' dir='ltr'><strong>debemus.</strong></span> <span class='ocrx_word' id='word_1_117' title='bbox 1400 3027 1599 3098; x_wconf 82' lang='lat' dir='ltr'><strong>Neque</strong></span> <span class='ocrx_word' id='word_1_118' title='bbox 1657 3024 1814 3080; x_wconf 89' lang='lat' dir='ltr'><strong>enim</strong></span> 
     </span>
    </p>
   </div>
   <div class='ocr_carea' id='block_1_23' title="bbox 162 3114 1813 3196">
    <p class='ocr_par' dir='ltr' id='par_1_23' title="bbox 162 3114 1813 3196">
     <span class='ocr_line' id='line_1_23' title="bbox 162 3114 1813 3196; baseline -0.008 -15"><span class='ocrx_word' id='word_1_119' title='bbox 162 3125 464 3196; x_wconf 84' lang='lat' dir='ltr'><strong>putandus</strong></span> <span class='ocrx_word' id='word_1_120' title='bbox 491 3125 582 3178; x_wconf 90' lang='lat' dir='ltr'><strong>est</strong></span> <span class='ocrx_word' id='word_1_121' title='bbox 631 3116 998 3181; x_wconf 86' lang='lat' dir='ltr'><strong>memoriam,</strong></span> <span class='ocrx_word' id='word_1_122' title='bbox 1031 3116 1091 3171; x_wconf 91' lang='lat' dir='ltr'><strong>in</strong></span> <span class='ocrx_word' id='word_1_123' title='bbox 1143 3132 1260 3187; x_wconf 88' lang='lat' dir='ltr'><strong>qua</strong></span> <span class='ocrx_word' id='word_1_124' title='bbox 1310 3131 1416 3170; x_wconf 89' lang='lat' dir='ltr'><strong>nos</strong></span> <span class='ocrx_word' id='word_1_125' title='bbox 1446 3117 1729 3186; x_wconf 87' lang='lat' dir='ltr'><strong>tanquam</strong></span> <span class='ocrx_word' id='word_1_126' title='bbox 1754 3114 1813 3168; x_wconf 92' lang='lat' dir='ltr'><strong>in</strong></span> 
     </span>
    </p>
   </div>
   <div class='ocr_carea' id='block_1_24' title="bbox 165 3204 1814 3280">
    <p class='ocr_par' dir='ltr' id='par_1_24' title="bbox 165 3204 1814 3280">
     <span class='ocr_line' id='line_1_24' title="bbox 165 3204 1814 3280; baseline -0.007 -11"><span class='ocrx_word' id='word_1_127' title='bbox 165 3213 295 3269; x_wconf 90' lang='lat' dir='ltr'><strong>sinu</strong></span> <span class='ocrx_word' id='word_1_128' title='bbox 328 3216 598 3269; x_wconf 90' lang='lat' dir='ltr'><strong>materno</strong></span> <span class='ocrx_word' id='word_1_129' title='bbox 648 3223 882 3280; x_wconf 88' lang='lat' dir='ltr'><strong>semper</strong></span> <span class='ocrx_word' id='word_1_130' title='bbox 920 3205 1159 3269; x_wconf 88' lang='lat' dir='ltr'><strong>ferebat,</strong></span> <span class='ocrx_word' id='word_1_131' title='bbox 1201 3204 1494 3272; x_wconf 90' lang='lat' dir='ltr'><strong>amisisse,</strong></span> <span class='ocrx_word' id='word_1_132' title='bbox 1536 3206 1638 3258; x_wconf 90' lang='lat' dir='ltr'><strong>aut</strong></span> <span class='ocrx_word' id='word_1_133' title='bbox 1681 3220 1814 3259; x_wconf 91' lang='lat' dir='ltr'><strong>vero</strong></span> 
     </span>
    </p>
   </div>
   <div class='ocr_carea' id='block_1_25' title="bbox 163 3291 1894 3397">
    <p class='ocr_par' dir='ltr' id='par_1_25' title="bbox 163 3291 1894 3397">
     <span class='ocr_line' id='line_1_25' title="bbox 163 3291 1894 3397; baseline -0.008 -39"><span class='ocrx_word' id='word_1_134' title='bbox 163 3303 416 3359; x_wconf 88' lang='lat' dir='ltr'><strong>charitas</strong></span> <span class='ocrx_word' id='word_1_135' title='bbox 437 3298 676 3366; x_wconf 87' lang='lat' dir='ltr'><strong>Christi,</strong></span> <span class='ocrx_word' id='word_1_136' title='bbox 702 3314 819 3369; x_wconf 90' lang='lat' dir='ltr'><strong>qua</strong></span> <span class='ocrx_word' id='word_1_137' title='bbox 858 3296 1013 3352; x_wconf 88' lang='lat' dir='ltr'><strong>sicut</strong></span> <span class='ocrx_word' id='word_1_138' title='bbox 1053 3293 1203 3397; x_wconf 78' lang='lat' dir='ltr'><strong>ﬁliqs</strong></span> <span class='ocrx_word' id='word_1_139' title='bbox 1223 3291 1717 3397; x_wconf 63' lang='lat' dir='ltr'><strong>amplectebatur,</strong></span> <span class='ocrx_word' id='word_1_140' title='bbox 1750 3291 1809 3391; x_wconf 76' lang='lat' dir='ltr'><strong>in</strong></span> <span class='ocrx_word' id='word_1_141' title='bbox 1844 3331 1894 3397; x_wconf 81' lang='grc' dir='ltr'>Β</span> 
     </span>
    </p>
   </div>
   <div class='ocr_carea' id='block_1_26' title="bbox 164 3378 1810 3455">
    <p class='ocr_par' dir='ltr' id='par_1_26' title="bbox 164 3378 1810 3455">
     <span class='ocr_line' id='line_1_26' title="bbox 164 3378 1810 3455; baseline -0.007 -9"><span class='ocrx_word' id='word_1_142' title='bbox 164 3408 229 3446; x_wconf 90' lang='lat' dir='ltr'><strong>eo</strong></span> <span class='ocrx_word' id='word_1_143' title='bbox 257 3389 549 3447; x_wconf 89' lang='lat' dir='ltr'><strong>exstincta</strong></span> <span class='ocrx_word' id='word_1_144' title='bbox 589 3393 695 3443; x_wconf 83' lang='lat' dir='ltr'><strong>est.</strong></span> <span class='ocrx_word' id='word_1_145' title='bbox 721 3385 833 3441; x_wconf 89' lang='lat' dir='ltr'><strong>Sed</strong></span> <span class='ocrx_word' id='word_1_146' title='bbox 867 3385 1091 3455; x_wconf 88' lang='lat' dir='ltr'><strong>absque</strong></span> <span class='ocrx_word' id='word_1_147' title='bbox 1140 3380 1318 3436; x_wconf 91' lang='lat' dir='ltr'><strong>dubio</strong></span> <span class='ocrx_word' id='word_1_148' title='bbox 1350 3396 1576 3436; x_wconf 90' lang='lat' dir='ltr'><strong>memor</strong></span> <span class='ocrx_word' id='word_1_149' title='bbox 1604 3378 1810 3448; x_wconf 89' lang='lat' dir='ltr'><strong>nostri,</strong></span> 
     </span>
    </p>
   </div>
   <div class='ocr_carea' id='block_1_27' title="bbox 164 3468 1813 3554">
    <p class='ocr_par' dir='ltr' id='par_1_27' title="bbox 164 3468 1813 3554">
     <span class='ocr_line' id='line_1_27' title="bbox 164 3468 1813 3554; baseline -0.009 -18"><span class='ocrx_word' id='word_1_150' title='bbox 164 3479 413 3554; x_wconf 88' lang='lat' dir='ltr'><strong>diligens</strong></span> <span class='ocrx_word' id='word_1_151' title='bbox 436 3476 671 3550; x_wconf 87' lang='lat' dir='ltr'><strong>plenius</strong></span> <span class='ocrx_word' id='word_1_152' title='bbox 693 3489 872 3546; x_wconf 90' lang='lat' dir='ltr'><strong>quam</strong></span> <span class='ocrx_word' id='word_1_153' title='bbox 897 3488 1030 3527; x_wconf 92' lang='lat' dir='ltr'><strong>cum</strong></span> <span class='ocrx_word' id='word_1_154' title='bbox 1048 3471 1109 3526; x_wconf 90' lang='lat' dir='ltr'><strong>in</strong></span> <span class='ocrx_word' id='word_1_155' title='bbox 1132 3485 1372 3541; x_wconf 80' lang='lat' dir='ltr'><strong>corpore</strong></span> <span class='ocrx_word' id='word_1_156' title='bbox 1393 3468 1600 3524; x_wconf 88' lang='lat' dir='ltr'><strong>mortis</strong></span> <span class='ocrx_word' id='word_1_157' title='bbox 1633 3468 1813 3538; x_wconf 89' lang='lat' dir='ltr'><strong>hujus</strong></span> 
     </span>
    </p>
   </div>
   <div class='ocr_carea' id='block_1_28' title="bbox 162 3556 1812 3642">
    <p class='ocr_par' dir='ltr' id='par_1_28' title="bbox 162 3556 1812 3642">
     <span class='ocr_line' id='line_1_28' title="bbox 162 3556 1812 3642; baseline -0.008 -17"><span class='ocrx_word' id='word_1_158' title='bbox 162 3569 650 3642; x_wconf 86' lang='lat' dir='ltr'><strong>peregrinaretur,</strong></span> <span class='ocrx_word' id='word_1_159' title='bbox 683 3563 892 3619; x_wconf 86' lang='lat' dir='ltr'><strong>invitat</strong></span> <span class='ocrx_word' id='word_1_160' title='bbox 913 3562 985 3616; x_wconf 90' lang='lat' dir='ltr'><strong>ad</strong></span> <span class='ocrx_word' id='word_1_161' title='bbox 1027 3577 1090 3616; x_wconf 88' lang='lat' dir='ltr'><strong>se</strong></span> <span class='ocrx_word' id='word_1_162' title='bbox 1127 3559 1275 3614; x_wconf 91' lang='lat' dir='ltr'><strong>votis</strong></span> <span class='ocrx_word' id='word_1_163' title='bbox 1323 3562 1379 3613; x_wconf 90' lang='lat' dir='ltr'><strong>et</strong></span> <span class='ocrx_word' id='word_1_164' title='bbox 1408 3556 1598 3613; x_wconf 87' lang='lat' dir='ltr'><strong>tacitis</strong></span> <span class='ocrx_word' id='word_1_165' title='bbox 1629 3556 1812 3628; x_wconf 91' lang='lat' dir='ltr'><strong>preci-</strong></span> 
     </span>
    </p>
   </div>
   <div class='ocr_carea' id='block_1_29' title="bbox 161 3644 1815 3727">
    <p class='ocr_par' dir='ltr' id='par_1_29' title="bbox 161 3644 1815 3727">
     <span class='ocr_line' id='line_1_29' title="bbox 161 3644 1815 3727; baseline -0.007 -14"><span class='ocrx_word' id='word_1_166' title='bbox 161 3657 296 3727; x_wconf 89' lang='lat' dir='ltr'><strong>bus,</strong></span> <span class='ocrx_word' id='word_1_167' title='bbox 326 3659 633 3714; x_wconf 87' lang='lat' dir='ltr'><strong>obtestans</strong></span> <span class='ocrx_word' id='word_1_168' title='bbox 663 3669 767 3725; x_wconf 90' lang='lat' dir='ltr'><strong>per</strong></span> <span class='ocrx_word' id='word_1_169' title='bbox 804 3652 1028 3707; x_wconf 85' lang='lat' dir='ltr'><strong>secreta</strong></span> <span class='ocrx_word' id='word_1_170' title='bbox 1073 3647 1176 3702; x_wconf 87' lang='lat' dir='ltr'><strong>illa</strong></span> <span class='ocrx_word' id='word_1_171' title='bbox 1197 3652 1253 3702; x_wconf 89' lang='lat' dir='ltr'><strong>et</strong></span> <span class='ocrx_word' id='word_1_172' title='bbox 1281 3645 1615 3718; x_wconf 89' lang='lat' dir='ltr'><strong>vespertina</strong></span> <span class='ocrx_word' id='word_1_173' title='bbox 1644 3644 1815 3701; x_wconf 91' lang='lat' dir='ltr'><strong>collo-</strong></span> 
     </span>
    </p>
   </div>
   <div class='ocr_carea' id='block_1_30' title="bbox 164 3733 1813 3818">
    <p class='ocr_par' dir='ltr' id='par_1_30' title="bbox 164 3733 1813 3818">
     <span class='ocr_line' id='line_1_30' title="bbox 164 3733 1813 3818; baseline -0.008 -17"><span class='ocrx_word' id='word_1_174' title='bbox 164 3747 302 3818; x_wconf 90' lang='lat' dir='ltr'><strong>quia</strong></span> <span class='ocrx_word' id='word_1_175' title='bbox 333 3761 463 3818; x_wconf 75' lang='lat' dir='ltr'><strong>quae</strong></span> <span class='ocrx_word' id='word_1_176' title='bbox 495 3741 804 3799; x_wconf 91' lang='lat' dir='ltr'><strong>nobiscum</strong></span> <span class='ocrx_word' id='word_1_177' title='bbox 856 3739 915 3793; x_wconf 92' lang='lat' dir='ltr'><strong>in</strong></span> <span class='ocrx_word' id='word_1_178' title='bbox 964 3735 1200 3793; x_wconf 85' lang='lat' dir='ltr'><strong>hortulo</strong></span> <span class='ocrx_word' id='word_1_179' title='bbox 1223 3737 1397 3808; x_wconf 85' lang='lat' dir='ltr'><strong>juxta</strong></span> <span class='ocrx_word' id='word_1_180' title='bbox 1426 3733 1710 3806; x_wconf 87' lang='lat' dir='ltr'><strong>capellam</strong></span> <span class='ocrx_word' id='word_1_181' title='bbox 1743 3733 1813 3789; x_wconf 91' lang='lat' dir='ltr'><strong>de</strong></span> 
     </span>
    </p>
   </div>
   <div class='ocr_carea' id='block_1_31' title="bbox 164 3823 1815 3904">
    <p class='ocr_par' dir='ltr' id='par_1_31' title="bbox 164 3823 1815 3904">
     <span class='ocr_line' id='line_1_31' title="bbox 164 3823 1815 3904; baseline -0.008 -13"><span class='ocrx_word' id='word_1_182' title='bbox 164 3835 391 3892; x_wconf 85' lang='lat' dir='ltr'><strong>civitate</strong></span> <span class='ocrx_word' id='word_1_183' title='bbox 420 3831 526 3889; x_wconf 89' lang='lat' dir='ltr'><strong>illa</strong></span> <span class='ocrx_word' id='word_1_184' title='bbox 554 3847 732 3904; x_wconf 89' lang='lat' dir='ltr'><strong>quam</strong></span> <span class='ocrx_word' id='word_1_185' title='bbox 763 3829 879 3885; x_wconf 91' lang='lat' dir='ltr'><strong>Deo</strong></span> <span class='ocrx_word' id='word_1_186' title='bbox 908 3825 1136 3883; x_wconf 88' lang='lat' dir='ltr'><strong>volente</strong></span> <span class='ocrx_word' id='word_1_187' title='bbox 1167 3829 1404 3880; x_wconf 87' lang='lat' dir='ltr'><strong>senator</strong></span> <span class='ocrx_word' id='word_1_188' title='bbox 1446 3839 1602 3879; x_wconf 91' lang='lat' dir='ltr'><strong>nunc</strong></span> <span class='ocrx_word' id='word_1_189' title='bbox 1631 3823 1815 3895; x_wconf 89' lang='lat' dir='ltr'><strong>possi-</strong></span> 
     </span>
    </p>
   </div>
   <div class='ocr_carea' id='block_1_32' title="bbox 167 3913 1811 3995">
    <p class='ocr_par' dir='ltr' id='par_1_32' title="bbox 167 3913 1811 3995">
     <span class='ocr_line' id='line_1_32' title="bbox 167 3913 1811 3995; baseline -0.008 -16"><span class='ocrx_word' id='word_1_190' title='bbox 167 3924 280 3992; x_wconf 88' lang='lat' dir='ltr'><strong>det,</strong></span> <span class='ocrx_word' id='word_1_191' title='bbox 313 3921 532 3995; x_wconf 74' lang='lat' dir='ltr'><strong>saepius</strong></span> <span class='ocrx_word' id='word_1_192' title='bbox 584 3919 860 3987; x_wconf 84' lang='lat' dir='ltr'><strong>habebat,</strong></span> <span class='ocrx_word' id='word_1_193' title='bbox 893 3919 951 3972; x_wconf 91' lang='lat' dir='ltr'><strong>et</strong></span> <span class='ocrx_word' id='word_1_194' title='bbox 988 3915 1302 3971; x_wconf 87' lang='lat' dir='ltr'><strong>obsecrans</strong></span> <span class='ocrx_word' id='word_1_195' title='bbox 1355 3928 1457 3985; x_wconf 89' lang='lat' dir='ltr'><strong>per</strong></span> <span class='ocrx_word' id='word_1_196' title='bbox 1502 3913 1811 3984; x_wconf 80' lang='lat' dir='ltr'><strong>lacrymas,</strong></span> 
     </span>
    </p>
   </div>
   <div class='ocr_carea' id='block_1_33' title="bbox 169 4004 1814 4084">
    <p class='ocr_par' dir='ltr' id='par_1_33' title="bbox 169 4004 1814 4084">
     <span class='ocr_line' id='line_1_33' title="bbox 169 4004 1814 4084; baseline -0.008 -15"><span class='ocrx_word' id='word_1_197' title='bbox 169 4029 313 4084; x_wconf 89' lang='lat' dir='ltr'><strong>quas</strong></span> <span class='ocrx_word' id='word_1_198' title='bbox 371 4010 671 4067; x_wconf 87' lang='lat' dir='ltr'><strong>interdum</strong></span> <span class='ocrx_word' id='word_1_199' title='bbox 728 4007 788 4062; x_wconf 92' lang='lat' dir='ltr'><strong>in</strong></span> <span class='ocrx_word' id='word_1_200' title='bbox 837 4004 1030 4062; x_wconf 90' lang='lat' dir='ltr'><strong>medio</strong></span> <span class='ocrx_word' id='word_1_201' title='bbox 1089 4017 1356 4059; x_wconf 89' lang='lat' dir='ltr'><strong>sermone</strong></span> <span class='ocrx_word' id='word_1_202' title='bbox 1403 4017 1814 4074; x_wconf 87' lang='lat' dir='ltr'><strong>prorumpens,</strong></span> 
     </span>
    </p>
   </div>
   <div class='ocr_carea' id='block_1_34' title="bbox 170 4089 1816 4165">
    <p class='ocr_par' dir='ltr' id='par_1_34' title="bbox 170 4089 1816 4165">
     <span class='ocr_line' id='line_1_34' title="bbox 170 4089 1816 4165; baseline -0.008 -7"><span class='ocrx_word' id='word_1_203' title='bbox 170 4101 505 4158; x_wconf 82' lang='lat' dir='ltr'><strong>exundante</strong></span> <span class='ocrx_word' id='word_1_204' title='bbox 525 4095 716 4154; x_wconf 86' lang='lat' dir='ltr'><strong>sancti</strong></span> <span class='ocrx_word' id='word_1_205' title='bbox 739 4094 965 4151; x_wconf 90' lang='lat' dir='ltr'><strong>ardoris</strong></span> <span class='ocrx_word' id='word_1_206' title='bbox 986 4093 1231 4165; x_wconf 88' lang='lat' dir='ltr'><strong>impetu,</strong></span> <span class='ocrx_word' id='word_1_207' title='bbox 1253 4091 1656 4157; x_wconf 87' lang='lat' dir='ltr'><strong>emanabat,ut</strong></span> <span class='ocrx_word' id='word_1_208' title='bbox 1677 4089 1816 4145; x_wconf 91' lang='lat' dir='ltr'><strong>illuc</strong></span> 
     </span>
    </p>
   </div>
   <div class='ocr_carea' id='block_1_35' title="bbox 169 4177 1815 4259">
    <p class='ocr_par' dir='ltr' id='par_1_35' title="bbox 169 4177 1815 4259">
     <span class='ocr_line' id='line_1_35' title="bbox 169 4177 1815 4259; baseline -0.009 -13"><span class='ocrx_word' id='word_1_209' title='bbox 169 4191 329 4246; x_wconf 88' lang='lat' dir='ltr'><strong>omni</strong></span> <span class='ocrx_word' id='word_1_210' title='bbox 388 4188 587 4246; x_wconf 90' lang='lat' dir='ltr'><strong>studio</strong></span> <span class='ocrx_word' id='word_1_211' title='bbox 631 4199 1037 4259; x_wconf 87' lang='lat' dir='ltr'><strong>properemus,</strong></span> <span class='ocrx_word' id='word_1_212' title='bbox 1067 4181 1221 4237; x_wconf 88' lang='lat' dir='ltr'><strong>viam</strong></span> <span class='ocrx_word' id='word_1_213' title='bbox 1279 4179 1501 4252; x_wconf 86' lang='lat' dir='ltr'><strong>regiam</strong></span> <span class='ocrx_word' id='word_1_214' title='bbox 1549 4177 1815 4234; x_wconf 90' lang='lat' dir='ltr'><strong>directim</strong></span> 
     </span>
    </p>
   </div>
   <div class='ocr_carea' id='block_1_36' title="bbox 169 4269 1816 4351">
    <p class='ocr_par' dir='ltr' id='par_1_36' title="bbox 169 4269 1816 4351">
     <span class='ocr_line' id='line_1_36' title="bbox 169 4269 1816 4351; baseline -0.009 -15"><span class='ocrx_word' id='word_1_215' title='bbox 169 4279 523 4351; x_wconf 83' lang='lat' dir='ltr'><strong>gradientes,</strong></span> <span class='ocrx_word' id='word_1_216' title='bbox 557 4279 897 4332; x_wconf 90' lang='lat' dir='ltr'><strong>sanctorum</strong></span> <span class='ocrx_word' id='word_1_217' title='bbox 939 4275 1179 4326; x_wconf 88' lang='lat' dir='ltr'><strong>Patrum</strong></span> <span class='ocrx_word' id='word_1_218' title='bbox 1211 4269 1473 4342; x_wconf 88' lang='lat' dir='ltr'><strong>vestigiis</strong></span> <span class='ocrx_word' id='word_1_219' title='bbox 1504 4269 1816 4324; x_wconf 89' lang='lat' dir='ltr'><strong>observan-</strong></span> 
     </span>
    </p>
   </div>
   <div class='ocr_carea' id='block_1_37' title="bbox 167 4357 1818 4431">
    <p class='ocr_par' dir='ltr' id='par_1_37' title="bbox 167 4357 1818 4431">
     <span class='ocr_line' id='line_1_37' title="bbox 167 4357 1818 4431; baseline -0.007 -9"><span class='ocrx_word' id='word_1_220' title='bbox 167 4367 395 4424; x_wconf 86' lang='lat' dir='ltr'><strong>tissime</strong></span> <span class='ocrx_word' id='word_1_221' title='bbox 413 4365 790 4431; x_wconf 74' lang='lat' dir='ltr'><strong>inhaarentes,</strong></span> <span class='ocrx_word' id='word_1_222' title='bbox 813 4366 876 4418; x_wconf 86' lang='lat' dir='ltr'><strong>ut</strong></span> <span class='ocrx_word' id='word_1_223' title='bbox 907 4359 1140 4417; x_wconf 89' lang='lat' dir='ltr'><strong>nullum</strong></span> <span class='ocrx_word' id='word_1_224' title='bbox 1169 4375 1410 4431; x_wconf 88' lang='lat' dir='ltr'><strong>prorsus</strong></span> <span class='ocrx_word' id='word_1_225' title='bbox 1433 4357 1491 4412; x_wconf 89' lang='lat' dir='ltr'><strong>in</strong></span> <span class='ocrx_word' id='word_1_226' title='bbox 1515 4357 1818 4413; x_wconf 90' lang='lat' dir='ltr'><strong>diverticu-</strong></span> 
     </span>
    </p>
   </div>
   <div class='ocr_carea' id='block_1_38' title="bbox 167 4445 1818 4527">
    <p class='ocr_par' dir='ltr' id='par_1_38' title="bbox 167 4445 1818 4527">
     <span class='ocr_line' id='line_1_38' title="bbox 167 4445 1818 4527; baseline -0.004 -18"><span class='ocrx_word' id='word_1_227' title='bbox 167 4453 550 4527; x_wconf 90' lang='lat' dir='ltr'><strong>lum,nullam</strong></span> <span class='ocrx_word' id='word_1_228' title='bbox 583 4453 643 4508; x_wconf 93' lang='lat' dir='ltr'><strong>in</strong></span> <span class='ocrx_word' id='word_1_229' title='bbox 666 4468 876 4508; x_wconf 90' lang='lat' dir='ltr'><strong>novam</strong></span> <span class='ocrx_word' id='word_1_230' title='bbox 899 4453 956 4506; x_wconf 90' lang='lat' dir='ltr'><strong>et</strong></span> <span class='ocrx_word' id='word_1_231' title='bbox 988 4448 1252 4505; x_wconf 85' lang='lat' dir='ltr'><strong>fallacem</strong></span> <span class='ocrx_word' id='word_1_232' title='bbox 1291 4447 1563 4502; x_wconf 88' lang='lat' dir='ltr'><strong>semitam</strong></span> <span class='ocrx_word' id='word_1_233' title='bbox 1587 4445 1818 4502; x_wconf 88' lang='lat' dir='ltr'><strong>desilia-</strong></span> 
     </span>
    </p>
   </div>
   <div class='ocr_carea' id='block_1_39' title="bbox 173 4535 1816 4614">
    <p class='ocr_par' dir='ltr' id='par_1_39' title="bbox 173 4535 1816 4614">
     <span class='ocr_line' id='line_1_39' title="bbox 173 4535 1816 4614; baseline -0.007 -14"><span class='ocrx_word' id='word_1_234' title='bbox 173 4559 325 4614; x_wconf 81' lang='lat' dir='ltr'><strong>mus,</strong></span> <span class='ocrx_word' id='word_1_235' title='bbox 357 4560 433 4600; x_wconf 91' lang='lat' dir='ltr'><strong>ne</strong></span> <span class='ocrx_word' id='word_1_236' title='bbox 461 4543 610 4598; x_wconf 87' lang='lat' dir='ltr'><strong>forte</strong></span> <span class='ocrx_word' id='word_1_237' title='bbox 655 4541 716 4596; x_wconf 90' lang='lat' dir='ltr'><strong>in</strong></span> <span class='ocrx_word' id='word_1_238' title='bbox 761 4540 1004 4612; x_wconf 90' lang='lat' dir='ltr'><strong>laqueos</strong></span> <span class='ocrx_word' id='word_1_239' title='bbox 1035 4542 1092 4593; x_wconf 91' lang='lat' dir='ltr'><strong>et</strong></span> <span class='ocrx_word' id='word_1_240' title='bbox 1139 4535 1418 4592; x_wconf 88' lang='lat' dir='ltr'><strong>scandala</strong></span> <span class='ocrx_word' id='word_1_241' title='bbox 1448 4535 1816 4603; x_wconf 89' lang='lat' dir='ltr'><strong>incidamus;</strong></span> 
     </span>
    </p>
   </div>
   <div class='ocr_carea' id='block_1_40' title="bbox 1935 2047 3586 2115">
    <p class='ocr_par' dir='ltr' id='par_1_40' title="bbox 1935 2047 3586 2115">
     <span class='ocr_line' id='line_1_40' title="bbox 1935 2047 3586 2115; baseline 0.001 -14"><span class='ocrx_word' id='word_1_242' title='bbox 1935 2063 2108 2102; x_wconf 90' lang='lat' dir='ltr'><strong>mus:</strong></span> <span class='ocrx_word' id='word_1_243' title='bbox 2149 2070 2169 2096; x_wconf 74' lang='grc' dir='ltr'>ι</span> <span class='ocrx_word' id='word_1_244' title='bbox 2205 2047 2487 2104; x_wconf 87' lang='lat' dir='ltr'><strong>Contritio</strong></span> <span class='ocrx_word' id='word_1_245' title='bbox 2535 2052 2592 2104; x_wconf 91' lang='lat' dir='ltr'><strong>et</strong></span> <span class='ocrx_word' id='word_1_246' title='bbox 2641 2047 2955 2103; x_wconf 85' lang='lat' dir='ltr'><strong>infelicitas</strong></span> <span class='ocrx_word' id='word_1_247' title='bbox 3002 2047 3062 2102; x_wconf 92' lang='lat' dir='ltr'><strong>in</strong></span> <span class='ocrx_word' id='word_1_248' title='bbox 3109 2047 3219 2103; x_wconf 90' lang='lat' dir='ltr'><strong>viis</strong></span> <span class='ocrx_word' id='word_1_249' title='bbox 3268 2062 3493 2115; x_wconf 90' lang='lat' dir='ltr'><strong>eorum,</strong></span> <span class='ocrx_word' id='word_1_250' title='bbox 3528 2051 3586 2103; x_wconf 89' lang='lat' dir='ltr'><strong>et</strong></span> 
     </span>
    </p>
   </div>
   <div class='ocr_carea' id='block_1_41' title="bbox 1929 2134 3583 2211">
    <p class='ocr_par' dir='ltr' id='par_1_41' title="bbox 1929 2134 3583 2211">
     <span class='ocr_line' id='line_1_41' title="bbox 1929 2134 3583 2211; baseline 0 -19"><span class='ocrx_word' id='word_1_251' title='bbox 1929 2135 2083 2192; x_wconf 88' lang='lat' dir='ltr'><strong>viam</strong></span> <span class='ocrx_word' id='word_1_252' title='bbox 2107 2137 2268 2209; x_wconf 85' lang='lat' dir='ltr'><strong>pacis</strong></span> <span class='ocrx_word' id='word_1_253' title='bbox 2290 2154 2405 2193; x_wconf 91' lang='lat' dir='ltr'><strong>non</strong></span> <span class='ocrx_word' id='word_1_254' title='bbox 2430 2141 2841 2211; x_wconf 87' lang='lat' dir='ltr'><strong>cognoverunt.</strong></span> <span class='ocrx_word' id='word_1_255' title='bbox 2876 2159 2905 2187; x_wconf 89' lang='lat'><strong>»</strong></span> <span class='ocrx_word' id='word_1_256' title='bbox 2947 2138 3087 2193; x_wconf 90' lang='lat' dir='ltr'><strong>Ecce</strong></span> <span class='ocrx_word' id='word_1_257' title='bbox 3119 2135 3464 2193; x_wconf 87' lang='lat' dir='ltr'><strong>scandalum</strong></span> <span class='ocrx_word' id='word_1_258' title='bbox 3493 2134 3583 2192; x_wconf 91' lang='lat' dir='ltr'><strong>vel</strong></span> 
     </span>
    </p>
   </div>
   <div class='ocr_carea' id='block_1_42' title="bbox 1929 2225 3584 2298">
    <p class='ocr_par' dir='ltr' id='par_1_42' title="bbox 1929 2225 3584 2298">
     <span class='ocr_line' id='line_1_42' title="bbox 1929 2225 3584 2298; baseline -0.001 -17"><span class='ocrx_word' id='word_1_259' title='bbox 1929 2226 2429 2297; x_wconf 71' lang='lat' dir='ltr'><strong>potiusjscandala</strong></span> <span class='ocrx_word' id='word_1_260' title='bbox 2454 2242 2684 2298; x_wconf 88' lang='lat' dir='ltr'><strong>;nempe</strong></span> <span class='ocrx_word' id='word_1_261' title='bbox 2707 2227 2976 2282; x_wconf 89' lang='lat' dir='ltr'><strong>contritio</strong></span> <span class='ocrx_word' id='word_1_262' title='bbox 2997 2229 3054 2282; x_wconf 88' lang='lat' dir='ltr'><strong>ct</strong></span> <span class='ocrx_word' id='word_1_263' title='bbox 3084 2225 3393 2283; x_wconf 87' lang='lat' dir='ltr'><strong>infelicitas</strong></span> <span class='ocrx_word' id='word_1_264' title='bbox 3423 2228 3584 2282; x_wconf 80' lang='lat' dir='ltr'><strong>aeter-</strong></span> 
     </span>
    </p>
   </div>
   <div class='ocr_carea' id='block_1_43' title="bbox 1929 2314 3581 2388">
    <p class='ocr_par' dir='ltr' id='par_1_43' title="bbox 1929 2314 3581 2388">
     <span class='ocr_line' id='line_1_43' title="bbox 1929 2314 3581 2388; baseline 0.001 -19"><span class='ocrx_word' id='word_1_265' title='bbox 1929 2331 2036 2382; x_wconf 89' lang='lat' dir='ltr'><strong>na;</strong></span> <span class='ocrx_word' id='word_1_266' title='bbox 2062 2331 2190 2388; x_wconf 68' lang='lat' dir='ltr'><strong>quae</strong></span> <span class='ocrx_word' id='word_1_267' title='bbox 2211 2321 2527 2371; x_wconf 89' lang='lat' dir='ltr'><strong>occurrunt</strong></span> <span class='ocrx_word' id='word_1_268' title='bbox 2548 2315 2608 2370; x_wconf 93' lang='lat' dir='ltr'><strong>in</strong></span> <span class='ocrx_word' id='word_1_269' title='bbox 2632 2315 2858 2371; x_wconf 85' lang='lat' dir='ltr'><strong>semitis</strong></span> <span class='ocrx_word' id='word_1_270' title='bbox 2880 2315 3287 2372; x_wconf 70' lang='lat' dir='ltr'><strong>haereticorum</strong></span> <span class='ocrx_word' id='word_1_271' title='bbox 3307 2314 3462 2369; x_wconf 86' lang='lat' dir='ltr'><strong>viam</strong></span> <span class='ocrx_word' id='word_1_272' title='bbox 3486 2331 3581 2386; x_wconf 87' lang='lat' dir='ltr'><strong>pa-</strong></span> 
     </span>
    </p>
   </div>
   <div class='ocr_carea' id='block_1_44' title="bbox 1929 2403 3582 2461">
    <p class='ocr_par' dir='ltr' id='par_1_44' title="bbox 1929 2403 3582 2461">
     <span class='ocr_line' id='line_1_44' title="bbox 1929 2403 3582 2461; baseline 0.002 -5"><span class='ocrx_word' id='word_1_273' title='bbox 1929 2403 2011 2458; x_wconf 89' lang='lat' dir='ltr'><strong>cis</strong></span> <span class='ocrx_word' id='word_1_274' title='bbox 2044 2404 2343 2460; x_wconf 71' lang='lat' dir='ltr'><strong>catholicae</strong></span> <span class='ocrx_word' id='word_1_275' title='bbox 2375 2421 2548 2461; x_wconf 91' lang='lat' dir='ltr'><strong>nosse</strong></span> <span class='ocrx_word' id='word_1_276' title='bbox 2578 2405 3006 2460; x_wconf 84' lang='lat' dir='ltr'><strong>recusantium.</strong></span> <span class='ocrx_word' id='word_1_277' title='bbox 3037 2407 3269 2460; x_wconf 84' lang='lat' dir='ltr'><strong>Avertat</strong></span> <span class='ocrx_word' id='word_1_278' title='bbox 3298 2403 3582 2460; x_wconf 89' lang='lat' dir='ltr'><strong>Dominus</strong></span> 
     </span>
    </p>
   </div>
   <div class='ocr_carea' id='block_1_45' title="bbox 1929 2493 3581 2564">
    <p class='ocr_par' dir='ltr' id='par_1_45' title="bbox 1929 2493 3581 2564">
     <span class='ocr_line' id='line_1_45' title="bbox 1929 2493 3581 2564; baseline 0.001 -16"><span class='ocrx_word' id='word_1_279' title='bbox 1929 2509 1963 2548; x_wconf 89' lang='lat' dir='ltr'><strong>a</strong></span> <span class='ocrx_word' id='word_1_280' title='bbox 1991 2496 2069 2560; x_wconf 88' lang='lat' dir='ltr'><strong>te,</strong></span> <span class='ocrx_word' id='word_1_281' title='bbox 2102 2498 2301 2549; x_wconf 84' lang='lat' dir='ltr'><strong>sancte</strong></span> <span class='ocrx_word' id='word_1_282' title='bbox 2335 2494 2531 2560; x_wconf 85' lang='lat' dir='ltr'><strong>frater,</strong></span> <span class='ocrx_word' id='word_1_283' title='bbox 2566 2494 2809 2551; x_wconf 90' lang='lat' dir='ltr'><strong>semitas</strong></span> <span class='ocrx_word' id='word_1_284' title='bbox 2854 2493 3020 2562; x_wconf 90' lang='lat' dir='ltr'><strong>tales,</strong></span> <span class='ocrx_word' id='word_1_285' title='bbox 3055 2497 3112 2548; x_wconf 89' lang='lat' dir='ltr'><strong>et</strong></span> <span class='ocrx_word' id='word_1_286' title='bbox 3151 2497 3450 2549; x_wconf 87' lang='lat' dir='ltr'><strong>convertat</strong></span> <span class='ocrx_word' id='word_1_287' title='bbox 3481 2509 3581 2564; x_wconf 90' lang='lat' dir='ltr'><strong>pe-</strong></span> 
     </span>
    </p>
   </div>
   <div class='ocr_carea' id='block_1_46' title="bbox 1929 2581 3583 2652">
    <p class='ocr_par' dir='ltr' id='par_1_46' title="bbox 1929 2581 3583 2652">
     <span class='ocr_line' id='line_1_46' title="bbox 1929 2581 3583 2652; baseline 0.001 -16"><span class='ocrx_word' id='word_1_288' title='bbox 1929 2581 2029 2637; x_wconf 89' lang='lat' dir='ltr'><strong>des</strong></span> <span class='ocrx_word' id='word_1_289' title='bbox 2061 2586 2194 2637; x_wconf 89' lang='lat' dir='ltr'><strong>tuos</strong></span> <span class='ocrx_word' id='word_1_290' title='bbox 2225 2583 2281 2637; x_wconf 90' lang='lat' dir='ltr'><strong>in</strong></span> <span class='ocrx_word' id='word_1_291' title='bbox 2316 2583 2657 2639; x_wconf 85' lang='lat' dir='ltr'><strong>testimonia</strong></span> <span class='ocrx_word' id='word_1_292' title='bbox 2688 2601 2832 2652; x_wconf 90' lang='lat' dir='ltr'><strong>sua;</strong></span> <span class='ocrx_word' id='word_1_293' title='bbox 2869 2587 2925 2638; x_wconf 85' lang='lat' dir='ltr'><strong>ct</strong></span> <span class='ocrx_word' id='word_1_294' title='bbox 2968 2584 3280 2639; x_wconf 89' lang='lat' dir='ltr'><strong>mendaces</strong></span> <span class='ocrx_word' id='word_1_295' title='bbox 3314 2583 3583 2638; x_wconf 88' lang='lat' dir='ltr'><strong>ostendat</strong></span> 
     </span>
    </p>
   </div>
   <div class='ocr_carea' id='block_1_47' title="bbox 1928 2670 3576 2741">
    <p class='ocr_par' dir='ltr' id='par_1_47' title="bbox 1928 2670 3576 2741">
     <span class='ocr_line' id='line_1_47' title="bbox 1928 2670 3576 2741; baseline 0.001 -17"><span class='ocrx_word' id='word_1_296' title='bbox 1928 2670 2029 2740; x_wconf 87' lang='lat' dir='ltr'><strong>qui</strong></span> <span class='ocrx_word' id='word_1_297' title='bbox 2054 2671 2270 2726; x_wconf 79' lang='lat' dir='ltr'><strong>famam</strong></span> <span class='ocrx_word' id='word_1_298' title='bbox 2293 2675 2457 2727; x_wconf 90' lang='lat' dir='ltr'><strong>tuam</strong></span> <span class='ocrx_word' id='word_1_299' title='bbox 2482 2677 2601 2728; x_wconf 90' lang='lat' dir='ltr'><strong>tam</strong></span> <span class='ocrx_word' id='word_1_300' title='bbox 2622 2673 2773 2727; x_wconf 82' lang='lat' dir='ltr'><strong>fceda</strong></span> <span class='ocrx_word' id='word_1_301' title='bbox 2806 2672 2936 2728; x_wconf 86' lang='lat' dir='ltr'><strong>labe</strong></span> <span class='ocrx_word' id='word_1_302' title='bbox 2958 2671 3253 2727; x_wconf 89' lang='lat' dir='ltr'><strong>maculare</strong></span> <span class='ocrx_word' id='word_1_303' title='bbox 3286 2672 3576 2741; x_wconf 89' lang='lat' dir='ltr'><strong>nituntur,</strong></span> 
     </span>
    </p>
   </div>
   <div class='ocr_carea' id='block_1_48' title="bbox 1925 2760 3574 2832">
    <p class='ocr_par' dir='ltr' id='par_1_48' title="bbox 1925 2760 3574 2832">
     <span class='ocr_line' id='line_1_48' title="bbox 1925 2760 3574 2832; baseline -0.001 -16"><span class='ocrx_word' id='word_1_304' title='bbox 1925 2763 2268 2830; x_wconf 81' lang='lat' dir='ltr'><strong>Spargentes</strong></span> <span class='ocrx_word' id='word_1_305' title='bbox 2320 2777 2762 2832; x_wconf 76' lang='lat' dir='ltr'><strong>usquequaque,</strong></span> <span class='ocrx_word' id='word_1_306' title='bbox 2809 2765 2873 2815; x_wconf 91' lang='lat' dir='ltr'><strong>ut</strong></span> <span class='ocrx_word' id='word_1_307' title='bbox 2912 2778 3027 2816; x_wconf 91' lang='lat' dir='ltr'><strong>non</strong></span> <span class='ocrx_word' id='word_1_308' title='bbox 3075 2760 3267 2816; x_wconf 88' lang='lat' dir='ltr'><strong>solum</strong></span> <span class='ocrx_word' id='word_1_309' title='bbox 3318 2760 3574 2828; x_wconf 90' lang='lat' dir='ltr'><strong>Latinas,</strong></span> 
     </span>
    </p>
   </div>
   <div class='ocr_carea' id='block_1_49' title="bbox 1923 2848 3576 2920">
    <p class='ocr_par' dir='ltr' id='par_1_49' title="bbox 1923 2848 3576 2920">
     <span class='ocr_line' id='line_1_49' title="bbox 1923 2848 3576 2920; baseline -0.001 -16"><span class='ocrx_word' id='word_1_310' title='bbox 1923 2863 2126 2904; x_wconf 89' lang='lat' dir='ltr'><strong>verum</strong></span> <span class='ocrx_word' id='word_1_311' title='bbox 2157 2848 2332 2904; x_wconf 89' lang='lat' dir='ltr'><strong>etiam</strong></span> <span class='ocrx_word' id='word_1_312' title='bbox 2367 2849 2714 2906; x_wconf 88' lang='lat' dir='ltr'><strong>Teutonicas</strong></span> <span class='ocrx_word' id='word_1_313' title='bbox 2765 2867 2956 2916; x_wconf 87' lang='lat' dir='ltr'><strong>aures,</strong></span> <span class='ocrx_word' id='word_1_314' title='bbox 2982 2851 3134 2905; x_wconf 89' lang='lat' dir='ltr'><strong>inter</strong></span> <span class='ocrx_word' id='word_1_315' title='bbox 3174 2865 3320 2920; x_wconf 89' lang='lat' dir='ltr'><strong>quas</strong></span> <span class='ocrx_word' id='word_1_316' title='bbox 3354 2848 3452 2904; x_wconf 93' lang='lat' dir='ltr'><strong>diu</strong></span> <span class='ocrx_word' id='word_1_317' title='bbox 3475 2864 3576 2920; x_wconf 90' lang='lat' dir='ltr'><strong>pe-</strong></span> 
     </span>
    </p>
   </div>
   <div class='ocr_carea' id='block_1_50' title="bbox 1927 2936 3576 3010">
    <p class='ocr_par' dir='ltr' id='par_1_50' title="bbox 1927 2936 3576 3010">
     <span class='ocr_line' id='line_1_50' title="bbox 1927 2936 3576 3010; baseline 0.002 -19"><span class='ocrx_word' id='word_1_318' title='bbox 1927 2936 2760 3010; x_wconf 88' lang='lat' dir='ltr'><strong>regrinor,repleverint,quasi</strong></span> <span class='ocrx_word' id='word_1_319' title='bbox 2782 2943 2838 2994; x_wconf 89' lang='lat' dir='ltr'><strong>te</strong></span> <span class='ocrx_word' id='word_1_320' title='bbox 2863 2940 2934 2995; x_wconf 90' lang='lat' dir='ltr'><strong>ab</strong></span> <span class='ocrx_word' id='word_1_321' title='bbox 2957 2939 3179 2994; x_wconf 86' lang='lat' dir='ltr'><strong>unitate</strong></span> <span class='ocrx_word' id='word_1_322' title='bbox 3213 2941 3428 2994; x_wconf 82' lang='lat' dir='ltr'><strong>sanctae</strong></span> <span class='ocrx_word' id='word_1_323' title='bbox 3451 2953 3576 2994; x_wconf 90' lang='lat' dir='ltr'><strong>ma-</strong></span> 
     </span>
    </p>
   </div>
   <div class='ocr_carea' id='block_1_51' title="bbox 1925 3025 3576 3100">
    <p class='ocr_par' dir='ltr' id='par_1_51' title="bbox 1925 3025 3576 3100">
     <span class='ocr_line' id='line_1_51' title="bbox 1925 3025 3576 3100; baseline 0.001 -20"><span class='ocrx_word' id='word_1_324' title='bbox 1925 3025 2034 3080; x_wconf 89' lang='lat' dir='ltr'><strong>tris</strong></span> <span class='ocrx_word' id='word_1_325' title='bbox 2055 3025 2322 3082; x_wconf 78' lang='lat' dir='ltr'><strong>Ecclesiae</strong></span> <span class='ocrx_word' id='word_1_326' title='bbox 2356 3027 2688 3094; x_wconf 89' lang='lat' dir='ltr'><strong>divulseris,</strong></span> <span class='ocrx_word' id='word_1_327' title='bbox 2721 3032 2777 3083; x_wconf 90' lang='lat' dir='ltr'><strong>ct</strong></span> <span class='ocrx_word' id='word_1_328' title='bbox 2814 3029 2884 3083; x_wconf 90' lang='lat' dir='ltr'><strong>de</strong></span> <span class='ocrx_word' id='word_1_329' title='bbox 2934 3043 3172 3100; x_wconf 89' lang='lat' dir='ltr'><strong>corpore</strong></span> <span class='ocrx_word' id='word_1_330' title='bbox 3203 3032 3259 3083; x_wconf 87' lang='lat' dir='ltr'><strong>et</strong></span> <span class='ocrx_word' id='word_1_331' title='bbox 3290 3027 3576 3100; x_wconf 90' lang='lat' dir='ltr'><strong>sanguine</strong></span> 
     </span>
    </p>
   </div>
   <div class='ocr_carea' id='block_1_52' title="bbox 1925 3115 3574 3188">
    <p class='ocr_par' dir='ltr' id='par_1_52' title="bbox 1925 3115 3574 3188">
     <span class='ocr_line' id='line_1_52' title="bbox 1925 3115 3574 3188; baseline 0.002 -19"><span class='ocrx_word' id='word_1_332' title='bbox 1925 3115 2178 3182; x_wconf 91' lang='lat' dir='ltr'><strong>Domini,</strong></span> <span class='ocrx_word' id='word_1_333' title='bbox 2209 3116 2364 3186; x_wconf 90' lang='lat' dir='ltr'><strong>quod</strong></span> <span class='ocrx_word' id='word_1_334' title='bbox 2382 3116 2643 3187; x_wconf 91' lang='lat' dir='ltr'><strong>quotidie</strong></span> <span class='ocrx_word' id='word_1_335' title='bbox 2666 3116 2724 3172; x_wconf 90' lang='lat' dir='ltr'><strong>in</strong></span> <span class='ocrx_word' id='word_1_336' title='bbox 2749 3118 3020 3173; x_wconf 85' lang='lat' dir='ltr'><strong>universa</strong></span> <span class='ocrx_word' id='word_1_337' title='bbox 3055 3121 3207 3174; x_wconf 86' lang='lat' dir='ltr'><strong>terra</strong></span> <span class='ocrx_word' id='word_1_338' title='bbox 3231 3133 3409 3188; x_wconf 87' lang='lat' dir='ltr'><strong>super</strong></span> <span class='ocrx_word' id='word_1_339' title='bbox 3440 3133 3574 3172; x_wconf 89' lang='lat' dir='ltr'><strong>san-</strong></span> 
     </span>
    </p>
   </div>
   <div class='ocr_carea' id='block_1_53' title="bbox 1927 3203 3577 3279">
    <p class='ocr_par' dir='ltr' id='par_1_53' title="bbox 1927 3203 3577 3279">
     <span class='ocr_line' id='line_1_53' title="bbox 1927 3203 3577 3279; baseline 0.001 -20"><span class='ocrx_word' id='word_1_340' title='bbox 1927 3208 2086 3259; x_wconf 90' lang='lat' dir='ltr'><strong>ctum</strong></span> <span class='ocrx_word' id='word_1_341' title='bbox 2121 3203 2303 3260; x_wconf 89' lang='lat' dir='ltr'><strong>altare</strong></span> <span class='ocrx_word' id='word_1_342' title='bbox 2335 3205 2880 3274; x_wconf 87' lang='lat' dir='ltr'><strong>immolatur,aliter</strong></span> <span class='ocrx_word' id='word_1_343' title='bbox 2910 3223 3084 3279; x_wconf 91' lang='lat' dir='ltr'><strong>quam</strong></span> <span class='ocrx_word' id='word_1_344' title='bbox 3119 3207 3263 3261; x_wconf 75' lang='lat' dir='ltr'><strong>fides</strong></span> <span class='ocrx_word' id='word_1_345' title='bbox 3295 3205 3577 3262; x_wconf 87' lang='lat' dir='ltr'><strong>catholica</strong></span> 
     </span>
    </p>
   </div>
   <div class='ocr_carea' id='block_1_54' title="bbox 1926 3293 3575 3363">
    <p class='ocr_par' dir='ltr' id='par_1_54' title="bbox 1926 3293 3575 3363">
     <span class='ocr_line' id='line_1_54' title="bbox 1926 3293 3575 3363; baseline 0.001 -16"><span class='ocrx_word' id='word_1_346' title='bbox 1926 3296 2141 3359; x_wconf 87' lang='lat' dir='ltr'><strong>teneat,</strong></span> <span class='ocrx_word' id='word_1_347' title='bbox 2175 3293 2390 3350; x_wconf 89' lang='lat' dir='ltr'><strong>sentire</strong></span> <span class='ocrx_word' id='word_1_348' title='bbox 2419 3295 2670 3351; x_wconf 89' lang='lat' dir='ltr'><strong>videaris</strong></span> <span class='ocrx_word' id='word_1_349' title='bbox 2697 3311 2708 3350; x_wconf 92' lang='lat'>:</span> <span class='ocrx_word' id='word_1_350' title='bbox 2744 3295 2851 3352; x_wconf 93' lang='lat' dir='ltr'><strong>hoc</strong></span> <span class='ocrx_word' id='word_1_351' title='bbox 2881 3299 2988 3363; x_wconf 86' lang='lat' dir='ltr'><strong>est,</strong></span> <span class='ocrx_word' id='word_1_352' title='bbox 3042 3299 3108 3349; x_wconf 92' lang='lat' dir='ltr'><strong>ut</strong></span> <span class='ocrx_word' id='word_1_353' title='bbox 3152 3294 3385 3350; x_wconf 91' lang='lat' dir='ltr'><strong>illorum</strong></span> <span class='ocrx_word' id='word_1_354' title='bbox 3417 3294 3488 3348; x_wconf 94' lang='lat' dir='ltr'><strong>de</strong></span> <span class='ocrx_word' id='word_1_355' title='bbox 3517 3298 3575 3348; x_wconf 90' lang='lat' dir='ltr'><strong>te</strong></span> 
     </span>
    </p>
   </div>
   <div class='ocr_carea' id='block_1_55' title="bbox 1923 3381 3572 3455">
    <p class='ocr_par' dir='ltr' id='par_1_55' title="bbox 1923 3381 3572 3455">
     <span class='ocr_line' id='line_1_55' title="bbox 1923 3381 3572 3455; baseline 0 -19"><span class='ocrx_word' id='word_1_356' title='bbox 1923 3381 2097 3437; x_wconf 92' lang='lat' dir='ltr'><strong>dictis</strong></span> <span class='ocrx_word' id='word_1_357' title='bbox 2123 3385 2274 3450; x_wconf 87' lang='lat' dir='ltr'><strong>utar,</strong></span> <span class='ocrx_word' id='word_1_358' title='bbox 2308 3399 2424 3438; x_wconf 93' lang='lat' dir='ltr'><strong>non</strong></span> <span class='ocrx_word' id='word_1_359' title='bbox 2456 3398 2584 3440; x_wconf 75' lang='lat' dir='ltr'><strong>esse</strong></span> <span class='ocrx_word' id='word_1_360' title='bbox 2622 3400 2824 3439; x_wconf 88' lang='lat' dir='ltr'><strong>verum</strong></span> <span class='ocrx_word' id='word_1_361' title='bbox 2875 3400 3088 3455; x_wconf 91' lang='lat' dir='ltr'><strong>corpus</strong></span> <span class='ocrx_word' id='word_1_362' title='bbox 3137 3382 3354 3439; x_wconf 85' lang='lat' dir='ltr'><strong>Christi</strong></span> <span class='ocrx_word' id='word_1_363' title='bbox 3383 3396 3572 3452; x_wconf 87' lang='lat' dir='ltr'><strong>neque</strong></span> 
     </span>
    </p>
   </div>
   <div class='ocr_carea' id='block_1_56' title="bbox 1922 3469 3571 3544">
    <p class='ocr_par' dir='ltr' id='par_1_56' title="bbox 1922 3469 3571 3544">
     <span class='ocr_line' id='line_1_56' title="bbox 1922 3469 3571 3544; baseline -0.001 -18"><span class='ocrx_word' id='word_1_364' title='bbox 1922 3487 2126 3526; x_wconf 91' lang='lat' dir='ltr'><strong>verum</strong></span> <span class='ocrx_word' id='word_1_365' title='bbox 2159 3471 2530 3542; x_wconf 87' lang='lat' dir='ltr'><strong>sanguinem,</strong></span> <span class='ocrx_word' id='word_1_366' title='bbox 2565 3472 2665 3528; x_wconf 91' lang='lat' dir='ltr'><strong>sed</strong></span> <span class='ocrx_word' id='word_1_367' title='bbox 2689 3473 2939 3544; x_wconf 84' lang='lat' dir='ltr'><strong>ﬁguram</strong></span> <span class='ocrx_word' id='word_1_368' title='bbox 2971 3472 3289 3543; x_wconf 88' lang='lat' dir='ltr'><strong>quamdam</strong></span> <span class='ocrx_word' id='word_1_369' title='bbox 3313 3474 3370 3526; x_wconf 91' lang='lat' dir='ltr'><strong>et</strong></span> <span class='ocrx_word' id='word_1_370' title='bbox 3399 3469 3571 3526; x_wconf 92' lang='lat' dir='ltr'><strong>simi-</strong></span> 
     </span>
    </p>
   </div>
   <div class='ocr_carea' id='block_1_57' title="bbox 1921 3559 2273 3616">
    <p class='ocr_par' dir='ltr' id='par_1_57' title="bbox 1921 3559 2273 3616">
     <span class='ocr_line' id='line_1_57' title="bbox 1921 3559 2273 3616; baseline -0.003 -2"><span class='ocrx_word' id='word_1_371' title='bbox 1921 3559 2235 3616; x_wconf 81' lang='lat' dir='ltr'><strong>litudinem</strong></span> <span class='ocrx_word' id='word_1_372' title='bbox 2262 3559 2273 3613; x_wconf 88' lang='lat'><strong>!</strong></span> 
     </span>
    </p>
   </div>
   <div class='ocr_carea' id='block_1_58' title="bbox 1994 3647 3573 3718">
    <p class='ocr_par' dir='ltr' id='par_1_58' title="bbox 1994 3647 3573 3718">
     <span class='ocr_line' id='line_1_58' title="bbox 1994 3647 3573 3718; baseline 0 -15"><span class='ocrx_word' id='word_1_373' title='bbox 1994 3649 2124 3703; x_wconf 81' lang='lat' dir='ltr'><strong>Haec</strong></span> <span class='ocrx_word' id='word_1_374' title='bbox 2157 3651 2291 3703; x_wconf 90' lang='lat' dir='ltr'><strong>ante</strong></span> <span class='ocrx_word' id='word_1_375' title='bbox 2323 3648 2432 3704; x_wconf 92' lang='lat' dir='ltr'><strong>hoc</strong></span> <span class='ocrx_word' id='word_1_376' title='bbox 2463 3649 2767 3705; x_wconf 91' lang='lat' dir='ltr'><strong>biennium</strong></span> <span class='ocrx_word' id='word_1_377' title='bbox 2801 3667 2934 3706; x_wconf 90' lang='lat' dir='ltr'><strong>cum</strong></span> <span class='ocrx_word' id='word_1_378' title='bbox 2968 3647 3573 3718; x_wconf 86' lang='lat' dir='ltr'><strong>audissem,fraterni-</strong></span> 
     </span>
    </p>
   </div>
   <div class='ocr_carea' id='block_1_59' title="bbox 1920 3739 3574 3812">
    <p class='ocr_par' dir='ltr' id='par_1_59' title="bbox 1920 3739 3574 3812">
     <span class='ocr_line' id='line_1_59' title="bbox 1920 3739 3574 3812; baseline 0.001 -18"><span class='ocrx_word' id='word_1_379' title='bbox 1920 3741 2102 3794; x_wconf 83' lang='lat' dir='ltr'><strong>tatem</strong></span> <span class='ocrx_word' id='word_1_380' title='bbox 2159 3743 2324 3793; x_wconf 89' lang='lat' dir='ltr'><strong>tuam</strong></span> <span class='ocrx_word' id='word_1_381' title='bbox 2373 3756 2476 3811; x_wconf 93' lang='lat' dir='ltr'><strong>per</strong></span> <span class='ocrx_word' id='word_1_382' title='bbox 2531 3739 2840 3812; x_wconf 89' lang='lat' dir='ltr'><strong>epistolam</strong></span> <span class='ocrx_word' id='word_1_383' title='bbox 2893 3740 3219 3808; x_wconf 89' lang='lat' dir='ltr'><strong>convenire,</strong></span> <span class='ocrx_word' id='word_1_384' title='bbox 3268 3739 3446 3812; x_wconf 88' lang='lat' dir='ltr'><strong>idque</strong></span> <span class='ocrx_word' id='word_1_385' title='bbox 3503 3755 3574 3797; x_wconf 88' lang='lat' dir='ltr'><strong>ex</strong></span> 
     </span>
    </p>
   </div>
   <div class='ocr_carea' id='block_1_60' title="bbox 1919 3827 3574 3899">
    <p class='ocr_par' dir='ltr' id='par_1_60' title="bbox 1919 3827 3574 3899">
     <span class='ocr_line' id='line_1_60' title="bbox 1919 3827 3574 3899; baseline 0.001 -17"><span class='ocrx_word' id='word_1_386' title='bbox 1919 3828 2106 3899; x_wconf 90' lang='lat' dir='ltr'><strong>teipso</strong></span> <span class='ocrx_word' id='word_1_387' title='bbox 2148 3827 2361 3883; x_wconf 89' lang='lat' dir='ltr'><strong>certius</strong></span> <span class='ocrx_word' id='word_1_388' title='bbox 2419 3828 2841 3884; x_wconf 89' lang='lat' dir='ltr'><strong>sciscitandum</strong></span> <span class='ocrx_word' id='word_1_389' title='bbox 2903 3845 3033 3885; x_wconf 87' lang='lat' dir='ltr'><strong>esse</strong></span> <span class='ocrx_word' id='word_1_390' title='bbox 3090 3828 3337 3884; x_wconf 91' lang='lat' dir='ltr'><strong>decrevi.</strong></span> <span class='ocrx_word' id='word_1_391' title='bbox 3370 3828 3574 3884; x_wconf 89' lang='lat' dir='ltr'><strong>Sciens</strong></span> 
     </span>
    </p>
   </div>
   <div class='ocr_carea' id='block_1_61' title="bbox 1923 3915 3576 3988">
    <p class='ocr_par' dir='ltr' id='par_1_61' title="bbox 1923 3915 3576 3988">
     <span class='ocr_line' id='line_1_61' title="bbox 1923 3915 3576 3988; baseline -0.001 -16"><span class='ocrx_word' id='word_1_392' title='bbox 1923 3931 2095 3988; x_wconf 84' lang='lat' dir='ltr'><strong>porro</strong></span> <span class='ocrx_word' id='word_1_393' title='bbox 2129 3915 2473 3972; x_wconf 83' lang='lat' dir='ltr'><strong>familiarem</strong></span> <span class='ocrx_word' id='word_1_394' title='bbox 2499 3921 2668 3972; x_wconf 89' lang='lat' dir='ltr'><strong>tuum</strong></span> <span class='ocrx_word' id='word_1_395' title='bbox 2691 3917 2998 3973; x_wconf 90' lang='lat' dir='ltr'><strong>dominum</strong></span> <span class='ocrx_word' id='word_1_396' title='bbox 3021 3916 3576 3982; x_wconf 85' lang='lat' dir='ltr'><strong>Paulinum,Meten-</strong></span> 
     </span>
    </p>
   </div>
   <div class='ocr_carea' id='block_1_62' title="bbox 1926 4005 3576 4078">
    <p class='ocr_par' dir='ltr' id='par_1_62' title="bbox 1926 4005 3576 4078">
     <span class='ocr_line' id='line_1_62' title="bbox 1926 4005 3576 4078; baseline 0 -18"><span class='ocrx_word' id='word_1_397' title='bbox 1926 4019 2048 4061; x_wconf 89' lang='lat' dir='ltr'><strong>sem</strong></span> <span class='ocrx_word' id='word_1_398' title='bbox 2073 4005 2607 4076; x_wconf 87' lang='lat' dir='ltr'><strong>primicerium,tibi</strong></span> <span class='ocrx_word' id='word_1_399' title='bbox 2639 4006 2968 4078; x_wconf 89' lang='lat' dir='ltr'><strong>propiorem</strong></span> <span class='ocrx_word' id='word_1_400' title='bbox 2998 4007 3223 4078; x_wconf 88' lang='lat' dir='ltr'><strong>tibique</strong></span> <span class='ocrx_word' id='word_1_401' title='bbox 3273 4005 3576 4077; x_wconf 88' lang='lat' dir='ltr'><strong>aliquanto</strong></span> 
     </span>
    </p>
   </div>
   <div class='ocr_carea' id='block_1_63' title="bbox 1923 4093 3581 4168">
    <p class='ocr_par' dir='ltr' id='par_1_63' title="bbox 1923 4093 3581 4168">
     <span class='ocr_line' id='line_1_63' title="bbox 1923 4093 3581 4168; baseline 0.001 -20"><span class='ocrx_word' id='word_1_402' title='bbox 1923 4093 2264 4149; x_wconf 90' lang='lat' dir='ltr'><strong>viciniorem</strong></span> <span class='ocrx_word' id='word_1_403' title='bbox 2300 4109 2451 4160; x_wconf 91' lang='lat' dir='ltr'><strong>esse,</strong></span> <span class='ocrx_word' id='word_1_404' title='bbox 2483 4098 2539 4150; x_wconf 90' lang='lat' dir='ltr'><strong>et</strong></span> <span class='ocrx_word' id='word_1_405' title='bbox 2570 4111 2700 4151; x_wconf 89' lang='lat' dir='ltr'><strong>mea</strong></span> <span class='ocrx_word' id='word_1_406' title='bbox 2752 4095 3031 4168; x_wconf 89' lang='lat' dir='ltr'><strong>petitione</strong></span> <span class='ocrx_word' id='word_1_407' title='bbox 3063 4099 3121 4151; x_wconf 85' lang='lat' dir='ltr'><strong>et</strong></span> <span class='ocrx_word' id='word_1_408' title='bbox 3151 4112 3260 4150; x_wconf 89' lang='lat' dir='ltr'><strong>sua</strong></span> <span class='ocrx_word' id='word_1_409' title='bbox 3292 4093 3581 4167; x_wconf 88' lang='lat' dir='ltr'><strong>pollicita-</strong></span> 
     </span>
    </p>
   </div>
   <div class='ocr_carea' id='block_1_64' title="bbox 1928 4182 3584 4257">
    <p class='ocr_par' dir='ltr' id='par_1_64' title="bbox 1928 4182 3584 4257">
     <span class='ocr_line' id='line_1_64' title="bbox 1928 4182 3584 4257; baseline 0 -19"><span class='ocrx_word' id='word_1_410' title='bbox 1928 4183 2084 4238; x_wconf 90' lang='lat' dir='ltr'><strong>tione</strong></span> <span class='ocrx_word' id='word_1_411' title='bbox 2118 4182 2375 4255; x_wconf 87' lang='lat' dir='ltr'><strong>delegavi</strong></span> <span class='ocrx_word' id='word_1_412' title='bbox 2399 4182 2512 4238; x_wconf 90' lang='lat' dir='ltr'><strong>sibi</strong></span> <span class='ocrx_word' id='word_1_413' title='bbox 2551 4182 2730 4256; x_wconf 88' lang='lat' dir='ltr'><strong>hujus</strong></span> <span class='ocrx_word' id='word_1_414' title='bbox 2754 4185 2970 4257; x_wconf 88' lang='lat' dir='ltr'><strong>negotii</strong></span> <span class='ocrx_word' id='word_1_415' title='bbox 3020 4183 3479 4242; x_wconf 86' lang='lat' dir='ltr'><strong>exsecutionem.</strong></span> <span class='ocrx_word' id='word_1_416' title='bbox 3508 4185 3584 4238; x_wconf 81' lang='lat' dir='ltr'><strong>At</strong></span> 
     </span>
    </p>
   </div>
   <div class='ocr_carea' id='block_1_65' title="bbox 1926 4270 3581 4347">
    <p class='ocr_par' dir='ltr' id='par_1_65' title="bbox 1926 4270 3581 4347">
     <span class='ocr_line' id='line_1_65' title="bbox 1926 4270 3581 4347; baseline 0.001 -21"><span class='ocrx_word' id='word_1_417' title='bbox 1926 4270 2024 4326; x_wconf 91' lang='lat' dir='ltr'><strong>ille</strong></span> <span class='ocrx_word' id='word_1_418' title='bbox 2054 4271 2191 4342; x_wconf 93' lang='lat' dir='ltr'><strong>(non</strong></span> <span class='ocrx_word' id='word_1_419' title='bbox 2225 4272 2380 4326; x_wconf 90' lang='lat' dir='ltr'><strong>enim</strong></span> <span class='ocrx_word' id='word_1_420' title='bbox 2414 4271 2472 4326; x_wconf 90' lang='lat' dir='ltr'><strong>in</strong></span> <span class='ocrx_word' id='word_1_421' title='bbox 2505 4271 2615 4327; x_wconf 88' lang='lat' dir='ltr'><strong>hac</strong></span> <span class='ocrx_word' id='word_1_422' title='bbox 2646 4289 2706 4328; x_wconf 92' lang='lat' dir='ltr'><strong>re</strong></span> <span class='ocrx_word' id='word_1_423' title='bbox 2737 4273 2978 4331; x_wconf 89' lang='lat' dir='ltr'><strong>laudare</strong></span> <span class='ocrx_word' id='word_1_424' title='bbox 3009 4291 3144 4330; x_wconf 91' lang='lat' dir='ltr'><strong>cum</strong></span> <span class='ocrx_word' id='word_1_425' title='bbox 3176 4273 3446 4347; x_wconf 90' lang='lat' dir='ltr'><strong>possum)</strong></span> <span class='ocrx_word' id='word_1_426' title='bbox 3478 4288 3581 4328; x_wconf 88' lang='lat' dir='ltr'><strong>ne-</strong></span> 
     </span>
    </p>
   </div>
   <div class='ocr_carea' id='block_1_66' title="bbox 1928 4358 3579 4434">
    <p class='ocr_par' dir='ltr' id='par_1_66' title="bbox 1928 4358 3579 4434">
     <span class='ocr_line' id='line_1_66' title="bbox 1928 4358 3579 4434; baseline 0.001 -20"><span class='ocrx_word' id='word_1_427' title='bbox 1928 4359 2155 4433; x_wconf 90' lang='lat' dir='ltr'><strong>gligens</strong></span> <span class='ocrx_word' id='word_1_428' title='bbox 2194 4360 2312 4416; x_wconf 92' lang='lat' dir='ltr'><strong>sive</strong></span> <span class='ocrx_word' id='word_1_429' title='bbox 2363 4358 2711 4418; x_wconf 89' lang='lat' dir='ltr'><strong>alterutrum</strong></span> <span class='ocrx_word' id='word_1_430' title='bbox 2763 4364 2883 4419; x_wconf 85' lang='lat' dir='ltr'><strong>sive</strong></span> <span class='ocrx_word' id='word_1_431' title='bbox 2935 4369 3253 4434; x_wconf 88' lang='lat' dir='ltr'><strong>utrumque</strong></span> <span class='ocrx_word' id='word_1_432' title='bbox 3286 4367 3579 4429; x_wconf 90' lang='lat' dir='ltr'><strong>nostrum,</strong></span> 
     </span>
    </p>
   </div>
   <div class='ocr_carea' id='block_1_67' title="bbox 1929 4448 3585 4524">
    <p class='ocr_par' dir='ltr' id='par_1_67' title="bbox 1929 4448 3585 4524">
     <span class='ocr_line' id='line_1_67' title="bbox 1929 4448 3585 4524; baseline 0 -20"><span class='ocrx_word' id='word_1_433' title='bbox 1929 4465 2118 4520; x_wconf 90' lang='lat' dir='ltr'><strong>usque</strong></span> <span class='ocrx_word' id='word_1_434' title='bbox 2155 4449 2345 4504; x_wconf 88' lang='lat' dir='ltr'><strong>adhuc</strong></span> <span class='ocrx_word' id='word_1_435' title='bbox 2391 4448 2627 4521; x_wconf 87' lang='lat' dir='ltr'><strong>reliquit</strong></span> <span class='ocrx_word' id='word_1_436' title='bbox 2675 4467 2769 4506; x_wconf 91' lang='lat' dir='ltr'><strong>me</strong></span> <span class='ocrx_word' id='word_1_437' title='bbox 2819 4468 3196 4524; x_wconf 89' lang='lat' dir='ltr'><strong>suspensum.</strong></span> <span class='ocrx_word' id='word_1_438' title='bbox 3232 4451 3344 4506; x_wconf 86' lang='lat' dir='ltr'><strong>Sed</strong></span> <span class='ocrx_word' id='word_1_439' title='bbox 3387 4449 3585 4505; x_wconf 89' lang='lat' dir='ltr'><strong>divina</strong></span> 
     </span>
    </p>
   </div>
   <div class='ocr_carea' id='block_1_68' title="bbox 1930 4538 3582 4612">
    <p class='ocr_par' dir='ltr' id='par_1_68' title="bbox 1930 4538 3582 4612">
     <span class='ocr_line' id='line_1_68' title="bbox 1930 4538 3582 4612; baseline -0.001 -19"><span class='ocrx_word' id='word_1_440' title='bbox 1930 4538 2119 4611; x_wconf 89' lang='lat' dir='ltr'><strong>gratia</strong></span> <span class='ocrx_word' id='word_1_441' title='bbox 2135 4555 2242 4594; x_wconf 89' lang='lat' dir='ltr'><strong>nos</strong></span> <span class='ocrx_word' id='word_1_442' title='bbox 2265 4555 2572 4610; x_wconf 89' lang='lat' dir='ltr'><strong>nunquam</strong></span> <span class='ocrx_word' id='word_1_443' title='bbox 2598 4539 2901 4612; x_wconf 86' lang='lat' dir='ltr'><strong>negligens</strong></span> <span class='ocrx_word' id='word_1_444' title='bbox 2920 4541 3220 4612; x_wconf 89' lang='lat' dir='ltr'><strong>inopinato</strong></span> <span class='ocrx_word' id='word_1_445' title='bbox 3242 4539 3388 4595; x_wconf 86' lang='lat' dir='ltr'><strong>mihi</strong></span> <span class='ocrx_word' id='word_1_446' title='bbox 3413 4538 3582 4592; x_wconf 91' lang='lat' dir='ltr'><strong>obtu-</strong></span> 
     </span>
    </p>
   </div>
   <div class='ocr_carea' id='block_1_69' title="bbox 174 4623 3586 4704">
    <p class='ocr_par' dir='ltr' id='par_1_69' title="bbox 174 4623 3586 4704">
     <span class='ocr_line' id='line_1_69' title="bbox 174 4623 3586 4704; baseline -0.002 -16"><span class='ocrx_word' id='word_1_447' title='bbox 174 4632 312 4704; x_wconf 89' lang='lat' dir='ltr'><strong>quia</strong></span> <span class='ocrx_word' id='word_1_448' title='bbox 340 4632 496 4688; x_wconf 90' lang='lat' dir='ltr'><strong>sicut</strong></span> <span class='ocrx_word' id='word_1_449' title='bbox 523 4631 602 4686; x_wconf 90' lang='lat' dir='ltr'><strong>ait</strong></span> <span class='ocrx_word' id='word_1_450' title='bbox 649 4628 990 4687; x_wconf 89' lang='lat' dir='ltr'><strong>Psalmista:</strong></span> <span class='ocrx_word' id='word_1_451' title='bbox 1026 4649 1055 4676; x_wconf 88' lang='lat'><strong>«</strong></span> <span class='ocrx_word' id='word_1_452' title='bbox 1087 4625 1261 4681; x_wconf 85' lang='lat' dir='ltr'><strong>Juxta</strong></span> <span class='ocrx_word' id='word_1_453' title='bbox 1314 4624 1426 4680; x_wconf 89' lang='lat' dir='ltr'><strong>iter</strong></span> <span class='ocrx_word' id='word_1_454' title='bbox 1476 4623 1820 4680; x_wconf 89' lang='lat' dir='ltr'><strong>scandalum</strong></span> <span class='ocrx_word' id='word_1_455' title='bbox 1864 4696 1897 4704; x_wconf 79' lang='lat'><strong>_</strong></span> <span class='ocrx_word' id='word_1_456' title='bbox 1932 4627 2004 4682; x_wconf 89' lang='lat' dir='ltr'><strong>lit</strong></span> <span class='ocrx_word' id='word_1_457' title='bbox 2033 4625 2246 4683; x_wconf 89' lang='lat' dir='ltr'><strong>melius</strong></span> <span class='ocrx_word' id='word_1_458' title='bbox 2270 4644 2448 4700; x_wconf 89' lang='lat' dir='ltr'><strong>quam</strong></span> <span class='ocrx_word' id='word_1_459' title='bbox 2473 4629 3062 4702; x_wconf 86' lang='lat' dir='ltr'><strong>optabam.0ptaham</strong></span> <span class='ocrx_word' id='word_1_460' title='bbox 3096 4632 3290 4684; x_wconf 85' lang='lat' dir='ltr'><strong>autem</strong></span> <span class='ocrx_word' id='word_1_461' title='bbox 3323 4625 3586 4682; x_wconf 91' lang='lat' dir='ltr'><strong>invenire</strong></span> 
     </span>
    </p>
   </div>
   <div class='ocr_carea' id='block_1_70' title="bbox 174 4718 1280 4793">
    <p class='ocr_par' dir='ltr' id='par_1_70' title="bbox 174 4718 1280 4793">
     <span class='ocr_line' id='line_1_70' title="bbox 174 4718 1280 4793; baseline -0.009 -14"><span class='ocrx_word' id='word_1_462' title='bbox 174 4725 498 4793; x_wconf 88' lang='lat' dir='ltr'><strong>posuerunt</strong></span> <span class='ocrx_word' id='word_1_463' title='bbox 544 4719 688 4775; x_wconf 89' lang='lat' dir='ltr'><strong>mihi</strong></span> <span class='ocrx_word' id='word_1_464' title='bbox 722 4718 895 4790; x_wconf 77' lang='lat' dir='ltr'><strong>(Psal.</strong></span> <span class='ocrx_word' id='word_1_465' title='bbox 955 4718 1198 4784; x_wconf 70' lang='lat' dir='ltr'><strong>cxxxxx).</strong></span> <span class='ocrx_word' id='word_1_466' title='bbox 1252 4735 1280 4764; x_wconf 83' lang='lat'>»</span> 
     </span>
    </p>
   </div>
   <div class='ocr_carea' id='block_1_71' title="bbox 170 4803 1823 4880">
    <p class='ocr_par' dir='ltr' id='par_1_71' title="bbox 170 4803 1823 4880">
     <span class='ocr_line' id='line_1_71' title="bbox 170 4803 1823 4880; baseline -0.006 -13"><span class='ocrx_word' id='word_1_467' title='bbox 170 4810 338 4880; x_wconf 83' lang='lat' dir='ltr'><strong>juxta</strong></span> <span class='ocrx_word' id='word_1_468' title='bbox 366 4810 498 4876; x_wconf 90' lang='lat' dir='ltr'><strong>iter,</strong></span> <span class='ocrx_word' id='word_1_469' title='bbox 532 4809 642 4864; x_wconf 90' lang='lat' dir='ltr'><strong>hoc</strong></span> <span class='ocrx_word' id='word_1_470' title='bbox 687 4812 778 4864; x_wconf 89' lang='lat' dir='ltr'><strong>est</strong></span> <span class='ocrx_word' id='word_1_471' title='bbox 824 4810 987 4862; x_wconf 85' lang='lat' dir='ltr'><strong>extra</strong></span> <span class='ocrx_word' id='word_1_472' title='bbox 1035 4806 1165 4861; x_wconf 91' lang='lat' dir='ltr'><strong>iter.</strong></span> <span class='ocrx_word' id='word_1_473' title='bbox 1197 4805 1278 4860; x_wconf 92' lang='lat' dir='ltr'><strong>De</strong></span> <span class='ocrx_word' id='word_1_474' title='bbox 1331 4803 1426 4859; x_wconf 89' lang='lat' dir='ltr'><strong>via</strong></span> <span class='ocrx_word' id='word_1_475' title='bbox 1455 4806 1652 4859; x_wconf 89' lang='lat' dir='ltr'><strong>autem</strong></span> <span class='ocrx_word' id='word_1_476' title='bbox 1684 4803 1823 4875; x_wconf 92' lang='lat' dir='ltr'><strong>quid</strong></span> 
     </span>
    </p>
   </div>
   <div class='ocr_carea' id='block_1_72' title="bbox 179 4892 1823 4968">
    <p class='ocr_par' dir='ltr' id='par_1_72' title="bbox 179 4892 1823 4968">
     <span class='ocr_line' id='line_1_72' title="bbox 179 4892 1823 4968; baseline -0.004 -16"><span class='ocrx_word' id='word_1_477' title='bbox 179 4898 364 4954; x_wconf 83' lang='lat' dir='ltr'><strong>dicit?</strong></span> <span class='ocrx_word' id='word_1_478' title='bbox 399 4922 421 4948; x_wconf 77' lang='grc' dir='ltr'>ι</span> <span class='ocrx_word' id='word_1_479' title='bbox 453 4897 568 4953; x_wconf 85' lang='lat' dir='ltr'><strong>Pax</strong></span> <span class='ocrx_word' id='word_1_480' title='bbox 587 4897 775 4952; x_wconf 90' lang='lat' dir='ltr'><strong>multa</strong></span> <span class='ocrx_word' id='word_1_481' title='bbox 795 4894 1178 4968; x_wconf 88' lang='lat' dir='ltr'><strong>diligentibus</strong></span> <span class='ocrx_word' id='word_1_482' title='bbox 1197 4892 1386 4965; x_wconf 90' lang='lat' dir='ltr'><strong>legem</strong></span> <span class='ocrx_word' id='word_1_483' title='bbox 1409 4896 1595 4960; x_wconf 86' lang='lat' dir='ltr'><strong>tuam,</strong></span> <span class='ocrx_word' id='word_1_484' title='bbox 1623 4897 1679 4947; x_wconf 91' lang='lat' dir='ltr'><strong>et</strong></span> <span class='ocrx_word' id='word_1_485' title='bbox 1709 4909 1823 4947; x_wconf 91' lang='lat' dir='ltr'><strong>non</strong></span> 
     </span>
    </p>
   </div>
   <div class='ocr_carea' id='block_1_73' title="bbox 179 4981 1829 5055">
    <p class='ocr_par' dir='ltr' id='par_1_73' title="bbox 179 4981 1829 5055">
     <span class='ocr_line' id='line_1_73' title="bbox 179 4981 1829 5055; baseline -0.003 -13"><span class='ocrx_word' id='word_1_486' title='bbox 179 4991 268 5043; x_wconf 86' lang='lat' dir='ltr'><strong>est</strong></span> <span class='ocrx_word' id='word_1_487' title='bbox 295 4986 416 5043; x_wconf 90' lang='lat' dir='ltr'><strong>illis</strong></span> <span class='ocrx_word' id='word_1_488' title='bbox 465 4985 810 5043; x_wconf 90' lang='lat' dir='ltr'><strong>scandalum</strong></span> <span class='ocrx_word' id='word_1_489' title='bbox 857 4984 1029 5055; x_wconf 86' lang='lat' dir='ltr'><strong>(Psal.</strong></span> <span class='ocrx_word' id='word_1_490' title='bbox 1089 4983 1304 5053; x_wconf 84' lang='lat' dir='ltr'><strong>cxvm).</strong></span> <span class='ocrx_word' id='word_1_491' title='bbox 1338 5004 1365 5031; x_wconf 84' lang='lat'>»</span> <span class='ocrx_word' id='word_1_492' title='bbox 1423 4982 1494 5036; x_wconf 89' lang='lat' dir='ltr'><strong>Et</strong></span> <span class='ocrx_word' id='word_1_493' title='bbox 1549 4981 1691 5052; x_wconf 91' lang='lat' dir='ltr'><strong>quid</strong></span> <span class='ocrx_word' id='word_1_494' title='bbox 1741 4986 1829 5037; x_wconf 91' lang='lat' dir='ltr'><strong>est</strong></span> 
     </span>
    </p>
   </div>
   <div class='ocr_carea' id='block_1_74' title="bbox 178 5069 1827 5146">
    <p class='ocr_par' dir='ltr' id='par_1_74' title="bbox 178 5069 1827 5146">
     <span class='ocr_line' id='line_1_74' title="bbox 178 5069 1827 5146; baseline -0.001 -19"><span class='ocrx_word' id='word_1_495' title='bbox 178 5072 268 5129; x_wconf 84' lang='lat' dir='ltr'><strong>lex</strong></span> <span class='ocrx_word' id='word_1_496' title='bbox 285 5074 540 5146; x_wconf 91' lang='lat' dir='ltr'><strong>Domini,</strong></span> <span class='ocrx_word' id='word_1_497' title='bbox 574 5075 690 5131; x_wconf 91' lang='lat' dir='ltr'><strong>nisi</strong></span> <span class='ocrx_word' id='word_1_498' title='bbox 726 5075 820 5130; x_wconf 90' lang='lat' dir='ltr'><strong>via</strong></span> <span class='ocrx_word' id='word_1_499' title='bbox 849 5071 1133 5130; x_wconf 83' lang='lat' dir='ltr'><strong>Domini?</strong></span> <span class='ocrx_word' id='word_1_500' title='bbox 1164 5070 1327 5126; x_wconf 92' lang='lat' dir='ltr'><strong>Sicut</strong></span> <span class='ocrx_word' id='word_1_501' title='bbox 1363 5070 1423 5125; x_wconf 92' lang='lat' dir='ltr'><strong>in</strong></span> <span class='ocrx_word' id='word_1_502' title='bbox 1457 5069 1568 5125; x_wconf 93' lang='lat' dir='ltr'><strong>alio</strong></span> <span class='ocrx_word' id='word_1_503' title='bbox 1599 5069 1827 5142; x_wconf 88' lang='lat' dir='ltr'><strong>psalmo</strong></span> 
     </span>
    </p>
   </div>
   <div class='ocr_carea' id='block_1_75' title="bbox 181 5157 1827 5225">
    <p class='ocr_par' dir='ltr' id='par_1_75' title="bbox 181 5157 1827 5225">
     <span class='ocr_line' id='line_1_75' title="bbox 181 5157 1827 5225; baseline -0.003 -9"><span class='ocrx_word' id='word_1_504' title='bbox 181 5167 486 5219; x_wconf 88' lang='lat' dir='ltr'><strong>cantatur:</strong></span> <span class='ocrx_word' id='word_1_505' title='bbox 533 5185 562 5215; x_wconf 88' lang='grc'><strong>‹‹</strong></span> <span class='ocrx_word' id='word_1_506' title='bbox 609 5163 779 5220; x_wconf 87' lang='lat' dir='ltr'><strong>Viam</strong></span> <span class='ocrx_word' id='word_1_507' title='bbox 826 5162 1237 5218; x_wconf 88' lang='lat' dir='ltr'><strong>mandatorum</strong></span> <span class='ocrx_word' id='word_1_508' title='bbox 1288 5164 1526 5213; x_wconf 88' lang='lat' dir='ltr'><strong>tuorum</strong></span> <span class='ocrx_word' id='word_1_509' title='bbox 1574 5157 1827 5225; x_wconf 90' lang='lat' dir='ltr'><strong>cucurri,</strong></span> 
     </span>
    </p>
   </div>
   <div class='ocr_carea' id='block_1_76' title="bbox 182 5237 1826 5319">
    <p class='ocr_par' dir='ltr' id='par_1_76' title="bbox 182 5237 1826 5319">
     <span class='ocr_line' id='line_1_76' title="bbox 182 5237 1826 5319; baseline 0 -15"><span class='ocrx_word' id='word_1_510' title='bbox 182 5263 314 5306; x_wconf 89' lang='lat' dir='ltr'><strong>cum</strong></span> <span class='ocrx_word' id='word_1_511' title='bbox 347 5237 608 5310; x_wconf 85' lang='lat' dir='ltr'><strong>dilatasti</strong></span> <span class='ocrx_word' id='word_1_512' title='bbox 659 5267 758 5308; x_wconf 92' lang='lat' dir='ltr'><strong>cor</strong></span> <span class='ocrx_word' id='word_1_513' title='bbox 800 5267 998 5308; x_wconf 89' lang='lat' dir='ltr'><strong>meum</strong></span> <span class='ocrx_word' id='word_1_514' title='bbox 1049 5248 1251 5319; x_wconf 81' lang='lat' dir='ltr'><strong>(Ibid.).</strong></span> <span class='ocrx_word' id='word_1_515' title='bbox 1309 5270 1328 5296; x_wconf 73' lang='grc' dir='ltr'>ι</span> <span class='ocrx_word' id='word_1_516' title='bbox 1387 5247 1536 5318; x_wconf 90' lang='lat' dir='ltr'><strong>Ergo</strong></span> <span class='ocrx_word' id='word_1_517' title='bbox 1592 5247 1652 5301; x_wconf 92' lang='lat' dir='ltr'><strong>in</strong></span> <span class='ocrx_word' id='word_1_518' title='bbox 1711 5247 1826 5318; x_wconf 89' lang='lat' dir='ltr'><strong>via,</strong></span> 
     </span>
    </p>
   </div>
   <div class='ocr_carea' id='block_1_77' title="bbox 182 5334 1831 5410">
    <p class='ocr_par' dir='ltr' id='par_1_77' title="bbox 182 5334 1831 5410">
     <span class='ocr_line' id='line_1_77' title="bbox 182 5334 1831 5410; baseline -0.003 -15"><span class='ocrx_word' id='word_1_519' title='bbox 182 5353 321 5410; x_wconf 86' lang='lat' dir='ltr'><strong>pax;</strong></span> <span class='ocrx_word' id='word_1_520' title='bbox 355 5344 521 5397; x_wconf 86' lang='lat' dir='ltr'><strong>extra</strong></span> <span class='ocrx_word' id='word_1_521' title='bbox 549 5338 1234 5410; x_wconf 87' lang='lat' dir='ltr'><strong>viam,scandalum.Hoc</strong></span> <span class='ocrx_word' id='word_1_522' title='bbox 1269 5334 1614 5389; x_wconf 88' lang='lat' dir='ltr'><strong>scandalum</strong></span> <span class='ocrx_word' id='word_1_523' title='bbox 1639 5335 1831 5390; x_wconf 90' lang='lat' dir='ltr'><strong>incur-</strong></span> 
     </span>
    </p>
   </div>
   <div class='ocr_carea' id='block_1_78' title="bbox 183 5423 1830 5502">
    <p class='ocr_par' dir='ltr' id='par_1_78' title="bbox 183 5423 1830 5502">
     <span class='ocr_line' id='line_1_78' title="bbox 183 5423 1830 5502; baseline 0 -22"><span class='ocrx_word' id='word_1_524' title='bbox 183 5431 320 5484; x_wconf 90' lang='lat' dir='ltr'><strong>runt</strong></span> <span class='ocrx_word' id='word_1_525' title='bbox 348 5429 473 5500; x_wconf 92' lang='lat' dir='ltr'><strong>qui,</strong></span> <span class='ocrx_word' id='word_1_526' title='bbox 505 5447 609 5502; x_wconf 89' lang='lat' dir='ltr'><strong>per</strong></span> <span class='ocrx_word' id='word_1_527' title='bbox 637 5429 889 5486; x_wconf 66' lang='lat' dir='ltr'><strong>hmreses</strong></span> <span class='ocrx_word' id='word_1_528' title='bbox 919 5432 979 5484; x_wconf 89' lang='lat' dir='ltr'><strong>et</strong></span> <span class='ocrx_word' id='word_1_529' title='bbox 1024 5424 1348 5481; x_wconf 89' lang='lat' dir='ltr'><strong>schismata</strong></span> <span class='ocrx_word' id='word_1_530' title='bbox 1377 5423 1695 5491; x_wconf 87' lang='lat' dir='ltr'><strong>deviantes,</strong></span> <span class='ocrx_word' id='word_1_531' title='bbox 1728 5441 1830 5495; x_wconf 84' lang='lat' dir='ltr'><strong>pa-</strong></span> 
     </span>
    </p>
   </div>
   <div class='ocr_carea' id='block_1_79' title="bbox 185 5511 1827 5592">
    <p class='ocr_par' dir='ltr' id='par_1_79' title="bbox 185 5511 1827 5592">
     <span class='ocr_line' id='line_1_79' title="bbox 185 5511 1827 5592; baseline -0.001 -22"><span class='ocrx_word' id='word_1_532' title='bbox 185 5531 308 5572; x_wconf 91' lang='lat' dir='ltr'><strong>cem</strong></span> <span class='ocrx_word' id='word_1_533' title='bbox 339 5517 688 5574; x_wconf 84' lang='lat' dir='ltr'><strong>catholicam</strong></span> <span class='ocrx_word' id='word_1_534' title='bbox 718 5519 920 5592; x_wconf 90' lang='lat' dir='ltr'><strong>impiis</strong></span> <span class='ocrx_word' id='word_1_535' title='bbox 955 5511 1428 5571; x_wconf 89' lang='lat' dir='ltr'><strong>contentionibus</strong></span> <span class='ocrx_word' id='word_1_536' title='bbox 1467 5511 1827 5568; x_wconf 89' lang='lat' dir='ltr'><strong>rescindunt.</strong></span> 
     </span>
    </p>
   </div>
   <div class='ocr_carea' id='block_1_80' title="bbox 252 5652 1841 5732">
    <p class='ocr_par' dir='ltr' id='par_1_80' title="bbox 252 5652 1841 5732">
     <span class='ocr_line' id='line_1_80' title="bbox 252 5652 1841 5732; baseline -0.003 -18"><span class='ocrx_word' id='word_1_537' title='bbox 252 5658 331 5732; x_wconf 90' lang='lat'><strong>(3)</strong></span> <span class='ocrx_word' id='word_1_538' title='bbox 363 5659 446 5717; x_wconf 89' lang='lat' dir='ltr'><strong>De</strong></span> <span class='ocrx_word' id='word_1_539' title='bbox 474 5660 744 5717; x_wconf 89' lang='lat' dir='ltr'><strong>Fulberto</strong></span> <span class='ocrx_word' id='word_1_540' title='bbox 802 5655 1144 5732; x_wconf 74' lang='lat' dir='ltr'><strong>Carnotensj</strong></span> <span class='ocrx_word' id='word_1_541' title='bbox 1193 5653 1463 5732; x_wconf 64' lang='lat' dir='ltr'><strong>episcopo</strong></span> <span class='ocrx_word' id='word_1_542' title='bbox 1503 5652 1841 5732; x_wconf 81' lang='lat' dir='ltr'><strong>eu_m_loqui.</strong></span> 
     </span>
    </p>
   </div>
   <div class='ocr_carea' id='block_1_81' title="bbox 187 5723 1830 5806">
    <p class='ocr_par' dir='ltr' id='par_1_81' title="bbox 187 5723 1830 5806">
     <span class='ocr_line' id='line_1_81' title="bbox 187 5723 1830 5806; baseline -0.001 -18"><span class='ocrx_word' id='word_1_543' title='bbox 187 5723 523 5806; x_wconf 52' lang='lat' dir='ltr'><strong>apparet,“</strong></span> <span class='ocrx_word' id='word_1_544' title='bbox 546 5747 613 5788; x_wconf 92' lang='lat' dir='ltr'><strong>eo</strong></span> <span class='ocrx_word' id='word_1_545' title='bbox 644 5733 800 5803; x_wconf 88' lang='lat' dir='ltr'><strong>quod</strong></span> <span class='ocrx_word' id='word_1_546' title='bbox 832 5728 1009 5805; x_wconf 90' lang='lat' dir='ltr'><strong>paulo</strong></span> <span class='ocrx_word' id='word_1_547' title='bbox 1039 5726 1194 5785; x_wconf 86' lang='lat' dir='ltr'><strong>infra</strong></span> <span class='ocrx_word' id='word_1_548' title='bbox 1216 5723 1830 5786; x_wconf 33' lang='lat' dir='ltr'><strong>:ltPer’suavissimam</strong></span> 
     </span>
    </p>
   </div>
   <div class='ocr_carea' id='block_1_82' title="bbox 504 5853 1091 5946">
    <p class='ocr_par' dir='ltr' id='par_1_82' title="bbox 504 5853 1091 5946">
     <span class='ocr_line' id='line_1_82' title="bbox 504 5853 1091 5946; baseline -0.017 -17"><span class='ocrx_word' id='word_1_549' title='bbox 504 5859 770 5946; x_wconf 46' lang='lat' dir='ltr'><strong>Persen,</strong></span> <span class='ocrx_word' id='word_1_550' title='bbox 812 5853 1091 5946; x_wconf 73' lang='lat' dir='ltr'><strong>CXLIII.:</strong></span> 
     </span>
    </p>
   </div>
   <div class='ocr_carea' id='block_1_83' title="bbox 1338 4696 3584 4789">
    <p class='ocr_par' dir='ltr' id='par_1_83' title="bbox 1338 4696 3584 4789">
     <span class='ocr_line' id='line_1_83' title="bbox 1338 4696 3584 4789; baseline 0 -21"><span class='ocrx_word' id='word_1_551' title='bbox 1338 4714 1486 4769; x_wconf 90' lang='lat' dir='ltr'><strong>Nam</strong></span> <span class='ocrx_word' id='word_1_552' title='bbox 1538 4714 1694 4785; x_wconf 90' lang='lat' dir='ltr'><strong>quod</strong></span> <span class='ocrx_word' id='word_1_553' title='bbox 1737 4715 1826 4768; x_wconf 88' lang='lat' dir='ltr'><strong>est</strong></span> <span class='ocrx_word' id='word_1_554' title='bbox 1856 4696 1899 4764; x_wconf 69' lang='grc' dir='ltr'>α</span> <span class='ocrx_word' id='word_1_555' title='bbox 1937 4715 2238 4771; x_wconf 90' lang='lat' dir='ltr'><strong>hominem</strong></span> <span class='ocrx_word' id='word_1_556' title='bbox 2281 4717 2690 4789; x_wconf 88' lang='lat' dir='ltr'><strong>peregrinandi</strong></span> <span class='ocrx_word' id='word_1_557' title='bbox 2735 4735 2843 4774; x_wconf 89' lang='lat' dir='ltr'><strong>usu</strong></span> <span class='ocrx_word' id='word_1_558' title='bbox 2892 4718 3292 4783; x_wconf 78' lang='lat' dir='ltr'><strong>exercitatum,</strong></span> <span class='ocrx_word' id='word_1_559' title='bbox 3327 4714 3584 4787; x_wconf 88' lang='lat' dir='ltr'><strong>regionis</strong></span> 
     </span>
    </p>
   </div>
   <div class='ocr_carea' id='block_1_84' title="bbox 1936 4801 3589 4880">
    <p class='ocr_par' dir='ltr' id='par_1_84' title="bbox 1936 4801 3589 4880">
     <span class='ocr_line' id='line_1_84' title="bbox 1936 4801 3589 4880; baseline -0.002 -20"><span class='ocrx_word' id='word_1_560' title='bbox 1936 4808 1992 4860; x_wconf 89' lang='lat' dir='ltr'><strong>et</strong></span> <span class='ocrx_word' id='word_1_561' title='bbox 2022 4802 2235 4876; x_wconf 67' lang='lat' dir='ltr'><strong>linguae</strong></span> <span class='ocrx_word' id='word_1_562' title='bbox 2263 4806 2614 4860; x_wconf 86' lang='lat' dir='ltr'><strong>Francorum</strong></span> <span class='ocrx_word' id='word_1_563' title='bbox 2661 4823 2775 4862; x_wconf 90' lang='lat' dir='ltr'><strong>non</strong></span> <span class='ocrx_word' id='word_1_564' title='bbox 2817 4807 3087 4880; x_wconf 84' lang='lat' dir='ltr'><strong>ignarum</strong></span> <span class='ocrx_word' id='word_1_565' title='bbox 3116 4824 3128 4874; x_wconf 92' lang='lat'><strong>;</strong></span> <span class='ocrx_word' id='word_1_566' title='bbox 3162 4811 3218 4861; x_wconf 87' lang='lat' dir='ltr'><strong>et</strong></span> <span class='ocrx_word' id='word_1_567' title='bbox 3265 4820 3394 4860; x_wconf 89' lang='lat' dir='ltr'><strong>ecce</strong></span> <span class='ocrx_word' id='word_1_568' title='bbox 3425 4801 3589 4859; x_wconf 89' lang='lat' dir='ltr'><strong>stetit</strong></span> 
     </span>
    </p>
   </div>
   <div class='ocr_carea' id='block_1_85' title="bbox 1938 4893 3588 4964">
    <p class='ocr_par' dir='ltr' id='par_1_85' title="bbox 1938 4893 3588 4964">
     <span class='ocr_line' id='line_1_85' title="bbox 1938 4893 3588 4964; baseline 0 -15"><span class='ocrx_word' id='word_1_569' title='bbox 1938 4893 2081 4949; x_wconf 90' lang='lat' dir='ltr'><strong>mihi</strong></span> <span class='ocrx_word' id='word_1_570' title='bbox 2113 4909 2144 4948; x_wconf 89' lang='lat' dir='ltr'><strong>e</strong></span> <span class='ocrx_word' id='word_1_571' title='bbox 2175 4893 2353 4949; x_wconf 87' lang='lat' dir='ltr'><strong>latere</strong></span> <span class='ocrx_word' id='word_1_572' title='bbox 2387 4894 2563 4949; x_wconf 86' lang='lat' dir='ltr'><strong>frater</strong></span> <span class='ocrx_word' id='word_1_573' title='bbox 2611 4894 2720 4950; x_wconf 89' lang='lat' dir='ltr'><strong>iste</strong></span> <span class='ocrx_word' id='word_1_574' title='bbox 2751 4896 2842 4964; x_wconf 88' lang='lat' dir='ltr'><strong>G.,</strong></span> <span class='ocrx_word' id='word_1_575' title='bbox 2876 4913 2942 4952; x_wconf 81' lang='lat' dir='ltr'><strong>ex</strong></span> <span class='ocrx_word' id='word_1_576' title='bbox 2964 4900 3063 4952; x_wconf 88' lang='lat' dir='ltr'><strong>tuo</strong></span> <span class='ocrx_word' id='word_1_577' title='bbox 3107 4895 3344 4951; x_wconf 90' lang='lat' dir='ltr'><strong>nomine</strong></span> <span class='ocrx_word' id='word_1_578' title='bbox 3368 4909 3462 4948; x_wconf 90' lang='lat' dir='ltr'><strong>me</strong></span> <span class='ocrx_word' id='word_1_579' title='bbox 3493 4908 3588 4949; x_wconf 87' lang='lat' dir='ltr'><strong>sa-</strong></span> 
     </span>
    </p>
   </div>
   <div class='ocr_carea' id='block_1_86' title="bbox 1937 4981 3592 5056">
    <p class='ocr_par' dir='ltr' id='par_1_86' title="bbox 1937 4981 3592 5056">
     <span class='ocr_line' id='line_1_86' title="bbox 1937 4981 3592 5056; baseline 0 -19"><span class='ocrx_word' id='word_1_580' title='bbox 1937 4981 2153 5037; x_wconf 86' lang='lat' dir='ltr'><strong>lutans.</strong></span> <span class='ocrx_word' id='word_1_581' title='bbox 2187 4982 2473 5054; x_wconf 88' lang='lat' dir='ltr'><strong>Obstupui</strong></span> <span class='ocrx_word' id='word_1_582' title='bbox 2513 5000 2630 5054; x_wconf 81' lang='lat' dir='ltr'><strong>prae</strong></span> <span class='ocrx_word' id='word_1_583' title='bbox 2678 4985 2913 5056; x_wconf 88' lang='lat' dir='ltr'><strong>gaudio,</strong></span> <span class='ocrx_word' id='word_1_584' title='bbox 2948 4989 3002 5040; x_wconf 90' lang='lat' dir='ltr'><strong>et</strong></span> <span class='ocrx_word' id='word_1_585' title='bbox 3049 4990 3247 5041; x_wconf 88' lang='lat' dir='ltr'><strong>tamen</strong></span> <span class='ocrx_word' id='word_1_586' title='bbox 3279 5000 3394 5038; x_wconf 92' lang='lat' dir='ltr'><strong>non</strong></span> <span class='ocrx_word' id='word_1_587' title='bbox 3427 4981 3592 5056; x_wconf 90' lang='lat' dir='ltr'><strong>potui</strong></span> 
     </span>
    </p>
   </div>
   <div class='ocr_carea' id='block_1_87' title="bbox 1937 5071 3596 5147">
    <p class='ocr_par' dir='ltr' id='par_1_87' title="bbox 1937 5071 3596 5147">
     <span class='ocr_line' id='line_1_87' title="bbox 1937 5071 3596 5147; baseline 0 -21"><span class='ocrx_word' id='word_1_588' title='bbox 1937 5076 2058 5126; x_wconf 89' lang='lat' dir='ltr'><strong>tam</strong></span> <span class='ocrx_word' id='word_1_589' title='bbox 2083 5072 2386 5143; x_wconf 88' lang='lat' dir='ltr'><strong>repentino</strong></span> <span class='ocrx_word' id='word_1_590' title='bbox 2410 5072 2641 5128; x_wconf 87' lang='lat' dir='ltr'><strong>eventui</strong></span> <span class='ocrx_word' id='word_1_591' title='bbox 2662 5074 2835 5130; x_wconf 80' lang='lat' dir='ltr'><strong>fidem</strong></span> <span class='ocrx_word' id='word_1_592' title='bbox 2871 5075 3159 5147; x_wconf 82' lang='lat' dir='ltr'><strong>integram</strong></span> <span class='ocrx_word' id='word_1_593' title='bbox 3185 5075 3420 5140; x_wconf 86' lang='lat' dir='ltr'><strong>habere,</strong></span> <span class='ocrx_word' id='word_1_594' title='bbox 3455 5071 3596 5143; x_wconf 89' lang='lat' dir='ltr'><strong>quia</strong></span> 
     </span>
    </p>
   </div>
   <div class='ocr_carea' id='block_1_88' title="bbox 1939 5159 3601 5236">
    <p class='ocr_par' dir='ltr' id='par_1_88' title="bbox 1939 5159 3601 5236">
     <span class='ocr_line' id='line_1_88' title="bbox 1939 5159 3601 5236; baseline 0.001 -22"><span class='ocrx_word' id='word_1_595' title='bbox 1939 5161 2117 5216; x_wconf 86' lang='lat' dir='ltr'><strong>frater</strong></span> <span class='ocrx_word' id='word_1_596' title='bbox 2137 5161 2276 5215; x_wconf 88' lang='lat' dir='ltr'><strong>item</strong></span> <span class='ocrx_word' id='word_1_597' title='bbox 2297 5159 2526 5215; x_wconf 91' lang='lat' dir='ltr'><strong>nullum</strong></span> <span class='ocrx_word' id='word_1_598' title='bbox 2550 5163 2654 5217; x_wconf 91' lang='lat' dir='ltr'><strong>abs</strong></span> <span class='ocrx_word' id='word_1_599' title='bbox 2677 5167 2733 5218; x_wconf 87' lang='lat' dir='ltr'><strong>te</strong></span> <span class='ocrx_word' id='word_1_600' title='bbox 2776 5165 3011 5236; x_wconf 86' lang='lat' dir='ltr'><strong>signum</strong></span> <span class='ocrx_word' id='word_1_601' title='bbox 3038 5163 3454 5221; x_wconf 87' lang='lat' dir='ltr'><strong>litteratorium</strong></span> <span class='ocrx_word' id='word_1_602' title='bbox 3486 5160 3601 5231; x_wconf 81' lang='lat' dir='ltr'><strong>(uti</strong></span> 
     </span>
    </p>
   </div>
   <div class='ocr_carea' id='block_1_89' title="bbox 1940 5248 3593 5326">
    <p class='ocr_par' dir='ltr' id='par_1_89' title="bbox 1940 5248 3593 5326">
     <span class='ocr_line' id='line_1_89' title="bbox 1940 5248 3593 5326; baseline -0.002 -22"><span class='ocrx_word' id='word_1_603' title='bbox 1940 5265 2068 5306; x_wconf 88' lang='lat' dir='ltr'><strong>mos</strong></span> <span class='ocrx_word' id='word_1_604' title='bbox 2089 5253 2178 5304; x_wconf 85' lang='lat' dir='ltr'><strong>est</strong></span> <span class='ocrx_word' id='word_1_605' title='bbox 2197 5249 2350 5305; x_wconf 91' lang='lat' dir='ltr'><strong>inter</strong></span> <span class='ocrx_word' id='word_1_606' title='bbox 2370 5251 2590 5306; x_wconf 89' lang='lat' dir='ltr'><strong>amicos</strong></span> <span class='ocrx_word' id='word_1_607' title='bbox 2615 5255 2730 5307; x_wconf 87' lang='lat' dir='ltr'><strong>tam</strong></span> <span class='ocrx_word' id='word_1_608' title='bbox 2755 5253 2927 5326; x_wconf 88' lang='lat' dir='ltr'><strong>longe</strong></span> <span class='ocrx_word' id='word_1_609' title='bbox 2951 5259 3208 5311; x_wconf 88' lang='lat' dir='ltr'><strong>remotos</strong></span> <span class='ocrx_word' id='word_1_610' title='bbox 3228 5259 3468 5322; x_wconf 88' lang='lat' dir='ltr'><strong>tamque</strong></span> <span class='ocrx_word' id='word_1_611' title='bbox 3492 5248 3593 5302; x_wconf 89' lang='lat' dir='ltr'><strong>diu</strong></span> 
     </span>
    </p>
   </div>
   <div class='ocr_carea' id='block_1_90' title="bbox 1940 5335 3591 5416">
    <p class='ocr_par' dir='ltr' id='par_1_90' title="bbox 1940 5335 3591 5416">
     <span class='ocr_line' id='line_1_90' title="bbox 1940 5335 3591 5416; baseline -0.003 -24"><span class='ocrx_word' id='word_1_612' title='bbox 1940 5355 2056 5393; x_wconf 91' lang='lat' dir='ltr'><strong>non</strong></span> <span class='ocrx_word' id='word_1_613' title='bbox 2086 5337 2261 5409; x_wconf 89' lang='lat' dir='ltr'><strong>visos)</strong></span> <span class='ocrx_word' id='word_1_614' title='bbox 2295 5338 2608 5395; x_wconf 80' lang='lat' dir='ltr'><strong>atl&#39;erebat:</strong></span> <span class='ocrx_word' id='word_1_615' title='bbox 2639 5343 2795 5412; x_wconf 90' lang='lat' dir='ltr'><strong>quod</strong></span> <span class='ocrx_word' id='word_1_616' title='bbox 2824 5348 3021 5399; x_wconf 88' lang='lat' dir='ltr'><strong>tamen</strong></span> <span class='ocrx_word' id='word_1_617' title='bbox 3055 5344 3252 5416; x_wconf 90' lang='lat' dir='ltr'><strong>ipsum</strong></span> <span class='ocrx_word' id='word_1_618' title='bbox 3287 5337 3486 5395; x_wconf 88' lang='lat' dir='ltr'><strong>multis</strong></span> <span class='ocrx_word' id='word_1_619' title='bbox 3519 5335 3591 5389; x_wconf 90' lang='lat' dir='ltr'><strong>de</strong></span> 
     </span>
    </p>
   </div>
   <div class='ocr_carea' id='block_1_91' title="bbox 1941 5426 3593 5499">
    <p class='ocr_par' dir='ltr' id='par_1_91' title="bbox 1941 5426 3593 5499">
     <span class='ocr_line' id='line_1_91' title="bbox 1941 5426 3593 5499; baseline -0.002 -17"><span class='ocrx_word' id='word_1_620' title='bbox 1941 5426 2135 5482; x_wconf 88' lang='lat' dir='ltr'><strong>causis</strong></span> <span class='ocrx_word' id='word_1_621' title='bbox 2165 5426 2332 5482; x_wconf 89' lang='lat' dir='ltr'><strong>facile</strong></span> <span class='ocrx_word' id='word_1_622' title='bbox 2381 5430 2874 5499; x_wconf 86' lang='lat' dir='ltr'><strong>persuasibilibus</strong></span> <span class='ocrx_word' id='word_1_623' title='bbox 2932 5433 3266 5488; x_wconf 80' lang='lat' dir='ltr'><strong>excusabat.</strong></span> <span class='ocrx_word' id='word_1_624' title='bbox 3299 5428 3425 5485; x_wconf 89' lang='lat' dir='ltr'><strong>Sive</strong></span> <span class='ocrx_word' id='word_1_625' title='bbox 3455 5439 3593 5494; x_wconf 89' lang='lat' dir='ltr'><strong>ergo</strong></span> 
     </span>
    </p>
   </div>
   <div class='ocr_carea' id='block_1_92' title="bbox 1939 5511 3595 5594">
    <p class='ocr_par' dir='ltr' id='par_1_92' title="bbox 1939 5511 3595 5594">
     <span class='ocr_line' id='line_1_92' title="bbox 1939 5511 3595 5594; baseline -0.002 -23"><span class='ocrx_word' id='word_1_626' title='bbox 1939 5531 2093 5581; x_wconf 88' lang='lat' dir='ltr'><strong>vere,</strong></span> <span class='ocrx_word' id='word_1_627' title='bbox 2125 5514 2243 5570; x_wconf 88' lang='lat' dir='ltr'><strong>sive</strong></span> <span class='ocrx_word' id='word_1_628' title='bbox 2273 5513 2442 5570; x_wconf 89' lang='lat' dir='ltr'><strong>aliter</strong></span> <span class='ocrx_word' id='word_1_629' title='bbox 2491 5515 2599 5571; x_wconf 89' lang='lat' dir='ltr'><strong>hoc</strong></span> <span class='ocrx_word' id='word_1_630' title='bbox 2650 5521 2879 5592; x_wconf 88' lang='lat' dir='ltr'><strong>agebat,</strong></span> <span class='ocrx_word' id='word_1_631' title='bbox 2909 5537 3012 5594; x_wconf 91' lang='lat' dir='ltr'><strong>ego</strong></span> <span class='ocrx_word' id='word_1_632' title='bbox 3067 5535 3204 5574; x_wconf 91' lang='lat' dir='ltr'><strong>eum</strong></span> <span class='ocrx_word' id='word_1_633' title='bbox 3263 5535 3296 5573; x_wconf 91' lang='lat' dir='ltr'><strong>a</strong></span> <span class='ocrx_word' id='word_1_634' title='bbox 3347 5511 3595 5569; x_wconf 89' lang='lat' dir='ltr'><strong>Domino</strong></span> 
     </span>
    </p>
   </div>
   <div class='ocr_carea' id='block_1_93' title="bbox 1940 5652 3599 5786">
    <p class='ocr_par' dir='ltr' id='par_1_93' title="bbox 1940 5652 3599 5786">
     <span class='ocr_line' id='line_1_93' title="bbox 1940 5652 3599 5786; baseline -0.002 -73"><span class='ocrx_word' id='word_1_635' title='bbox 1940 5655 2287 5786; x_wconf 55' lang='lat' dir='ltr'><strong>{nemorizttn</strong></span> <span class='ocrx_word' id='word_1_636' title='bbox 2317 5655 2596 5729; x_wconf 88' lang='lat' dir='ltr'><strong>Fulberti,</strong></span> <span class='ocrx_word' id='word_1_637' title='bbox 2640 5660 2852 5735; x_wconf 87' lang='lat' dir='ltr'><strong>inquit,</strong></span> <span class='ocrx_word' id='word_1_638' title='bbox 2896 5675 3097 5735; x_wconf 89' lang='lat' dir='ltr'><strong>pacem</strong></span> <span class='ocrx_word' id='word_1_639' title='bbox 3130 5656 3479 5717; x_wconf 86' lang='lat' dir='ltr'><strong>catholicam</strong></span> <span class='ocrx_word' id='word_1_640' title='bbox 3508 5652 3599 5711; x_wconf 88' lang='lat' dir='ltr'><strong>di-</strong></span> 
     </span>
     <span class='ocr_line' id='line_1_94' title="bbox 1964 5744 2307 5786; baseline -0.003 -1"><span class='ocrx_word' id='word_1_641' title='bbox 1964 5744 2112 5786; x_wconf 72' lang='lat' dir='ltr'><strong>mas.</strong></span> <span class='ocrx_word' id='word_1_642' title='bbox 2143 5748 2171 5782; x_wconf 79' lang='lat' dir='ltr'><em>n</em></span> <span class='ocrx_word' id='word_1_643' title='bbox 2255 5744 2307 5786; x_wconf 89' lang='lat' dir='ltr'><strong>c.</strong></span> 
     </span>
    </p>
   </div>
   <div class='ocr_carea' id='block_1_94' title="bbox 1964 5744 2307 5805">
    <p class='ocr_par' dir='ltr' id='par_1_94' title="bbox 1964 5744 2307 5805">
     <span class='ocr_line' id='line_1_95' title="bbox 1964 5744 2307 5805; baseline 0 -20"><span class='ocrx_word' id='word_1_644' title='bbox 1964 5744 2112 5805; x_wconf 75' lang='lat' dir='ltr'><strong>lges,</strong></span> <span class='ocrx_word' id='word_1_645' title='bbox 2143 5748 2171 5782; x_wconf 72' lang='grc' dir='ltr'>υ</span> <span class='ocrx_word' id='word_1_646' title='bbox 2198 5744 2307 5786; x_wconf 78' lang='lat' dir='ltr'><strong>etc.</strong></span> 
     </span>
    </p>
   </div>
   <div class='ocr_carea' id='block_1_95' title="bbox 3198 5857 3276 5945">
    <p class='ocr_par' dir='ltr' id='par_1_95' title="bbox 3198 5857 3276 5945">
     <span class='ocr_line' id='line_1_96' title="bbox 3198 5857 3276 5945; baseline -0.013 0"><span class='ocrx_word' id='word_1_647' title='bbox 3198 5857 3276 5945; x_wconf 64' lang='lat' dir='ltr'><strong>t1</strong></span> 
     </span>
    </p>
   </div>
  </div>
