1989 3206
167 176 242 205 1291

671 172 899 203 ADELMANNI
921 170 1098 204 EPISCOPI
1119 173 1355 204 BBleENSIS.

1830 172 1932 203 1292

166 241 362 277 ριεωριιιιῑιὶιιω
378 238 449 266 mihi
466 247 529 266 esse
544 247 601 266 non
612 239 758 272 difﬁdens,
777 238 856 266 nolui
868 238 980 266 diutius
995 238 1024 272 Α
1037 241 1169 267 cantem:
1186 250 1199 264 ‹‹
1218 241 1276 275 Ego
1308 248 1374 267 sum
1391 239 1476 276 panis
1504 239 1590 267 vivus
1617 238 1674 275 qui
1698 238 1743 266 de
1762 238 1850 266 ccelo
1871 239 1932 266 de-

167 284 354 313 dissimulare
370 283 441 319 quin
457 283 518 319 ipse
533 285 630 310 mente
645 291 677 310 ac
697 283 802 319 spiritu
819 291 882 310 meo
898 286 981 318 (prie-

168 329 300 357 sentibus
315 327 420 355 litteris
434 329 574 362 tanquam
590 328 694 362 pennis
715 327 828 362 induto)
842 329 983 362 portanti

166 375 310 400 terrarum
327 371 420 407 spatia
431 370 814 404 transvolarem,obsecrans
830 379 880 406 per
896 371 982 398 mise-

167 416 322 444 ricordiam
338 415 398 447 Dei,
415 423 466 450 per
489 414 693 442 suavissimam
724 415 894 442 memoriam
919 414 983 442 Ful-

167 460 290 493 berti,ut
306 467 406 494 pacem
417 457 587 486 catholicam
599 458 810 494 diligas,neque
827 459 983 486 conturbes

168 503 378 540 rempublicam
386 502 554 530 Christiana:
562 503 685 530 civitatis
692 503 764 529 bene
770 502 960 537 compositam
967 511 983 529 ιι

169 547 328 583 majoribus
337 547 458 574 nostris:
469 555 519 582 pro
529 555 584 582 qua
594 549 634 573 tot
642 546 732 573 millia
740 549 900 582 martyrum
915 555 982 573 con-

168 594 212 619 tra
227 591 416 619 idololatrinm
430 593 458 618 et
469 598 590 626 regnum
603 591 708 617 diaboli
722 591 832 617 fortiter
842 593 984 617 certantes

168 635 431 671 triumphaverunt,
449 635 631 669 subindeque
654 634 747 661 sancti
763 635 894 661 doctores
910 634 985 661 bella

169 680 262 707 civilia
277 680 312 707 ab
328 679 471 706 haereticis
492 681 636 705 commota
655 678 791 705 salutaris
814 678 983 713 eloquentia:

169 724 341 752 ﬂuminibus
357 722 669 764 restinxcrunmtaque
679 730 743 749 eam
759 722 984 757 circumquaque

170 768 384 799 munierunt,ut
394 767 451 802 jam
465 775 556 794 novus
568 766 661 793 hostis
673 766 770 793 nullus
781 766 887 793 oboriri
898 768 986 801 queat

170 812 372 848 qui,adversus
383 818 446 838 eam
458 809 566 845 aliquid
578 810 744 841 nitens.uon
757 810 893 837 continuo
905 809 985 837 mille

166 855 273 892 jaculis
289 855 413 890 desuper
434 853 585 881 ruentibus
600 854 748 881 obruatur.
779 854 844 881 Ideo
873 853 984 881 confusi

169 902 239 928 sunt
253 907 354 927 omnes
369 900 397 925 ct
425 898 601 925 defecerunt.
619 897 671 924 Ubi
699 898 776 925 enim
793 900 862 925 sunt
890 897 984 925 Mani-

170 944 251 976 chzei,
263 943 312 971 ubi
328 942 450 969 Ariani?
465 943 595 974 Quonam
611 944 671 969 tota
683 941 732 969 illa
750 942 833 969 factio
850 942 984 977 perditis-

169 989 311 1016 simorum
322 987 429 1015 civium
440 986 530 1014 evasit
539 985 738 1021 7Computruit
748 986 835 1013 etiam
846 986 987 1013 memoria

170 1041 279 1060 eorum.
296 1033 332 1059 At
348 1039 412 1058 vero
427 1030 609 1063 Ambrosius,
636 1030 828 1065 Augustinus,
846 1030 985 1065 Hierony-

170 1086 246 1110 mus,
263 1079 291 1103 et
302 1075 349 1103 alii
365 1074 463 1111 plures
480 1075 637 1102 bestiarum
661 1074 762 1100 talium
788 1083 984 1109 oppressores,

170 1130 235 1148 cum
254 1121 389 1147 laudibus
404 1120 514 1150 vivunt,
537 1118 723 1153 quotidieque
747 1118 929 1153 splendidius
946 1119 985 1146 ef-

171 1166 337 1192 ﬂorescunt.
352 1164 463 1190 Bonum
484 1164 538 1195 est,
569 1163 664 1193 frater,
687 1162 770 1188 nobis
788 1163 914 1197 parvulis
931 1163 985 1189 sub

170 1209 292 1236 istorum
312 1208 418 1234 ducum
450 1206 541 1233 titulis
570 1205 747 1238 delitescere,
775 1214 900 1240 quorum
926 1209 984 1233 tam

170 1253 265 1280 valida
277 1255 394 1285 tamque
408 1249 563 1285 probabilis
575 1252 617 1276 est
629 1250 704 1284 apud
717 1250 928 1277 ecclesiasticus
940 1259 987 1277 au-

171 1306 216 1324 res
228 1296 384 1323 auctoritas
396 1296 562 1321 sanctarum
578 1294 716 1320 virtutum
739 1294 848 1328 fulgore
865 1295 986 1321 scelestis

170 1340 317 1376 sapientia:
332 1339 394 1366 lucc
414 1337 595 1373 przepollens,
614 1340 645 1364 ut
661 1340 792 1364 extremae
805 1339 867 1372 jam
884 1339 920 1365 sit
936 1339 985 1365 de-

170 1384 296 1415 mentia},
312 1383 354 1410 vel
372 1383 405 1409 de
418 1383 527 1409 ratione
540 1381 603 1408 lidei
616 1381 656 1408 vel
674 1382 709 1408 de
730 1382 830 1409 ordine
855 1385 929 1409 recte
944 1383 984 1409 vi—

170 1429 264 1463 vendi,
281 1429 323 1455 cis
335 1427 363 1453 in
375 1427 473 1461 aliquo
486 1426 633 1461 refragari.
652 1427 745 1457 Quare
756 1426 769 1452 ἒ)
781 1426 880 1453 Nonne
892 1427 984 1453 homi-

170 1481 220 1500 nes
236 1473 327 1504 erant,
343 1473 370 1498 et
396 1469 455 1497 falli
480 1470 514 1496 ab
539 1469 603 1496 aliis
628 1471 714 1504 atque
730 1470 784 1504 ipsi
802 1470 898 1497 fallere
914 1470 985 1498 alios

170 1516 315 1552 poterant?
325 1516 367 1541 lta
378 1514 455 1541 enim
467 1513 537 1540 dicit
547 1513 696 1548 Scriptura
710 1514 877 1549 vernx,quia
895 1525 905 1538 α
923 1523 984 1541 om~

169 1561 213 1588 nis
226 1560 311 1587 homo
341 1558 464 1585 mendax
481 1558 563 1591 (Psal.
581 1559 630 1591 χι).
651 1569 662 1580 η
689 1557 768 1585 Unde
792 1567 859 1593 ergo
879 1567 911 1585 eo
927 1558 985 1585 cul-

1000 918 1023 949 B

1037 283 1146 310 scendi.
1164 284 1192 311 Si
1205 284 1270 319 quis
1284 284 1508 312 manducaverit
1527 284 1565 312 de
1580 283 1640 312 hoc
1653 291 1758 319 pane,
1777 283 1871 310 vivet
1890 283 1931 310 in

1038 329 1196 355 internum:
1215 330 1243 355 et
1260 328 1344 363 panis
1359 337 1447 364 quem
1463 336 1517 364 ego
1538 328 1630 362 dabo,
1648 336 1729 355 caro
1757 335 1839 355 mea
1856 330 1927 360 est,

1037 379 1089 406 pro
1106 372 1207 398 mundi
1224 373 1283 399 vita
1303 373 1391 407 (Ιοαη.
1421 373 1472 407 v1).
1493 383 1507 396 ››
1529 372 1616 404 Dabo,
1635 372 1764 407 inquit,
1785 380 1856 399 non
1876 372 1930 399 ait

1037 415 1108 442 dedi.
1132 416 1252 448 Quando
1282 425 1349 451 ergo
1376 416 1463 452 ccepit
1492 416 1589 444 dare?
1615 416 1773 450 Quando,
1810 416 1931 452 pridie

1038 468 1123 493 quam
1136 462 1284 495 pateretur
1295 461 1406 496 accepit
1424 469 1544 497 panem,
1559 462 1590 488 et
1600 460 1740 488 elevatis
1753 460 1870 488 oculis
1891 461 1928 488 in

1038 503 1153 536 ccelum,
1168 504 1276 539 gratias
1288 512 1376 540 agens
1385 504 1546 537 benedixit,
1568 504 1676 540 fregit.
1695 505 1797 532 dedit
1816 505 1930 532 disci—

1038 547 1115 582 pulis
1131 548 1203 581 suis,
1229 548 1351 575 dicens:
1369 548 1499 584 Accipite
1524 550 1553 576 et
1580 549 1758 581 comedite,
1775 549 1845 576 hac
1873 552 1931 577 est

1038 599 1144 626 corpus
1160 592 1414 619 meum.Similiter
1424 595 1453 620 et
1466 592 1931 629 calicem.postquam.caena-

1039 634 1087 667 vit,
1105 635 1220 663 dicens:
1236 636 1363 672 Accipite
1383 639 1412 664 et
1423 637 1516 664 bibite
1537 645 1572 664 ex
1583 645 1618 665 eo
1629 645 1762 665 omnes.
1783 638 1850 665 Hic
1869 641 1931 666 est

1039 679 1111 706 calix
1127 679 1279 715 sanguinis
1295 680 1415 716 mei,qui
1432 689 1484 716 pro
1500 681 1585 708 vobis
1601 683 1631 708 et
1648 689 1707 717 pro
1727 682 1859 710 multis
1879 683 1931 710 ef-

1040 723 1211 750 t'undeturin
1226 724 1430 752 remissionem
1438 725 1759 761 peccatorum(Mauh.
1775 729 1892 761 xxvx).
1910 738 1925 752 ι

1040 767 1109 799 Quis
1124 767 1178 794 hoc
1190 767 1230 794 ita
1239 776 1302 795 esse
1313 777 1370 795 non
1380 769 1546 802 credit,nisi
1557 769 1609 804 qui
1623 771 1680 797 aut
1692 769 1838 798 Christo
1854 780 1928 799 non

1039 811 1139 844 credit,
1156 813 1206 838 aut
1220 811 1318 847 ipsum
1334 812 1388 839 hoc
1411 812 1521 840 dixisse
1543 821 1602 841 non
1628 814 1734 841 credit
1746 814 1763 841 ?
1781 815 1856 843 Sed
1883 816 1929 844 de

1040 854 1198 882 incredulis
1209 855 1281 882 nihil
1293 856 1329 882 ad
1342 856 1528 884 nos.Dixisse
1541 860 1646 885 autem
1655 858 1855 892 Christum,
1870 862 1929 888 te—

1041 901 1099 926 stes
1109 907 1165 926 non
1177 899 1357 926 duotantum
1369 902 1420 927 aut
1429 902 1500 934 tres,
1514 900 1544 928 in
1556 901 1672 936 quibus
1691 913 1707 927 ‹‹
1726 905 1798 931 stat
1812 912 1928 932 omne

1040 943 1170 976 verbum,
1188 953 1202 967 »
1218 943 1268 970 sed
1285 946 1409 979 quatuor
1423 945 1629 980 probatissimi
1655 946 1927 984 certissimique

1040 987 1184 1014 existunt:
1206 988 1263 1015 duo
1293 988 1403 1016 scilicet
1428 997 1463 1016 ex
1491 989 1742 1026 circumcisione,
1779 995 1819 1020 et
1850 994 1929 1021 duo

1040 1039 1075 1058 ex
1103 1031 1252 1066 prieputio,
1267 1035 1300 1059 ut
1324 1035 1447 1068 uterque
1471 1034 1601 1069 populus
1627 1036 1696 1063 suis
1729 1045 1770 1064 ac
1800 1037 1927 1074 legiti-

1042 1075 1097 1102 mis
1123 1076 1354 1110 auctoritatibus,
1381 1077 1441 1104 sive
1468 1078 1503 1104 ad
1535 1078 1663 1106 salutem
1689 1078 1760 1108 sive
1789 1082 1841 1109 ad
1861 1083 1928 1118 ju-

1041 1120 1149 1146 dicium
1166 1122 1303 1147 uteretur.
1329 1120 1402 1147 Dixit
1428 1121 1542 1156 utique,
1564 1122 1641 1150 dixit
1666 1123 1720 1151 ille
1747 1125 1811 1160 qui
1831 1126 1928 1155 dixit

1041 1167 1068 1190 et
1085 1164 1158 1190 facta
1175 1167 1252 1191 sunt.
1270 1164 1321 1194 Qui
1338 1165 1415 1191 enim
1442 1165 1515 1192 dixit
1542 1166 1572 1193 in
1597 1167 1776 1204 prinCipio:
1800 1180 1820 1194 ι(
1845 1170 1927 1200 Fiat

1044 1208 1100 1236 lux.
1119 1210 1147 1234 et
1164 1208 1236 1234 facta
1248 1208 1346 1234 estlux
1359 1209 1392 1235 de
1405 1208 1607 1244 nihilo(Gencs.
1620 1213 1651 1245 1),
1673 1222 1687 1235 η
1707 1221 1776 1240 non
1800 1215 1926 1248 potuit

1042 1252 1163 1278 dicendo
1175 1252 1209 1278 de
1223 1260 1323 1286 panem
1341 1252 1399 1279 Hoc
1413 1255 1457 1279 est
1473 1261 1584 1289 corpus
1602 1263 1721 1289 meum,
1734 1267 1752 1281 υ
1769 1257 1823 1285 ita.
1843 1259 1926 1288 ﬁeri

1040 1295 1223 1322 et‘l‘irerc?Et
1235 1296 1284 1330 qui
1300 1296 1387 1323 tacita
1413 1298 1518 1324 virtute
1545 1307 1656 1334 aquam
1683 1301 1781 1329 vertit
1808 1302 1850 1330 in
1869 1292 1924 1332 vi?

1041 1347 1122 1371 num,
1140 1348 1195 1366 non
1212 1340 1360 1367 el‘ticacius
1385 1343 1499 1375 poterat
1515 1342 1551 1377 (si
1568 1342 1640 1378 quid
1658 1345 1772 1373 tamen
1791 1346 1921 1376 amca-

1040 1383 1101 1409 eius
1118 1384 1152 1409 de
1180 1386 1233 1410 Deo
1258 1384 1312 1410 dici
1338 1385 1433 1419 debet)
1459 1389 1583 1414 sonante
1612 1387 1769 1416 vocaliter
1786 1391 1919 1421 eadem

1041 1427 1256 1459 virtutc,vinum
1264 1428 1361 1463 ipsum
1371 1429 1398 1455 in
1407 1430 1583 1465 sanguinem
1591 1439 1684 1459 suum
1694 1434 1918 1465 transferre?

1039 1471 1119 1501 Quod
1131 1470 1155 1498 si
1165 1472 1230 1506 quis
1242 1473 1318 1507 apud
1331 1481 1361 1500 sc
1373 1473 1449 1500 dicat
1460 1475 1594 1509 potuisse
1605 1475 1662 1503 hoc
1674 1476 1784 1506 facere
1798 1487 1920 1509 unum

1040 1514 1121 1542 illum
1133 1515 1291 1545 hominem.
1310 1516 1358 1551 qui
1379 1517 1467 1544 etiam
1483 1520 1559 1546 Deus
1579 1523 1663 1554 erat;
1679 1522 1810 1552 caeteris
1830 1533 1914 1554 vero

1040 1559 1089 1594 qui
1106 1558 1159 1586 hoc
1172 1568 1228 1586 non
1242 1561 1497 1596 sint,impossibile
1507 1570 1655 1592 esseznos
1671 1573 1810 1602 quoque
1827 1577 1914 1598 cum

170 1604 256 1632 minis
280 1604 479 1639 pervenerunt.
497 1604 528 1628 ut
550 1601 612 1635 jam
643 1604 739 1628 ratum
766 1602 930 1629 habendum
947 1603 985 1629 sit
1000 1596 1022 1627 C
1042 1611 1074 1630 eo
1087 1596 1704 1640 sentimus,sictamenutperministerium
1713 1596 1915 1642 hdmangg

173 1648 315 1684 quidquid
333 1647 365 1673 de
378 1646 484 1673 divinis
501 1645 645 1680 mysteriis
662 1648 815 1672 senserunt
832 1647 990 1673 memoriae-

174 1701 229 1729 que
246 1690 478 1719 mandaverunt?
490 1689 561 1716 Nam
578 1692 606 1716 et
622 1689 743 1724 gentiles
760 1691 857 1725 magni
873 1691 990 1725 quidam

170 1741 199 1765 et
215 1736 327 1763 nobiles
344 1734 507 1770 philosophi
532 1733 625 1760 multa
655 1733 737 1765 l'alsa,
755 1743 819 1769 qum
842 1735 908 1769 jure
924 1744 992 1762 con-

168 1781 338 1813 temnimus,
354 1787 410 1805 non
423 1778 519 1805 solum
544 1778 578 1804 de
595 1780 721 1805 creatore
736 1778 803 1811 Deo,
820 1779 870 1805 sed
886 1779 920 1806 de
936 1779 988 1806 hoc

173 1825 283 1852 mundo
294 1826 321 1851 et
335 1823 379 1850 his
393 1831 455 1857 qua:
468 1822 494 1848 in
507 1830 540 1849 eo
556 1825 634 1854 sunt,
651 1823 777 1849 sensisse
794 1822 990 1851 inveniuntur.

170 1869 245 1903 Quid
257 1868 333 1895 enim
355 1866 514 1894 absurdius
527 1866 664 1893 aflirmari
677 1868 769 1901 potest
783 1874 870 1901 quam
886 1868 990 1895 ccelum

166 1917 302 1949 astraque
311 1912 409 1939 omnia
421 1913 509 1943 stare,
527 1913 633 1937 terram
657 1918 721 1937 vero
734 1911 833 1945 rapida
850 1912 990 1947 vertigine

167 1959 197 1986 in
213 1957 309 1985 medio
322 1955 521 1986 circumferri;
540 1954 673 1981 fallivero
686 1963 735 1982 eos
753 1955 801 1990 qui
817 1959 922 1991 putent
938 1965 991 1983 cre-

167 2003 251 2030 lestia
271 2000 389 2032 moveri,
402 1998 648 2034 quemadmodum
666 1998 807 2025 falluntur
820 2000 988 2035 navigantes

169 2045 275 2082 quibus
291 2047 385 2071 turres
401 2045 487 2077 atque
511 2043 629 2069 arbores
657 2051 723 2069 eum
753 2043 824 2078 ipsis
839 2044 988 2072 littoribus

167 2089 302 2117 videntur
328 2086 482 2113 recedere?
511 2085 601 2112 solem
627 2089 765 2121 praetcrea
795 2097 851 2115 inn
883 2088 985 2121 calere,

169 2134 265 2162 nivem
282 2131 471 2167 nigramesse,
490 2129 590 2156 audire
610 2130 675 2165 quis
695 2131 738 2157 fer
751 2132 803 2158 at?

203 2178 276 2204 Sunt
287 2175 362 2211 apud
376 2174 440 2202 illos
452 2174 533 2209 plura
544 2183 623 2208 irque
636 2178 900 2211 monstruosa,quze
918 2185 981 2211 pro-

167 2220 377 2257 sequilongum
390 2222 430 2246 est
449 2221 475 2245 et
486 2218 665 2253 negatorium
678 2219 691 2245 ἲ)
706 2219 745 2246 De
761 2220 867 2255 quibus
884 2221 986 2248 Doctor

1045 1647 1192 1674 Christum
1210 1648 1306 1683 ipsum
1332 1649 1445 1683 operari
1476 1650 1634 1679 fateamur.
1653 1652 1788 1683 Dixerat
1815 1658 1916 1687 enim

1046 1699 1109 1717 cum
1127 1691 1221 1718 adhuc
1237 1695 1312 1719 esset
1325 1701 1392 1719 cum
1409 1693 1583 1722 hominibus
1605 1697 1750 1726 mortalis
1763 1707 1773 1726 :
1793 1711 1812 1725 ‹‹
1831 1701 1915 1731 Sine

1046 1743 1091 1762 me
1102 1735 1170 1762 nihil
1182 1737 1300 1770 potestis
1320 1737 1411 1764 facere
1427 1738 1517 1772 (Joan.
1535 1740 1594 1774 xv).
1612 1751 1625 1764 υ
1645 1740 1682 1768 Et
1698 1741 1914 1776 immortalis

1045 1780 1173 1813 etl‘crtus,
1188 1789 1253 1807 cum
1270 1780 1357 1807 ccelos
1374 1789 1554 1810 ascensurus
1569 1785 1776 1820 corporaliter
1793 1793 1913 1820 esset:

1048 1836 1057 1847 α
1075 1824 1143 1851 Ecce
1159 1832 1220 1859 ego,
1239 1825 1342 1859 inquit,
1360 1825 1511 1853 vobiscum
1531 1835 1598 1855 sum
1615 1829 1765 1858 omnibus
1784 1832 1915 1864 diebus

1046 1876 1137 1903 usque
1146 1869 1180 1895 ad
1192 1869 1477 1897 consummationem
1491 1871 1591 1899 saeculi
1604 1873 1713 1908 (Matth.
1731 1878 1872 1914 xxvux).
1894 1891 1912 1905 ιι

1045 1912 1117 1943 Quia
1132 1913 1208 1939 enim
1225 1921 1258 1939 ex
1281 1913 1395 1940 duabus
1421 1915 1535 1943 naturis
1560 1916 1688 1945 diversis
1705 1918 1829 1954 (altera
1845 1912 1913 1952 eir-

1044 1956 1322 1991 cumscripta,altera
1340 1957 1912 2003 incircumscripta)compersouatua,

1045 2001 1347 2048 percircumscriptnm
1357 2002 1391 2028 de
1399 2001 1461 2029 loco
1469 2003 1505 2030 ad
1517 2003 1615 2048 locum
1627 2001 1910 2048 transmigrabat,

1045 2044 1379 2080 perincircumscripiam
1391 2054 1468 2080 vero,
1481 2055 1540 2082 qua
1548 2047 1706 2077 illocaliter
1712 2044 1846 2088 ubique

1044 2091 1130 2121 totus,
1143 2097 1207 2115 cum
1224 2088 1266 2116 eis
1280 2090 1462 2117 remanebat:
1479 2099 1532 2118 nec
1550 2094 1648 2121 tamen
1666 2093 1784 2124 Filium
1802 2097 1872 2128 Dei
1890 2109 1911 2128 ι

1042 2133 1112 2159 Filio
1124 2132 1251 2160 hominis
1265 2134 1429 2168 scparabat.
1441 2135 1572 2171 Denique
1588 2138 1618 2164 et
1632 2138 1830 2175 priusquam
1850 2143 1907 2172 Fi-

1042 2176 1097 2204 lius
1110 2176 1236 2204 hominis
1252 2179 1316 2204 actu
1334 2179 1504 2206 ascenderet
1523 2179 1554 2207 in
1579 2181 1699 2215 malum,
1718 2191 1798 2214 cum
1816 2187 1907 2218 Filio

1040 2221 1089 2248 Dei
1105 2220 1144 2247 ibi
1167 2224 1238 2254 erat,
1256 2221 1318 2256 ipso
1344 2224 1512 2256 attestante,
1538 2224 1589 2252 ubi
1620 2226 1682 2254 ait:
1703 2238 1717 2252 κ
1735 2228 1778 2256 Et
1795 2239 1905 2262 nemo

170 2269 286 2295 noster:
304 2276 316 2289 η
332 2264 472 2295 Dicentes,
491 2262 593 2298 inquit,
606 2271 637 2290 se
653 2271 715 2290 esse
731 2265 886 2299 sapientes,
903 2265 984 2292 stulti
1001 2275 1023 2306 Β
1039 2265 1169 2292 ascendit
1184 2266 1212 2292 in
1228 2265 1342 2297 malum,
1360 2266 1416 2294 nisi
1433 2267 1483 2302 qui
1502 2268 1656 2297 descendit
1679 2271 1718 2299 de
1730 2273 1828 2310 celo,
1847 2277 1904 2306 1δὶ-

168 2312 234 2340 facti
252 2312 321 2338 sunt
335 2309 420 2343 (liam.
437 2308 465 2343 i).
483 2319 492 2331 ι»
508 2307 569 2334 Non
594 2307 646 2335 hos
662 2307 747 2342 elegit
762 2308 913 2341 Dominus,
931 2310 980 2345 qui

165 2355 306 2392 superbia:
319 2353 409 2381 inﬁuti
422 2351 543 2388 spirituii
559 2354 740 2379 evanuerunt
756 2352 784 2379 in
801 2353 983 2388 cogitationi-

163 2402 218 2428 bus
235 2400 306 2428 suis.
324 2410 337 2423 »
353 2400 390 2424 At
406 2396 496 2424 nostri
517 2395 558 2423 illi
583 2396 681 2423 Patres
706 2396 831 2424 humiles
849 2398 935 2425 corde
950 2406 982 2425 ac

162 2451 304 2480 pauperes
320 2441 435 2477 spiritu,
452 2449 502 2475 pro
523 2440 630 2475 quibus
645 2440 776 2467 Salvator
792 2442 904 2469 Patrem
920 2442 982 2477 glo-

163 2487 257 2515 rificat
271 2487 325 2514 hoc
340 2485 443 2512 modo:
461 2495 475 2509 «
492 2484 636 2512 Confiteor
662 2485 724 2518 tibi,
743 2485 836 2520 Pater,
862 2486 982 2513 Domine

163 2532 225 2559 celi
238 2534 265 2559 et
284 2533 378 2562 terrm,
394 2529 441 2563 qui
463 2528 639 2556 abscondisti
658 2529 716 2556 haec
728 2538 744 2556 τι
756 2531 938 2565 sapientibus
954 2533 982 2557 et

162 2574 366 2611 prudentibus,
384 2575 411 2599 et
427 2572 557 2600 rcvelasti
575 2581 608 2600 ea
635 2573 762 2609 parvulis
778 2574 880 2609 (Matth.
898 2575 947 2609 x1),
967 2586 976 2598 π

162 2620 227 2648 ideo
244 2627 358 2646 voraces
374 2619 453 2647 sunt.
470 2617 539 2652 quin
560 2616 804 2652 participaverunt
819 2620 846 2645 et
858 2618 980 2645 cohiese-

162 2667 231 2692 runt
247 2664 286 2691 illi
311 2662 360 2699 qui
384 2662 441 2689 ait:
463 2674 471 2684 ιι
495 2661 550 2696 Ego
579 2669 644 2688 sum
674 2660 728 2693 vin,
746 2662 850 2689 veritas
879 2664 908 2689 et
922 2662 979 2689 vita

162 2709 250 2743 (Joan.
267 2709 335 2743 xxv).
356 2719 368 2730 η
386 2706 424 2733 De
440 2713 496 2740 quo
512 2706 599 2732 etiam
615 2705 695 2731 intus
711 2705 883 2738 didicerunt,
900 2706 977 2741 quod

163 2751 198 2779 de
213 2753 395 2780 sacramento
412 2749 512 2782 hoc,de
527 2756 584 2783 quo
600 2747 797 2783 agimus,foris
806 2750 977 2777 docuerunt.

161 2794 324 2828 Audierant
337 2794 415 2823 enim
427 2800 494 2822 eum
510 2791 546 2821 de
556 2792 652 2829 seipse
663 2791 693 2821 in
704 2792 857 2831 Evangelia
873 2794 977 2831 prendi-

1035 2310 1091 2343 1ius
1107 2309 1233 2355 hominis
1244 2310 1292 2345 qui
1310 2313 1353 2337 est
1370 2311 1398 2337 in
1412 2312 1584 2347 ccelo(loan.
1598 2314 1654 2349 ιιι).
1670 2325 1684 2339 ιι
1699 2315 1732 2343 Si
1747 2309 1832 2355 ergo
1852 2321 1904 2350 ibi

1037 2356 1096 2380 erat
1112 2362 1161 2389 per
1172 2353 1313 2381 unitatem
1327 2363 1532 2392 personagquo
1546 2358 1680 2387 nondum
1695 2353 1904 2396 ascen—dem

1039 2406 1089 2446 pei-
1100 2398 1304 2446 proprietatem
1314 2401 1382 2425 natu
1388 2404 1560 2446 rp,propter
1567 2403 1704 2431 eamdem
1713 2405 1898 2446 unitatem,

1037 2442 1139 2469 caelum
1153 2442 1324 2473 ascendens,
1337 2451 1402 2470 cum
1413 2443 1585 2473 hominibus
1601 2446 1631 2474 in
1644 2449 1725 2476 terra
1737 2442 1900 2484 remane;

1037 2487 1094 2513 bat.
1108 2487 1177 2519 Quis
1193 2486 1271 2533 cnim
1286 2487 1368 2533 Aulius
1389 2487 1520 2516 dicebat:
1537 2501 1549 2513 ιι
1563 2490 1663 2525 Snule,
1678 2492 1788 2530 Saule,
1805 2497 1896 2533 quid

1037 2539 1082 2557 me
1093 2531 1296 2566 persequeris?
1314 2543 1327 2553 »-
1343 2532 1409 2566 (Act.
1427 2533 1477 2566 1x.)
1491 2533 1591 2569 Neque
1609 2537 1773 2570 putandus
1791 2531 1847 2569 eet
1863 2543 1896 2571 ei

1036 2574 1157 2610 angelus
1173 2583 1223 2609 pro
1249 2575 1364 2602 Christo
1390 2577 1574 2612 apparuisse,
1592 2586 1661 2607 cum
1680 2581 1748 2616 ipse
1765 2585 1896 2616 Saulus

1034 2619 1154 2646 effectus
1165 2619 1270 2646 l’aulus
1282 2621 1382 2654 postea
1399 2619 1478 2647 dicat
1492 2629 1498 2648 :
1515 2632 1529 2645 ‹‹
1551 2622 1720 2653 Novissime
1733 2629 1889 2659 omnium

1035 2664 1173 2698 tanquam
1190 2663 1414 2696 abortivo,visus
1429 2667 1475 2691 est
1486 2667 1515 2692 et
1525 2666 1599 2694 mihi
1615 2669 1641 2703 (1
1655 2669 1790 2706 Cor.xv).
1811 2684 1828 2698 »ι
1845 2674 1887 2703 Et

1034 2706 1089 2733 alio
1107 2706 1185 2733 loco:
1202 2718 1215 2731 «
1230 2707 1330 2734 Nonne
1348 2708 1500 2735 Dominum
1512 2709 1616 2738 Jesum
1629 2712 1889 2747 Christumvidi?

1033 2751 1055 2785 (I
1067 2752 1128 2798 dor.
1147 2751 1196 2798 lx).
1214 2753 1271 2778 Aut
1286 2759 1351 2798 vero
1371 2751 1476 2798 sanius
1496 2752 1594 2798 adhuc
1610 2755 1747 2787 inﬁdelis
1765 2763 1882 2798 raptus

1031 2794 1114 2825 estin
1126 2794 1279 2831 caalum,ut
1289 2794 1347 2825 illic
1358 2795 1384 2825 ei
1391 2795 1524 2827 Christus
1536 2796 1716 2847 loqueretur
1724 2806 1796 2842 gent
1802 2794 1885 2847 ipsa
