3978 6370
128 369 316 433 1993

1069 371 1321 434 EPIST.
1369 373 1471 433 DE
1517 371 2080 437 ΕΠΟΗΑΒΙΞΤΙλΕ
2124 374 2678 439 SACRAMENTO.

3420 381 3579 442 1294

124 502 424 558 Christus
445 501 798 558 descendite
825 502 989 572 coelo,
1024 505 1179 575 quod
1210 504 1393 560 semel
1424 508 1655 562 tantum
1686 506 1812 562 ﬁeri
1840 508 1894 575 Α
1925 508 2062 580 xxv).
2099 530 2127 557 »
2159 509 2321 575 Quod
2354 509 2402 565 si
2426 525 2574 581 quos
2604 514 2795 567 mevet
2825 528 2929 567 cur
2977 511 3086 567 hoc
3143 518 3577 571 sacramentum

122 594 381 664 oportet
405 591 465 646 in
495 606 634 647 voce
663 590 999 663 archangeli
1031 596 1087 647 et
1118 593 1175 647 in
1207 595 1349 649 tuba
1380 594 1499 662 Dei,
1528 617 1555 644 «
1577 596 1812 666 quando

122 697 360 737 omnes
394 681 496 753 qui
519 679 576 735 in
600 681 1003 737 monumentis
1025 687 1164 738 sunt
1187 683 1489 738 audientes
1506 701 1703 739 vocem
1726 685 1812 739 Fi-

118 768 194 824 lii
234 769 348 825 Dei
373 771 553 837 (Joan.
586 769 665 841 Χ),
699 770 1057 842 precedent?
1080 772 1209 842 Ipse
1232 771 1409 842 igitur
1428 789 1561 828 cum
1619 773 1845 829 homi-'

120 858 326 914 nibus
359 874 610 914 manens
643 874 896 931 semper,
929 862 985 915 et
1014 859 1282 915 homines
1308 861 1561 933 baptizat
1581 878 1684 932 per
1713 862 1811 917 he-

121 947 361 1015 mines,
384 950 441 1002 et
470 952 772 1003 consecrat
792 948 1077 1021 quidquid
1100 966 1204 1021 per
1224 950 1491 1006 homines
1505 967 1805 1006 consecra-

117 1040 258 1091 tur.
300 1036 626 1108 Utrumque
655 1037 810 1092 enim
833 1037 893 1091 in
916 1038 1225 1110 Evangelio
1248 1039 1555 1105 habemus,
1579 1044 1635 1094 et
1652 1038 1806 1111 quod

119 1125 326 1181 Jesus
357 1125 701 1197 baptizaret,
734 1129 791 1181 et
821 1126 978 1197 quod
1011 1126 1135 1198 ipse
1167 1143 1282 1181 non
1313 1127 1653 1199 baptizaret,
1705 1128 1807 1181 sed

119 1212 423 1285 discipuli
437 1214 585 1284 ejus.
603 1212 1181 1286 Baptizatnimirum,
1197 1214 1334 1286 quia
1346 1216 1579 1287 quando
1595 1232 1807 1288 corpus

121 1304 250 1359 sub
276 1303 641 1374 quibusdam
661 1304 851 1359 verbis
869 1303 1234 1360 solemnibus
1252 1304 1310 1360 in
1326 1322 1478 1377 aqua
1495 1310 1804 1371 mersatur,

120 1394 269 1466 ipse
302 1391 563 1448 animam
598 1396 913 1460 mortuam,
945 1397 1182 1466 peccata
1214 1393 1582 1459 remittendo,
1623 1395 1804 1449 viviﬁ-

120 1488 251 1551 cat,
286 1482 445 1538 sicut
474 1481 534 1536 in
568 1481 1152 1554 Evangelielequitur
1174 1483 1804 1539 :«Venitheraetnunc

119 1576 242 1635 est,
281 1571 526 1643 quando
557 1570 773 1626 mortui
800 1571 1039 1626 audient
1068 1588 1267 1627 vocem
1299 1571 1428 1627 Filii
1458 1571 1581 1639 Dei,
1615 1575 1671 1628 et
1701 1572 1804 1644 qui

119 1660 462 1731 audierint,
485 1658 679 1715 vivent
706 1659 891 1731 (Ibid)
918 1678 930 1728 ;
953 1683 981 1709 »
1001 1660 1156 1731 quod
1175 1678 1289 1715 non
1306 1659 1418 1716 nisi
1442 1661 1512 1715 de
1544 1676 1801 1716 resurre-

121 1749 334 1805 ctione
363 1749 701 1804 animarum
734 1748 917 1821 accipi
951 1753 1162 1821 potest.
1200 1749 1462 1821 Baptizat
1491 1754 1547 1804 et
1601 1749 1799 1821 homo,

121 1855 236 1910 per
270 1839 448 1909 cujus
478 1843 693 1895 manus
724 1842 781 1893 et
801 1837 1064 1911 linguam
1092 1855 1240 1910 opus
1258 1838 1401 1893 illud
1423 1838 1802 1894 administra-

124 1933 233 1983 tur
260 1946 275 1996 ;
315 1927 419 1983 sed
452 1926 706 1982 maxime
735 1931 792 1983 et
813 1926 1215 2000 principaliter
1244 1927 1341 1984 ille
1373 1929 1648 2000 baptizat,
1700 1928 1799 2000 qui

119 2018 251 2073 vim
288 2020 350 2071 et
378 2015 733 2070 efﬁcentiam
762 2019 946 2071 totam
978 2020 1235 2088 praestat.
1269 2017 1514 2088 Propter
1533 2018 1689 2088 quod
1720 2017 1801 2072 di-

122 2110 294 2161 ctum
331 2108 423 2160 est
451 2103 665 2160 Joanni
703 2104 1015 2176 Baptistae:
1050 2127 1078 2154 «
1112 2105 1298 2176 Super
1356 2122 1531 2179 quem
1585 2105 1798 2161 videris

121 2194 426 2267 Spiritum
458 2194 911 2249 descendentem
946 2197 1002 2249 et
1033 2199 1367 2249 manentem
1406 2211 1584 2266 super
1637 2212 1794 2264 eum,

117 2283 223 2339 hic
254 2287 351 2340 est
380 2282 483 2354 qui
514 2282 771 2355 baptizat
802 2284 977 2355 (Joan.
1013 2284 1073 2353 ι).
1111 2305 1138 2332 ››
1163 2282 1434 2354 Alioquin
1465 2283 1797 2356 baptismus

123 2390 287 2429 unus
322 2389 440 2428 non
472 2376 664 2440 esset;
698 2373 799 2428 sed
831 2375 1003 2444 prout
1034 2372 1302 2427 meritum
1335 2389 1397 2427 se
1430 2373 1668 2428 haberet
1692 2374 1794 2428 ba-

119 2461 431 2535 ptizantis,
466 2460 619 2517 alius
649 2460 901 2533 dignior,
936 2460 1086 2516 alius
1125 2460 1422 2532 indignior
1477 2460 1675 2530 ﬁeret;
1738 2467 1796 2518 et

122 2567 306 2623 quem
342 2550 519 2605 homo
551 2549 807 2605 sanctior
826 2548 1164 2622 baptizaret,
1194 2549 1290 2605 ille
1312 2550 1523 2606 melius
1541 2551 1793 2623 baptiza-

120 2644 223 2697 tus
254 2643 436 2697 esset.
463 2638 575 2694 Sed
599 2638 752 2694 absit
779 2639 791 2694 l
819 2639 957 2711 quia
974 2639 1311 2710 quicunque
1332 2640 1586 2710 baptizat
1606 2640 1667 2694 in
1692 2656 1792 2695 no-

125 2730 292 2786 mine
323 2728 518 2784 Patris
548 2731 604 2784 et
633 2727 759 2783 Filii
791 2732 847 2783 et
877 2728 1133 2799 Spiritus
1185 2727 1391 2795 sancti,
1443 2727 1658 2801 dignus
1717 2746 1791 2785 an

119 2818 438 2892 indignus,
474 2820 712 2872 sanctus
742 2820 843 2872 aut
873 2820 1157 2889 peccator,
1192 2816 1513 2873 catholicus
1543 2822 1645 2872 aut
1674 2817 1791 2872 hee-

122 2909 375 2975 reticus,
393 2906 541 2962 nihil
562 2905 831 2974 interest;
853 2906 1129 2978 quoniam
1147 2906 1539 2961 ministerium
1556 2905 1789 2962 illorum

120 2997 541 3053 tantummodo
571 3000 678 3062 est,
702 3011 806 3071 nec
840 2995 910 3049 ab
943 2995 1048 3061 eis,
1080 2996 1180 3051 sed
1214 3012 1317 3067 per
1354 3013 1453 3051 eos
1507 2996 1577 3067 (si
1638 3001 1791 3052 recte

122 3086 289 3159 loqui
321 3084 620 3156 volumus)
652 3084 998 3155 baptizatur.
1025 3083 1293 3139 Christus
1318 3084 1497 3156 igitur
1540 3102 1643 3157 per
1672 3102 1791 3141 ma-

122 3193 271 3231 num
312 3180 373 3231 et
401 3191 466 3230 es
498 3172 819 3230 sacerdotis
846 3172 1408 3244 baptizat,Cbristus
1432 3190 1788 3245 permanum

123 3270 181 3319 et
208 3282 273 3320 os
308 3262 632 3320 sacerdotis
663 3278 873 3333 corpus
904 3266 961 3317 et
999 3261 1346 3333 sanguinem
1404 3278 1578 3317 suum
1634 3267 1790 3318 creat

123 3356 222 3427 (4).
262 3376 291 3405 «
322 3355 414 3408 An
437 3351 901 3425 experimentum
925 3350 1188 3423 quaeritis
1214 3351 1341 3421 ejus
1368 3350 1467 3422 qui
1500 3350 1557 3404 in
1582 3369 1673 3406 me
1701 3352 1784 3406 le-

126 3443 333 3515 quitur
355 3441 626 3498 Christus
648 3440 675 3495 ?
706 3441 753 3509 (I
780 3440 902 3495 Cor.
923 3445 1070 3507 χιιι.)
1096 3462 1123 3489 ››
1158 3439 1396 3494 Dicebat
1417 3440 1653 3510 quidem
1676 3440 1786 3496 hoc

119 3531 445 3605 Apostolus
479 3547 594 3585 non
616 3532 956 3601 arroganter
969 3544 1030 3584 se
1052 3528 1363 3596 etferende,
1384 3529 1482 3584 sed
1507 3530 1790 3585 veraciter

121 3620 416 3688 docendo,
446 3617 742 3673 Christum
774 3617 833 3672 in
866 3617 1151 3673 ministris
1184 3617 1309 3672 suis
1340 3620 1396 3672 et
1425 3616 1585 3689 loqui
1628 3619 1783 3690 quod

122 3710 236 3782 ipsi
270 3708 437 3783 loqui
472 3707 815 3774 audiuntur,
843 3712 899 3763 et
919 3706 1146 3779 operari
1179 3724 1304 3779 qua
1351 3706 1463 3778 ipsi
1488 3708 1673 3762 facere
1702 3707 1784 3763 vi-

121 3799 341 3856 dentur
371 3824 387 3868 ;
406 3808 642 3870 propter
663 3797 820 3868 quod
843 3796 1115 3852 sacerdos
1132 3799 1221 3850 est
1242 3796 1300 3850 in
1320 3800 1624 3867 aeternum,
1649 3797 1788 3868 quia

120 3886 248 3959 ipse
279 3891 375 3945 est
404 3886 505 3959 qui
536 3885 794 3958 baptizat
819 3888 875 3939 et
905 3884 1006 3956 qui
1035 3883 1321 3939 immolat.
1346 3888 1491 3939 Nam
1515 3886 1671 3956 quod
1703 3902 1791 3941 se-

122 3976 239 4032 mel
272 3976 417 4033 fecit
443 3973 803 4047 passibiliter
832 3991 934 4046 per
963 3973 1372 4045 semetipsum,
1414 3973 1470 4027 id
1530 3974 1789 4045 quotidie

125 4064 247 4137 agit
275 4058 731 4137 impassibiliter
752 4078 856 4135 per
884 4079 982 4118 eos
1015 4061 1230 4134 quibus
1262 4061 1421 4116 dedit
1442 4065 1789 4132 potestatem

122 4153 279 4210 ﬁlios
310 4153 414 4209 Dei
435 4151 579 4208 ﬁeri.
612 4151 727 4207 Nec
759 4150 927 4206 aliter
947 4150 1158 4206 melius
1183 4166 1353 4222 posse
1379 4149 1623 4223 intelligi
1650 4155 1789 4223 puto

127 4243 288 4312 quod
310 4239 631 4314 Apostolus
652 4240 723 4295 de
746 4238 844 4295 ille
877 4239 996 4294 ait:
1027 4261 1055 4289 ‹‹
1089 4238 1195 4303 Qui
1228 4243 1317 4294 est
1363 4240 1434 4294 ad
1493 4239 1788 4295 dexteram

122 4329 337 4397 Patris,
372 4331 475 4403 qui
505 4328 679 4385 etiam
711 4326 1045 4400 interpellat
1063 4344 1166 4399 pro
1190 4327 1359 4382 nobis
1389 4328 1562 4399 (Rom.
1586 4329 1733 4401 vm),
1759 4349 1786 4379 ››

127 4433 308 4489 quam
333 4424 399 4475 ut
416 4416 803 4490 interpellatio
826 4417 940 4471 ista
968 4417 1070 4471 fiat
1092 4434 1206 4471 non
1228 4417 1403 4471 verba
1420 4417 1788 4489 proferendo,

126 4508 228 4562 sed
263 4507 662 4565 obedientiam
684 4511 858 4579 atque
878 4505 1306 4560 humanitatem
1327 4522 1493 4561 suam
1520 4523 1622 4578 per
1638 4523 1793 4561 eom-

1924 614 2038 652 non
2070 597 2377 653 visibiliter
2400 602 2829 656 transmutctur
2858 601 2919 657 in
2966 602 3219 674 speciem
3277 603 3469 659 carnis
3522 607 3582 660 et

1923 687 2249 758 sanguinis,
2281 688 2587 744 attendant
2617 692 2770 761 quod
2800 692 3115 761 Apostolus
3146 693 3262 748 ait:
3306 716 3333 743 ι(
3374 693 3484 747 Per
3510 693 3577 748 ti-

1922 776 2054 829 dem
2078 775 2474 845 ambulamus,
2509 781 2565 832 et
2598 796 2711 833 non
2744 798 2846 850 per
2877 781 3151 851 speciem.
3178 781 3279 837 Est
3299 785 3493 837 autem
3517 782 3580 836 ﬁ-

1920 865 2023 918 des
2052 864 2200 936 (ipse
2232 865 2512 935 deﬁnivit)
2543 871 2969 938 sperandarum
3003 871 3335 926 substantia
3356 887 3574 939 rerum,

1920 957 2333 1024 argumentum
2360 972 2475 1009 non
2508 960 2913 1028 apprenatium
2947 961 3097 1030 (Heb.
3130 961 3228 1030 x1).
3264 982 3293 1010 »
3328 960 3385 1014 Si
3417 960 3577 1015 enim

1919 1041 1976 1096 id
2006 1043 2162 1113 quod
2191 1043 2351 1098 intus
2383 1048 2543 1113 sunt,
2581 1045 2719 1100 foris
2751 1053 3118 1103 sacramenta
3157 1049 3573 1117 ostenderent;

1920 1129 2087 1196 ﬁdes,
2120 1148 2187 1186 ex
2220 1148 2335 1202 qua
2371 1155 2391 1180 ιι
2419 1134 2621 1203 justus
2653 1136 2809 1201 vivit,
2844 1161 2869 1184 ››
2889 1155 3003 1192 non
3037 1138 3229 1193 solum
3254 1136 3572 1205 etiosa,ve—

1919 1235 2048 1273 rum
2082 1218 2246 1274 nulla
2276 1220 2514 1275 omnino
2547 1227 2717 1278 esset.
2754 1248 2778 1273 ‹‹
2815 1227 2976 1290 Quod
3010 1226 3167 1281 enim
3197 1225 3357 1281 videt
3414 1225 3569 1296 quis,

1918 1308 2017 1379 qui
2054 1310 2297 1379 sperat?
2328 1310 2477 1380 (Πρὸ.
2510 1315 2590 1378 x.)
2619 1332 2644 1362 υ
2671 1312 2742 1367 Ut
2773 1330 2908 1385 ergo
2932 1316 3076 1370 ﬁdes
3098 1318 3433 1371 exerceatur
3456 1330 3574 1370 cre-

1917 1395 2106 1450 dendo
2139 1397 2293 1467 quod
2326 1414 2441 1452 non
2474 1405 2731 1470 apparet,
2766 1401 2935 1457 vitale
2966 1406 3400 1459 sacramentum
3456 1402 3567 1458 sub

1915 1484 2107 1555 specie
2138 1501 2415 1556 corporea
2432 1487 2675 1543 viriliter
2701 1489 2961 1560 latet,uti
2995 1492 3193 1548 anima
3217 1492 3276 1547 in
3299 1508 3561 1563 corpore.

1915 1572 2175 1644 Denique
2189 1574 2534 1645 etbaptismi
2550 1593 2701 1648 aqua
2714 1578 2986 1648 quaslibet
3004 1579 3189 1636 oculis
3203 1580 3564 1637 intuentium

1910 1662 2158 1731 videtur,
2194 1668 2252 1718 et
2279 1662 2454 1720 homo
2481 1665 2831 1737 baptizatus,
2852 1669 2994 1739 quid
3027 1668 3186 1724 aliud
3210 1686 3386 1741 quam
3411 1670 3569 1741 quod

1912 1755 2083 1805 antea
2111 1756 2255 1818 erat,
2290 1754 2578 1824 apparet?
2607 1754 2733 1810 Non
2763 1757 2919 1811 enim
2954 1773 3022 1813 ex
3051 1758 3218 1829 nigro
3252 1757 3443 1826 albus,
3468 1760 3571 1813 aut

1911 1855 1978 1893 ex
2008 1838 2304 1895 illitterate
2335 1843 2779 1913 grammaticus,
2804 1845 3223 1917 pcrlavacrum
3256 1862 3569 1919 regenera-

1910 1928 2086 1984 tionis
2116 1928 2384 1984 efﬁcitur.
2405 1930 2782 1987 «Oanimalis
2810 1933 2984 1988 homo
3004 1934 3302 2005 »,quinon
3322 1934 3569 2007 percipit

1909 2033 1977 2072 ea
2006 2034 2129 2090 quea
2166 2018 2413 2075 Deisunt
2433 2019 2443 2073 !
2462 2020 2504 2075 Ο
2526 2038 2656 2076 caro
2680 2021 3015 2080 carnalibus
3038 2024 3566 2096 phantasiismagis

1909 2122 2085 2178 quam
2116 2105 2247 2162 vino
2279 2107 2433 2163 ebria
2463 2108 2475 2161 ι
2511 2126 2817 2181 quousque
2851 2113 2919 2167 ab
2956 2112 3050 2167 his
3083 2118 3203 2167 tam
3254 2111 3568 2168 infeliciter

1906 2194 2302 2251 ludiﬁcaberis
2322 2196 2350 2251 ?
2380 2197 2503 2251 Non
2537 2199 2694 2253 enim
2727 2199 2938 2255 similis
2969 2205 3058 2257 est
3083 2201 3177 2256 hic
3201 2218 3362 2257 error
3387 2202 3564 2257 dene-

1906 2284 2124 2355 gatieni
2157 2282 2364 2340 salutis
2393 2285 2745 2357 animarum,
2782 2293 2882 2343 aut
2903 2288 3280 2345 illusionibus
3303 2289 3561 2345 somnio-

1906 2390 2060 2441 rum,
2094 2376 2195 2428 aut
2221 2375 2291 2429 de
2321 2376 2491 2446 aquis
2521 2379 2577 2431 et
2606 2377 2863 2448 speculis
2892 2378 3307 2433 resnltantium
3348 2378 3560 2451 imagi-

1904 2463 2232 2530 nationum,
2266 2463 2406 2535 quia
2438 2464 2516 2519 ibi
2548 2465 2674 2520 sine
2709 2466 2965 2537 periculo
2999 2465 3238 2535 fallitur,
3272 2466 3368 2521 hic
3424 2483 3564 2522 cum

1903 2551 2723 2624 detrimentoirrecuperabili,
2744 2554 2856 2610 nisi
2880 2555 3284 2626 resipiscatur,
3310 2560 3559 2611 erratur.

1900 2640 2313 2713 Expergiscere
2342 2658 2478 2712 ergo
2510 2646 2567 2696 et
2599 2641 2825 2698 clama:
2858 2666 2884 2694 ‹‹
2930 2643 3137 2699 Infelix
3183 2661 3289 2716 ego
3346 2642 3560 2700 homo!

1902 2731 2036 2800 quis
2068 2746 2162 2785 me
2182 2729 2456 2785 liberabit
2486 2732 2557 2785 de
2588 2748 2827 2803 corpore
2868 2733 3076 2787 mortis
3106 2732 3284 2803 hujus
3304 2732 3332 2787 ?
3380 2733 3559 2805 (Rom.

1900 2818 2022 2889 vn.)
2058 2841 2084 2867 »
2135 2822 2201 2872 Et
2246 2819 2620 2889 respondebit
2666 2820 2771 2874 tibi
2829 2820 3144 2892 apostolica
3199 2819 3557 2876 consolatio:

1900 2930 1929 2957 «
1954 2906 2153 2963 Gratia
2174 2906 2273 2961 Dei
2295 2924 2396 2978 per
2414 2910 2615 2962 Jesum
2640 2907 2936 2963 Christum
2956 2909 3265 2964 Dominum
3286 2912 3558 2965 nostrum

1900 2996 2038 3068 (Ibid
2068 2995 2105 3067 ).
2142 3018 2170 3044 »
2204 2996 2365 3060 Quod
2397 3000 2455 3051 et
2485 2995 2534 3051 si
2566 2996 2861 3052 credimus
2895 3015 3095 3052 verum
3139 3015 3266 3054 esse
3315 3015 3430 3053 non
3486 2996 3558 3053 li-

1897 3084 2089 3141 berari
2119 3084 2420 3139 hominem
2455 3101 2570 3139 non
2604 3084 2797 3140 solum
2840 3103 2872 3140 a
2903 3086 3173 3142 molestia
3232 3085 3556 3158 spiritualis

1901 3191 2107 3247 pugna:
2140 3174 2339 3244 (quam
2362 3173 2472 3228 hoc
2497 3174 2552 3227 in
2574 3174 2700 3229 loco
2734 3179 2980 3230 mortem
3005 3176 3301 3247 appellat),
3329 3175 3426 3230 sed
3450 3192 3557 3231 nec

1901 3281 1935 3319 a
1964 3263 2202 3317 miseria
2228 3278 2514 3329 errorum,
2548 3263 2660 3318 nisi
2694 3264 2881 3335 gratia
2904 3264 3001 3319 Dei
3038 3281 3141 3335 per
3164 3265 3368 3318 Jesum
3399 3263 3560 3319 Chri-

1896 3358 2053 3408 stum
2084 3350 2397 3406 Dominum
2431 3352 3171 3419 nestrum,meliustamen
3204 3352 3261 3406 id
3282 3350 3555 3422 intelligi-

1895 3458 2030 3497 mus
2061 3440 2109 3494 si
2136 3440 2409 3495 humanae
2438 3445 2657 3494 naturae
2690 3440 3116 3496 concretionem
3161 3444 3217 3495 et
3245 3439 3384 3507 vim,
3421 3456 3550 3511 quas

1894 3529 2175 3584 nimirum
2208 3528 2267 3583 in
2299 3526 2478 3583 sensu
2512 3529 2772 3600 corporis
2802 3534 2858 3584 et
2889 3527 3072 3597 animi
3101 3526 3396 3583 intellectu
3429 3529 3552 3583 tota

1896 3623 2146 3685 constat,
2178 3616 2485 3689 diligenter
2515 3617 2921 3689 inspiciamus,
2946 3622 3001 3672 et
3031 3617 3170 3689 quid
3198 3635 3298 3689 per
3320 3622 3552 3672 utrum-

1897 3724 2030 3780 que,
2065 3706 2278 3777 quidve
2310 3722 2410 3777 per
2431 3705 2776 3761 alterutrum
2799 3706 3009 3773 valeat,
3035 3706 3285 3761 breviter
3305 3704 3556 3778 pestrin-

1896 3813 2127 3870 gamus.
2161 3796 2310 3850 Sunt
2340 3812 2593 3867 namque
2625 3795 2810 3851 multa
2840 3812 2967 3866 qua:
3000 3794 3122 3851 sele
3150 3812 3327 3851 sensu
3358 3811 3561 3867 corpo-

1898 3885 1978 3941 ris
2011 3883 2263 3957 agimus,
2294 3883 2451 3940 sicut
2482 3884 2684 3939 audire
2712 3888 2770 3939 et
2798 3885 2988 3939 videre
3014 3902 3027 3953 ;
3063 3882 3359 3955 pleraque,
3402 3882 3559 3939 sicut

1896 3973 2091 4045 legere
2121 3976 2177 4028 et
2206 3971 2485 4043 scribere,
2518 3989 2643 4043 qua:
2677 3973 3071 4027 communiter
3093 3989 3270 4028 sensu
3303 3988 3437 4027 cum
3468 3971 3559 4027 in-

1898 4062 2135 4118 tellectu
2168 4061 2584 4129 administrat;
2620 4061 2879 4134 plurima
2902 4079 3058 4127 vero,
3092 4062 3161 4117 ad
3195 4078 3321 4132 quas
3358 4060 3561 4117 sensui

1898 4148 2097 4206 nullus
2128 4165 2368 4221 prorsus
2400 4165 2674 4205 accessus
2705 4166 2833 4204 esse
2865 4153 3076 4222 potest,
3112 4148 3264 4204 sicut
3284 4149 3354 4205 ad
3382 4148 3562 4205 ratio-

1900 4257 2033 4295 nem
2066 4254 2468 4306 numerorum,
2503 4238 2571 4293 ad
2598 4238 3004 4311 prepertienes
3030 4255 3331 4305 sonorum,
3355 4242 3412 4295 et
3441 4254 3565 4294 em-

1899 4327 2037 4383 nino
2070 4328 2141 4382 ad
2168 4326 2433 4382 notiones
2453 4344 2648 4382 rerum
2674 4327 3169 4400 incorporearum,
3203 4344 3328 4399 quae
3362 4326 3564 4383 omnia

1900 4416 2149 4489 quilibet
2177 4414 2530 4483 intellectus,
2565 4417 2665 4470 sed
2701 4434 2883 4488 purus
2916 4422 3092 4488 atque
3124 4415 3300 4471 etiam
3353 4433 3463 4471 usu
3492 4414 3564 4470 li-

1900 4511 2100 4561 matus
2132 4505 2427 4577 percipere
2461 4510 2741 4561 meretur.
2773 4505 2888 4559 Nec
2922 4522 3014 4560 me
3044 4504 3192 4575 fugit
3220 4502 3319 4558 illa
3347 4503 3560 4575 prima,

127 4596 620 4652 memorationem
651 4594 944 4668 passionis
970 4594 1087 4650 Dee
1120 4593 1276 4648 Patri
1300 4595 1789 4650 commendando.
1825 4630 1870 4694 D
1903 4612 2029 4667 qua:
2063 4595 2209 4649 duas
2240 4595 2384 4648 istas
2418 4593 2707 4664 potentias
2740 4593 3034 4664 praecedit,
3059 4592 3160 4647 sed
3192 4592 3262 4647 ad
3294 4596 3562 4646 nostrum

126 4682 247 4741 Hoc
266 4684 577 4758 quequein
595 4684 861 4757 ejusdem
875 4682 1225 4739 sacramenti
1249 4682 1637 4752 institutione,
1659 4700 1793 4740 cum
1825 4680 1866 4694 "
1901 4683 2238 4739 institutum
2272 4681 2416 4736 nihil
2444 4680 2567 4736 visa
2597 4685 2685 4737 est
2715 4681 2985 4748 attinere,
3017 4685 3073 4736 et
3104 4680 3434 4735 curandum
3476 4681 3568 4734 est

121 4772 248 4842 jam
285 4776 398 4831 sub
426 4773 672 4830 articulo
703 4772 893 4846 ipsius
925 4772 1218 4844 passionis
1252 4772 1601 4843 agenizaret,
1626 4776 1682 4826 et
1721 4772 1793 4828 ad

131 4859 362 4919 dolores
394 4863 590 4919 carnis
618 4880 754 4918 mox
786 4863 1013 4918 futuros
1042 4861 1282 4933 prmscio
1316 4860 1527 4932 spiritu
1571 4861 1795 4932 pavita-

131 4954 240 5017 ret,
274 4951 406 5021 hoc,
440 4953 708 5025 inquam,
742 4950 1140 5007 certissimum
1178 4949 1391 5021 pignus
1422 4949 1534 5013 sui,
1568 4948 1797 5005 dilectis

136 5037 442 5113 discipulis
466 5041 805 5113 relinquens
831 5058 842 5095 :
866 5063 893 5090 «
918 5041 1036 5095 Hoc
1072 5040 1264 5106 facite,
1289 5037 1499 5109 inquit,
1519 5037 1581 5091 in
1602 5054 1794 5092 meam

136 5130 761 5186 commemorationem
796 5131 948 5202 (Luc.
984 5132 1163 5197 xxu);
1200 5149 1227 5176 »
1289 5126 1793 5181 commemoratio-

140 5229 291 5285 nem,
326 5219 589 5290 inquam,
617 5218 921 5275 charitatis
952 5233 1090 5288 erga
1120 5233 1240 5281 vos,
1271 5232 1373 5286 pro
1396 5214 1611 5285 quibus
1670 5214 1793 5268 ani-

138 5318 293 5361 mam
326 5324 520 5364 meam
552 5323 727 5379 pone,
753 5311 809 5363 et
841 5306 1159 5362 ebedienta:
1193 5304 1346 5375 apud
1373 5307 1623 5369 Patrem,
1658 5302 1796 5374 quia

141 5411 168 5439 ‹‹
199 5391 351 5451 sicut
381 5396 727 5452 mandatum
759 5395 922 5451 dedit
952 5392 1098 5448 mihi
1132 5393 1321 5459 Pater,
1345 5391 1427 5446 sic
1452 5390 1595 5445 facie
1615 5390 1790 5462 (Joan.

1904 4789 1976 4827 ne
1994 4771 2255 4843 longiore
2275 4787 2452 4842 quam
2473 4774 2697 4841 oportet
2713 4774 2951 4824 utamur
2968 4768 3354 4841 digressione.
3380 4767 3566 4822 Cena-

1911 4878 2047 4916 mur
2077 4858 2256 4927 enim,
2287 4856 2602 4929 adjuvahte
2633 4859 2830 4913 divina
2846 4858 3050 4928 gratia,
3075 4858 3379 4913 ostendere
3410 4857 3569 4928 quod

1915 4948 2078 5004 nulla
2110 4947 2371 5003 humana
2403 4945 2669 5015 facultas,
2699 4964 2825 5018 qua:
2860 4945 3028 5018 plane
3049 4951 3104 5001 et
3124 4946 3252 5018 ipsa
3267 4951 3356 5001 est
3375 4945 3575 5002 divina

1907 5036 2173 5108 largitas,
2201 5050 2576 5106 nequaquam
2592 5038 2785 5088 tamen
2808 5035 3107 5090 sulliciens
3126 5035 3202 5089 sit
3224 5033 3573 5106 (quamlibet

1905 5143 1965 5181 se
1996 5123 2284 5195 extendat)
2317 5122 2389 5177 ad
2418 5124 3041 5194 comprehendendam.
3065 5123 3438 5179 altitudinem
3471 5140 3568 5179 sa-

1904 5216 2335 5268 cramentorum
2368 5211 2583 5282 quibus
2627 5212 2928 5267 initiamur
2984 5218 3040 5268 et
3098 5213 3438 5285 perﬁcimur
3495 5211 3567 5266 ad

1902 5308 2175 5357 aeternam
2207 5299 2456 5355 salutem
2489 5317 2614 5371 qua:
2648 5306 2736 5356 est
2767 5302 2825 5355 in
2858 5302 3086 5356 Christe
3122 5302 3263 5357 Jesu
3323 5298 3572 5355 Domino

1902 5394 2120 5446 nostro.
2156 5388 2559 5459 Proponamus
2591 5390 2789 5462 itaque
2826 5391 3188 5462 baptismum
3238 5389 3477 5459 ipsum,‘
3514 5390 3576 5442 et

236 5568 290 5640 4)
324 5570 483 5629 Great
512 5570 624 5626 rite
679 5569 993 5645 intelliget
1008 5568 1068 5626 id
1100 5570 1190 5627 est
1216 5566 1453 5645 conﬁcit,
1484 5582 1622 5625 nam
1663 5566 1841 5629 habet
1879 5564 2102 5645 aliquid
2153 5563 2345 5623 simile
2393 5565 2671 5624 creatieni
2714 5561 3315 5626 transsubstantiatie.
3346 5562 3490 5625 Vide
3510 5564 3574 5633 Β.

159 5637 364 5737 ΓέιἾιόιιι.
397 5661 461 5705 ιιι
490 5660 579 5725 p.,
611 5658 669 5719 q.
700 5642 793 5723 85,
826 5637 934 5705 art.
966 5642 1018 5707 8.
