4630 6366
765 365 918 428 1295

1773 367 2232 431 ADELMANNI
2275 367 2623 430 EPISCOPI
2663 365 3126 429 BRlXIENSlS.

3994 355 4150 422 1296

765 498 906 570 quid
943 500 1019 554 ibi
1051 515 1279 567 sensus,
1314 501 1453 572 quid
1477 501 1620 556 ratio
1643 500 2054 572 deprehendat,
2073 501 2392 556 videamus.
2425 498 2478 563 Α
2510 501 2593 556 sio
2623 499 2950 555 tribuatur:
2984 499 3134 554 sicut
3163 513 3371 555 sensus
3406 493 3600 553 carnis
3621 493 3795 568 paulo
3817 497 3957 550 ante
3979 494 4152 550 doce-

767 588 1076 660 Liquorem
1096 602 1224 643 esse
1239 587 1490 658 aliquem
1504 633 1517 656 ,
1533 588 1922 659 interrogatus
1941 591 2131 643 tactus
2151 605 2400 659 pronun-

766 675 912 742 tiat;
945 676 1122 741 visus,
1155 676 1201 730 si
1236 677 1378 731 forte
1409 676 1467 730 in
1496 692 1630 730 vase
1661 679 1768 743 est,
1801 676 2070 746 quisnam
2104 676 2296 747 liquor
2327 675 2400 730 sit

768 762 1105 830 addubitat;
1137 764 1236 818 sed
1267 767 1495 834 gustus,
1525 767 1804 834 tanquam
1837 764 2036 818 tertius
2059 765 2224 820 testis
2247 762 2403 818 adhi-
2449 763 2456 766 ’

766 850 944 914 bitus,
979 867 1188 922 aquam
1221 868 1350 907 esse
1379 852 1786 906 incunctanter
1815 852 2088 923 explorat.
2127 851 2398 916 Ulterius,

767 937 882 993 nisi
908 937 1094 1003 fallor,
1129 938 1235 993 hac
1269 939 1322 993 in
1356 955 1415 994 re
1438 939 1697 995 officium
1720 955 1894 995 suum
1919 957 2128 996 sensus
2151 957 2262 995 non
2288 939 2404 1011 pol-

768 1025 988 1080 licetur.
1019 1028 1084 1080 At
1114 1027 1259 1081 ratio
1290 1026 1460 1098 longe
1481 1027 1711 1098 lateque
1729 1032 1992 1099 penetrat
2013 1029 2275 1096 interius,
2301 1045 2402 1082 na-

771 1119 1076 1184 turamque
1105 1114 1505 1170 insensibilem
1531 1115 1938 1186 perspicaciter
1969 1117 2248 1181 intuetur,
2299 1115 2405 1170 hoc

770 1205 878 1264 est,
895 1201 1164 1257 mobilem
1181 1208 1351 1273 atque
1365 1203 1634 1258 obtusam
1649 1219 1795 1270 esse,
1812 1204 2113 1258 humidam
2131 1205 2406 1259 substan-

773 1289 1003 1357 tialiter,
1034 1290 1302 1362 frigidam
1334 1291 1694 1358 naturaliter,
1731 1293 1787 1346 in
1822 1309 2010 1347 aerem
2043 1293 2158 1347 sive
2201 1293 2258 1346 in
2293 1297 2405 1347 ter-

772 1394 893 1432 ram
926 1379 1178 1434 converti
1209 1397 1336 1434 eam
1357 1379 1634 1452 possibile
1665 1396 1829 1435 esse:
1868 1383 1924 1435 et
1955 1379 2002 1434 si
2035 1380 2172 1450 quid
2220 1379 2408 1434 adhuc

773 1465 952 1534 aliud,
978 1467 1128 1537 quod
1151 1468 1419 1522 novimus
1441 1467 1912 1540 autignoramus,
1929 1469 1998 1522 de
2017 1473 2222 1522 natura
2239 1485 2410 1538 aqua-

773 1571 906 1609 rum
931 1555 1193 1627 indagari
1225 1559 1430 1627 potest.
1463 1557 1758 1620 Quomodo
1784 1560 1976 1611 autem
2002 1573 2102 1628 per
2123 1573 2332 1627 aquam
2355 1561 2412 1611 et

773 1642 1043 1714 spiritum
1070 1645 1266 1700 anima
1289 1648 1680 1716 regeneretur,
1702 1647 2184 1716 peccatorumque
2204 1644 2409 1699 remis-

2507 589 2677 643 batur
2699 605 2812 642 non
2837 603 3005 658 posse
3027 587 3097 642 ad
3125 586 3366 641 rationis
3389 583 3785 640 excellentiam
3812 583 4154 648 ascendere,

2509 677 2588 731 ita
2619 677 2871 748 profecto
2904 681 2959 731 et
2989 677 3184 731 minus
3205 675 3445 731 forsitan
3465 672 3617 729 valet
3637 672 3780 728 ratio
3817 673 3890 728 ad
3920 672 4038 727 hoc
4069 671 4156 726 in-

2510 763 2821 820 scrutabile
2850 780 3124 818 arcanum
3160 763 3415 834 aspirare
3441 780 3453 830 ;
3486 765 3543 817 et
3561 764 3756 816 tamen
3788 759 4046 815 ﬁrmiter
4075 763 4158 814 te-

2509 867 2738 916 nemus,
2760 851 3062 906 verissime
3079 851 3443 917 conﬁtemur,
3467 849 3724 904 animam
3747 849 4158 920 incorpoream

2509 956 2611 1010 per
2637 955 2846 1010 aquam
2869 955 3208 1009 corpoream
3231 937 3473 1002 renasci,
3497 942 3672 1010 atque
3699 937 3756 991 in
3773 953 3909 992 eum
3933 941 4161 992 statum

2512 1044 2625 1098 quo
2651 1027 2834 1083 fuerat
2854 1028 3037 1082 Adam
3062 1027 3318 1082 nondum
3341 1027 3747 1098 praevaricans,
3773 1024 4042 1098 reparari
4061 1025 4160 1095 (5).

2513 1115 2694 1170 Deum
2719 1131 2949 1186 quoque
2973 1115 3186 1186 ipsum,
3203 1116 3371 1186 cujus
3394 1115 3890 1186 aenigmaomnem
3917 1117 4168 1184 superat

2513 1203 2890 1273 intellectum,
2915 1220 3030 1258 non
3050 1203 3238 1258 solum
3266 1202 3533 1258 novimus
3563 1219 3690 1258 esse
3721 1201 4169 1274 quodinfideles

2517 1293 2824 1361 fateantur,
2847 1309 3045 1346 verum
3078 1292 3253 1346 etiam
3293 1308 3476 1346 unum
3535 1291 3928 1362 eamdemque
3981 1290 4165 1344 trium

2517 1397 2896 1451 personarum
2928 1379 3520 1451 incircumscriptum,
3580 1379 3796 1452 ubique
3851 1378 4170 1434 illocaliter

2515 1473 2741 1535 totum;
2773 1484 2953 1539 neque
2985 1473 3182 1523 tamen
3215 1485 3390 1524 sensu
3433 1474 3534 1525 aut
3591 1469 3816 1524 ratione
3865 1467 4170 1523 habemus

2517 1557 2624 1612 hoc
2655 1557 3159 1629 comprehensum.

2991 1645 3262 1702 Videntur
3282 1645 3460 1702 multa
3487 1645 3682 1704 deesse.

1858 1976 3056 2102 ADELMANNI

1471 2201 1574 2260 EX
1621 2200 2145 2262 SCHOLASTICO
2189 2201 2600 2262 LEODIENSI
2645 2201 2988 2262 EPISCOPI
3035 2201 3466 2264 BRIXIENSIS

2125 2360 2377 2439 Rythmi
2419 2361 2814 2439 alphabetici.

1272 2521 1434 2612 DE
1495 2519 1823 2612 VIRIS
1893 2519 2703 2612 ILLUSTRIBUS
2776 2520 2970 2613 SUI
3031 2519 3680 2614 TEMPORIS.

1750 2697 1937 2768 (Apud
1971 2697 2211 2752 MABILL.
2243 2697 2483 2751 Analect.
2519 2714 2646 2752 nov.
2679 2698 2844 2764 edit.,
2877 2713 3003 2770 pag.
3041 2698 3188 2770 382.)

2207 2982 2756 3070 MONITUM
2809 3099 2816 3106 ί

855 3161 1170 3216 Armonica:
1201 3159 1488 3215 facultatis
1523 3159 1810 3231 aspirante
1835 3159 2040 3230 gratia,

787 3251 987 3306 Refero
1017 3250 1167 3304 viros
1187 3248 1464 3311 illustres,
1496 3247 1820 3302 litterarum
1851 3246 2094 3308 lumina,

787 3341 940 3404 Quos
973 3337 1183 3393 recenti
1217 3338 1552 3392 recordatur
1581 3353 1747 3391 mens
1779 3335 1975 3390 dolore
2008 3334 2221 3390 saucia.

857 3426 1088 3482 Bestiali
1120 3426 1343 3481 feritate
1373 3441 1530 3480 mors
1561 3425 1768 3479 acerba
1788 3424 2030 3479 smviens

785 3516 848 3571 In
880 3513 1174 3570 scholares
1199 3515 1430 3569 efferata
1459 3517 1736 3583 tanquam
1771 3511 1857 3566 leo
1889 3511 2148 3582 rugiens,

785 3603 1007 3658 Passim
1036 3602 1195 3657 dedit
1225 3609 1448 3673 strages
1479 3601 1601 3655 dire
1631 3599 1943 3671 plusquam
1975 3617 2071 3654 aer
2117 3599 2411 3670 pestilens.

853 3693 1188 3747 Carnotenae
1219 3691 1393 3745 decus
1425 3689 1587 3743 urbis
1617 3688 1993 3742 memorande
2023 3687 2298 3758 pontifex,

781 3780 858 3834 Te
885 3779 1160 3851 primum,
1195 3779 1362 3834 Pater
1392 3775 1679 3842 Fulberte,
1711 3775 1848 3829 dum
1883 3779 1936 3830 te
1972 3791 2148 3830 conor
2204 3775 2409 3844 dicere,

783 3868 951 3938 Fugit
979 3883 1190 3932 sermo,
1224 3881 1322 3920 cor
1349 3863 1637 3936 liquescit,
1673 3864 2085 3918 recrudescunt
2125 3862 2410 3935 lacrymaz.

851 3955 1215 4028 Deploranda
1243 3952 1585 4025 singillatim
1620 3951 1804 4006 multa
1861 3952 2093 4023 quidem
2149 3952 2409 4017 memini,

781 4044 987 4116 Utpote
1017 4043 1306 4098 convictor
1335 4041 1491 4096 senis
1522 4040 1743 4094 haerens
1764 4056 1912 4110 saepe
1941 4040 2127 4108 lateri,

777 4132 929 4186 Aure
961 4130 1163 4185 bibens
1195 4130 1312 4184 oris
1343 4129 1558 4183 fontem
1590 4143 1832 4182 aureum
1863 4127 2146 4183 melliﬂui.

851 4219 1004 4273 Eheu
1033 4219 1045 4272 l
1081 4221 1300 4289 quanta
1329 4217 1610 4288 dignitate
1639 4214 1877 4271 moralis
1907 4215 2230 4283 industriae,

780 4309 1007 4374 Quanta
1036 4321 1226 4361 rerum
1260 4305 1557 4377 gravitate,
1589 4304 1894 4359 verborum
1925 4303 2250 4371 dulcedine,

777 4395 1113 4468 Explicabat
1142 4393 1360 4449 altioris
1391 4408 1601 4447 arcana
1630 4391 1922 4447 scientiaz?

847 4484 1116 4540 Floruere
1145 4488 1198 4538 te
1232 4483 1454 4537 fovente
1476 4479 1791 4585 Gallia‘ru‘m
1824 4480 2037 4585 studia,
2437 4519 2479 4585 Ο

776 4575 861 4629 Tu
895 4573 1107 4639 divina,
1141 4576 1200 4626 tu
1233 4571 1491 4625 humana
1521 4553 1820 4624 excolebas
1849 4568 2140 4638 dogmata,

773 4661 1082 4734 Nunquam
1113 4677 1323 4732 passus
1353 4657 1648 4712 obscurari
1673 4655 1946 4710 virtutem
1979 4655 2218 4712 desidia.

843 4751 1066 4824 Gurges
1096 4751 1249 4805 altus
1280 4751 1342 4802 ut
1371 4746 1621 4800 minores
1653 4743 1895 4800 solvitur
1925 4744 1982 4798 in
2010 4743 2220 4815 alveos,

777 4839 962 4909 thue
993 4853 1242 4909 magnus
1274 4853 1341 4892 ex
1371 4851 1431 4890 se
1475 4832 1690 4888 multos
1753 4833 1946 4887 fundit
2002 4833 2154 4906 ignis
2214 4835 2406 4891 radios

775 4927 868 4980 Sic
899 4926 1156 4998 insignes
1187 4921 1516 4996 propagasti
1549 4938 1649 4994 per
1680 4921 1907 4976 diversa
1935 4921 2239 4992 plurimos.

843 5014 1188 5080 Hildierum,
1214 5027 1387 5084 quem
1420 5012 1497 5066 Pu
1511 5008 1709 5083 pillam
1742 5025 2078 5082 nuncupare
2108 5009 2285 5076 soliti,

773 5103 934 5172 Quod
969 5101 1215 5174 pusillus
1244 5105 1415 5168 esset,
1449 5099 1567 5154 imo
1601 5097 1950 5168 perspicacis
1980 5098 2182 5154 animi.

771 5197 1116 5250 Caeterorum
1145 5190 1413 5263 princeps
1444 5193 1616 5258 atque
1657 5185 2091 5257 communiceps
2150 5187 2402 5257 praesuli.

845 5284 900 5337 Is
933 5281 1278 5353 magistrum
1311 5276 1593 5332 referebat
1615 5271 1797 5336 vultu,
1827 5288 1982 5338 voce,
2006 5274 2296 5330 moribus:

772 5371 1136 5444 Hippocratis
1167 5371 1349 5422 artem
1391 5365 1648 5435 jungens
1705 5359 1956 5416 Socratis
2013 5363 2404 5432 sermonibus,

849 5537 925 5605 (5)
955 5536 1111 5599 Quod
1145 5535 1214 5588 ad
1242 5531 1552 5605 essentiam
1585 5525 1778 5605 gratiae
1822 5525 2197 5605 ju‘stificantis
2228 5529 2406 5605 _d_un-

777 5593 934 5666 taiat
963 5593 1184 5676 attinet,
1203 5619 1320 5662 non
1341 5617 1454 5678 quo
1471 5599 1544 5658 ad
1563 5593 1707 5654 alias
1728 5593 2054 5654 excellentis
2073 5600 2201 5672 ejus
2223 5597 2409 5658 felicis

2449 3161 2494 3224 Β
2527 3157 2638 3212 Nec
2671 3158 2866 3213 minus
2901 3159 3274 3230 Pythagoreis
3307 3159 3647 3232 indulgebat
3679 3161 3915 3217 fidibus.

2601 3245 2889 3302 Charitate
2917 3247 3052 3318 Sigo
3085 3251 3279 3303 noster
3308 3247 3514 3320 plenus
3545 3253 3718 3320 atque
3748 3251 3966 3322 gratia,

2535 3333 2716 3388 Multa
2751 3335 3011 3406 praebens
3043 3351 3158 3400 ore,
3193 3353 3370 3390 manu
3402 3337 3638 3394 advenis
3667 3337 3903 3406 solatia,

2529 3421 2854 3493 Singularis
2885 3423 3140 3494 organali
3173 3424 3450 3495 regnabat
3479 3425 3537 3479 in
3567 3425 3811 3482 musica.

2601 3512 2937 3566 Lambertus
2985 3511 3362 3578 Parisiacum,
3405 3513 3790 3585 Engelbertus
3848 3515 4184 3584 Genabum,

2525 3598 2896 3670 Occupabant
2927 3599 3244 3654 lectionum
3276 3599 3391 3655 otio
3425 3599 3739 3670 venalium,

2523 3685 2818 3748 Qumstum
2853 3687 2922 3742 de
2951 3688 3102 3760 pube
3138 3689 3488 3744 Francorum
3521 3693 3825 3762 captantes
3850 3709 3976 3754 non
4003 3695 4163 3752 modi

4023 3799 4180 3840 cum.

4023 3799 4180 3840 cum.

2593 3863 2818 3917 Martini
2849 3879 3078 3935 quoque
3103 3863 3416 3930 concivem,
3437 3867 3536 3920 sed
3559 3883 3672 3922 non
3696 3885 3861 3940 aeque
3889 3784 4184 3940 soblrium,

2521 3951 2771 4022 Dignum
2803 3952 2950 4006 duco
2979 3957 3298 4007 memoratu
3325 3953 3683 4010 Rainaldum
3718 3957 4122 4028 Turonicum,

2519 4040 2856 4110 Promptum
2880 4039 3100 4112 lingua,
3125 4039 3270 4113 stylo
3293 4040 3541 4114 largum,
3557 4042 3850 4100 valentem
3873 4063 4178 4119 gramma-

3967 4135 4176 4192 ticum.

2586 4215 2698 4269 Nec
2731 4220 2849 4284 tua,
2883 4215 3426 4285 Girarde-Gilberte,
3461 4218 3742 4274 fraudabo
3775 4133 4000 4280 nauigat.

2517 4303 2768 4375 Ligerim
2800 4304 3010 4358 flavum
3045 4305 3296 4360 revisens
3345 4306 3414 4360 ab
3471 4307 3726 4363 Jordane
3781 4313 3842 4364 et
3905 4311 4170 4386 Solyma,

2518 4391 2791 4446 Occidisti
2823 4396 3056 4463 propter
3081 4391 3303 4448 Mosam
3334 4393 3444 4448 sub
3464 4394 3712 4456 Virduni
3746 4399 3995 4456 maenia.

2588 4479 2630 4533 Ο
2662 4485 2717 4534 et
2745 4483 2799 4534 te
2823 4479 2946 4534 dira
2979 4480 3220 4552 peremit
3249 4481 3588 4537 aemulorum
3621 4483 3818 4553 factio,

2519 4567 2830 4639 Postquam
2861 4567 3078 4623 missus
3109 4585 3169 4622 es
3193 4569 3511 4641 EurOpeam
3535 4572 3920 4645 perﬂagranti
3947 4578 4162 4644 studio,

2517 4655 2755 4711 Scholas
2787 4653 3002 4710 multas
3033 4655 3320 4727 expilasti,
3355 4657 3603 4714 Waltere
3635 4659 4014 4732 Burgundio.

2585 4743 2732 4798 Proh
2755 4743 2832 4798 lsi
2857 4761 3153 4816 nunquam
3181 4747 3483 4802 revertisse
3497 4748 3568 4802 ad
3593 4749 3735 4803 lines
3756 4749 4174 4826 Allobrogum,

2516 4835 2740 4897 Quanta
2769 4849 2922 4887 nunc
2948 4833 3290 4888 auctoritate
3319 4834 3616 4890 decorares
3648 4837 3890 4895 Latium
3919 4841 3932 4896 !

2516 4925 2733 4976 Docens
2761 4921 3042 4994 quidquid
3075 4922 3337 4978 revexisti
3379 4925 3449 4978 ab
3499 4923 3683 4980 hortis
3743 4927 4168 5002 Hesperidum.

2585 5007 2724 5070 Quis
2756 5025 2814 5063 se
2846 5009 3100 5074 tandem,
3135 5027 3297 5065 sacer
3327 5011 3496 5066 heros
3528 5012 3625 5084 (ὃ),
3659 5014 3804 5071 satis
3855 5034 4016 5092 saepe
4075 5020 4168 5076 ﬂe-

3995 5105 4170 5164 verit?

2514 5183 2692 5254 Cujus
2721 5183 2829 5239 hos
2858 5189 2912 5239 et
2942 5184 3155 5240 multos
3187 5185 3382 5258 plures
3414 5189 3646 5244 ofﬁcina
3673 5113 3992 5264 protulit,[

2516 5273 2770 5337 Quorum
2803 5273 3049 5344 quisque
3079 5291 3192 5346 prae
3223 5293 3284 5330 se
3312 5275 3464 5342 tulit,
3498 5279 3653 5348 quod
3680 5283 3736 5334 te
3765 5297 3926 5338 usus
3973 5283 4161 5342 fuerit.

2587 5359 2984 5431 Raginbaldus
3014 5363 3420 5435 Aggrippinas,
3455 5365 3540 5420 vir
3569 5369 3779 5438 potens
3807 5370 4079 5446 ingenio,

2518 5527 3063 5598 statusdqualitates.

2587 5597 2662 5670 (6)
2693 5595 2976 5656 Fulberte.
