4630 6370
483 449 640 516 “97
750 442 766 459 ’
1712 455 2076 520 RHYTHMI
2120 458 2678 526 ALPHABETICI.
3733 459 3887 535 “98

484 585 776 644 Barbarae
799 601 971 643 aures
997 585 1202 644 Latino
1228 590 1560 660 temperans
1591 587 1841 662 eloquio,
2163 598 2214 664 Α
2241 593 2400 649 Sicut
2432 593 2490 650 hi
2517 612 2664 668 quos
2691 596 2963 668 erudivit,
2996 597 3141 658 satis
3161 599 3389 676 pollent
3416 600 3611 660 hodie.

482 676 670 766 Notus
702 692 866 733 arces
897 678 967 732 ad
1001 681 1290 733 Romanas
1324 679 1394 733 ab
1429 695 1612 749 usque
1643 696 1876 735 oceano.
2312 683 2683 756 Xerapelinos
2713 693 2956 744 ornatus
2989 706 3123 746 cum
3158 691 3362 764 paucis
3386 691 3705 766 jugeribus

553 765 714 822 Situs
745 772 833 821 est
863 768 919 820 in
953 767 1093 821 urbe
1125 772 1323 822 nostra
1355 767 1561 838 longus
1595 768 1805 840 hospes
1839 770 2027 842 Legia,
2241 771 2455 826 Priesul
2487 774 2672 829 durus
2705 775 3055 848 denegarat;
3090 783 3151 834 at
3173 785 3234 835 tu
3261 765 3488 838 Mettim
3521 781 3827 855 profugus,

483 855 662 928 Legia
693 872 1038 926 magnarum
1068 857 1364 927 quondam
1397 859 1608 912 artium
1643 859 1936 913 nutricula
2243 860 2455 916 Multas
2487 862 2604 916 illic
2636 880 2772 934 opes
2807 872 3036 935 nactus,
3058 870 3314 939 Warine,
3350 887 3412 926 es
3443 875 3501 926 et
3531 871 3806 928 conditus

479 945 603 1000 Sub
636 945 947 1014 Wathone,
974 946 1199 1017 subque
1231 946 1378 1017 ipso,
1413 949 1581 1017 cujus
1616 953 1752 1002 sunt
1785 948 1902 1002 haec
1935 949 2131 1020 rhyth-
2312 950 2594 1022 Ypogzeis,
2629 958 2684 1006 et
2707 955 2961 1026 antiquis
2993 958 3252 1028 parentis
3281 958 3343 1014 in
3374 961 3599 1032 gremio

1903 1039 2090 1102 [miea.
2241 1036 2625 1104 Dormientes,
2659 1043 2946 1098 excitandi
2977 1060 3150 1102 mane
3179 1047 3384 1103 mundi
3416 1047 3647 1117 ultimo,

553 1123 694 1179 Tres
725 1123 890 1189 mihi,
917 1124 1190 1189 Camena,
1217 1125 1370 1178 cives
1396 1141 1653 1179 memora
1685 1126 1754 1180 de
1781 1125 2072 1197 pluribus,
2241 1130 2386 1182 Pace
2415 1133 2630 1184 aeterna
2660 1131 3035 1201 perfruantur
3061 1139 3138 1200 te,
3167 1135 3411 1205 Christe,
3444 1138 3714 1211 propitio,

479 1211 2128 1286 Illum,proculquemexstinctum'l‘ransalpinislcbribus
2311 1214 2440 1270 Zelo
2470 1217 2675 1287 grandi
2709 1235 2806 1272 cor
2835 1236 3116 1277 accensus
3147 1239 3250 1294 pro
3279 1224 3588 1280 charorum
3618 1227 3820 1284 funere

479 1305 706 1374 Lugent
735 1307 911 1367 artes,
945 1302 1144 1374 lugent
1173 1303 1345 1358 urbes
1379 1321 1510 1357 cum
1541 1305 1664 1357 suis
1695 1305 2061 1375 primatibus.
2237 1304 2638 1361 Adelmannus
2670 1307 2788 1361 hrec
2820 1309 3068 1365 deﬂebat
3096 1310 3155 1366 in
3187 1313 3408 1369 Nemeti
3441 1313 3650 1384 littore,

549 1390 656 1445 Vix
689 1392 975 1446 amissum
1009 1409 1406 1462 quereremur,
1438 1393 1645 1447 Uilulfo
1680 1394 2017 1463 superstite,
2236 1395 2383 1451 Suos
2415 1392 2542 1467 ipse
2572 1394 2724 1451 idem
2758 1395 2874 1453 illic
2903 1397 3226 1456 observans
3257 1402 3533 1474 quotidie.

474 1478 1107 1553 Alestanum,quantus
1127 1486 1249 1536 erat
1271 1481 1476 1536 veteris
1496 1483 1557 1552 [Γ.
1585 1486 1716 1536 uter
1738 1482 1808 1554 is}
1843 1482 2120 1550 scientias,

1760 1885 2604 1980 ADNOTATIO.

539 2139 655 2197 Hos
690 2137 954 2211 rhytmos
983 2152 1050 2193 ex
1081 2152 1191 2191 ms.
1226 2135 1422 2192 codice
1444 2135 1850 2193 Gemblacensi
1889 2141 2095 2210 rogatu
2131 2154 2261 2194 meo
2291 2138 2604 2211 descripsit
2632 2137 2940 2212 religiosus
2969 2139 3057 2198 vir
3087 2140 3334 2200 Michael
3363 2141 3707 2220 Delmerius,
3725 2149 3878 2222 ejus-

467 2231 600 2286 dem
633 2225 972 2284 monasterii
1000 2225 1499 2290 bibliothecarius,
1525 2227 1623 2298 qui
1657 2244 1895 2299 operam
1932 2227 2076 2282 mihi
2105 2245 2272 2282 suam
2298 2227 2356 2283 in
2385 2227 2588 2284 multis
2645 2227 2775 2286 aliis
2825 2228 3143 2286 liberaliter
3196 2231 3482 2306 inpendit.
3521 2233 3664 2300 Quis
3701 2237 3877 2296 fuerit

466 2318 867 2375 Adelmannus
901 2315 1142 2370 istorum
1176 2332 1448 2371 versuum
1484 2321 1882 2383 auctor,nemo
1900 2317 2164 2372 eruditus
2196 2318 2442 2389 ignorat.
2463 2318 2680 2390 Nempe
2700 2317 2796 2373 ille
2826 2319 2950 2391 ipse
2975 2322 3408 2394 estBerengarii
3437 2323 3874 2399 condiscipulus

466 2410 579 2466 sub
611 2407 882 2465 Fulberto
909 2405 1246 2462 Carnotcnsi
1273 2407 1562 2478 episcopo,
1585 2411 1995 2476 grammaticus,
2021 2415 2158 2462 elex
2176 2409 2370 2462 clerico
2391 2407 2672 2463 Leodicnsi
2711 2409 3017 2464 Brixiensis
3057 2411 3355 2483 episcopus,
3392 2415 3536 2468 teste
3575 2413 3876 2487 Sigeberto

465 2501 524 2556 in
556 2499 657 2554 lib.
695 2501 771 2553 De
801 2496 1184 2568 scriptoribus
1214 2495 1642 2562 ecclesiasticis,
1670 2514 1795 2568 cap.
1837 2499 1955 2562 153,
1984 2497 2079 2550 ubi
2111 2502 2350 2551 vocatur
2380 2499 2723 2561 ALMANNUS,
2756 2497 2858 2569 qui
2891 2499 3040 2554 duas
3069 2498 3349 2571 epistolas
3380 2499 3456 2556 De
3475 2502 3718 2560 veritate
3749 2521 3879 2562 cor-

468 2588 627 2662 poris
658 2585 870 2641 Christi
895 2584 1124 2640 Domini
1153 2585 1207 2638 in
1236 2585 1619 2650 Eucharistia,
1643 2603 1820 2639 unam
1847 2587 1915 2640 ad
1952 2585 2392 2657 Berengarium,
2432 2585 2672 2640 alteram
2723 2586 2794 2641 ad
2827 2585 3070 2642 Paulum
3104 2587 3502 2660 primicerium
3536 2590 3876 2664 Metensem,

466 2676 720 2749 scripsit.
740 2675 800 2728 ln
834 2672 1149 2746 exemplari
1175 2673 1599 2740 Gen-iblaccnsi,
1625 2674 1754 2729 istis
1788 2675 2078 2746 rhythmis
2102 2675 2534 2746 praemittuntur
2567 2675 2688 2729 haec
2709 2675 2882 2730 verba
2909 2692 2972 2729 τα
2992 2675 3156 2731 Mitto
3185 2675 3361 2732 etiam
3384 2677 3486 2732 tibi
3511 2677 3876 2751 rhythmicos

463 2764 780 2823 versiculos
802 2764 972 2834 juxta
993 2763 1255 2817 ordinem
1290 2763 1580 2835 alphabcti
1614 2764 1888 2835 digestos,
1924 2781 2068 2835 quos
2103 2770 2236 2818 ante
2267 2781 2451 2818 annos
2476 2763 2716 2834 aliquot,
2750 2779 2885 2818 cum
2913 2763 3106 2820 adhuc
3148 2765 3344 2820 Leodii
3395 2782 3609 2840 essem,
3650 2785 3744 2824 me
3795 2770 3870 2827 ad

467 2855 687 2911 amicos
717 2853 1005 2925 quosdam
1039 2869 1220 2915 meos,
1255 2869 1505 2923 quorum
1538 2853 1733 2925 plures
1767 2854 1888 2925 ipse
1922 2870 2184 2921 noveras,
2219 2852 2610 2908 lamentaliter
2639 2857 2974 2908 recensente
3004 2853 3360 2926 compositos
3380 2855 3566 2927 reperi
3597 2873 3786 2930 nuper
3813 2862 3873 2916 et

465 2945 640 3000 edidi.
679 2965 706 2992 »
738 2943 873 3007 Quae
904 2941 1077 2995 verba
1109 2946 1249 2995 sunt
1273 2941 1612 2996 Adelmanni
1649 2941 1754 2996 hos
1787 2959 1989 2996 versus
2021 2943 2308 2997 mittentis
2332 2943 2400 2998 ad
2423 2941 2857 3014 Berengarium,
2882 2942 2952 2996 de
2970 2943 3160 3014 quoin
3183 2943 3298 2999 {ine
3318 2943 3728 3016 rhythmorum
3748 2947 3873 3006 hac

462 3034 770 3107 leguntur:
808 3034 1132 3084 Rssrosnrr
1174 3030 1613 3085 Bsnsxmaws:
1647 3032 1901 3086 Nascitur
1925 3031 2190 3085 ridiculus
2223 3048 2359 3084 mus.
2396 3031 2502 3094 Qui
2535 3029 2923 3103 Berengarius
2952 3030 3342 3087 Adelmanum
3365 3032 3584 3090 ironice
3631 3037 3875 3093 AULUM-

464 3123 728 3179 Maurum
761 3134 964 3174 vocare
987 3117 1194 3173 solitus
1227 3122 1368 3186 erat,
1403 3123 1464 3173 ut
1497 3119 1711 3174 ibidem
1745 3119 2038 3174 subditur.
2066 3120 2245 3176 Multa
2267 3119 2324 3174 in
2355 3119 2464 3177 hos
2494 3137 2698 3176 versus
2731 3119 2986 3175 notanda
3021 3119 3231 3187 forent,
3265 3121 3366 3178 sed
3389 3125 3621 3179 tantum
3668 3140 3737 3183 ea
3773 3126 3876 3184 ob-

462 3227 627 3269 servo
660 3226 786 3280 qua:
820 3207 963 3262 mihi
997 3205 1166 3262 obvia
1189 3213 1346 3262 sunt.
2902 3221 2917 3231 .
3486 3275 3490 3280 .

532 3299 620 3354 Ad
653 3297 908 3353 litteram
937 3296 981 3351 Κ
1013 3294 1288 3350 laudatur
1305 3296 1649 3366 Sigo,abbas
1682 3297 1901 3352 scilicet
1934 3297 2271 3352 monasterii
2293 3296 2487 3352 Sancti
2509 3295 2781 3352 Florentii
2803 3296 3219 3354 Salmuriensis
3251 3299 3322 3354 ad
3357 3298 3630 3371 Ligerim,
3652 3301 3744 3356 vir
3759 3317 3867 3358 suo

456 3395 722 3460 tempore
751 3384 1115 3441 clarissimus
1146 3402 1158 3446 ;
1193 3384 1364 3456 cujus
1394 3383 1634 3455 aequalis
1669 3385 1774 3438 fuit
1806 3385 2147 3453 Rainaldus,
2179 3384 2477 3440 Turonicae
2535 3384 2728 3441 Sancti
2786 3385 3018 3442 Martini
3076 3385 3329 3442 ecclesiae
3359 3385 3720 3446 archiclavus
3759 3405 3862 3446 seu

455 3483 679 3545 custos,
711 3476 782 3531 de
813 3491 926 3547 quo
948 3473 1040 3528 hic
1075 3474 1290 3528 mentio
1324 3474 1386 3527 tit
1409 3475 1477 3527 ad
1509 3473 1760 3528 litteram
1791 3474 1862 3528 Μ.

525 3564 777 3637 Stropha
798 3562 1085 3636 incipiens
1117 3579 1151 3616 a
1182 3562 1374 3617 littera
1404 3562 1473 3628 Ν,
1508 3565 1787 3618 meudosa
1812 3568 2051 3634 apparet
2080 3561 2140 3618 in
2199 3561 2389 3634 primo
2449 3577 2618 3616 versu
2645 3579 2658 3618 :
2708 3563 2810 3618 Nec
2863 3565 2983 3630 tua,
3015 3560 3528 3632 Girardc-Gilberte,
3587 3564 3858 3635 fraudabo

450 3657 659 3719 munia,
689 3653 1034 3722 videturque
1066 3651 1441 3722 lengendum.
1475 3652 1579 3705 Nec
1606 3656 1722 3716 tua,
1762 3652 1992 3706 Girarde
2015 3653 2221 3722 glaber,
2257 3656 2308 3706 lc
2334 3649 2603 3722 fraudabo
2633 3653 2836 3706 mnia.

524 3743 610 3800 Ad
640 3741 897 3797 litteram
920 3740 957 3795 S
989 3738 1182 3811 agitur
1209 3739 1622 3809 de,Wathonc,
1656 3741 1766 3795 sub
1799 3757 1912 3812 quo
1946 3743 2104 3811 Legio
2131 3757 2457 3811 magnarum
2485 3741 2690 3794 artium
2744 3739 3025 3795 nutricula
3080 3739 3350 3796 floruisse
3393 3740 3630 3812 dicitur,
3660 3744 3868 3816 subque

451 3837 593 3906 ipso,
625 3832 782 3903 cujus
802 3837 928 3885 sunt
955 3834 1073 3886 Im:
1103 3828 1431 3900 rhythmica.
1457 3830 1535 3884 Ex
1558 3830 1775 3900 quibus
1799 3829 2082 3884 discimus
2097 3827 2527 3884 Adelmannum
2556 3827 2735 3884 fuisse
2758 3826 3173 3884 scholasticum
3196 3842 3298 3884 seu
3323 3829 3661 3900 praefectum
3693 3831 3865 3888 scho-

456 3922 530 3978 lis
559 3920 620 3976 in
651 3920 793 3975 urbe
815 3916 1141 3983 Leodiensi,
1167 3917 1387 3973 scilicet
1410 3923 1541 3990 post
1565 3922 1892 3989 Watonem,
1919 3919 2016 3990 qui
2040 3923 2212 3976 Waso
2245 3918 2461 3973 dicitur
2491 3918 2562 3973 ab
2583 3917 2855 3972 Anselmo
2885 3917 3160 3973 canonico
3183 3915 3504 3985 Leodiensi,
3527 3918 3698 3990 cujus
3744 3919 3866 3976 hac

451 4009 633 4066 verba
653 4008 710 4063 in
742 4007 843 4063 lib.
877 4006 1258 4080 Deepiscopis
1290 4007 1729 4071 Leodiensibus,
1758 4025 1882 4080 cap.
1917 4009 1984 4062 84
2020 4025 2032 4063 :
2067 4029 2094 4056 «ι
2121 4005 2223 4062 Hic
2245 4006 2550 4078 (nimirum
2575 4008 2776 4074 Waso)
2797 4003 3052 4078 primum
3083 4006 3193 4061 sub
3223 4005 3474 4079 Notgaro
3507 4007 3752 4080 praesule
3782 4025 3872 4065 ca-

453 4097 728 4174 pellanus
752 4097 1028 4162 existens,
1061 4101 1263 4169 postea
1295 4097 1366 4151 ab
1388 4098 1589 4152 eodem
1623 4097 1957 4153 scholarum
1989 4097 2241 4151 donatur
2271 4096 2572 4167 magistro.
2599 4118 2626 4144 »
2657 4094 2983 4152 Chronicon
3015 4094 3333 4152 Leodiense
3365 4097 3520 4169 apud
3569 4097 3870 4154 Labbeum

455 4189 520 4244 in
550 4184 919 4243 Bibliotheca:
944 4201 1102 4240 novae
1127 4190 1284 4240 torno
1307 4185 1328 4240 Ι
1352 4185 1471 4240 haec
1492 4185 1668 4242 habet
1693 4203 1706 4240 :
1730 4191 1887 4242 Anno
1917 4185 2039 4242 1041
2068 4186 2202 4241 obiit
2223 4184 2545 4252 Hilhardus,
2596 4185 2831 4240 succedit
2858 4185 3066 4252 Wallo;
3107 4185 3278 4256 cujus
3331 4185 3530 4242 obitus
3579 4187 3878 4260 reponitur

456 4291 614 4333 anno
634 4274 792 4331 4048.
827 4273 932 4330 Ubi
955 4273 1118 4330 vides
1151 4277 1457 4329 Watonem
1493 4292 1604 4329 non
1629 4274 1808 4330 alium
1841 4291 1964 4330 esse
1991 4291 2025 4329 a
2051 4273 2326 4339 Wasone,
2354 4273 2438 4329 uti
2459 4273 2674 4346 legitur
2698 4275 2853 4346 apud
2876 4273 3246 4343 Anselmum,
3281 4275 3384 4348 qui
3435 4291 3538 4347 pro
3587 4274 3868 4334 Hithardo

455 4362 789 4422 Nahardum
817 4361 1040 4418 scribit.
1065 4363 1233 4434 Ergo,
1259 4367 1325 4417 ut
1345 4362 1617 4434 superius
1639 4364 1914 4434 praefatus
1935 4380 2088 4432 sum,
2113 4361 2515 4419 Adelmannus
2541 4361 2757 4418 scholis
2780 4361 3239 4418 Leodicensibus
3259 4363 3568 4436 praefectus
3590 4368 3700 4434 est,
3725 4363 3876 4436 quod

459 4469 634 4510 nemo
664 4452 966 4519 hactenus,
993 4451 1051 4506 ni
1081 4451 1266 4519 fallor,
1302 4451 1645 4507 observavit.
3553 4497 3560 4504 ,

534 4541 662 4599 Sub
691 4540 885 4597 littera
912 4540 958 4597 Χ
983 4541 1177 4614 agitur
1208 4541 1278 4597 de
1311 4541 1569 4608 Warino,
1595 4541 1695 4614 qui
1719 4542 1946 4597 videtur
1970 4542 2148 4597 fuisse
2171 4541 2414 4598 clericus
2451 4541 2800 4611 Leodiensis,
2826 4544 2950 4596 tum
2979 4537 3305 4596 monachus
3347 4539 3407 4595 in
3447 4540 3710 4596 cmnobio
3738 4541 3875 4597 Gor-

457 4629 669 4699 zienci,
698 4629 1055 4702 domumque
1079 4630 1261 4685 abbas
1285 4630 1342 4686 in
1365 4631 1607 4686 Metensi
1667 4631 1948 4687 asceterio
1995 4632 2191 4687 Sancti
2227 4630 2466 4698 Arnulﬁ,
2501 4635 2565 4686 ut
2595 4635 2755 4704 patet
2779 4645 2846 4686 ex
2866 4628 3052 4701 ipsius
3083 4626 3308 4685 Warini
3355 4627 3621 4701 epistola.
3656 4629 3872 4686 Prwsul

459 4720 560 4776 ille
590 4719 783 4782 dum,
809 4719 910 4792 qui
946 4718 1186 4774 Warino
1214 4721 1563 4791 xerapelinos
1595 4725 1820 4775 ornatus
1849 4738 1973 4775 cum
2002 4722 2190 4791 paucis
2219 4721 2499 4790 iugeribus
2531 4719 2855 4792 reposcenti
2889 4719 3206 4792 denegasse
3236 4717 3331 4773 his
3353 4721 3737 4785 memoratur,
3755 4717 3874 4773 Du-

454 4808 682 4866 rendus
714 4811 804 4864 est
831 4807 1172 4864 Leodiensis
1203 4808 1534 4880 episcopus,
1569 4810 1740 4880 cujus
1773 4826 1984 4865 nomen
2004 4810 2157 4866 inter
2180 4809 2395 4864 lineam
2428 4808 2748 4881 ascriptum
2771 4807 2932 4864 estin
2953 4806 3148 4862 codice
3169 4823 3282 4862 ms.
3311 4810 3456 4879 Ergo
3481 4805 3578 4862 hic
3595 4807 3876 4864 Warinus

462 4915 497 4954 α
527 4895 808 4953 Durando
829 4896 1164 4952 Leodicensi
1199 4897 1470 4969 episcopo
1505 4899 1911 4971 paucajugcra
1934 4898 2043 4953 sibi
2070 4897 2194 4954 dari
2217 4897 2464 4970 petierat
2481 4914 2614 4952 cum
2640 4895 2835 4968 aliqua
2857 4897 2915 4952 in
2939 4893 3549 4954 LeodicensiEcclesia
3569 4895 3878 4970 dignitate,

461 4989 565 5043 aut
597 5001 717 5059 qua
747 4984 883 5054 alia,
913 4986 1083 5058 cujus
1113 4986 1342 5058 insigne
1373 4992 1495 5041 erat
1528 4988 1706 5043 vestis
1728 4987 2292 5060 xerampelina.0uze
2316 5003 2448 5040 cum
2482 4987 2666 5041 durus
2691 4984 2935 5040 antistes
2953 4984 3193 5040 Warino
3214 4985 3883 5056 negavisset,illeiratus

462 5073 620 5131 clam
650 5073 973 5130 Metensem
1007 5075 1066 5131 in
1089 5075 1295 5130 urbem
1319 5074 1487 5147 fugit,
1509 5075 1608 5130 ubi
1630 5093 1764 5131 cum
1789 5077 2098 5132 abbatiaS.
2117 5075 2345 5130 Arnulﬁ
2377 5074 2595 5130 multas
2621 5091 2760 5146 opes
2790 5079 3040 5130 nanctus
3055 5078 3166 5131 est.
3188 5073 3632 5146 Xerampelinos
3648 5081 3890 5133 ornatus

465 5162 907 5219 Gemblacensis
960 5164 1137 5220 codex
1196 5165 1276 5219 ita
1326 5164 1780 5236 interpretatur:
1835 5188 1863 5216 «
1895 5165 2251 5238 Xerapelinae
2302 5169 2492 5220 vestes
2521 5164 2798 5219 dicuntur
2816 5168 3037 5220 veteres
3067 5168 3124 5220 et
3162 5163 3470 5236 prasiccaz,
3505 5164 3885 5238 pampineum

461 5251 754 5308 habentes
783 5251 1035 5309 colorem
1063 5270 1076 5320 ;
1109 5257 1167 5309 et
1190 5257 1491 5326 ponuntur
1521 5253 1627 5308 hoc
1660 5254 1785 5310 loco
1816 5271 1919 5326 pro
1953 5254 2409 5326 quibusqunque
2440 5253 2697 5326 antiquis
2725 5253 3010 5310 vestibus.
3047 5275 3068 5302 ι
3101 5253 3236 5317 Quae
3281 5251 3682 5325 interpretatio
3711 5253 3880 5308 docet

463 5357 574 5400 no
607 5338 718 5397 hoc
747 5339 873 5397 loco
903 5339 1215 5414 legendum
1243 5344 1650 5414 xerampelinas
1705 5347 1949 5399 ornatus.
1983 5344 2119 5408 Quae
2174 5359 2284 5398 vox
2333 5342 2529 5398 Grazca
2566 5358 2635 5398 ex
2690 5341 2924 5398 duabus
2981 5341 3307 5414 composita
3335 5344 3442 5410 est,
3473 5340 3695 5396 scilicet
3721 5339 3881 5403 ξηρὸς,

465 5446 598 5504 qua
651 5430 876 5486 aridum
922 5433 1214 5497 siccumvc,
1275 5435 1333 5488 et
1386 5432 1623 5494 ἄμπελος,
1695 5449 1822 5503 quae
1906 5433 2122 5486 vz'ueam
2209 5431 2516 5504 signiﬁcat.
2607 5429 2806 5502 Itaque
2883 5431 3257 5504 xerampelini
3335 5433 3562 5486 ornatu:
3605 5425 3882 5484 dicuntur

460 5521 658 5576 veste
689 5519 952 5592 pampini
975 5519 1135 5589 sicci,
1169 5519 1420 5576 colorem
1453 5520 1552 5593 qui
1583 5519 1740 5576 color
1769 5520 1931 5576 siccae
1963 5536 2106 5575 roszs
2140 5520 2358 5576 dicitur
2387 5517 2704 5588 imitantes,
2727 5522 2794 5574 ut
2823 5519 2933 5574 viri
2965 5519 3119 5576 docti
3153 5519 3210 5574 in
3232 5515 3567 5574 Juvelanem
3603 5515 3880 5574 observa-
3976 5548 3987 5554 -

461 5611 626 5666 runt.
