  <div class='ocr_page' id='page_1' title='image "/cluster/home/n/w/nwhite01/storage/ocr_20150623/142-143/uc1.31175018423130/139.png"; bbox 0 0 3922 6418; ppageno 0'>
   <div class='ocr_carea' id='block_1_1' title="bbox 355 379 3784 460">
    <p class='ocr_par' dir='ltr' id='par_1_1' title="bbox 355 379 3784 460">
     <span class='ocr_line' id='line_1_1' title="bbox 355 379 3784 460; baseline 0.001 -17"><span class='ocrx_word' id='word_1_1' title='bbox 355 383 476 444; x_wconf 69' lang='lat'><strong>9.63</strong></span> <span class='ocrx_word' id='word_1_2' title='bbox 1270 379 1336 440; x_wconf 90' lang='lat' dir='ltr'><strong>S.</strong></span> <span class='ocrx_word' id='word_1_3' title='bbox 1387 380 1782 442; x_wconf 73' lang='lat' dir='ltr'><strong>BRI&#39;NONIS</strong></span> <span class='ocrx_word' id='word_1_4' title='bbox 1831 379 2448 446; x_wconf 79' lang='lat' dir='ltr'><strong>HERBIPOLENSIS</strong></span> <span class='ocrx_word' id='word_1_5' title='bbox 2493 383 2865 448; x_wconf 84' lang='lat' dir='ltr'><strong>EPISCOPI.</strong></span> <span class='ocrx_word' id='word_1_6' title='bbox 3663 385 3784 460; x_wconf 59' lang='lat' dir='ltr'><strong>26b</strong></span> 
     </span>
    </p>
   </div>
   <div class='ocr_carea' id='block_1_2' title="bbox 359 512 3786 596">
    <p class='ocr_par' dir='ltr' id='par_1_2' title="bbox 359 512 3786 596">
     <span class='ocr_line' id='line_1_2' title="bbox 359 512 3786 596; baseline 0.001 -25"><span class='ocrx_word' id='word_1_7' title='bbox 359 519 518 571; x_wconf 66' lang='lat' dir='ltr'><strong>notut</strong></span> <span class='ocrx_word' id='word_1_8' title='bbox 554 514 918 580; x_wconf 84' lang='lat' dir='ltr'><strong>oblatam,ut</strong></span> <span class='ocrx_word' id='word_1_9' title='bbox 947 512 1026 568; x_wconf 86' lang='lat' dir='ltr'><strong>sit</strong></span> <span class='ocrx_word' id='word_1_10' title='bbox 1053 513 1418 580; x_wconf 85' lang='lat' dir='ltr'><strong>sensus,Deo</strong></span> <span class='ocrx_word' id='word_1_11' title='bbox 1449 513 1560 570; x_wconf 84' lang='lat' dir='ltr'><strong>erit</strong></span> <span class='ocrx_word' id='word_1_12' title='bbox 1587 515 2014 588; x_wconf 84' lang='lat' dir='ltr'><strong>complaeentia</strong></span> <span class='ocrx_word' id='word_1_13' title='bbox 2043 513 2098 584; x_wconf 72' lang='grc' dir='ltr'>Α</span> <span class='ocrx_word' id='word_1_14' title='bbox 2131 515 2246 574; x_wconf 84' lang='grc' dir='ltr'><strong>ΤΤ.</strong></span> <span class='ocrx_word' id='word_1_15' title='bbox 2283 521 2350 574; x_wconf 86' lang='lat' dir='ltr'><strong>In</strong></span> <span class='ocrx_word' id='word_1_16' title='bbox 2375 517 2554 590; x_wconf 77' lang='lat' dir='ltr'><strong>ﬁnem</strong></span> <span class='ocrx_word' id='word_1_17' title='bbox 2585 519 2765 578; x_wconf 76' lang='lat' dir='ltr'><strong>David</strong></span> <span class='ocrx_word' id='word_1_18' title='bbox 2815 521 2878 580; x_wconf 77' lang='lat' dir='ltr'><strong>in</strong></span> <span class='ocrx_word' id='word_1_19' title='bbox 2917 521 3402 578; x_wconf 67' lang='lat' dir='ltr'><strong>remuneratione</strong></span> <span class='ocrx_word' id='word_1_20' title='bbox 3437 527 3578 586; x_wconf 74' lang='grc' dir='ltr'><strong>-ξ-εο</strong></span> <span class='ocrx_word' id='word_1_21' title='bbox 3625 519 3786 596; x_wconf 72' lang='lat' dir='ltr'><strong>quod</strong></span> 
     </span>
    </p>
   </div>
   <div class='ocr_carea' id='block_1_3' title="bbox 357 601 3417 684">
    <p class='ocr_par' dir='ltr' id='par_1_3' title="bbox 357 601 3417 684">
     <span class='ocr_line' id='line_1_3' title="bbox 357 601 3417 684; baseline 0.002 -22"><span class='ocrx_word' id='word_1_22' title='bbox 357 607 426 662; x_wconf 79' lang='lat' dir='ltr'><strong>de</strong></span> <span class='ocrx_word' id='word_1_23' title='bbox 457 603 554 662; x_wconf 84' lang='lat' dir='ltr'><strong>tali</strong></span> <span class='ocrx_word' id='word_1_24' title='bbox 587 602 768 660; x_wconf 84' lang='lat' dir='ltr'><strong>vitulo</strong></span> <span class='ocrx_word' id='word_1_25' title='bbox 799 619 965 670; x_wconf 87' lang='lat' dir='ltr'><strong>novo,</strong></span> <span class='ocrx_word' id='word_1_26' title='bbox 1001 619 1116 658; x_wconf 87' lang='lat' dir='ltr'><strong>non</strong></span> <span class='ocrx_word' id='word_1_27' title='bbox 1163 601 1404 670; x_wconf 79' lang='lat' dir='ltr'><strong>carnali,</strong></span> <span class='ocrx_word' id='word_1_28' title='bbox 1439 603 1542 660; x_wconf 90' lang='lat' dir='ltr'><strong>sed</strong></span> <span class='ocrx_word' id='word_1_29' title='bbox 1589 605 1860 678; x_wconf 81' lang='lat' dir='ltr'><strong>mystico,</strong></span> <span class='ocrx_word' id='word_1_30' title='bbox 1895 623 2012 662; x_wconf 89' lang='lat' dir='ltr'><strong>non</strong></span> <span class='ocrx_word' id='word_1_31' title='bbox 2481 608 2714 664; x_wconf 78' lang='lat' dir='ltr'><strong>solrum</strong></span> <span class='ocrx_word' id='word_1_32' title='bbox 2741 623 2874 666; x_wconf 87' lang='lat' dir='ltr'><strong>eum</strong></span> <span class='ocrx_word' id='word_1_33' title='bbox 2905 609 3050 684; x_wconf 82' lang='lat' dir='ltr'><strong>fecit</strong></span> <span class='ocrx_word' id='word_1_34' title='bbox 3083 609 3364 666; x_wconf 80' lang='lat' dir='ltr'><strong>Dominus</strong></span> <span class='ocrx_word' id='word_1_35' title='bbox 3403 619 3417 674; x_wconf 76' lang='grc' dir='ltr'>ξ</span> 
     </span>
    </p>
   </div>
   <div class='ocr_carea' id='block_1_4' title="bbox 359 692 3786 770">
    <p class='ocr_par' dir='ltr' id='par_1_4' title="bbox 359 692 3786 770">
     <span class='ocr_line' id='line_1_4' title="bbox 359 692 3786 770; baseline 0.002 -24"><span class='ocrx_word' id='word_1_36' title='bbox 359 694 538 750; x_wconf 76' lang='lat' dir='ltr'><strong>veteri</strong></span> <span class='ocrx_word' id='word_1_37' title='bbox 569 692 868 764; x_wconf 76' lang='lat' dir='ltr'><strong>figuranti,</strong></span> <span class='ocrx_word' id='word_1_38' title='bbox 901 692 1004 748; x_wconf 87' lang='lat' dir='ltr'><strong>sed</strong></span> <span class='ocrx_word' id='word_1_39' title='bbox 1037 709 1184 750; x_wconf 90' lang='lat' dir='ltr'><strong>novo</strong></span> <span class='ocrx_word' id='word_1_40' title='bbox 1213 693 1484 764; x_wconf 80' lang='lat' dir='ltr'><strong>ﬁgurato.</strong></span> <span class='ocrx_word' id='word_1_41' title='bbox 2192 695 2234 752; x_wconf 93' lang='lat' dir='ltr'><strong>C</strong></span> <span class='ocrx_word' id='word_1_42' title='bbox 2263 696 2424 752; x_wconf 80' lang='lat' dir='ltr'><strong>Finis</strong></span> <span class='ocrx_word' id='word_1_43' title='bbox 2457 701 2516 754; x_wconf 86' lang='lat' dir='ltr'><strong>et</strong></span> <span class='ocrx_word' id='word_1_44' title='bbox 2547 697 2750 764; x_wconf 88' lang='lat' dir='ltr'><strong>David,</strong></span> <span class='ocrx_word' id='word_1_45' title='bbox 2783 695 3084 754; x_wconf 79' lang='lat' dir='ltr'><strong>Christum</strong></span> <span class='ocrx_word' id='word_1_46' title='bbox 3134 697 3448 770; x_wconf 81' lang='lat' dir='ltr'><strong>signiﬁcat.</strong></span> <span class='ocrx_word' id='word_1_47' title='bbox 3479 701 3546 754; x_wconf 85' lang='lat' dir='ltr'><strong>In</strong></span> <span class='ocrx_word' id='word_1_48' title='bbox 3593 713 3786 754; x_wconf 86' lang='lat' dir='ltr'><strong>reme-</strong></span> 
     </span>
    </p>
   </div>
   <div class='ocr_carea' id='block_1_5' title="bbox 355 779 3788 858">
    <p class='ocr_par' dir='ltr' id='par_1_5' title="bbox 355 779 3788 858">
     <span class='ocr_line' id='line_1_5' title="bbox 355 779 3788 858; baseline 0.001 -18"><span class='ocrx_word' id='word_1_49' title='bbox 355 785 424 840; x_wconf 85' lang='lat'><strong>37</strong></span> <span class='ocrx_word' id='word_1_50' title='bbox 503 783 760 840; x_wconf 72' lang='lat' dir='ltr'><strong>Videant</strong></span> <span class='ocrx_word' id='word_1_51' title='bbox 783 797 1078 855; x_wconf 77' lang='lat' dir='ltr'><strong>pauperes</strong></span> <span class='ocrx_word' id='word_1_52' title='bbox 1093 787 1152 838; x_wconf 83' lang='lat' dir='ltr'><strong>et</strong></span> <span class='ocrx_word' id='word_1_53' title='bbox 1185 779 1454 840; x_wconf 57' lang='lat' dir='ltr'><strong>(dentur</strong></span> <span class='ocrx_word' id='word_1_54' title='bbox 1473 803 1492 838; x_wconf 86' lang='lat'><strong><em>:</em></strong></span> <span class='ocrx_word' id='word_1_55' title='bbox 2123 784 2468 852; x_wconf 80' lang='lat' dir='ltr'><strong>moratione,</strong></span> <span class='ocrx_word' id='word_1_56' title='bbox 2493 802 2660 858; x_wconf 89' lang='lat' dir='ltr'><strong>spem</strong></span> <span class='ocrx_word' id='word_1_57' title='bbox 2693 785 2992 858; x_wconf 79' lang='lat' dir='ltr'><strong>signiﬁcat</strong></span> <span class='ocrx_word' id='word_1_58' title='bbox 3021 785 3386 842; x_wconf 87' lang='lat' dir='ltr'><strong>liberationis</strong></span> <span class='ocrx_word' id='word_1_59' title='bbox 3403 791 3464 842; x_wconf 90' lang='lat' dir='ltr'><strong>et</strong></span> <span class='ocrx_word' id='word_1_60' title='bbox 3479 786 3788 842; x_wconf 85' lang='lat' dir='ltr'><strong>certitudi-</strong></span> 
     </span>
    </p>
   </div>
   <div class='ocr_carea' id='block_1_6' title="bbox 497 872 3786 948">
    <p class='ocr_par' dir='ltr' id='par_1_6' title="bbox 497 872 3786 948">
     <span class='ocr_line' id='line_1_6' title="bbox 497 872 3786 948; baseline 0.001 -18"><span class='ocrx_word' id='word_1_61' title='bbox 497 873 756 942; x_wconf 67' lang='lat' dir='ltr'><strong>Quaerite</strong></span> <span class='ocrx_word' id='word_1_62' title='bbox 787 875 964 930; x_wconf 82' lang='lat' dir='ltr'><strong>Deum</strong></span> <span class='ocrx_word' id='word_1_63' title='bbox 995 879 1052 928; x_wconf 91' lang='lat' dir='ltr'><strong>et</strong></span> <span class='ocrx_word' id='word_1_64' title='bbox 1081 873 1234 928; x_wconf 75' lang='lat' dir='ltr'><strong>vicet</strong></span> <span class='ocrx_word' id='word_1_65' title='bbox 1263 872 1470 928; x_wconf 79' lang='lat' dir='ltr'><strong>animo.</strong></span> <span class='ocrx_word' id='word_1_66' title='bbox 1499 877 1720 930; x_wconf 82' lang='lat' dir='ltr'><strong>vestra.</strong></span> <span class='ocrx_word' id='word_1_67' title='bbox 2125 890 2256 940; x_wconf 85' lang='lat' dir='ltr'><strong>nem</strong></span> <span class='ocrx_word' id='word_1_68' title='bbox 2291 873 2472 930; x_wconf 79' lang='lat' dir='ltr'><strong>futuri</strong></span> <span class='ocrx_word' id='word_1_69' title='bbox 2507 875 2752 948; x_wconf 68' lang='lat' dir='ltr'><strong>praemii,</strong></span> <span class='ocrx_word' id='word_1_70' title='bbox 2775 891 2902 946; x_wconf 64' lang='lat' dir='ltr'><strong>quas</strong></span> <span class='ocrx_word' id='word_1_71' title='bbox 2933 875 3060 930; x_wconf 83' lang='lat' dir='ltr'><strong>suis</strong></span> <span class='ocrx_word' id='word_1_72' title='bbox 3091 875 3314 932; x_wconf 90' lang='lat' dir='ltr'><strong>sanctis</strong></span> <span class='ocrx_word' id='word_1_73' title='bbox 3343 873 3644 948; x_wconf 77' lang='lat' dir='ltr'><strong>pollicitus</strong></span> <span class='ocrx_word' id='word_1_74' title='bbox 3669 880 3786 934; x_wconf 87' lang='lat' dir='ltr'><strong>est.</strong></span> 
     </span>
    </p>
   </div>
   <div class='ocr_carea' id='block_1_7' title="bbox 429 959 3557 1034">
    <p class='ocr_par' dir='ltr' id='par_1_7' title="bbox 429 959 3557 1034">
     <span class='ocr_line' id='line_1_7' title="bbox 429 959 3557 1034; baseline 0.001 -17"><span class='ocrx_word' id='word_1_75' title='bbox 429 961 470 1017; x_wconf 92' lang='lat' dir='ltr'><strong>C</strong></span> <span class='ocrx_word' id='word_1_76' title='bbox 499 961 748 1016; x_wconf 76' lang='lat' dir='ltr'><strong>Videant</strong></span> <span class='ocrx_word' id='word_1_77' title='bbox 777 976 1086 1034; x_wconf 80' lang='lat' dir='ltr'><strong>pauperes,</strong></span> <span class='ocrx_word' id='word_1_78' title='bbox 1118 959 1258 1031; x_wconf 90' lang='lat' dir='ltr'><strong>quia</strong></span> <span class='ocrx_word' id='word_1_79' title='bbox 1305 959 1462 1018; x_wconf 90' lang='lat' dir='ltr'><strong>Deus</strong></span> <span class='ocrx_word' id='word_1_80' title='bbox 1505 961 1732 1033; x_wconf 83' lang='lat' dir='ltr'><strong>respuit</strong></span> <span class='ocrx_word' id='word_1_81' title='bbox 1771 960 2014 1020; x_wconf 81' lang='lat' dir='ltr'><strong>oblatio—</strong></span> <span class='ocrx_word' id='word_1_82' title='bbox 2127 965 2152 1018; x_wconf 87' lang='grc'><strong>1</strong></span> <span class='ocrx_word' id='word_1_83' title='bbox 2267 967 2420 1020; x_wconf 87' lang='lat' dir='ltr'><strong>Deus</strong></span> <span class='ocrx_word' id='word_1_84' title='bbox 2447 965 2512 1020; x_wconf 78' lang='lat' dir='ltr'><strong>in</strong></span> <span class='ocrx_word' id='word_1_85' title='bbox 2541 964 2924 1028; x_wconf 74' lang='lat' dir='ltr'><strong>adiutorium</strong></span> <span class='ocrx_word' id='word_1_86' title='bbox 2953 980 3146 1020; x_wconf 79' lang='lat' dir='ltr'><strong>meum</strong></span> <span class='ocrx_word' id='word_1_87' title='bbox 3188 970 3244 1030; x_wconf 63' lang='grc' dir='ltr'><strong>οξ·</strong></span> <span class='ocrx_word' id='word_1_88' title='bbox 3271 965 3509 1021; x_wconf 78' lang='lat' dir='ltr'><strong>intende</strong></span> <span class='ocrx_word' id='word_1_89' title='bbox 3537 985 3557 1032; x_wconf 71' lang='grc' dir='ltr'>ς</span> 
     </span>
    </p>
   </div>
   <div class='ocr_carea' id='block_1_8' title="bbox 359 1046 3616 1128">
    <p class='ocr_par' dir='ltr' id='par_1_8' title="bbox 359 1046 3616 1128">
     <span class='ocr_line' id='line_1_8' title="bbox 359 1046 3616 1128; baseline 0 -20"><span class='ocrx_word' id='word_1_90' title='bbox 359 1067 492 1108; x_wconf 87' lang='lat' dir='ltr'><strong>nem</strong></span> <span class='ocrx_word' id='word_1_91' title='bbox 527 1050 840 1124; x_wconf 84' lang='lat' dir='ltr'><strong>pecudum,</strong></span> <span class='ocrx_word' id='word_1_92' title='bbox 875 1053 930 1105; x_wconf 86' lang='lat' dir='ltr'><strong>et</strong></span> <span class='ocrx_word' id='word_1_93' title='bbox 959 1049 1422 1106; x_wconf 88' lang='lat' dir='ltr'><strong>mundissimum</strong></span> <span class='ocrx_word' id='word_1_94' title='bbox 1453 1066 1553 1106; x_wconf 91' lang='lat' dir='ltr'><strong>cor</strong></span> <span class='ocrx_word' id='word_1_95' title='bbox 1585 1050 1858 1124; x_wconf 81' lang='lat' dir='ltr'><strong>requirit;</strong></span> <span class='ocrx_word' id='word_1_96' title='bbox 1883 1051 2013 1110; x_wconf 90' lang='lat' dir='ltr'><strong>ideo</strong></span> <span class='ocrx_word' id='word_1_97' title='bbox 2407 1053 2652 1108; x_wconf 85' lang='lat' dir='ltr'><strong>Domine</strong></span> <span class='ocrx_word' id='word_1_98' title='bbox 2681 1073 2702 1108; x_wconf 86' lang='lat'><strong>.-</strong></span> <span class='ocrx_word' id='word_1_99' title='bbox 2723 1053 2812 1110; x_wconf 88' lang='lat' dir='ltr'><strong>ad</strong></span> <span class='ocrx_word' id='word_1_100' title='bbox 2837 1053 3230 1126; x_wconf 77' lang='lat' dir='ltr'><strong>adjuvande</strong></span> <span class='ocrx_word' id='word_1_101' title='bbox 3259 1070 3348 1110; x_wconf 78' lang='lat' dir='ltr'><strong>me</strong></span> <span class='ocrx_word' id='word_1_102' title='bbox 3373 1051 3616 1128; x_wconf 69' lang='lat' dir='ltr'><strong>festina.</strong></span> 
     </span>
    </p>
   </div>
   <div class='ocr_carea' id='block_1_9' title="bbox 357 1137 3788 1214">
    <p class='ocr_par' dir='ltr' id='par_1_9' title="bbox 357 1137 3788 1214">
     <span class='ocr_line' id='line_1_9' title="bbox 357 1137 3788 1214; baseline -0.001 -16"><span class='ocrx_word' id='word_1_103' title='bbox 357 1139 648 1208; x_wconf 63' lang='lat' dir='ltr'><strong>intuetur,</strong></span> <span class='ocrx_word' id='word_1_104' title='bbox 672 1139 812 1212; x_wconf 91' lang='lat' dir='ltr'><strong>quia</strong></span> <span class='ocrx_word' id='word_1_105' title='bbox 835 1139 896 1196; x_wconf 90' lang='lat' dir='ltr'><strong>in</strong></span> <span class='ocrx_word' id='word_1_106' title='bbox 926 1137 1142 1196; x_wconf 86' lang='lat' dir='ltr'><strong>mentis</strong></span> <span class='ocrx_word' id='word_1_107' title='bbox 1171 1139 1382 1194; x_wconf 82' lang='lat' dir='ltr'><strong>ail‘ectu</strong></span> <span class='ocrx_word' id='word_1_108' title='bbox 1415 1139 1608 1212; x_wconf 89' lang='lat' dir='ltr'><strong>posita</strong></span> <span class='ocrx_word' id='word_1_109' title='bbox 1635 1145 1726 1196; x_wconf 90' lang='lat' dir='ltr'><strong>est</strong></span> <span class='ocrx_word' id='word_1_110' title='bbox 1771 1139 2010 1207; x_wconf 90' lang='lat' dir='ltr'><strong>oblatio,</strong></span> <span class='ocrx_word' id='word_1_111' title='bbox 2193 1140 2236 1196; x_wconf 92' lang='lat' dir='ltr'><strong>C</strong></span> <span class='ocrx_word' id='word_1_112' title='bbox 2265 1141 2432 1198; x_wconf 89' lang='lat' dir='ltr'><strong>Tunc</strong></span> <span class='ocrx_word' id='word_1_113' title='bbox 2459 1139 2616 1196; x_wconf 89' lang='lat' dir='ltr'><strong>enim</strong></span> <span class='ocrx_word' id='word_1_114' title='bbox 2649 1139 3010 1212; x_wconf 87' lang='lat' dir='ltr'><strong>adjutorium</strong></span> <span class='ocrx_word' id='word_1_115' title='bbox 3037 1139 3598 1214; x_wconf 89' lang='lat' dir='ltr'><strong>poscimus,quando</strong></span> <span class='ocrx_word' id='word_1_116' title='bbox 3631 1141 3788 1213; x_wconf 88' lang='lat' dir='ltr'><strong>peri-</strong></span> 
     </span>
    </p>
   </div>
   <div class='ocr_carea' id='block_1_10' title="bbox 357 1227 3790 1306">
    <p class='ocr_par' dir='ltr' id='par_1_10' title="bbox 357 1227 3790 1306">
     <span class='ocr_line' id='line_1_10' title="bbox 357 1227 3790 1306; baseline -0 -20"><span class='ocrx_word' id='word_1_117' title='bbox 357 1229 458 1286; x_wconf 88' lang='lat' dir='ltr'><strong>uhi</strong></span> <span class='ocrx_word' id='word_1_118' title='bbox 488 1233 543 1286; x_wconf 87' lang='lat' dir='ltr'><strong>et</strong></span> <span class='ocrx_word' id='word_1_119' title='bbox 573 1244 794 1306; x_wconf 86' lang='lat' dir='ltr'><strong>pauper</strong></span> <span class='ocrx_word' id='word_1_120' title='bbox 821 1233 1012 1302; x_wconf 82' lang='lat' dir='ltr'><strong>potest</strong></span> <span class='ocrx_word' id='word_1_121' title='bbox 1039 1245 1168 1286; x_wconf 85' lang='lat' dir='ltr'><strong>esse</strong></span> <span class='ocrx_word' id='word_1_122' title='bbox 1219 1227 1568 1286; x_wconf 86' lang='lat' dir='ltr'><strong>ditissimus.</strong></span> <span class='ocrx_word' id='word_1_123' title='bbox 1601 1229 1850 1296; x_wconf 73' lang='lat' dir='ltr'><strong>Quaerite</strong></span> <span class='ocrx_word' id='word_1_124' title='bbox 1899 1230 2013 1286; x_wconf 87' lang='lat' dir='ltr'><strong>Do-</strong></span> <span class='ocrx_word' id='word_1_125' title='bbox 2121 1229 2272 1286; x_wconf 87' lang='lat' dir='ltr'><strong>culis</strong></span> <span class='ocrx_word' id='word_1_126' title='bbox 2301 1231 2784 1300; x_wconf 86' lang='lat' dir='ltr'><strong>subjacemus,ut</strong></span> <span class='ocrx_word' id='word_1_127' title='bbox 2813 1227 2916 1286; x_wconf 83' lang='lat' dir='ltr'><strong>tali</strong></span> <span class='ocrx_word' id='word_1_128' title='bbox 2947 1229 3206 1286; x_wconf 87' lang='lat' dir='ltr'><strong>remedio</strong></span> <span class='ocrx_word' id='word_1_129' title='bbox 3235 1228 3790 1296; x_wconf 81' lang='lat' dir='ltr'><strong>sublevati,calami-</strong></span> 
     </span>
    </p>
   </div>
   <div class='ocr_carea' id='block_1_11' title="bbox 355 1317 3788 1392">
    <p class='ocr_par' dir='ltr' id='par_1_11' title="bbox 355 1317 3788 1392">
     <span class='ocr_line' id='line_1_11' title="bbox 355 1317 3788 1392; baseline -0.001 -14"><span class='ocrx_word' id='word_1_130' title='bbox 355 1319 604 1386; x_wconf 87' lang='lat' dir='ltr'><strong>minum,</strong></span> <span class='ocrx_word' id='word_1_131' title='bbox 637 1319 914 1376; x_wconf 86' lang='lat' dir='ltr'><strong>admonet</strong></span> <span class='ocrx_word' id='word_1_132' title='bbox 943 1333 1230 1390; x_wconf 78' lang='lat' dir='ltr'><strong>pauperes</strong></span> <span class='ocrx_word' id='word_1_133' title='bbox 1271 1321 1336 1372; x_wconf 93' lang='lat' dir='ltr'><strong>ut</strong></span> <span class='ocrx_word' id='word_1_134' title='bbox 1364 1335 1560 1374; x_wconf 89' lang='lat' dir='ltr'><strong>escam</strong></span> <span class='ocrx_word' id='word_1_135' title='bbox 1597 1321 1810 1374; x_wconf 86' lang='lat' dir='ltr'><strong>mentis</strong></span> <span class='ocrx_word' id='word_1_136' title='bbox 1855 1337 2012 1392; x_wconf 70' lang='lat' dir='ltr'><strong>quae-</strong></span> <span class='ocrx_word' id='word_1_137' title='bbox 2121 1323 2270 1378; x_wconf 79' lang='lat' dir='ltr'><strong>tates</strong></span> <span class='ocrx_word' id='word_1_138' title='bbox 2301 1319 2664 1376; x_wconf 87' lang='lat' dir='ltr'><strong>diversarum</strong></span> <span class='ocrx_word' id='word_1_139' title='bbox 2697 1317 3038 1392; x_wconf 81' lang='lat' dir='ltr'><strong>passionum</strong></span> <span class='ocrx_word' id='word_1_140' title='bbox 3067 1319 3298 1374; x_wconf 83' lang='lat' dir='ltr'><strong>vincere</strong></span> <span class='ocrx_word' id='word_1_141' title='bbox 3341 1318 3660 1392; x_wconf 82' lang='lat' dir='ltr'><strong>possimus.</strong></span> <span class='ocrx_word' id='word_1_142' title='bbox 3699 1319 3788 1376; x_wconf 87' lang='lat' dir='ltr'><strong>In-</strong></span> 
     </span>
    </p>
   </div>
   <div class='ocr_carea' id='block_1_12' title="bbox 357 1405 3786 1480">
    <p class='ocr_par' dir='ltr' id='par_1_12' title="bbox 357 1405 3786 1480">
     <span class='ocr_line' id='line_1_12' title="bbox 357 1405 3786 1480; baseline 0 -17"><span class='ocrx_word' id='word_1_143' title='bbox 357 1413 511 1476; x_wconf 87' lang='lat' dir='ltr'><strong>rant,</strong></span> <span class='ocrx_word' id='word_1_144' title='bbox 545 1408 700 1464; x_wconf 89' lang='lat' dir='ltr'><strong>unde</strong></span> <span class='ocrx_word' id='word_1_145' title='bbox 729 1405 930 1464; x_wconf 88' lang='lat' dir='ltr'><strong>anima</strong></span> <span class='ocrx_word' id='word_1_146' title='bbox 961 1405 1282 1479; x_wconf 77' lang='lat' dir='ltr'><strong>saginatur.</strong></span> <span class='ocrx_word' id='word_1_147' title='bbox 1315 1405 1462 1462; x_wconf 86' lang='lat' dir='ltr'><strong>Illud</strong></span> <span class='ocrx_word' id='word_1_148' title='bbox 1496 1423 1734 1480; x_wconf 89' lang='lat' dir='ltr'><strong>quoque</strong></span> <span class='ocrx_word' id='word_1_149' title='bbox 1781 1407 2014 1480; x_wconf 87' lang='lat' dir='ltr'><strong>proprio</strong></span> <span class='ocrx_word' id='word_1_150' title='bbox 2125 1407 2320 1474; x_wconf 90' lang='lat' dir='ltr'><strong>tende,</strong></span> <span class='ocrx_word' id='word_1_151' title='bbox 2359 1407 2414 1464; x_wconf 84' lang='lat' dir='ltr'><strong>id</strong></span> <span class='ocrx_word' id='word_1_152' title='bbox 2448 1413 2538 1464; x_wconf 86' lang='lat' dir='ltr'><strong>est</strong></span> <span class='ocrx_word' id='word_1_153' title='bbox 2591 1407 2880 1479; x_wconf 84' lang='lat' dir='ltr'><strong>prepitius</strong></span> <span class='ocrx_word' id='word_1_154' title='bbox 2921 1407 3168 1480; x_wconf 84' lang='lat' dir='ltr'><strong>respice,</strong></span> <span class='ocrx_word' id='word_1_155' title='bbox 3201 1407 3340 1480; x_wconf 89' lang='lat' dir='ltr'><strong>quia</strong></span> <span class='ocrx_word' id='word_1_156' title='bbox 3385 1408 3588 1464; x_wconf 84' lang='lat' dir='ltr'><strong>omnia</strong></span> <span class='ocrx_word' id='word_1_157' title='bbox 3625 1407 3786 1464; x_wconf 84' lang='lat' dir='ltr'><strong>Deus</strong></span> 
     </span>
    </p>
   </div>
   <div class='ocr_carea' id='block_1_13' title="bbox 353 1494 3784 1570">
    <p class='ocr_par' dir='ltr' id='par_1_13' title="bbox 353 1494 3784 1570">
     <span class='ocr_line' id='line_1_13' title="bbox 353 1494 3784 1570; baseline -0.001 -16"><span class='ocrx_word' id='word_1_158' title='bbox 353 1497 542 1554; x_wconf 78' lang='lat' dir='ltr'><strong>vivere</strong></span> <span class='ocrx_word' id='word_1_159' title='bbox 581 1497 856 1564; x_wconf 89' lang='lat' dir='ltr'><strong>dicimus,</strong></span> <span class='ocrx_word' id='word_1_160' title='bbox 887 1496 1044 1568; x_wconf 89' lang='lat' dir='ltr'><strong>quod</strong></span> <span class='ocrx_word' id='word_1_161' title='bbox 1095 1495 1156 1552; x_wconf 89' lang='lat' dir='ltr'><strong>in</strong></span> <span class='ocrx_word' id='word_1_162' title='bbox 1213 1494 1594 1554; x_wconf 83' lang='lat' dir='ltr'><strong>beatitudinis</strong></span> <span class='ocrx_word' id='word_1_163' title='bbox 1642 1497 2014 1568; x_wconf 85' lang='lat' dir='ltr'><strong>jocunditate</strong></span> <span class='ocrx_word' id='word_1_164' title='bbox 2121 1495 2598 1570; x_wconf 86' lang='lat' dir='ltr'><strong>agnoscit,etiam</strong></span> <span class='ocrx_word' id='word_1_165' title='bbox 2629 1513 2764 1552; x_wconf 88' lang='lat' dir='ltr'><strong>cum</strong></span> <span class='ocrx_word' id='word_1_166' title='bbox 2800 1513 2916 1552; x_wconf 91' lang='lat' dir='ltr'><strong>non</strong></span> <span class='ocrx_word' id='word_1_167' title='bbox 2949 1502 3206 1570; x_wconf 85' lang='lat' dir='ltr'><strong>rogatur.</strong></span> <span class='ocrx_word' id='word_1_168' title='bbox 3233 1495 3466 1552; x_wconf 85' lang='lat' dir='ltr'><strong>Festina</strong></span> <span class='ocrx_word' id='word_1_169' title='bbox 3513 1495 3598 1552; x_wconf 89' lang='lat' dir='ltr'><strong>sic</strong></span> <span class='ocrx_word' id='word_1_170' title='bbox 3637 1495 3784 1552; x_wconf 88' lang='lat' dir='ltr'><strong>dici-</strong></span> 
     </span>
    </p>
   </div>
   <div class='ocr_carea' id='block_1_14' title="bbox 355 1583 3786 1658">
    <p class='ocr_par' dir='ltr' id='par_1_14' title="bbox 355 1583 3786 1658">
     <span class='ocr_line' id='line_1_14' title="bbox 355 1583 3786 1658; baseline -0.001 -16"><span class='ocrx_word' id='word_1_171' title='bbox 355 1585 643 1644; x_wconf 80' lang='lat' dir='ltr'><strong>ronsistit.</strong></span> <span class='ocrx_word' id='word_1_172' title='bbox 2121 1589 2236 1654; x_wconf 91' lang='lat' dir='ltr'><strong>tur,</strong></span> <span class='ocrx_word' id='word_1_173' title='bbox 2253 1585 2422 1658; x_wconf 89' lang='lat' dir='ltr'><strong>quasi</strong></span> <span class='ocrx_word' id='word_1_174' title='bbox 2455 1585 2864 1642; x_wconf 89' lang='lat' dir='ltr'><strong>misericordia</strong></span> <span class='ocrx_word' id='word_1_175' title='bbox 2893 1583 3092 1642; x_wconf 88' lang='lat' dir='ltr'><strong>divina</strong></span> <span class='ocrx_word' id='word_1_176' title='bbox 3118 1583 3395 1652; x_wconf 86' lang='lat' dir='ltr'><strong>tardaret,</strong></span> <span class='ocrx_word' id='word_1_177' title='bbox 3415 1585 3516 1640; x_wconf 87' lang='lat' dir='ltr'><strong>sed</strong></span> <span class='ocrx_word' id='word_1_178' title='bbox 3545 1585 3786 1640; x_wconf 86' lang='lat' dir='ltr'><strong>tardum</strong></span> 
     </span>
    </p>
   </div>
   <div class='ocr_carea' id='block_1_15' title="bbox 352 1671 3786 1748">
    <p class='ocr_par' dir='ltr' id='par_1_15' title="bbox 352 1671 3786 1748">
     <span class='ocr_line' id='line_1_15' title="bbox 352 1671 3786 1748; baseline -0.001 -14"><span class='ocrx_word' id='word_1_179' title='bbox 352 1677 424 1734; x_wconf 85' lang='lat'><strong>38</strong></span> <span class='ocrx_word' id='word_1_180' title='bbox 493 1677 788 1748; x_wconf 76' lang='lat' dir='ltr'><strong>Quoniam</strong></span> <span class='ocrx_word' id='word_1_181' title='bbox 815 1675 1130 1732; x_wconf 70' lang='lat' dir='ltr'><strong>exaudivit</strong></span> <span class='ocrx_word' id='word_1_182' title='bbox 1156 1691 1450 1746; x_wconf 83' lang='lat' dir='ltr'><strong>pauperes</strong></span> <span class='ocrx_word' id='word_1_183' title='bbox 1479 1677 1766 1732; x_wconf 83' lang='lat' dir='ltr'><strong>Dominus</strong></span> <span class='ocrx_word' id='word_1_184' title='bbox 1791 1694 1810 1732; x_wconf 94' lang='lat'><em>:</em></span> <span class='ocrx_word' id='word_1_185' title='bbox 2119 1675 2349 1732; x_wconf 90' lang='lat' dir='ltr'><strong>videtur</strong></span> <span class='ocrx_word' id='word_1_186' title='bbox 2377 1675 2428 1730; x_wconf 90' lang='lat' dir='ltr'><strong>ei</strong></span> <span class='ocrx_word' id='word_1_187' title='bbox 2457 1673 2764 1742; x_wconf 80' lang='lat' dir='ltr'><strong>auxilium,</strong></span> <span class='ocrx_word' id='word_1_188' title='bbox 2787 1673 2886 1748; x_wconf 86' lang='lat' dir='ltr'><strong>qui</strong></span> <span class='ocrx_word' id='word_1_189' title='bbox 2921 1673 2992 1730; x_wconf 90' lang='lat' dir='ltr'><strong>de</strong></span> <span class='ocrx_word' id='word_1_190' title='bbox 3013 1673 3194 1748; x_wconf 83' lang='lat' dir='ltr'><strong>hujus</strong></span> <span class='ocrx_word' id='word_1_191' title='bbox 3223 1673 3424 1732; x_wconf 70' lang='lat' dir='ltr'><strong>szeculi</strong></span> <span class='ocrx_word' id='word_1_192' title='bbox 3453 1672 3620 1730; x_wconf 81' lang='lat' dir='ltr'><strong>clade</strong></span> <span class='ocrx_word' id='word_1_193' title='bbox 3641 1671 3786 1732; x_wconf 74' lang='lat' dir='ltr'><strong>lihe-</strong></span> 
     </span>
    </p>
   </div>
   <div class='ocr_carea' id='block_1_16' title="bbox 495 1763 2530 1838">
    <p class='ocr_par' dir='ltr' id='par_1_16' title="bbox 495 1763 2530 1838">
     <span class='ocr_line' id='line_1_16' title="bbox 495 1763 2530 1838; baseline -0.002 -16"><span class='ocrx_word' id='word_1_194' title='bbox 495 1767 574 1822; x_wconf 77' lang='lat' dir='ltr'><strong>Et</strong></span> <span class='ocrx_word' id='word_1_195' title='bbox 604 1765 818 1822; x_wconf 77' lang='lat' dir='ltr'><strong>vinctos</strong></span> <span class='ocrx_word' id='word_1_196' title='bbox 841 1781 976 1820; x_wconf 86' lang='lat' dir='ltr'><strong>suos</strong></span> <span class='ocrx_word' id='word_1_197' title='bbox 1001 1780 1118 1820; x_wconf 80' lang='lat' dir='ltr'><strong>non</strong></span> <span class='ocrx_word' id='word_1_198' title='bbox 1147 1764 1440 1838; x_wconf 67' lang='lat' dir='ltr'><strong>despexit.</strong></span> <span class='ocrx_word' id='word_1_199' title='bbox 2121 1763 2238 1820; x_wconf 88' lang='lat' dir='ltr'><strong>rari</strong></span> <span class='ocrx_word' id='word_1_200' title='bbox 2269 1763 2530 1820; x_wconf 78' lang='lat' dir='ltr'><strong>festinat.</strong></span> 
     </span>
    </p>
   </div>
   <div class='ocr_carea' id='block_1_17' title="bbox 423 1851 3258 1956">
    <p class='ocr_par' dir='ltr' id='par_1_17' title="bbox 423 1851 3258 1956">
     <span class='ocr_line' id='line_1_17' title="bbox 423 1851 3258 1956; baseline -0.001 -46"><span class='ocrx_word' id='word_1_201' title='bbox 423 1853 466 1910; x_wconf 91' lang='lat' dir='ltr'><strong>C</strong></span> <span class='ocrx_word' id='word_1_202' title='bbox 495 1853 786 1956; x_wconf 41' lang='lat' dir='ltr'><strong>Pauper-es.</strong></span> <span class='ocrx_word' id='word_1_203' title='bbox 815 1857 956 1952; x_wconf 79' lang='lat' dir='ltr'><strong>sunt</strong></span> <span class='ocrx_word' id='word_1_204' title='bbox 978 1851 1320 1956; x_wconf 72' lang='lat' dir='ltr'><strong>Christiani,</strong></span> <span class='ocrx_word' id='word_1_205' title='bbox 1353 1853 1454 1926; x_wconf 87' lang='lat' dir='ltr'><strong>qui</strong></span> <span class='ocrx_word' id='word_1_206' title='bbox 1475 1852 1810 1956; x_wconf 72' lang='lat' dir='ltr'><strong>despiciunt</strong></span> <span class='ocrx_word' id='word_1_207' title='bbox 1839 1853 2010 1910; x_wconf 87' lang='lat' dir='ltr'><strong>volu-</strong></span> <span class='ocrx_word' id='word_1_208' title='bbox 2043 1889 2092 1956; x_wconf 82' lang='lat' dir='ltr'><strong>B</strong></span> <span class='ocrx_word' id='word_1_209' title='bbox 2119 1855 2154 1908; x_wconf 89' lang='grc'>2</span> <span class='ocrx_word' id='word_1_210' title='bbox 2261 1853 2721 1928; x_wconf 73' lang='lat' dir='ltr'><strong>Con/nudantur</strong></span> <span class='ocrx_word' id='word_1_211' title='bbox 2739 1857 2805 1956; x_wconf 44' lang='lat' dir='ltr'><strong>et.</strong></span> <span class='ocrx_word' id='word_1_212' title='bbox 2827 1857 3212 1910; x_wconf 76' lang='lat' dir='ltr'><strong>revereantur</strong></span> <span class='ocrx_word' id='word_1_213' title='bbox 3237 1871 3258 1908; x_wconf 82' lang='lat'><strong>.-</strong></span> 
     </span>
    </p>
   </div>
   <div class='ocr_carea' id='block_1_18' title="bbox 367 1941 3212 2016">
    <p class='ocr_par' dir='ltr' id='par_1_18' title="bbox 367 1941 3212 2016">
     <span class='ocr_line' id='line_1_18' title="bbox 367 1941 3212 2016; baseline -0.001 -18"><span class='ocrx_word' id='word_1_214' title='bbox 367 1947 562 2016; x_wconf 89' lang='lat' dir='ltr'><strong>ptates</strong></span> <span class='ocrx_word' id='word_1_215' title='bbox 587 1947 644 1998; x_wconf 89' lang='lat' dir='ltr'><strong>et</strong></span> <span class='ocrx_word' id='word_1_216' title='bbox 671 1941 906 2000; x_wconf 83' lang='lat' dir='ltr'><strong>divitias</strong></span> <span class='ocrx_word' id='word_1_217' title='bbox 937 1941 1142 1998; x_wconf 89' lang='lat' dir='ltr'><strong>mundi</strong></span> <span class='ocrx_word' id='word_1_218' title='bbox 1175 1941 1369 2010; x_wconf 87' lang='lat' dir='ltr'><strong>istius,</strong></span> <span class='ocrx_word' id='word_1_219' title='bbox 1391 1947 1448 1998; x_wconf 91' lang='lat' dir='ltr'><strong>et</strong></span> <span class='ocrx_word' id='word_1_220' title='bbox 1469 1941 1696 2014; x_wconf 85' lang='lat' dir='ltr'><strong>eligunt</strong></span> <span class='ocrx_word' id='word_1_221' title='bbox 1723 1943 2012 2000; x_wconf 86' lang='lat' dir='ltr'><strong>humana—</strong></span> <span class='ocrx_word' id='word_1_222' title='bbox 2043 1941 2092 1956; x_wconf 83' lang='grc'><strong>⁸’</strong></span> <span class='ocrx_word' id='word_1_223' title='bbox 2263 1945 2382 2013; x_wconf 88' lang='lat' dir='ltr'><strong>Qui</strong></span> <span class='ocrx_word' id='word_1_224' title='bbox 2399 1948 2664 2016; x_wconf 68' lang='lat' dir='ltr'><strong>quaerunt</strong></span> <span class='ocrx_word' id='word_1_225' title='bbox 2693 1943 2968 2000; x_wconf 78' lang='lat' dir='ltr'><strong>animam</strong></span> <span class='ocrx_word' id='word_1_226' title='bbox 2996 1957 3212 1998; x_wconf 82' lang='lat' dir='ltr'><strong>meam.</strong></span> 
     </span>
    </p>
   </div>
   <div class='ocr_carea' id='block_1_19' title="bbox 353 2027 3775 2106">
    <p class='ocr_par' dir='ltr' id='par_1_19' title="bbox 353 2027 3775 2106">
     <span class='ocr_line' id='line_1_19' title="bbox 353 2027 3775 2106; baseline -0.001 -20"><span class='ocrx_word' id='word_1_227' title='bbox 353 2049 486 2088; x_wconf 90' lang='lat' dir='ltr'><strong>rum</strong></span> <span class='ocrx_word' id='word_1_228' title='bbox 517 2048 716 2088; x_wconf 87' lang='lat' dir='ltr'><strong>rerum</strong></span> <span class='ocrx_word' id='word_1_229' title='bbox 745 2030 1156 2104; x_wconf 85' lang='lat' dir='ltr'><strong>indigentiam,</strong></span> <span class='ocrx_word' id='word_1_230' title='bbox 1189 2035 1256 2088; x_wconf 90' lang='lat' dir='ltr'><strong>ut</strong></span> <span class='ocrx_word' id='word_1_231' title='bbox 1283 2031 1474 2104; x_wconf 87' lang='lat' dir='ltr'><strong>epulis</strong></span> <span class='ocrx_word' id='word_1_232' title='bbox 1503 2031 1871 2106; x_wconf 80' lang='lat' dir='ltr'><strong>spiritalibus</strong></span> <span class='ocrx_word' id='word_1_233' title='bbox 1903 2033 2014 2090; x_wconf 85' lang='lat' dir='ltr'><strong>im-</strong></span> <span class='ocrx_word' id='word_1_234' title='bbox 2193 2033 2234 2088; x_wconf 89' lang='lat' dir='ltr'><strong>C</strong></span> <span class='ocrx_word' id='word_1_235' title='bbox 2289 2031 2737 2088; x_wconf 76' lang='lat' dir='ltr'><strong>Confundantur</strong></span> <span class='ocrx_word' id='word_1_236' title='bbox 2761 2073 2774 2096; x_wconf 94' lang='lat'><strong>,</strong></span> <span class='ocrx_word' id='word_1_237' title='bbox 2835 2047 2944 2086; x_wconf 74' lang='lat' dir='ltr'><strong>vos</strong></span> <span class='ocrx_word' id='word_1_238' title='bbox 3001 2033 3328 2102; x_wconf 79' lang='lat' dir='ltr'><strong>martyrum</strong></span> <span class='ocrx_word' id='word_1_239' title='bbox 3397 2027 3775 2102; x_wconf 78' lang='lat' dir='ltr'><strong>expostulans</strong></span> 
     </span>
    </p>
   </div>
   <div class='ocr_carea' id='block_1_20' title="bbox 353 2117 3776 2196">
    <p class='ocr_par' dir='ltr' id='par_1_20' title="bbox 353 2117 3776 2196">
     <span class='ocr_line' id='line_1_20' title="bbox 353 2117 3776 2196; baseline -0.001 -20"><span class='ocrx_word' id='word_1_240' title='bbox 353 2121 641 2194; x_wconf 88' lang='lat' dir='ltr'><strong>pleantur.</strong></span> <span class='ocrx_word' id='word_1_241' title='bbox 657 2120 898 2178; x_wconf 86' lang='lat' dir='ltr'><strong>Vinctos</strong></span> <span class='ocrx_word' id='word_1_242' title='bbox 927 2137 1066 2180; x_wconf 89' lang='lat' dir='ltr'><strong>suos</strong></span> <span class='ocrx_word' id='word_1_243' title='bbox 1093 2120 1304 2178; x_wconf 86' lang='lat' dir='ltr'><strong>liberat</strong></span> <span class='ocrx_word' id='word_1_244' title='bbox 1333 2139 1368 2182; x_wconf 84' lang='lat' dir='ltr'><strong>a</strong></span> <span class='ocrx_word' id='word_1_245' title='bbox 1399 2122 1624 2196; x_wconf 82' lang='lat' dir='ltr'><strong>laqueis</strong></span> <span class='ocrx_word' id='word_1_246' title='bbox 1653 2123 2009 2188; x_wconf 88' lang='lat' dir='ltr'><strong>carnalibus,</strong></span> <span class='ocrx_word' id='word_1_247' title='bbox 2121 2121 2596 2178; x_wconf 88' lang='lat' dir='ltr'><strong>emendationem</strong></span> <span class='ocrx_word' id='word_1_248' title='bbox 2627 2119 3006 2176; x_wconf 87' lang='lat' dir='ltr'><strong>inimicorum</strong></span> <span class='ocrx_word' id='word_1_249' title='bbox 3033 2135 3296 2174; x_wconf 89' lang='lat' dir='ltr'><strong>suorum.</strong></span> <span class='ocrx_word' id='word_1_250' title='bbox 3329 2117 3618 2176; x_wconf 83' lang='lat' dir='ltr'><strong>Confundi</strong></span> <span class='ocrx_word' id='word_1_251' title='bbox 3667 2123 3776 2184; x_wconf 87' lang='lat' dir='ltr'><strong>est,</strong></span> 
     </span>
    </p>
   </div>
   <div class='ocr_carea' id='block_1_21' title="bbox 351 2207 3775 2284">
    <p class='ocr_par' dir='ltr' id='par_1_21' title="bbox 351 2207 3775 2284">
     <span class='ocr_line' id='line_1_21' title="bbox 351 2207 3775 2284; baseline -0.002 -18"><span class='ocrx_word' id='word_1_252' title='bbox 351 2227 502 2282; x_wconf 86' lang='lat' dir='ltr'><strong>quos</strong></span> <span class='ocrx_word' id='word_1_253' title='bbox 523 2209 650 2266; x_wconf 88' lang='lat' dir='ltr'><strong>suis</strong></span> <span class='ocrx_word' id='word_1_254' title='bbox 679 2209 896 2282; x_wconf 88' lang='lat' dir='ltr'><strong>regulis</strong></span> <span class='ocrx_word' id='word_1_255' title='bbox 928 2227 1220 2266; x_wconf 79' lang='lat' dir='ltr'><strong>connexos</strong></span> <span class='ocrx_word' id='word_1_256' title='bbox 1245 2213 1600 2284; x_wconf 83' lang='lat' dir='ltr'><strong>cognoverit.</strong></span> <span class='ocrx_word' id='word_1_257' title='bbox 2122 2209 2360 2282; x_wconf 89' lang='lat' dir='ltr'><strong>quando</strong></span> <span class='ocrx_word' id='word_1_258' title='bbox 2396 2209 2572 2264; x_wconf 84' lang='lat' dir='ltr'><strong>homo</strong></span> <span class='ocrx_word' id='word_1_259' title='bbox 2605 2209 2876 2264; x_wconf 77' lang='lat' dir='ltr'><strong>turbatur</strong></span> <span class='ocrx_word' id='word_1_260' title='bbox 2905 2208 2976 2263; x_wconf 91' lang='lat' dir='ltr'><strong>de</strong></span> <span class='ocrx_word' id='word_1_261' title='bbox 3007 2207 3176 2262; x_wconf 81' lang='lat' dir='ltr'><strong>factis</strong></span> <span class='ocrx_word' id='word_1_262' title='bbox 3210 2224 3328 2262; x_wconf 74' lang='lat' dir='ltr'><strong>sua:</strong></span> <span class='ocrx_word' id='word_1_263' title='bbox 3359 2207 3775 2280; x_wconf 83' lang='lat' dir='ltr'><strong>perversitatis,</strong></span> 
     </span>
    </p>
   </div>
   <div class='ocr_carea' id='block_1_22' title="bbox 355 2296 3781 2370">
    <p class='ocr_par' dir='ltr' id='par_1_22' title="bbox 355 2296 3781 2370">
     <span class='ocr_line' id='line_1_22' title="bbox 355 2296 3781 2370; baseline -0.001 -16"><span class='ocrx_word' id='word_1_264' title='bbox 355 2299 426 2354; x_wconf 87' lang='lat'><strong>39</strong></span> <span class='ocrx_word' id='word_1_265' title='bbox 499 2299 770 2356; x_wconf 85' lang='lat' dir='ltr'><strong>Laudent</strong></span> <span class='ocrx_word' id='word_1_266' title='bbox 794 2297 974 2356; x_wconf 80' lang='lat' dir='ltr'><strong>illum</strong></span> <span class='ocrx_word' id='word_1_267' title='bbox 1003 2298 1146 2356; x_wconf 74' lang='lat' dir='ltr'><strong>coeli</strong></span> <span class='ocrx_word' id='word_1_268' title='bbox 1171 2305 1228 2356; x_wconf 90' lang='lat' dir='ltr'><strong>et</strong></span> <span class='ocrx_word' id='word_1_269' title='bbox 1257 2306 1426 2356; x_wconf 76' lang='lat' dir='ltr'><strong>terra</strong></span> <span class='ocrx_word' id='word_1_270' title='bbox 1453 2321 1474 2356; x_wconf 88' lang='lat'><strong><em>:</em></strong></span> <span class='ocrx_word' id='word_1_271' title='bbox 2125 2299 2388 2356; x_wconf 78' lang='lat' dir='ltr'><strong>Revereri</strong></span> <span class='ocrx_word' id='word_1_272' title='bbox 2443 2303 2553 2364; x_wconf 86' lang='lat' dir='ltr'><strong>est,</strong></span> <span class='ocrx_word' id='word_1_273' title='bbox 2585 2297 2821 2370; x_wconf 84' lang='lat' dir='ltr'><strong>quando</strong></span> <span class='ocrx_word' id='word_1_274' title='bbox 2873 2296 3282 2368; x_wconf 78' lang='lat' dir='ltr'><strong>cognoscimus</strong></span> <span class='ocrx_word' id='word_1_275' title='bbox 3337 2301 3536 2352; x_wconf 91' lang='lat' dir='ltr'><strong>nostra</strong></span> <span class='ocrx_word' id='word_1_276' title='bbox 3579 2313 3781 2370; x_wconf 86' lang='lat' dir='ltr'><strong>opera-</strong></span> 
     </span>
    </p>
   </div>
   <div class='ocr_carea' id='block_1_23' title="bbox 493 2385 3776 2460">
    <p class='ocr_par' dir='ltr' id='par_1_23' title="bbox 493 2385 3776 2460">
     <span class='ocr_line' id='line_1_23' title="bbox 493 2385 3776 2460; baseline -0.001 -16"><span class='ocrx_word' id='word_1_277' title='bbox 493 2391 671 2444; x_wconf 80' lang='lat' dir='ltr'><strong>Mare</strong></span> <span class='ocrx_word' id='word_1_278' title='bbox 697 2393 754 2444; x_wconf 83' lang='lat' dir='ltr'><strong>et</strong></span> <span class='ocrx_word' id='word_1_279' title='bbox 781 2389 982 2448; x_wconf 80' lang='lat' dir='ltr'><strong>omnia</strong></span> <span class='ocrx_word' id='word_1_280' title='bbox 1005 2389 1262 2460; x_wconf 80' lang='lat' dir='ltr'><strong>reptilia</strong></span> <span class='ocrx_word' id='word_1_281' title='bbox 1294 2391 1356 2446; x_wconf 86' lang='lat' dir='ltr'><strong>in</strong></span> <span class='ocrx_word' id='word_1_282' title='bbox 1383 2393 1488 2446; x_wconf 87' lang='lat' dir='ltr'><strong>eis.</strong></span> <span class='ocrx_word' id='word_1_283' title='bbox 2121 2389 2280 2444; x_wconf 89' lang='lat' dir='ltr'><strong>tione</strong></span> <span class='ocrx_word' id='word_1_284' title='bbox 2301 2387 2600 2460; x_wconf 86' lang='lat' dir='ltr'><strong>justitiam</strong></span> <span class='ocrx_word' id='word_1_285' title='bbox 2629 2387 2848 2454; x_wconf 67' lang='lat'><strong>13388.01,</strong></span> <span class='ocrx_word' id='word_1_286' title='bbox 2881 2391 2938 2442; x_wconf 90' lang='lat' dir='ltr'><strong>et</strong></span> <span class='ocrx_word' id='word_1_287' title='bbox 2983 2403 3090 2458; x_wconf 87' lang='lat' dir='ltr'><strong>pro</strong></span> <span class='ocrx_word' id='word_1_288' title='bbox 3137 2385 3232 2442; x_wconf 88' lang='lat' dir='ltr'><strong>his</strong></span> <span class='ocrx_word' id='word_1_289' title='bbox 3275 2385 3548 2458; x_wconf 87' lang='lat' dir='ltr'><strong>operibus</strong></span> <span class='ocrx_word' id='word_1_290' title='bbox 3579 2401 3776 2458; x_wconf 64' lang='lat' dir='ltr'><strong>prunas</strong></span> 
     </span>
    </p>
   </div>
   <div class='ocr_carea' id='block_1_24' title="bbox 419 2473 3774 2554">
    <p class='ocr_par' dir='ltr' id='par_1_24' title="bbox 419 2473 3774 2554">
     <span class='ocr_line' id='line_1_24' title="bbox 419 2473 3774 2554; baseline -0.001 -21"><span class='ocrx_word' id='word_1_291' title='bbox 419 2481 460 2533; x_wconf 83' lang='lat' dir='ltr'><strong>t‘.</strong></span> <span class='ocrx_word' id='word_1_292' title='bbox 495 2481 558 2534; x_wconf 86' lang='lat' dir='ltr'><strong>in</strong></span> <span class='ocrx_word' id='word_1_293' title='bbox 607 2477 736 2534; x_wconf 72' lang='lat' dir='ltr'><strong>cmli</strong></span> <span class='ocrx_word' id='word_1_294' title='bbox 785 2479 1346 2536; x_wconf 85' lang='lat' dir='ltr'><strong>commemoratione</strong></span> <span class='ocrx_word' id='word_1_295' title='bbox 1407 2479 1582 2536; x_wconf 90' lang='lat' dir='ltr'><strong>datur</strong></span> <span class='ocrx_word' id='word_1_296' title='bbox 1639 2477 1886 2554; x_wconf 87' lang='lat' dir='ltr'><strong>intelligi</strong></span> <span class='ocrx_word' id='word_1_297' title='bbox 1947 2485 2012 2538; x_wconf 89' lang='lat' dir='ltr'><strong>ut</strong></span> <span class='ocrx_word' id='word_1_298' title='bbox 2123 2477 2420 2532; x_wconf 87' lang='lat' dir='ltr'><strong>incurrere</strong></span> <span class='ocrx_word' id='word_1_299' title='bbox 2451 2476 2861 2532; x_wconf 82' lang='lat' dir='ltr'><strong>formidamus.</strong></span> <span class='ocrx_word' id='word_1_300' title='bbox 2889 2475 3236 2540; x_wconf 69' lang='lat' dir='ltr'><strong>Quzerebant</strong></span> <span class='ocrx_word' id='word_1_301' title='bbox 3267 2473 3486 2532; x_wconf 89' lang='lat' dir='ltr'><strong>inimici</strong></span> <span class='ocrx_word' id='word_1_302' title='bbox 3521 2474 3774 2544; x_wconf 78' lang='lat' dir='ltr'><strong>animam</strong></span> 
     </span>
    </p>
   </div>
   <div class='ocr_carea' id='block_1_25' title="bbox 349 2564 3772 2642">
    <p class='ocr_par' dir='ltr' id='par_1_25' title="bbox 349 2564 3772 2642">
     <span class='ocr_line' id='line_1_25' title="bbox 349 2564 3772 2642; baseline -0.001 -18"><span class='ocrx_word' id='word_1_303' title='bbox 349 2567 552 2624; x_wconf 86' lang='lat' dir='ltr'><strong>omnia</strong></span> <span class='ocrx_word' id='word_1_304' title='bbox 595 2565 847 2622; x_wconf 85' lang='lat' dir='ltr'><strong>debeant</strong></span> <span class='ocrx_word' id='word_1_305' title='bbox 901 2564 1163 2624; x_wconf 85' lang='lat' dir='ltr'><strong>ccelestia</strong></span> <span class='ocrx_word' id='word_1_306' title='bbox 1218 2565 1480 2624; x_wconf 89' lang='lat' dir='ltr'><strong>laudare.</strong></span> <span class='ocrx_word' id='word_1_307' title='bbox 1529 2569 1718 2624; x_wconf 68' lang='lat' dir='ltr'><strong>Terrae</strong></span> <span class='ocrx_word' id='word_1_308' title='bbox 1775 2587 2012 2642; x_wconf 89' lang='lat' dir='ltr'><strong>quoque</strong></span> <span class='ocrx_word' id='word_1_309' title='bbox 2123 2565 2406 2636; x_wconf 82' lang='lat' dir='ltr'><strong>fidelium,</strong></span> <span class='ocrx_word' id='word_1_310' title='bbox 2433 2583 2548 2622; x_wconf 91' lang='lat' dir='ltr'><strong>non</strong></span> <span class='ocrx_word' id='word_1_311' title='bbox 2579 2565 2640 2622; x_wconf 90' lang='lat' dir='ltr'><strong>in</strong></span> <span class='ocrx_word' id='word_1_312' title='bbox 2673 2565 2846 2634; x_wconf 91' lang='lat' dir='ltr'><strong>bono,</strong></span> <span class='ocrx_word' id='word_1_313' title='bbox 2878 2565 2979 2622; x_wconf 90' lang='lat' dir='ltr'><strong>sed</strong></span> <span class='ocrx_word' id='word_1_314' title='bbox 3013 2569 3078 2622; x_wconf 91' lang='lat' dir='ltr'><strong>ut</strong></span> <span class='ocrx_word' id='word_1_315' title='bbox 3102 2581 3232 2622; x_wconf 86' lang='lat' dir='ltr'><strong>eam</strong></span> <span class='ocrx_word' id='word_1_316' title='bbox 3255 2581 3288 2622; x_wconf 86' lang='lat' dir='ltr'><strong>a</strong></span> <span class='ocrx_word' id='word_1_317' title='bbox 3317 2580 3552 2638; x_wconf 89' lang='lat' dir='ltr'><strong>corpore</strong></span> <span class='ocrx_word' id='word_1_318' title='bbox 3583 2579 3772 2638; x_wconf 86' lang='lat' dir='ltr'><strong>segre-</strong></span> 
     </span>
    </p>
   </div>
   <div class='ocr_carea' id='block_1_26' title="bbox 351 2653 3236 2730">
    <p class='ocr_par' dir='ltr' id='par_1_26' title="bbox 351 2653 3236 2730">
     <span class='ocr_line' id='line_1_26' title="bbox 351 2653 3236 2730; baseline -0 -19"><span class='ocrx_word' id='word_1_319' title='bbox 351 2653 908 2711; x_wconf 88' lang='lat' dir='ltr'><strong>commemoratione</strong></span> <span class='ocrx_word' id='word_1_320' title='bbox 949 2653 1210 2726; x_wconf 88' lang='lat' dir='ltr'><strong>intellige</strong></span> <span class='ocrx_word' id='word_1_321' title='bbox 1263 2655 1595 2722; x_wconf 85' lang='lat' dir='ltr'><strong>terrestria;</strong></span> <span class='ocrx_word' id='word_1_322' title='bbox 1631 2658 1832 2725; x_wconf 88' lang='lat' dir='ltr'><strong>.naris,</strong></span> <span class='ocrx_word' id='word_1_323' title='bbox 1879 2659 2010 2714; x_wconf 89' lang='lat' dir='ltr'><strong>uni-</strong></span> <span class='ocrx_word' id='word_1_324' title='bbox 2121 2657 2346 2730; x_wconf 90' lang='lat' dir='ltr'><strong>garent.</strong></span> <span class='ocrx_word' id='word_1_325' title='bbox 3229 2669 3236 2674; x_wconf 83' lang='lat'><strong><em>&#39;</em></strong></span> 
     </span>
    </p>
   </div>
   <div class='ocr_carea' id='block_1_27' title="bbox 351 2741 3468 2810">
    <p class='ocr_par' dir='ltr' id='par_1_27' title="bbox 351 2741 3468 2810">
     <span class='ocr_line' id='line_1_27' title="bbox 351 2741 3468 2810; baseline 0 -12"><span class='ocrx_word' id='word_1_326' title='bbox 351 2759 518 2798; x_wconf 89' lang='lat' dir='ltr'><strong>versa</strong></span> <span class='ocrx_word' id='word_1_327' title='bbox 548 2743 840 2810; x_wconf 89' lang='lat' dir='ltr'><strong>natantia;</strong></span> <span class='ocrx_word' id='word_1_328' title='bbox 871 2747 930 2798; x_wconf 89' lang='lat' dir='ltr'><strong>et</strong></span> <span class='ocrx_word' id='word_1_329' title='bbox 957 2741 1040 2798; x_wconf 84' lang='lat' dir='ltr'><strong>ita</strong></span> <span class='ocrx_word' id='word_1_330' title='bbox 1077 2743 1152 2799; x_wconf 90' lang='lat' dir='ltr'><strong>ad</strong></span> <span class='ocrx_word' id='word_1_331' title='bbox 1199 2742 1430 2800; x_wconf 87' lang='lat' dir='ltr'><strong>Domini</strong></span> <span class='ocrx_word' id='word_1_332' title='bbox 1479 2744 1684 2802; x_wconf 88' lang='lat' dir='ltr'><strong>laudes</strong></span> <span class='ocrx_word' id='word_1_333' title='bbox 1731 2747 2012 2806; x_wconf 87' lang='lat' dir='ltr'><strong>invitatur</strong></span> <span class='ocrx_word' id='word_1_334' title='bbox 2119 2745 2155 2800; x_wconf 87' lang='lat'><strong>3</strong></span> <span class='ocrx_word' id='word_1_335' title='bbox 2265 2745 2618 2802; x_wconf 81' lang='lat' dir='ltr'><strong>Avertantur</strong></span> <span class='ocrx_word' id='word_1_336' title='bbox 2647 2753 2964 2800; x_wconf 82' lang='lat' dir='ltr'><strong>retrorsum</strong></span> <span class='ocrx_word' id='word_1_337' title='bbox 2995 2749 3050 2798; x_wconf 82' lang='lat' dir='ltr'><strong>et</strong></span> <span class='ocrx_word' id='word_1_338' title='bbox 3079 2745 3417 2800; x_wconf 74' lang='lat' dir='ltr'><strong>erubescant</strong></span> <span class='ocrx_word' id='word_1_339' title='bbox 3449 2763 3468 2798; x_wconf 92' lang='lat'><strong><em>:</em></strong></span> 
     </span>
    </p>
   </div>
   <div class='ocr_carea' id='block_1_28' title="bbox 353 2831 3012 2906">
    <p class='ocr_par' dir='ltr' id='par_1_28' title="bbox 353 2831 3012 2906">
     <span class='ocr_line' id='line_1_28' title="bbox 353 2831 3012 2906; baseline 0.001 -18"><span class='ocrx_word' id='word_1_340' title='bbox 353 2831 640 2904; x_wconf 89' lang='lat' dir='ltr'><strong>quidquid</strong></span> <span class='ocrx_word' id='word_1_341' title='bbox 671 2835 1075 2888; x_wconf 85' lang='lat' dir='ltr'><strong>creaturarum</strong></span> <span class='ocrx_word' id='word_1_342' title='bbox 1105 2847 1236 2888; x_wconf 87' lang='lat' dir='ltr'><strong>esse</strong></span> <span class='ocrx_word' id='word_1_343' title='bbox 1258 2834 1650 2906; x_wconf 87' lang='lat' dir='ltr'><strong>cognoscitur.</strong></span> <span class='ocrx_word' id='word_1_344' title='bbox 2261 2835 2376 2906; x_wconf 86' lang='lat' dir='ltr'><strong>Qui</strong></span> <span class='ocrx_word' id='word_1_345' title='bbox 2405 2833 2612 2892; x_wconf 82' lang='lat' dir='ltr'><strong>volunt</strong></span> <span class='ocrx_word' id='word_1_346' title='bbox 2641 2834 2798 2892; x_wconf 78' lang='lat' dir='ltr'><strong>mihi</strong></span> <span class='ocrx_word' id='word_1_347' title='bbox 2827 2832 3012 2890; x_wconf 84' lang='lat' dir='ltr'><strong>mala.</strong></span> 
     </span>
    </p>
   </div>
   <div class='ocr_carea' id='block_1_29' title="bbox 351 2919 3774 2996">
    <p class='ocr_par' dir='ltr' id='par_1_29' title="bbox 351 2919 3774 2996">
     <span class='ocr_line' id='line_1_29' title="bbox 351 2919 3774 2996; baseline 0 -20"><span class='ocrx_word' id='word_1_348' title='bbox 351 2921 422 2976; x_wconf 77' lang='grc'><strong>40</strong></span> <span class='ocrx_word' id='word_1_349' title='bbox 495 2922 788 2992; x_wconf 78' lang='lat' dir='ltr'><strong>Quoniam</strong></span> <span class='ocrx_word' id='word_1_350' title='bbox 817 2921 968 2978; x_wconf 85' lang='lat' dir='ltr'><strong>Deus</strong></span> <span class='ocrx_word' id='word_1_351' title='bbox 992 2919 1224 2978; x_wconf 77' lang='lat' dir='ltr'><strong>salvam</strong></span> <span class='ocrx_word' id='word_1_352' title='bbox 1249 2921 1440 2996; x_wconf 85' lang='lat' dir='ltr'><strong>faciet</strong></span> <span class='ocrx_word' id='word_1_353' title='bbox 1459 2925 1604 2980; x_wconf 83' lang='lat' dir='ltr'><strong>Sion</strong></span> <span class='ocrx_word' id='word_1_354' title='bbox 1631 2945 1652 2980; x_wconf 93' lang='grc'><strong>.·</strong></span> <span class='ocrx_word' id='word_1_355' title='bbox 2192 2925 2232 2980; x_wconf 92' lang='lat' dir='ltr'><strong>C</strong></span> <span class='ocrx_word' id='word_1_356' title='bbox 2261 2925 2615 2982; x_wconf 77' lang='lat' dir='ltr'><strong>Avertuntur</strong></span> <span class='ocrx_word' id='word_1_357' title='bbox 2643 2937 2987 2994; x_wconf 81' lang='lat' dir='ltr'><strong>retrorsum,</strong></span> <span class='ocrx_word' id='word_1_358' title='bbox 3016 2921 3156 2996; x_wconf 88' lang='lat' dir='ltr'><strong>quia</strong></span> <span class='ocrx_word' id='word_1_359' title='bbox 3179 2939 3212 2978; x_wconf 88' lang='lat' dir='ltr'><strong>a</strong></span> <span class='ocrx_word' id='word_1_360' title='bbox 3235 2939 3410 2996; x_wconf 82' lang='lat' dir='ltr'><strong>prava</strong></span> <span class='ocrx_word' id='word_1_361' title='bbox 3431 2919 3774 2996; x_wconf 82' lang='lat' dir='ltr'><strong>cogitatione</strong></span> 
     </span>
    </p>
   </div>
   <div class='ocr_carea' id='block_1_30' title="bbox 495 3009 3776 3086">
    <p class='ocr_par' dir='ltr' id='par_1_30' title="bbox 495 3009 3776 3086">
     <span class='ocr_line' id='line_1_30' title="bbox 495 3009 3776 3086; baseline -0.002 -16"><span class='ocrx_word' id='word_1_362' title='bbox 495 3015 564 3070; x_wconf 80' lang='lat' dir='ltr'><strong>Et</strong></span> <span class='ocrx_word' id='word_1_363' title='bbox 595 3009 1052 3084; x_wconf 65' lang='lat' dir='ltr'><strong>aediﬁcabuntur</strong></span> <span class='ocrx_word' id='word_1_364' title='bbox 1080 3013 1359 3068; x_wconf 80' lang='lat' dir='ltr'><strong>civitates</strong></span> <span class='ocrx_word' id='word_1_365' title='bbox 1373 3013 1562 3070; x_wconf 65' lang='lat' dir='ltr'><strong>ludat.</strong></span> <span class='ocrx_word' id='word_1_366' title='bbox 2119 3015 2504 3076; x_wconf 87' lang='lat' dir='ltr'><strong>descendens.</strong></span> <span class='ocrx_word' id='word_1_367' title='bbox 2527 3015 2702 3086; x_wconf 87' lang='lat' dir='ltr'><strong>jussa</strong></span> <span class='ocrx_word' id='word_1_368' title='bbox 2731 3011 2960 3068; x_wconf 89' lang='lat' dir='ltr'><strong>Domini</strong></span> <span class='ocrx_word' id='word_1_369' title='bbox 2993 3011 3392 3084; x_wconf 89' lang='lat' dir='ltr'><strong>subsequitur.</strong></span> <span class='ocrx_word' id='word_1_370' title='bbox 3435 3011 3540 3076; x_wconf 85' lang='lat' dir='ltr'><strong>Qui</strong></span> <span class='ocrx_word' id='word_1_371' title='bbox 3575 3009 3776 3066; x_wconf 88' lang='lat' dir='ltr'><strong>volunt</strong></span> 
     </span>
    </p>
   </div>
   <div class='ocr_carea' id='block_1_31' title="bbox 421 3099 3776 3176">
    <p class='ocr_par' dir='ltr' id='par_1_31' title="bbox 421 3099 3776 3176">
     <span class='ocr_line' id='line_1_31' title="bbox 421 3099 3776 3176; baseline -0.001 -18"><span class='ocrx_word' id='word_1_372' title='bbox 421 3101 464 3158; x_wconf 89' lang='lat' dir='ltr'><strong>C</strong></span> <span class='ocrx_word' id='word_1_373' title='bbox 493 3101 630 3158; x_wconf 83' lang='lat' dir='ltr'><strong>Sion</strong></span> <span class='ocrx_word' id='word_1_374' title='bbox 661 3101 822 3166; x_wconf 84' lang='lat' dir='ltr'><strong>enim</strong></span> <span class='ocrx_word' id='word_1_375' title='bbox 871 3117 1086 3174; x_wconf 85' lang='lat' dir='ltr'><strong>parvu</strong></span> <span class='ocrx_word' id='word_1_376' title='bbox 1134 3099 1442 3158; x_wconf 89' lang='lat' dir='ltr'><strong>colliculus</strong></span> <span class='ocrx_word' id='word_1_377' title='bbox 1487 3107 1596 3174; x_wconf 88' lang='lat' dir='ltr'><strong>est,</strong></span> <span class='ocrx_word' id='word_1_378' title='bbox 1631 3103 1728 3176; x_wconf 92' lang='lat' dir='ltr'><strong>qui</strong></span> <span class='ocrx_word' id='word_1_379' title='bbox 1757 3103 2012 3162; x_wconf 68' lang='lat' dir='ltr'><strong>cohaeret</strong></span> <span class='ocrx_word' id='word_1_380' title='bbox 2119 3102 2265 3160; x_wconf 89' lang='lat' dir='ltr'><strong>mihi</strong></span> <span class='ocrx_word' id='word_1_381' title='bbox 2297 3103 2474 3170; x_wconf 86' lang='lat' dir='ltr'><strong>mala,</strong></span> <span class='ocrx_word' id='word_1_382' title='bbox 2495 3102 2647 3158; x_wconf 88' lang='lat' dir='ltr'><strong>hanc</strong></span> <span class='ocrx_word' id='word_1_383' title='bbox 2679 3101 3122 3158; x_wconf 88' lang='lat' dir='ltr'><strong>retributionem</strong></span> <span class='ocrx_word' id='word_1_384' title='bbox 3147 3099 3570 3174; x_wconf 88' lang='lat' dir='ltr'><strong>suscipiant,ne</strong></span> <span class='ocrx_word' id='word_1_385' title='bbox 3589 3099 3648 3154; x_wconf 90' lang='lat' dir='ltr'><strong>in</strong></span> <span class='ocrx_word' id='word_1_386' title='bbox 3671 3115 3776 3154; x_wconf 89' lang='lat' dir='ltr'><strong>sua</strong></span> 
     </span>
    </p>
   </div>
   <div class='ocr_carea' id='block_1_32' title="bbox 349 3189 3774 3266">
    <p class='ocr_par' dir='ltr' id='par_1_32' title="bbox 349 3189 3774 3266">
     <span class='ocr_line' id='line_1_32' title="bbox 349 3189 3774 3266; baseline -0.001 -20"><span class='ocrx_word' id='word_1_387' title='bbox 349 3189 874 3264; x_wconf 77' lang='lat' dir='ltr'><strong>Hierosolymitano</strong></span> <span class='ocrx_word' id='word_1_388' title='bbox 893 3189 1238 3263; x_wconf 89' lang='lat' dir='ltr'><strong>templo,sed</strong></span> <span class='ocrx_word' id='word_1_389' title='bbox 1267 3191 1524 3248; x_wconf 88' lang='lat' dir='ltr'><strong>nominis</strong></span> <span class='ocrx_word' id='word_1_390' title='bbox 1545 3192 2012 3266; x_wconf 87' lang='lat' dir='ltr'><strong>qualitategran-</strong></span> <span class='ocrx_word' id='word_1_391' title='bbox 2054 3263 2077 3266; x_wconf 21' lang='grc' dir='ltr'>ὲ</span> <span class='ocrx_word' id='word_1_392' title='bbox 2121 3193 2434 3266; x_wconf 83' lang='lat' dir='ltr'><strong>iniquitate</strong></span> <span class='ocrx_word' id='word_1_393' title='bbox 2467 3192 2808 3266; x_wconf 88' lang='lat' dir='ltr'><strong>persistant.</strong></span> <span class='ocrx_word' id='word_1_394' title='bbox 2835 3191 2879 3248; x_wconf 91' lang='grc' dir='ltr'>Ο</span> <span class='ocrx_word' id='word_1_395' title='bbox 2909 3191 3008 3264; x_wconf 89' lang='lat' dir='ltr'><strong>pia</strong></span> <span class='ocrx_word' id='word_1_396' title='bbox 3033 3195 3372 3248; x_wconf 87' lang='lat' dir='ltr'><strong>sanctorum</strong></span> <span class='ocrx_word' id='word_1_397' title='bbox 3421 3189 3596 3250; x_wconf 86' lang='lat' dir='ltr'><strong>etiam</strong></span> <span class='ocrx_word' id='word_1_398' title='bbox 3647 3189 3774 3260; x_wconf 85' lang='lat' dir='ltr'><strong>ipsa</strong></span> 
     </span>
    </p>
   </div>
   <div class='ocr_carea' id='block_1_33' title="bbox 347 3263 3774 3356">
    <p class='ocr_par' dir='ltr' id='par_1_33' title="bbox 347 3263 3774 3356">
     <span class='ocr_line' id='line_1_33' title="bbox 347 3263 3774 3356; baseline 0 -22"><span class='ocrx_word' id='word_1_399' title='bbox 347 3263 628 3348; x_wconf 47' lang='lat' dir='ltr'><strong>descensi</strong></span> <span class='ocrx_word' id='word_1_400' title='bbox 667 3280 962 3354; x_wconf 83' lang='lat' dir='ltr'><strong>signiﬁcat</strong></span> <span class='ocrx_word' id='word_1_401' title='bbox 1013 3279 1172 3336; x_wconf 89' lang='lat' dir='ltr'><strong>enim</strong></span> <span class='ocrx_word' id='word_1_402' title='bbox 1229 3263 1580 3338; x_wconf 55' lang='lat' dir='ltr'><strong>Ecclesium:</strong></span> <span class='ocrx_word' id='word_1_403' title='bbox 1635 3281 1681 3338; x_wconf 83' lang='lat' dir='ltr'><strong>ll</strong></span> <span class='ocrx_word' id='word_1_404' title='bbox 1729 3263 2008 3340; x_wconf 85' lang='lat' dir='ltr'><strong>Civitates</strong></span> <span class='ocrx_word' id='word_1_405' title='bbox 2039 3263 2082 3330; x_wconf 70' lang='grc' dir='ltr'><strong>(ἶ</strong></span> <span class='ocrx_word' id='word_1_406' title='bbox 2122 3263 2250 3356; x_wconf 76' lang='lat' dir='ltr'><strong>quae</strong></span> <span class='ocrx_word' id='word_1_407' title='bbox 2281 3263 2522 3356; x_wconf 79' lang='lat' dir='ltr'><strong>putatur</strong></span> <span class='ocrx_word' id='word_1_408' title='bbox 2567 3263 3148 3348; x_wconf 22' lang='lat' dir='ltr'><strong>adversitas,7melius</strong></span> <span class='ocrx_word' id='word_1_409' title='bbox 3179 3281 3458 3354; x_wconf 83' lang='lat' dir='ltr'><strong>optabant</strong></span> <span class='ocrx_word' id='word_1_410' title='bbox 3501 3277 3774 3346; x_wconf 90' lang='lat' dir='ltr'><strong>inimicis,</strong></span> 
     </span>
    </p>
   </div>
   <div class='ocr_carea' id='block_1_34' title="bbox 345 3367 3648 3444">
    <p class='ocr_par' dir='ltr' id='par_1_34' title="bbox 345 3367 3648 3444">
     <span class='ocr_line' id='line_1_34' title="bbox 345 3367 3648 3444; baseline -0.001 -20"><span class='ocrx_word' id='word_1_411' title='bbox 345 3368 510 3426; x_wconf 72' lang='lat' dir='ltr'><strong>Judze</strong></span> <span class='ocrx_word' id='word_1_412' title='bbox 539 3371 752 3426; x_wconf 65' lang='lat' dir='ltr'><strong>animm</strong></span> <span class='ocrx_word' id='word_1_413' title='bbox 785 3374 924 3426; x_wconf 88' lang='lat' dir='ltr'><strong>sunt</strong></span> <span class='ocrx_word' id='word_1_414' title='bbox 964 3373 1322 3434; x_wconf 85' lang='lat' dir='ltr'><strong>sanctorum,</strong></span> <span class='ocrx_word' id='word_1_415' title='bbox 1351 3387 1478 3442; x_wconf 72' lang='lat' dir='ltr'><strong>qua:</strong></span> <span class='ocrx_word' id='word_1_416' title='bbox 1531 3389 1636 3444; x_wconf 84' lang='lat' dir='ltr'><strong>per</strong></span> <span class='ocrx_word' id='word_1_417' title='bbox 1683 3373 2004 3429; x_wconf 77' lang='lat' dir='ltr'><strong>confessio-</strong></span> <span class='ocrx_word' id='word_1_418' title='bbox 2117 3388 2296 3444; x_wconf 85' lang='lat' dir='ltr'><strong>quam</strong></span> <span class='ocrx_word' id='word_1_419' title='bbox 2329 3370 2554 3426; x_wconf 88' lang='lat' dir='ltr'><strong>inimici</strong></span> <span class='ocrx_word' id='word_1_420' title='bbox 2585 3369 2700 3426; x_wconf 86' lang='lat' dir='ltr'><strong>sibi</strong></span> <span class='ocrx_word' id='word_1_421' title='bbox 2733 3369 2878 3444; x_wconf 88' lang='lat' dir='ltr'><strong>ipsis</strong></span> <span class='ocrx_word' id='word_1_422' title='bbox 2907 3367 2966 3424; x_wconf 87' lang='lat' dir='ltr'><strong>in</strong></span> <span class='ocrx_word' id='word_1_423' title='bbox 3005 3369 3300 3442; x_wconf 89' lang='lat' dir='ltr'><strong>prosperis</strong></span> <span class='ocrx_word' id='word_1_424' title='bbox 3331 3367 3648 3424; x_wconf 86' lang='lat' dir='ltr'><strong>constituti.</strong></span> 
     </span>
    </p>
   </div>
   <div class='ocr_carea' id='block_1_35' title="bbox 347 3457 3303 3534">
    <p class='ocr_par' dir='ltr' id='par_1_35' title="bbox 347 3457 3303 3534">
     <span class='ocr_line' id='line_1_35' title="bbox 347 3457 3303 3534; baseline 0 -20"><span class='ocrx_word' id='word_1_425' title='bbox 347 3475 482 3514; x_wconf 89' lang='lat' dir='ltr'><strong>nem</strong></span> <span class='ocrx_word' id='word_1_426' title='bbox 515 3457 574 3514; x_wconf 90' lang='lat' dir='ltr'><strong>in</strong></span> <span class='ocrx_word' id='word_1_427' title='bbox 607 3457 892 3530; x_wconf 86' lang='lat' dir='ltr'><strong>templum</strong></span> <span class='ocrx_word' id='word_1_428' title='bbox 917 3463 1187 3514; x_wconf 88' lang='lat' dir='ltr'><strong>sanctum</strong></span> <span class='ocrx_word' id='word_1_429' title='bbox 1211 3463 1496 3531; x_wconf 88' lang='lat' dir='ltr'><strong>tanquam</strong></span> <span class='ocrx_word' id='word_1_430' title='bbox 1519 3461 1628 3516; x_wconf 88' lang='lat' dir='ltr'><strong>vivi</strong></span> <span class='ocrx_word' id='word_1_431' title='bbox 1657 3459 1882 3534; x_wconf 86' lang='lat' dir='ltr'><strong>lapides</strong></span> <span class='ocrx_word' id='word_1_432' title='bbox 1913 3463 2009 3520; x_wconf 85' lang='lat' dir='ltr'><strong>de-</strong></span> <span class='ocrx_word' id='word_1_433' title='bbox 2117 3461 2148 3515; x_wconf 73' lang='grc'>4</span> <span class='ocrx_word' id='word_1_434' title='bbox 2259 3461 2612 3518; x_wconf 81' lang='lat' dir='ltr'><strong>Avertantur</strong></span> <span class='ocrx_word' id='word_1_435' title='bbox 2635 3461 2842 3516; x_wconf 78' lang='lat' dir='ltr'><strong>statim</strong></span> <span class='ocrx_word' id='word_1_436' title='bbox 2869 3459 3256 3516; x_wconf 78' lang='lat' dir='ltr'><strong>erubescentes</strong></span> <span class='ocrx_word' id='word_1_437' title='bbox 3283 3480 3303 3514; x_wconf 89' lang='lat'><strong>.-</strong></span> 
     </span>
    </p>
   </div>
   <div class='ocr_carea' id='block_1_36' title="bbox 349 3546 3236 3622">
    <p class='ocr_par' dir='ltr' id='par_1_36' title="bbox 349 3546 3236 3622">
     <span class='ocr_line' id='line_1_36' title="bbox 349 3546 3236 3622; baseline 0.001 -22"><span class='ocrx_word' id='word_1_438' title='bbox 349 3546 636 3602; x_wconf 84' lang='lat' dir='ltr'><strong>feruntur.</strong></span> <span class='ocrx_word' id='word_1_439' title='bbox 2258 3550 2375 3620; x_wconf 90' lang='lat' dir='ltr'><strong>Qui</strong></span> <span class='ocrx_word' id='word_1_440' title='bbox 2397 3549 2608 3606; x_wconf 81' lang='lat' dir='ltr'><strong>dicunt</strong></span> <span class='ocrx_word' id='word_1_441' title='bbox 2637 3548 2788 3604; x_wconf 82' lang='lat' dir='ltr'><strong>mihi</strong></span> <span class='ocrx_word' id='word_1_442' title='bbox 2819 3565 2831 3602; x_wconf 90' lang='lat'><strong>:</strong></span> <span class='ocrx_word' id='word_1_443' title='bbox 2861 3551 3041 3622; x_wconf 79' lang='lat' dir='ltr'><strong>Euge,</strong></span> <span class='ocrx_word' id='word_1_444' title='bbox 3073 3563 3236 3620; x_wconf 74' lang='lat' dir='ltr'><strong>euge.</strong></span> 
     </span>
    </p>
   </div>
   <div class='ocr_carea' id='block_1_37' title="bbox 351 3633 3772 3712">
    <p class='ocr_par' dir='ltr' id='par_1_37' title="bbox 351 3633 3772 3712">
     <span class='ocr_line' id='line_1_37' title="bbox 351 3633 3772 3712; baseline 0.001 -24"><span class='ocrx_word' id='word_1_445' title='bbox 351 3635 414 3688; x_wconf 76' lang='grc'><strong>41</strong></span> <span class='ocrx_word' id='word_1_446' title='bbox 491 3637 568 3690; x_wconf 85' lang='lat' dir='ltr'><strong>Et</strong></span> <span class='ocrx_word' id='word_1_447' title='bbox 601 3633 1026 3691; x_wconf 79' lang='lat' dir='ltr'><strong>inhabitabant</strong></span> <span class='ocrx_word' id='word_1_448' title='bbox 1057 3635 1145 3692; x_wconf 89' lang='lat' dir='ltr'><strong>ibi</strong></span> <span class='ocrx_word' id='word_1_449' title='bbox 1171 3654 1193 3692; x_wconf 89' lang='lat'><strong><em>:</em></strong></span> <span class='ocrx_word' id='word_1_450' title='bbox 2187 3639 2228 3695; x_wconf 91' lang='lat' dir='ltr'><strong>C</strong></span> <span class='ocrx_word' id='word_1_451' title='bbox 2257 3641 2628 3709; x_wconf 79' lang='lat' dir='ltr'><strong>Averlantur,</strong></span> <span class='ocrx_word' id='word_1_452' title='bbox 2651 3637 2796 3712; x_wconf 87' lang='lat' dir='ltr'><strong>petit</strong></span> <span class='ocrx_word' id='word_1_453' title='bbox 2825 3641 2962 3708; x_wconf 88' lang='lat' dir='ltr'><strong>ut,a</strong></span> <span class='ocrx_word' id='word_1_454' title='bbox 2987 3653 3094 3692; x_wconf 89' lang='lat' dir='ltr'><strong>suo</strong></span> <span class='ocrx_word' id='word_1_455' title='bbox 3117 3633 3413 3710; x_wconf 86' lang='lat' dir='ltr'><strong>proposito</strong></span> <span class='ocrx_word' id='word_1_456' title='bbox 3435 3634 3772 3690; x_wconf 87' lang='lat' dir='ltr'><strong>erubescen-</strong></span> 
     </span>
    </p>
   </div>
   <div class='ocr_carea' id='block_1_38' title="bbox 495 3721 3770 3798">
    <p class='ocr_par' dir='ltr' id='par_1_38' title="bbox 495 3721 3770 3798">
     <span class='ocr_line' id='line_1_38' title="bbox 495 3721 3770 3798; baseline 0.001 -22"><span class='ocrx_word' id='word_1_457' title='bbox 495 3725 560 3778; x_wconf 83' lang='lat' dir='ltr'><strong>Et</strong></span> <span class='ocrx_word' id='word_1_458' title='bbox 593 3721 938 3778; x_wconf 59' lang='lat' dir='ltr'><strong>haereditate</strong></span> <span class='ocrx_word' id='word_1_459' title='bbox 967 3725 1272 3796; x_wconf 78' lang='lat' dir='ltr'><strong>nequirent</strong></span> <span class='ocrx_word' id='word_1_460' title='bbox 1303 3740 1456 3780; x_wconf 83' lang='lat' dir='ltr'><strong>eam.</strong></span> <span class='ocrx_word' id='word_1_461' title='bbox 2117 3727 2513 3798; x_wconf 88' lang='lat' dir='ltr'><strong>tes,velocitcr</strong></span> <span class='ocrx_word' id='word_1_462' title='bbox 2541 3744 2604 3784; x_wconf 88' lang='lat' dir='ltr'><strong>se</strong></span> <span class='ocrx_word' id='word_1_463' title='bbox 2633 3730 2998 3783; x_wconf 85' lang='lat' dir='ltr'><strong>convertant.</strong></span> <span class='ocrx_word' id='word_1_464' title='bbox 3019 3725 3126 3794; x_wconf 89' lang='lat' dir='ltr'><strong>Qui</strong></span> <span class='ocrx_word' id='word_1_465' title='bbox 3151 3725 3356 3782; x_wconf 89' lang='lat' dir='ltr'><strong>dicunt</strong></span> <span class='ocrx_word' id='word_1_466' title='bbox 3386 3743 3398 3780; x_wconf 92' lang='lat'>:</span> <span class='ocrx_word' id='word_1_467' title='bbox 3425 3725 3770 3798; x_wconf 84' lang='lat' dir='ltr'><strong>Euge,euge.</strong></span> 
     </span>
    </p>
   </div>
   <div class='ocr_carea' id='block_1_39' title="bbox 421 3809 3770 3890">
    <p class='ocr_par' dir='ltr' id='par_1_39' title="bbox 421 3809 3770 3890">
     <span class='ocr_line' id='line_1_39' title="bbox 421 3809 3770 3890; baseline 0.001 -24"><span class='ocrx_word' id='word_1_468' title='bbox 421 3811 462 3866; x_wconf 90' lang='lat' dir='ltr'><strong>C</strong></span> <span class='ocrx_word' id='word_1_469' title='bbox 493 3809 650 3866; x_wconf 85' lang='lat' dir='ltr'><strong>Hane</strong></span> <span class='ocrx_word' id='word_1_470' title='bbox 679 3810 838 3866; x_wconf 89' lang='lat' dir='ltr'><strong>enim</strong></span> <span class='ocrx_word' id='word_1_471' title='bbox 870 3810 1188 3866; x_wconf 79' lang='lat' dir='ltr'><strong>Ecclesium</strong></span> <span class='ocrx_word' id='word_1_472' title='bbox 1227 3813 1322 3868; x_wconf 88' lang='lat' dir='ltr'><strong>hic</strong></span> <span class='ocrx_word' id='word_1_473' title='bbox 1354 3813 1622 3870; x_wconf 84' lang='lat' dir='ltr'><strong>habitant</strong></span> <span class='ocrx_word' id='word_1_474' title='bbox 1663 3814 2004 3886; x_wconf 86' lang='lat' dir='ltr'><strong>Christiani,</strong></span> <span class='ocrx_word' id='word_1_475' title='bbox 2117 3819 2296 3890; x_wconf 87' lang='lat' dir='ltr'><strong>Euge,</strong></span> <span class='ocrx_word' id='word_1_476' title='bbox 2331 3833 2524 3872; x_wconf 87' lang='lat' dir='ltr'><strong>sermo</strong></span> <span class='ocrx_word' id='word_1_477' title='bbox 2556 3815 2853 3872; x_wconf 86' lang='lat' dir='ltr'><strong>laudantis</strong></span> <span class='ocrx_word' id='word_1_478' title='bbox 2879 3820 2988 3882; x_wconf 87' lang='lat' dir='ltr'><strong>est,</strong></span> <span class='ocrx_word' id='word_1_479' title='bbox 3021 3815 3122 3872; x_wconf 88' lang='lat' dir='ltr'><strong>sed</strong></span> <span class='ocrx_word' id='word_1_480' title='bbox 3155 3813 3250 3870; x_wconf 89' lang='lat' dir='ltr'><strong>hic</strong></span> <span class='ocrx_word' id='word_1_481' title='bbox 3299 3813 3488 3870; x_wconf 89' lang='lat' dir='ltr'><strong>ironia</strong></span> <span class='ocrx_word' id='word_1_482' title='bbox 3521 3818 3628 3872; x_wconf 85' lang='lat' dir='ltr'><strong>est.</strong></span> <span class='ocrx_word' id='word_1_483' title='bbox 3662 3817 3770 3868; x_wconf 85' lang='lat' dir='ltr'><strong>Seu</strong></span> 
     </span>
    </p>
   </div>
   <div class='ocr_carea' id='block_1_40' title="bbox 349 3899 3772 3980">
    <p class='ocr_par' dir='ltr' id='par_1_40' title="bbox 349 3899 3772 3980">
     <span class='ocr_line' id='line_1_40' title="bbox 349 3899 3772 3980; baseline 0 -24"><span class='ocrx_word' id='word_1_484' title='bbox 349 3899 683 3956; x_wconf 50' lang='lat' dir='ltr'><strong>haereditate</strong></span> <span class='ocrx_word' id='word_1_485' title='bbox 713 3915 848 3956; x_wconf 90' lang='lat' dir='ltr'><strong>vero</strong></span> <span class='ocrx_word' id='word_1_486' title='bbox 879 3899 1186 3972; x_wconf 81' lang='lat' dir='ltr'><strong>nequirent</strong></span> <span class='ocrx_word' id='word_1_487' title='bbox 1215 3919 1367 3970; x_wconf 85' lang='lat' dir='ltr'><strong>eam,</strong></span> <span class='ocrx_word' id='word_1_488' title='bbox 1399 3903 1636 3974; x_wconf 89' lang='lat' dir='ltr'><strong>quando</strong></span> <span class='ocrx_word' id='word_1_489' title='bbox 1687 3905 1760 3962; x_wconf 86' lang='lat' dir='ltr'><strong>ad</strong></span> <span class='ocrx_word' id='word_1_490' title='bbox 1809 3907 2006 3966; x_wconf 86' lang='lat' dir='ltr'><strong>lliero-</strong></span> <span class='ocrx_word' id='word_1_491' title='bbox 2117 3907 2248 3962; x_wconf 87' lang='lat' dir='ltr'><strong>illos</strong></span> <span class='ocrx_word' id='word_1_492' title='bbox 2281 3906 2545 3980; x_wconf 87' lang='lat' dir='ltr'><strong>increpat</strong></span> <span class='ocrx_word' id='word_1_493' title='bbox 2575 3905 2676 3978; x_wconf 90' lang='lat' dir='ltr'><strong>qui</strong></span> <span class='ocrx_word' id='word_1_494' title='bbox 2707 3905 3056 3968; x_wconf 76' lang='lat' dir='ltr'><strong>afflictiones</strong></span> <span class='ocrx_word' id='word_1_495' title='bbox 3087 3910 3410 3978; x_wconf 70' lang='lat' dir='ltr'><strong>martyrum</strong></span> <span class='ocrx_word' id='word_1_496' title='bbox 3459 3917 3772 3976; x_wconf 65' lang='lat' dir='ltr'><strong>pinnasque</strong></span> 
     </span>
    </p>
   </div>
   <div class='ocr_carea' id='block_1_41' title="bbox 347 3987 3766 4069">
    <p class='ocr_par' dir='ltr' id='par_1_41' title="bbox 347 3987 3766 4069">
     <span class='ocr_line' id='line_1_41' title="bbox 347 3987 3766 4069; baseline 0 -23"><span class='ocrx_word' id='word_1_497' title='bbox 347 3989 636 4062; x_wconf 76' lang='lat' dir='ltr'><strong>solymam</strong></span> <span class='ocrx_word' id='word_1_498' title='bbox 669 3987 830 4046; x_wconf 86' lang='lat' dir='ltr'><strong>illam</strong></span> <span class='ocrx_word' id='word_1_499' title='bbox 861 3995 1136 4046; x_wconf 72' lang='lat' dir='ltr'><strong>aeternam</strong></span> <span class='ocrx_word' id='word_1_500' title='bbox 1169 3991 1272 4047; x_wconf 87' lang='lat' dir='ltr'><strong>Dei</strong></span> <span class='ocrx_word' id='word_1_501' title='bbox 1303 3993 1682 4050; x_wconf 84' lang='lat' dir='ltr'><strong>miseratione</strong></span> <span class='ocrx_word' id='word_1_502' title='bbox 1733 4013 2006 4069; x_wconf 81' lang='lat' dir='ltr'><strong>pervene-</strong></span> <span class='ocrx_word' id='word_1_503' title='bbox 2117 3995 2476 4064; x_wconf 84' lang='lat' dir='ltr'><strong>cullaudant,</strong></span> <span class='ocrx_word' id='word_1_504' title='bbox 2507 4001 2564 4050; x_wconf 92' lang='lat' dir='ltr'><strong>et</strong></span> <span class='ocrx_word' id='word_1_505' title='bbox 2609 4013 2722 4050; x_wconf 89' lang='lat' dir='ltr'><strong>non</strong></span> <span class='ocrx_word' id='word_1_506' title='bbox 2773 3995 2844 4050; x_wconf 89' lang='lat' dir='ltr'><strong>ad</strong></span> <span class='ocrx_word' id='word_1_507' title='bbox 2895 3993 3152 4050; x_wconf 88' lang='lat' dir='ltr'><strong>auctoris</strong></span> <span class='ocrx_word' id='word_1_508' title='bbox 3195 3992 3442 4066; x_wconf 86' lang='lat' dir='ltr'><strong>gloriam</strong></span> <span class='ocrx_word' id='word_1_509' title='bbox 3493 3991 3766 4058; x_wconf 79' lang='lat' dir='ltr'><strong>referunt,</strong></span> 
     </span>
    </p>
   </div>
   <div class='ocr_carea' id='block_1_42' title="bbox 347 4079 3346 4160">
    <p class='ocr_par' dir='ltr' id='par_1_42' title="bbox 347 4079 3346 4160">
     <span class='ocr_line' id='line_1_42' title="bbox 347 4079 3346 4160; baseline 0 -26"><span class='ocrx_word' id='word_1_510' title='bbox 347 4079 484 4136; x_wconf 88' lang='lat' dir='ltr'><strong>rint.</strong></span> <span class='ocrx_word' id='word_1_511' title='bbox 2119 4085 2274 4160; x_wconf 82' lang='lat' dir='ltr'><strong>quod</strong></span> <span class='ocrx_word' id='word_1_512' title='bbox 2307 4083 2390 4140; x_wconf 89' lang='lat' dir='ltr'><strong>eis</strong></span> <span class='ocrx_word' id='word_1_513' title='bbox 2422 4083 2588 4156; x_wconf 89' lang='lat' dir='ltr'><strong>larga</strong></span> <span class='ocrx_word' id='word_1_514' title='bbox 2619 4084 2830 4158; x_wconf 87' lang='lat' dir='ltr'><strong>pietate</strong></span> <span class='ocrx_word' id='word_1_515' title='bbox 2861 4087 2948 4138; x_wconf 88' lang='lat' dir='ltr'><strong>est</strong></span> <span class='ocrx_word' id='word_1_516' title='bbox 2979 4098 3346 4138; x_wconf 87' lang='lat' dir='ltr'><strong>concessum.</strong></span> 
     </span>
    </p>
   </div>
   <div class='ocr_carea' id='block_1_43' title="bbox 347 4169 3773 4246">
    <p class='ocr_par' dir='ltr' id='par_1_43' title="bbox 347 4169 3773 4246">
     <span class='ocr_line' id='line_1_43' title="bbox 347 4169 3773 4246; baseline 0 -22"><span class='ocrx_word' id='word_1_517' title='bbox 347 4170 418 4224; x_wconf 73' lang='grc'><strong>42</strong></span> <span class='ocrx_word' id='word_1_518' title='bbox 487 4169 554 4226; x_wconf 75' lang='lat' dir='ltr'><strong>Et</strong></span> <span class='ocrx_word' id='word_1_519' title='bbox 581 4185 774 4226; x_wconf 79' lang='lat' dir='ltr'><strong>semen</strong></span> <span class='ocrx_word' id='word_1_520' title='bbox 795 4185 1096 4226; x_wconf 83' lang='lat' dir='ltr'><strong>servorum</strong></span> <span class='ocrx_word' id='word_1_521' title='bbox 1126 4173 1254 4244; x_wconf 82' lang='lat' dir='ltr'><strong>ejus</strong></span> <span class='ocrx_word' id='word_1_522' title='bbox 1271 4173 1602 4246; x_wconf 78' lang='lat' dir='ltr'><strong>possidebit</strong></span> <span class='ocrx_word' id='word_1_523' title='bbox 1631 4193 1760 4232; x_wconf 88' lang='lat' dir='ltr'><strong>eam</strong></span> <span class='ocrx_word' id='word_1_524' title='bbox 1789 4198 1807 4232; x_wconf 88' lang='lat'><strong><em>:</em></strong></span> <span class='ocrx_word' id='word_1_525' title='bbox 2115 4177 2152 4232; x_wconf 86' lang='lat'>5</span> <span class='ocrx_word' id='word_1_526' title='bbox 2259 4172 2552 4232; x_wconf 67' lang='lat' dir='ltr'><strong>Exultent</strong></span> <span class='ocrx_word' id='word_1_527' title='bbox 2579 4179 2636 4228; x_wconf 89' lang='lat' dir='ltr'><strong>et</strong></span> <span class='ocrx_word' id='word_1_528' title='bbox 2667 4175 2943 4230; x_wconf 60' lang='lat' dir='ltr'><strong>laetentur</strong></span> <span class='ocrx_word' id='word_1_529' title='bbox 2973 4173 3036 4229; x_wconf 84' lang='lat' dir='ltr'><strong>in</strong></span> <span class='ocrx_word' id='word_1_530' title='bbox 3066 4177 3122 4228; x_wconf 78' lang='lat' dir='ltr'><strong>te</strong></span> <span class='ocrx_word' id='word_1_531' title='bbox 3151 4188 3346 4230; x_wconf 83' lang='lat' dir='ltr'><strong>omnes</strong></span> <span class='ocrx_word' id='word_1_532' title='bbox 3389 4171 3487 4242; x_wconf 86' lang='lat' dir='ltr'><strong>qui</strong></span> <span class='ocrx_word' id='word_1_533' title='bbox 3521 4171 3773 4244; x_wconf 67' lang='lat' dir='ltr'><strong>quaerunt</strong></span> 
     </span>
    </p>
   </div>
   <div class='ocr_carea' id='block_1_44' title="bbox 489 4259 2440 4333">
    <p class='ocr_par' dir='ltr' id='par_1_44' title="bbox 489 4259 2440 4333">
     <span class='ocr_line' id='line_1_44' title="bbox 489 4259 2440 4333; baseline 0.004 -20"><span class='ocrx_word' id='word_1_534' title='bbox 489 4261 564 4314; x_wconf 84' lang='lat' dir='ltr'><strong>Et</strong></span> <span class='ocrx_word' id='word_1_535' title='bbox 593 4273 696 4332; x_wconf 76' lang='lat' dir='ltr'><strong>qut</strong></span> <span class='ocrx_word' id='word_1_536' title='bbox 719 4259 978 4333; x_wconf 78' lang='lat' dir='ltr'><strong>diligunt</strong></span> <span class='ocrx_word' id='word_1_537' title='bbox 1013 4277 1220 4318; x_wconf 79' lang='lat' dir='ltr'><strong>nomen</strong></span> <span class='ocrx_word' id='word_1_538' title='bbox 1247 4262 1376 4332; x_wconf 86' lang='lat' dir='ltr'><strong>ejus</strong></span> <span class='ocrx_word' id='word_1_539' title='bbox 1404 4264 1758 4322; x_wconf 74' lang='lat' dir='ltr'><strong>habitabant</strong></span> <span class='ocrx_word' id='word_1_540' title='bbox 1785 4267 1850 4322; x_wconf 89' lang='lat' dir='ltr'><strong>in</strong></span> <span class='ocrx_word' id='word_1_541' title='bbox 1873 4283 1968 4323; x_wconf 89' lang='lat' dir='ltr'><strong>ea.</strong></span> <span class='ocrx_word' id='word_1_542' title='bbox 2333 4269 2390 4320; x_wconf 87' lang='lat' dir='ltr'><strong>te</strong></span> <span class='ocrx_word' id='word_1_543' title='bbox 2421 4281 2440 4320; x_wconf 86' lang='lat'><strong><em>:</em></strong></span> 
     </span>
    </p>
   </div>
   <div class='ocr_carea' id='block_1_45' title="bbox 417 4349 3774 4426">
    <p class='ocr_par' dir='ltr' id='par_1_45' title="bbox 417 4349 3774 4426">
     <span class='ocr_line' id='line_1_45' title="bbox 417 4349 3774 4426; baseline 0 -22"><span class='ocrx_word' id='word_1_544' title='bbox 417 4349 458 4404; x_wconf 89' lang='lat' dir='ltr'><strong>C</strong></span> <span class='ocrx_word' id='word_1_545' title='bbox 485 4353 694 4404; x_wconf 87' lang='lat' dir='ltr'><strong>Semen</strong></span> <span class='ocrx_word' id='word_1_546' title='bbox 724 4349 882 4406; x_wconf 87' lang='lat' dir='ltr'><strong>enim</strong></span> <span class='ocrx_word' id='word_1_547' title='bbox 939 4349 1034 4406; x_wconf 87' lang='lat' dir='ltr'><strong>hic</strong></span> <span class='ocrx_word' id='word_1_548' title='bbox 1081 4368 1230 4422; x_wconf 85' lang='lat' dir='ltr'><strong>opus</strong></span> <span class='ocrx_word' id='word_1_549' title='bbox 1281 4352 1632 4425; x_wconf 82' lang='lat' dir='ltr'><strong>perlectum,</strong></span> <span class='ocrx_word' id='word_1_550' title='bbox 1665 4372 1780 4410; x_wconf 89' lang='lat' dir='ltr'><strong>non</strong></span> <span class='ocrx_word' id='word_1_551' title='bbox 1813 4355 2008 4418; x_wconf 78' lang='lat' dir='ltr'><strong>carnis</strong></span> <span class='ocrx_word' id='word_1_552' title='bbox 2264 4355 2331 4410; x_wconf 85' lang='lat' dir='ltr'><strong>Et</strong></span> <span class='ocrx_word' id='word_1_553' title='bbox 2379 4354 2584 4412; x_wconf 80' lang='lat' dir='ltr'><strong>dicant</strong></span> <span class='ocrx_word' id='word_1_554' title='bbox 2625 4369 2850 4426; x_wconf 79' lang='lat' dir='ltr'><strong>semper</strong></span> <span class='ocrx_word' id='word_1_555' title='bbox 2897 4351 3316 4426; x_wconf 78' lang='lat' dir='ltr'><strong>magniﬁeetur</strong></span> <span class='ocrx_word' id='word_1_556' title='bbox 3355 4349 3634 4408; x_wconf 83' lang='lat' dir='ltr'><strong>Dominus</strong></span> <span class='ocrx_word' id='word_1_557' title='bbox 3671 4349 3774 4422; x_wconf 73' lang='lat' dir='ltr'><strong>qui</strong></span> 
     </span>
    </p>
   </div>
   <div class='ocr_carea' id='block_1_46' title="bbox 349 4435 3800 4518">
    <p class='ocr_par' dir='ltr' id='par_1_46' title="bbox 349 4435 3800 4518">
     <span class='ocr_line' id='line_1_46' title="bbox 349 4435 3800 4518; baseline 0.001 -26"><span class='ocrx_word' id='word_1_558' title='bbox 349 4435 684 4510; x_wconf 84' lang='lat' dir='ltr'><strong>progeniem</strong></span> <span class='ocrx_word' id='word_1_559' title='bbox 703 4437 988 4494; x_wconf 88' lang='lat' dir='ltr'><strong>debemus</strong></span> <span class='ocrx_word' id='word_1_560' title='bbox 1005 4439 1480 4514; x_wconf 88' lang='lat' dir='ltr'><strong>acccipere,quod</strong></span> <span class='ocrx_word' id='word_1_561' title='bbox 1507 4441 1764 4500; x_wconf 82' lang='lat' dir='ltr'><strong>futuram</strong></span> <span class='ocrx_word' id='word_1_562' title='bbox 1791 4447 2006 4500; x_wconf 88' lang='lat' dir='ltr'><strong>terram</strong></span> <span class='ocrx_word' id='word_1_563' title='bbox 2329 4441 2590 4518; x_wconf 80' lang='lat' dir='ltr'><strong>diligunt</strong></span> <span class='ocrx_word' id='word_1_564' title='bbox 2615 4441 2890 4500; x_wconf 83' lang='lat' dir='ltr'><strong>salutare</strong></span> <span class='ocrx_word' id='word_1_565' title='bbox 2917 4450 3102 4498; x_wconf 86' lang='lat' dir='ltr'><strong>tuum.</strong></span> <span class='ocrx_word' id='word_1_566' title='bbox 3791 4437 3800 4448; x_wconf 82' lang='lat'><em>&#39;</em></span> 
     </span>
    </p>
   </div>
   <div class='ocr_carea' id='block_1_47' title="bbox 349 4525 3764 4606">
    <p class='ocr_par' dir='ltr' id='par_1_47' title="bbox 349 4525 3764 4606">
     <span class='ocr_line' id='line_1_47' title="bbox 349 4525 3764 4606; baseline -0.001 -24"><span class='ocrx_word' id='word_1_567' title='bbox 349 4525 834 4600; x_wconf 73' lang='lat' dir='ltr'><strong>possidebit,quea</strong></span> <span class='ocrx_word' id='word_1_568' title='bbox 869 4527 1032 4584; x_wconf 88' lang='lat' dir='ltr'><strong>nullo</strong></span> <span class='ocrx_word' id='word_1_569' title='bbox 1053 4529 1182 4600; x_wconf 87' lang='lat' dir='ltr'><strong>jam</strong></span> <span class='ocrx_word' id='word_1_570' title='bbox 1213 4529 1330 4586; x_wconf 78' lang='lat' dir='ltr'><strong>ﬁne</strong></span> <span class='ocrx_word' id='word_1_571' title='bbox 1361 4531 1646 4587; x_wconf 88' lang='lat' dir='ltr'><strong>mutanda</strong></span> <span class='ocrx_word' id='word_1_572' title='bbox 1677 4535 1796 4602; x_wconf 89' lang='lat' dir='ltr'><strong>est;</strong></span> <span class='ocrx_word' id='word_1_573' title='bbox 1821 4533 1924 4588; x_wconf 86' lang='lat' dir='ltr'><strong>sed</strong></span> <span class='ocrx_word' id='word_1_574' title='bbox 1947 4533 2006 4588; x_wconf 91' lang='lat' dir='ltr'><strong>in</strong></span> <span class='ocrx_word' id='word_1_575' title='bbox 2189 4533 2236 4590; x_wconf 85' lang='grc' dir='ltr'>Η</span> <span class='ocrx_word' id='word_1_576' title='bbox 2267 4533 2402 4589; x_wconf 89' lang='lat' dir='ltr'><strong>Post</strong></span> <span class='ocrx_word' id='word_1_577' title='bbox 2431 4532 2910 4606; x_wconf 86' lang='lat' dir='ltr'><strong>persequentium</strong></span> <span class='ocrx_word' id='word_1_578' title='bbox 2941 4530 3312 4606; x_wconf 87' lang='lat' dir='ltr'><strong>iniquitatem</strong></span> <span class='ocrx_word' id='word_1_579' title='bbox 3345 4532 3400 4586; x_wconf 85' lang='lat' dir='ltr'><strong>et</strong></span> <span class='ocrx_word' id='word_1_580' title='bbox 3445 4525 3764 4584; x_wconf 86' lang='lat' dir='ltr'><strong>conversio-</strong></span> 
     </span>
    </p>
   </div>
   <div class='ocr_carea' id='block_1_48' title="bbox 349 4613 3766 4706">
    <p class='ocr_par' dir='ltr' id='par_1_48' title="bbox 349 4613 3766 4706">
     <span class='ocr_line' id='line_1_48' title="bbox 349 4613 3766 4706; baseline -0.001 -34"><span class='ocrx_word' id='word_1_581' title='bbox 349 4631 420 4672; x_wconf 86' lang='lat' dir='ltr'><strong>ea</strong></span> <span class='ocrx_word' id='word_1_582' title='bbox 449 4615 822 4706; x_wconf 72' lang='lat' dir='ltr'><strong>habitabant.</strong></span> <span class='ocrx_word' id='word_1_583' title='bbox 847 4615 1234 4706; x_wconf 85' lang='lat' dir='ltr'><strong>quidiligunt</strong></span> <span class='ocrx_word' id='word_1_584' title='bbox 1269 4633 1484 4674; x_wconf 85' lang='lat' dir='ltr'><strong>nomen</strong></span> <span class='ocrx_word' id='word_1_585' title='bbox 1525 4619 1674 4690; x_wconf 87' lang='lat' dir='ltr'><strong>ejus,</strong></span> <span class='ocrx_word' id='word_1_586' title='bbox 1703 4623 1760 4674; x_wconf 90' lang='lat' dir='ltr'><strong>et</strong></span> <span class='ocrx_word' id='word_1_587' title='bbox 1807 4637 2008 4694; x_wconf 87' lang='lat' dir='ltr'><strong>perpe-</strong></span> <span class='ocrx_word' id='word_1_588' title='bbox 2037 4640 2086 4706; x_wconf 72' lang='grc' dir='ltr'>Β</span> <span class='ocrx_word' id='word_1_589' title='bbox 2121 4639 2276 4690; x_wconf 89' lang='lat' dir='ltr'><strong>nem,</strong></span> <span class='ocrx_word' id='word_1_590' title='bbox 2313 4621 2384 4678; x_wconf 88' lang='lat' dir='ltr'><strong>ad</strong></span> <span class='ocrx_word' id='word_1_591' title='bbox 2415 4620 2664 4694; x_wconf 88' lang='lat' dir='ltr'><strong>gloriam</strong></span> <span class='ocrx_word' id='word_1_592' title='bbox 2695 4621 3050 4676; x_wconf 87' lang='lat' dir='ltr'><strong>convertitur</strong></span> <span class='ocrx_word' id='word_1_593' title='bbox 3079 4621 3404 4686; x_wconf 87' lang='lat' dir='ltr'><strong>beatorum,</strong></span> <span class='ocrx_word' id='word_1_594' title='bbox 3424 4622 3488 4672; x_wconf 92' lang='lat' dir='ltr'><strong>ut</strong></span> <span class='ocrx_word' id='word_1_595' title='bbox 3513 4613 3766 4672; x_wconf 85' lang='lat' dir='ltr'><strong>exultent</strong></span> 
     </span>
    </p>
   </div>
   <div class='ocr_carea' id='block_1_49' title="bbox 347 4703 3762 4784">
    <p class='ocr_par' dir='ltr' id='par_1_49' title="bbox 347 4703 3762 4784">
     <span class='ocr_line' id='line_1_49' title="bbox 347 4703 3762 4784; baseline -0.003 -17"><span class='ocrx_word' id='word_1_596' title='bbox 347 4707 524 4778; x_wconf 70' lang='lat' dir='ltr'><strong>petua</strong></span> <span class='ocrx_word' id='word_1_597' title='bbox 553 4703 830 4760; x_wconf 69' lang='lat' dir='ltr'><strong>felicith</strong></span> <span class='ocrx_word' id='word_1_598' title='bbox 853 4705 1168 4776; x_wconf 72' lang='lat' dir='ltr'><strong>potientur.</strong></span> <span class='ocrx_word' id='word_1_599' title='bbox 2038 4703 2075 4706; x_wconf 43' lang='lat' dir='ltr'><strong>ﬂ</strong></span> <span class='ocrx_word' id='word_1_600' title='bbox 2118 4711 2216 4784; x_wconf 89' lang='lat' dir='ltr'><strong>qui</strong></span> <span class='ocrx_word' id='word_1_601' title='bbox 2251 4727 2352 4783; x_wconf 92' lang='lat' dir='ltr'><strong>per</strong></span> <span class='ocrx_word' id='word_1_602' title='bbox 2381 4709 2672 4780; x_wconf 87' lang='lat' dir='ltr'><strong>lacrymas</strong></span> <span class='ocrx_word' id='word_1_603' title='bbox 2725 4709 3078 4784; x_wconf 78' lang='lat' dir='ltr'><strong>pmnitentize</strong></span> <span class='ocrx_word' id='word_1_604' title='bbox 3127 4708 3446 4766; x_wconf 88' lang='lat' dir='ltr'><strong>Dominum</strong></span> <span class='ocrx_word' id='word_1_605' title='bbox 3479 4707 3762 4782; x_wconf 69' lang='lat' dir='ltr'><strong>quaerunt.</strong></span> 
     </span>
    </p>
   </div>
   <div class='ocr_carea' id='block_1_50' title="bbox 803 4791 2352 4878">
    <p class='ocr_par' dir='ltr' id='par_1_50' title="bbox 803 4801 2352 4878">
     <span class='ocr_line' id='line_1_50' title="bbox 803 4801 2352 4878; baseline 0 -5"><span class='ocrx_word' id='word_1_606' title='bbox 803 4835 1012 4874; x_wconf 77' lang='grc' dir='ltr'><strong>οιιΑτιο</strong></span> <span class='ocrx_word' id='word_1_607' title='bbox 1041 4835 1112 4874; x_wconf 74' lang='grc' dir='ltr'><strong>εκ</strong></span> <span class='ocrx_word' id='word_1_608' title='bbox 1153 4835 1309 4875; x_wconf 63' lang='grc' dir='ltr'><strong>ιδεμ..</strong></span> <span class='ocrx_word' id='word_1_609' title='bbox 1355 4837 1546 4878; x_wconf 82' lang='lat' dir='ltr'><strong>vam.</strong></span> <span class='ocrx_word' id='word_1_610' title='bbox 2113 4805 2154 4858; x_wconf 72' lang='grc' dir='ltr'>ο</span> <span class='ocrx_word' id='word_1_611' title='bbox 2185 4801 2352 4873; x_wconf 66' lang='grc' dir='ltr'><strong>Μαϐη</strong></span> 
     </span>
    </p>
   </div>
   <div class='ocr_carea' id='block_1_51' title="bbox 2215 4791 3764 4878">
    <p class='ocr_par' dir='ltr' id='par_1_51' title="bbox 2215 4791 3764 4873">
     <span class='ocr_line' id='line_1_51' title="bbox 2215 4791 3764 4873; baseline -0.006 -16"><span class='ocrx_word' id='word_1_612' title='bbox 2215 4799 2594 4873; x_wconf 71' lang='lat' dir='ltr'><strong>iagniticatur</strong></span> <span class='ocrx_word' id='word_1_613' title='bbox 2621 4803 2820 4856; x_wconf 87' lang='lat' dir='ltr'><strong>autem</strong></span> <span class='ocrx_word' id='word_1_614' title='bbox 2849 4799 3138 4858; x_wconf 89' lang='lat' dir='ltr'><strong>Dominus</strong></span> <span class='ocrx_word' id='word_1_615' title='bbox 3171 4798 3230 4854; x_wconf 89' lang='lat' dir='ltr'><strong>in</strong></span> <span class='ocrx_word' id='word_1_616' title='bbox 3262 4796 3454 4864; x_wconf 85' lang='lat' dir='ltr'><strong>nobis,</strong></span> <span class='ocrx_word' id='word_1_617' title='bbox 3484 4793 3586 4870; x_wconf 87' lang='lat' dir='ltr'><strong>qui</strong></span> <span class='ocrx_word' id='word_1_618' title='bbox 3615 4791 3672 4848; x_wconf 89' lang='lat' dir='ltr'><strong>in</strong></span> <span class='ocrx_word' id='word_1_619' title='bbox 3705 4807 3764 4848; x_wconf 89' lang='lat' dir='ltr'><strong>se</strong></span> 
     </span>
    </p>
   </div>
   <div class='ocr_carea' id='block_1_52' title="bbox 2115 4885 3766 4960">
    <p class='ocr_par' dir='ltr' id='par_1_52' title="bbox 2115 4885 3766 4960">
     <span class='ocr_line' id='line_1_52' title="bbox 2115 4885 3766 4960; baseline -0.006 -13"><span class='ocrx_word' id='word_1_620' title='bbox 2115 4907 2232 4947; x_wconf 88' lang='lat' dir='ltr'><strong>non</strong></span> <span class='ocrx_word' id='word_1_621' title='bbox 2263 4888 2442 4944; x_wconf 85' lang='lat' dir='ltr'><strong>habet</strong></span> <span class='ocrx_word' id='word_1_622' title='bbox 2471 4891 2536 4944; x_wconf 90' lang='lat' dir='ltr'><strong>ut</strong></span> <span class='ocrx_word' id='word_1_623' title='bbox 2563 4893 2804 4956; x_wconf 87' lang='lat' dir='ltr'><strong>crescat,</strong></span> <span class='ocrx_word' id='word_1_624' title='bbox 2833 4905 2968 4944; x_wconf 88' lang='lat' dir='ltr'><strong>cum</strong></span> <span class='ocrx_word' id='word_1_625' title='bbox 3002 4887 3206 4946; x_wconf 89' lang='lat' dir='ltr'><strong>laudes</strong></span> <span class='ocrx_word' id='word_1_626' title='bbox 3235 4885 3354 4943; x_wconf 90' lang='lat' dir='ltr'><strong>Deo</strong></span> <span class='ocrx_word' id='word_1_627' title='bbox 3401 4901 3548 4960; x_wconf 81' lang='lat' dir='ltr'><strong>pura</strong></span> <span class='ocrx_word' id='word_1_628' title='bbox 3577 4885 3766 4940; x_wconf 87' lang='lat' dir='ltr'><strong>mente</strong></span> 
     </span>
    </p>
   </div>
   <div class='ocr_carea' id='block_1_53' title="bbox 2115 4975 3766 5052">
    <p class='ocr_par' dir='ltr' id='par_1_53' title="bbox 2115 4975 3766 5052">
     <span class='ocr_line' id='line_1_53' title="bbox 2115 4975 3766 5052; baseline -0.007 -17"><span class='ocrx_word' id='word_1_629' title='bbox 2115 4975 2848 5052; x_wconf 88' lang='lat' dir='ltr'><strong>persolvimus,nostraque</strong></span> <span class='ocrx_word' id='word_1_630' title='bbox 2877 4976 3236 5034; x_wconf 86' lang='lat' dir='ltr'><strong>conscientia</strong></span> <span class='ocrx_word' id='word_1_631' title='bbox 3255 4989 3486 5050; x_wconf 86' lang='lat' dir='ltr'><strong>semper</strong></span> <span class='ocrx_word' id='word_1_632' title='bbox 3505 4975 3766 5046; x_wconf 85' lang='lat' dir='ltr'><strong>augetur,</strong></span> 
     </span>
    </p>
   </div>
   <div class='ocr_carea' id='block_1_54' title="bbox 2117 5063 3767 5140">
    <p class='ocr_par' dir='ltr' id='par_1_54' title="bbox 2117 5063 3767 5140">
     <span class='ocr_line' id='line_1_54' title="bbox 2117 5063 3767 5140; baseline -0.007 -15"><span class='ocrx_word' id='word_1_633' title='bbox 2117 5085 2252 5126; x_wconf 88' lang='lat' dir='ltr'><strong>cum</strong></span> <span class='ocrx_word' id='word_1_634' title='bbox 2275 5065 2576 5124; x_wconf 83' lang='lat' dir='ltr'><strong>Christum</strong></span> <span class='ocrx_word' id='word_1_635' title='bbox 2607 5065 2784 5140; x_wconf 88' lang='lat' dir='ltr'><strong>digne</strong></span> <span class='ocrx_word' id='word_1_636' title='bbox 2812 5065 3147 5124; x_wconf 88' lang='lat' dir='ltr'><strong>laudamus.</strong></span> <span class='ocrx_word' id='word_1_637' title='bbox 3183 5063 3334 5122; x_wconf 78' lang='lat' dir='ltr'><strong>Illud</strong></span> <span class='ocrx_word' id='word_1_638' title='bbox 3383 5077 3616 5137; x_wconf 89' lang='lat' dir='ltr'><strong>quoque</strong></span> <span class='ocrx_word' id='word_1_639' title='bbox 3653 5075 3767 5116; x_wconf 85' lang='lat' dir='ltr'><strong>ver-</strong></span> 
     </span>
    </p>
   </div>
   <div class='ocr_carea' id='block_1_55' title="bbox 2119 5149 3767 5230">
    <p class='ocr_par' dir='ltr' id='par_1_55' title="bbox 2119 5149 3767 5230">
     <span class='ocr_line' id='line_1_55' title="bbox 2119 5149 3767 5230; baseline -0.006 -16"><span class='ocrx_word' id='word_1_640' title='bbox 2119 5159 2284 5228; x_wconf 88' lang='lat' dir='ltr'><strong>bum,</strong></span> <span class='ocrx_word' id='word_1_641' title='bbox 2317 5155 2750 5230; x_wconf 83' lang='lat' dir='ltr'><strong>magniﬁcetur,</strong></span> <span class='ocrx_word' id='word_1_642' title='bbox 2785 5155 2856 5212; x_wconf 90' lang='lat' dir='ltr'><strong>ab</strong></span> <span class='ocrx_word' id='word_1_643' title='bbox 2889 5154 3153 5212; x_wconf 88' lang='lat' dir='ltr'><strong>humana</strong></span> <span class='ocrx_word' id='word_1_644' title='bbox 3181 5149 3602 5211; x_wconf 89' lang='lat' dir='ltr'><strong>consuetudine</strong></span> <span class='ocrx_word' id='word_1_645' title='bbox 3643 5163 3767 5204; x_wconf 81' lang='lat' dir='ltr'><strong>mu~</strong></span> 
     </span>
    </p>
   </div>
   <div class='ocr_carea' id='block_1_56' title="bbox 2119 5235 3768 5318">
    <p class='ocr_par' dir='ltr' id='par_1_56' title="bbox 2119 5235 3768 5318">
     <span class='ocr_line' id='line_1_56' title="bbox 2119 5235 3768 5318; baseline -0.005 -16"><span class='ocrx_word' id='word_1_646' title='bbox 2119 5251 2350 5302; x_wconf 89' lang='lat' dir='ltr'><strong>tuatum</strong></span> <span class='ocrx_word' id='word_1_647' title='bbox 2383 5251 2501 5313; x_wconf 86' lang='lat' dir='ltr'><strong>est;</strong></span> <span class='ocrx_word' id='word_1_648' title='bbox 2535 5243 2952 5317; x_wconf 84' lang='lat' dir='ltr'><strong>magniﬁcatur</strong></span> <span class='ocrx_word' id='word_1_649' title='bbox 2999 5245 3156 5302; x_wconf 90' lang='lat' dir='ltr'><strong>enim</strong></span> <span class='ocrx_word' id='word_1_650' title='bbox 3205 5242 3326 5308; x_wconf 87' lang='lat' dir='ltr'><strong>ille,</strong></span> <span class='ocrx_word' id='word_1_651' title='bbox 3353 5241 3454 5318; x_wconf 92' lang='lat' dir='ltr'><strong>qui</strong></span> <span class='ocrx_word' id='word_1_652' title='bbox 3500 5235 3768 5298; x_wconf 84' lang='lat' dir='ltr'><strong>laudibus</strong></span> 
     </span>
    </p>
   </div>
   <div class='ocr_carea' id='block_1_57' title="bbox 912 5331 3362 5420">
    <p class='ocr_par' dir='ltr' id='par_1_57' title="bbox 912 5331 3362 5420">
     <span class='ocr_line' id='line_1_57' title="bbox 912 5331 3362 5420; baseline -0.007 -15"><span class='ocrx_word' id='word_1_653' title='bbox 912 5357 1238 5418; x_wconf 67' lang='lat' dir='ltr'><strong>FBALMUS</strong></span> <span class='ocrx_word' id='word_1_654' title='bbox 1277 5363 1464 5420; x_wconf 45' lang='lat' dir='ltr'><strong>Lxlx.</strong></span> <span class='ocrx_word' id='word_1_655' title='bbox 2120 5335 2348 5404; x_wconf 88' lang='lat' dir='ltr'><strong>crescit,</strong></span> <span class='ocrx_word' id='word_1_656' title='bbox 2381 5335 2484 5408; x_wconf 90' lang='lat' dir='ltr'><strong>qui</strong></span> <span class='ocrx_word' id='word_1_657' title='bbox 2517 5335 2672 5392; x_wconf 89' lang='lat' dir='ltr'><strong>bona</strong></span> <span class='ocrx_word' id='word_1_658' title='bbox 2701 5333 2976 5408; x_wconf 89' lang='lat' dir='ltr'><strong>opinione</strong></span> <span class='ocrx_word' id='word_1_659' title='bbox 3005 5331 3362 5408; x_wconf 88' lang='lat' dir='ltr'><strong>grandescit.</strong></span> 
     </span>
    </p>
   </div>
   <div class='ocr_carea' id='block_1_58' title="bbox 2117 5427 3374 5502">
    <p class='ocr_par' dir='ltr' id='par_1_58' title="bbox 2117 5427 3374 5502">
     <span class='ocr_line' id='line_1_58' title="bbox 2117 5427 3374 5502; baseline -0.003 -22"><span class='ocrx_word' id='word_1_660' title='bbox 2117 5427 2154 5480; x_wconf 86' lang='lat'>6</span> <span class='ocrx_word' id='word_1_661' title='bbox 2261 5428 2381 5498; x_wconf 79' lang='lat' dir='ltr'><strong>Ego</strong></span> <span class='ocrx_word' id='word_1_662' title='bbox 2411 5441 2544 5480; x_wconf 84' lang='lat' dir='ltr'><strong>vero</strong></span> <span class='ocrx_word' id='word_1_663' title='bbox 2575 5439 2786 5494; x_wconf 73' lang='lat' dir='ltr'><strong>egenus</strong></span> <span class='ocrx_word' id='word_1_664' title='bbox 2815 5433 2871 5480; x_wconf 89' lang='lat' dir='ltr'><strong>et</strong></span> <span class='ocrx_word' id='word_1_665' title='bbox 2896 5439 3130 5496; x_wconf 82' lang='lat' dir='ltr'><strong>pauper</strong></span> <span class='ocrx_word' id='word_1_666' title='bbox 3165 5428 3219 5488; x_wconf 61' lang='grc' dir='ltr'><strong>οξ·</strong></span> <span class='ocrx_word' id='word_1_667' title='bbox 3246 5437 3374 5502; x_wconf 84' lang='lat' dir='ltr'><strong>sum</strong></span> 
     </span>
    </p>
   </div>
   <div class='ocr_carea' id='block_1_59' title="bbox 423 4927 2006 5006">
    <p class='ocr_par' dir='ltr' id='par_1_59' title="bbox 423 4927 2006 5006">
     <span class='ocr_line' id='line_1_59' title="bbox 423 4927 2006 5006; baseline 0.006 -16"><span class='ocrx_word' id='word_1_668' title='bbox 423 4933 856 5006; x_wconf 82' lang='lat' dir='ltr'><strong>Benignissime</strong></span> <span class='ocrx_word' id='word_1_669' title='bbox 887 4931 1378 4998; x_wconf 83' lang='lat' dir='ltr'><strong>Domine,exaudi</strong></span> <span class='ocrx_word' id='word_1_670' title='bbox 1413 4951 1520 4992; x_wconf 88' lang='lat' dir='ltr'><strong>nos</strong></span> <span class='ocrx_word' id='word_1_671' title='bbox 1551 4935 1608 4991; x_wconf 89' lang='lat' dir='ltr'><strong>in</strong></span> <span class='ocrx_word' id='word_1_672' title='bbox 1637 4927 1880 4997; x_wconf 79' lang='lat' dir='ltr'><strong>veritate</strong></span> <span class='ocrx_word' id='word_1_673' title='bbox 1911 4959 2006 4999; x_wconf 86' lang='lat' dir='ltr'><strong>sa-</strong></span> 
     </span>
    </p>
   </div>
   <div class='ocr_carea' id='block_1_60' title="bbox 351 5019 2004 5096">
    <p class='ocr_par' dir='ltr' id='par_1_60' title="bbox 351 5019 2004 5096">
     <span class='ocr_line' id='line_1_60' title="bbox 351 5019 2004 5096; baseline 0.006 -18"><span class='ocrx_word' id='word_1_674' title='bbox 351 5021 491 5080; x_wconf 89' lang='lat' dir='ltr'><strong>lutis</strong></span> <span class='ocrx_word' id='word_1_675' title='bbox 521 5025 656 5090; x_wconf 68' lang='lat' dir='ltr'><strong>tum,</strong></span> <span class='ocrx_word' id='word_1_676' title='bbox 688 5025 754 5074; x_wconf 88' lang='lat' dir='ltr'><strong>ut</strong></span> <span class='ocrx_word' id='word_1_677' title='bbox 783 5019 932 5074; x_wconf 89' lang='lat' dir='ltr'><strong>eruti</strong></span> <span class='ocrx_word' id='word_1_678' title='bbox 959 5021 1280 5092; x_wconf 86' lang='lat' dir='ltr'><strong>asqualore</strong></span> <span class='ocrx_word' id='word_1_679' title='bbox 1307 5025 1548 5096; x_wconf 88' lang='lat' dir='ltr'><strong>peccati,</strong></span> <span class='ocrx_word' id='word_1_680' title='bbox 1583 5041 1917 5088; x_wconf 83' lang='lat' dir='ltr'><strong>mereamur</strong></span> <span class='ocrx_word' id='word_1_681' title='bbox 1945 5033 2004 5088; x_wconf 89' lang='lat' dir='ltr'><strong>in</strong></span> 
     </span>
    </p>
   </div>
   <div class='ocr_carea' id='block_1_61' title="bbox 351 5105 2006 5178">
    <p class='ocr_par' dir='ltr' id='par_1_61' title="bbox 351 5105 2006 5178">
     <span class='ocr_line' id='line_1_61' title="bbox 351 5105 2006 5178; baseline 0.008 -14"><span class='ocrx_word' id='word_1_682' title='bbox 351 5109 501 5164; x_wconf 85' lang='lat' dir='ltr'><strong>libro</strong></span> <span class='ocrx_word' id='word_1_683' title='bbox 532 5107 659 5162; x_wconf 79' lang='lat' dir='ltr'><strong>vitae</strong></span> <span class='ocrx_word' id='word_1_684' title='bbox 705 5105 886 5178; x_wconf 88' lang='lat' dir='ltr'><strong>digito</strong></span> <span class='ocrx_word' id='word_1_685' title='bbox 934 5109 1154 5166; x_wconf 73' lang='lat' dir='ltr'><strong>cmlesti</strong></span> <span class='ocrx_word' id='word_1_686' title='bbox 1199 5113 1506 5169; x_wconf 89' lang='lat' dir='ltr'><strong>conscribi.</strong></span> <span class='ocrx_word' id='word_1_687' title='bbox 1538 5113 1644 5171; x_wconf 87' lang='lat' dir='ltr'><strong>Per</strong></span> <span class='ocrx_word' id='word_1_688' title='bbox 1691 5115 2006 5178; x_wconf 88' lang='lat' dir='ltr'><strong>Dominum</strong></span> 
     </span>
    </p>
   </div>
   <div class='ocr_carea' id='block_1_62' title="bbox 355 5191 1350 5268">
    <p class='ocr_par' dir='ltr' id='par_1_62' title="bbox 355 5191 1350 5268">
     <span class='ocr_line' id='line_1_62' title="bbox 355 5191 1350 5268; baseline 0.007 -16"><span class='ocrx_word' id='word_1_689' title='bbox 355 5200 626 5252; x_wconf 89' lang='lat' dir='ltr'><strong>nostrum</strong></span> <span class='ocrx_word' id='word_1_690' title='bbox 656 5191 856 5250; x_wconf 84' lang='lat' dir='ltr'><strong>Jesum</strong></span> <span class='ocrx_word' id='word_1_691' title='bbox 891 5197 1209 5268; x_wconf 85' lang='lat' dir='ltr'><strong>Christum,</strong></span> <span class='ocrx_word' id='word_1_692' title='bbox 1241 5205 1350 5258; x_wconf 88' lang='lat' dir='ltr'><strong>etc.</strong></span> 
     </span>
    </p>
   </div>
   <div class='ocr_carea' id='block_1_63' title="bbox 785 5459 2791 5582">
    <p class='ocr_par' dir='ltr' id='par_1_63' title="bbox 785 5459 2791 5582">
     <span class='ocr_line' id='line_1_63' title="bbox 785 5459 2786 5510; baseline -0.002 -13"><span class='ocrx_word' id='word_1_693' title='bbox 785 5459 1190 5506; x_wconf 65' lang='lat' dir='ltr'><strong>assummum</strong></span> <span class='ocrx_word' id='word_1_694' title='bbox 1229 5467 1386 5508; x_wconf 75' lang='lat' dir='ltr'><strong>PSAL.</strong></span> <span class='ocrx_word' id='word_1_695' title='bbox 1433 5471 1578 5510; x_wconf 74' lang='grc' dir='ltr'><strong>ωιικ.</strong></span> <span class='ocrx_word' id='word_1_696' title='bbox 2118 5459 2154 5480; x_wconf 85' lang='grc' dir='ltr'>υ</span> <span class='ocrx_word' id='word_1_697' title='bbox 2261 5459 2380 5498; x_wconf 75' lang='grc' dir='ltr'><strong>υνυ</strong></span> <span class='ocrx_word' id='word_1_698' title='bbox 2413 5459 2544 5480; x_wconf 72' lang='grc' dir='ltr'><em>υυιυ</em></span> <span class='ocrx_word' id='word_1_699' title='bbox 2575 5459 2786 5494; x_wconf 57' lang='lat' dir='ltr'><strong>cycnus</strong></span> 
     </span>
     <span class='ocr_line' id='line_1_64' title="bbox 2263 5511 2791 5582; baseline -0.008 -10"><span class='ocrx_word' id='word_1_700' title='bbox 2263 5517 2416 5572; x_wconf 85' lang='lat' dir='ltr'><strong>Deus</strong></span> <span class='ocrx_word' id='word_1_701' title='bbox 2443 5511 2672 5582; x_wconf 78' lang='lat' dir='ltr'><strong>adjura</strong></span> <span class='ocrx_word' id='word_1_702' title='bbox 2701 5527 2791 5568; x_wconf 87' lang='lat' dir='ltr'><strong>me</strong></span> 
     </span>
    </p>
   </div>
   <div class='ocr_carea' id='block_1_64' title="bbox 427 5583 3772 5678">
    <p class='ocr_par' dir='ltr' id='par_1_64' title="bbox 427 5583 3772 5678">
     <span class='ocr_line' id='line_1_65' title="bbox 427 5583 3772 5678; baseline 0.005 -39"><span class='ocrx_word' id='word_1_703' title='bbox 427 5585 470 5642; x_wconf 75' lang='grc' dir='ltr'><strong>Ο</strong></span> <span class='ocrx_word' id='word_1_704' title='bbox 501 5583 622 5640; x_wconf 81' lang='lat' dir='ltr'><strong>Vox</strong></span> <span class='ocrx_word' id='word_1_705' title='bbox 651 5589 973 5659; x_wconf 73' lang='lat' dir='ltr'><strong>martyrum</strong></span> <span class='ocrx_word' id='word_1_706' title='bbox 1003 5597 1060 5650; x_wconf 88' lang='lat' dir='ltr'><strong>et</strong></span> <span class='ocrx_word' id='word_1_707' title='bbox 1091 5593 1494 5678; x_wconf 80' lang='lat' dir='ltr'><strong>confessorum</strong></span> <span class='ocrx_word' id='word_1_708' title='bbox 1539 5597 2008 5674; x_wconf 85' lang='lat' dir='ltr'><strong>deprecantium,</strong></span> <span class='ocrx_word' id='word_1_709' title='bbox 2191 5603 2234 5662; x_wconf 91' lang='lat' dir='ltr'><strong>C</strong></span> <span class='ocrx_word' id='word_1_710' title='bbox 2262 5603 2490 5678; x_wconf 85' lang='lat' dir='ltr'><strong>Egenos</strong></span> <span class='ocrx_word' id='word_1_711' title='bbox 2517 5605 2574 5658; x_wconf 90' lang='lat' dir='ltr'><strong>et</strong></span> <span class='ocrx_word' id='word_1_712' title='bbox 2603 5617 2890 5676; x_wconf 82' lang='lat' dir='ltr'><strong>pauperes</strong></span> <span class='ocrx_word' id='word_1_713' title='bbox 2935 5619 3038 5660; x_wconf 87' lang='lat' dir='ltr'><strong>eos</strong></span> <span class='ocrx_word' id='word_1_714' title='bbox 3087 5601 3372 5668; x_wconf 86' lang='lat' dir='ltr'><strong>nominat,</strong></span> <span class='ocrx_word' id='word_1_715' title='bbox 3403 5597 3508 5672; x_wconf 87' lang='lat' dir='ltr'><strong>qui</strong></span> <span class='ocrx_word' id='word_1_716' title='bbox 3545 5609 3772 5668; x_wconf 80' lang='lat' dir='ltr'><strong>semper</strong></span> 
     </span>
    </p>
   </div>
   <div class='ocr_carea' id='block_1_65' title="bbox 359 5677 3770 5772">
    <p class='ocr_par' dir='ltr' id='par_1_65' title="bbox 359 5677 3770 5772">
     <span class='ocr_line' id='line_1_66' title="bbox 359 5677 3770 5772; baseline 0.003 -36"><span class='ocrx_word' id='word_1_717' title='bbox 359 5679 424 5738; x_wconf 84' lang='lat' dir='ltr'><strong>ut</strong></span> <span class='ocrx_word' id='word_1_718' title='bbox 453 5693 486 5734; x_wconf 85' lang='lat' dir='ltr'><strong>s</strong></span> <span class='ocrx_word' id='word_1_719' title='bbox 509 5678 990 5754; x_wconf 72' lang='lat' dir='ltr'><strong>persequentium</strong></span> <span class='ocrx_word' id='word_1_720' title='bbox 1021 5677 1296 5760; x_wconf 80' lang='lat' dir='ltr'><strong>periculis</strong></span> <span class='ocrx_word' id='word_1_721' title='bbox 1327 5682 1667 5746; x_wconf 88' lang='lat' dir='ltr'><strong>liberentur.</strong></span> <span class='ocrx_word' id='word_1_722' title='bbox 2121 5677 2420 5770; x_wconf 82' lang='lat' dir='ltr'><strong>acquirere</strong></span> <span class='ocrx_word' id='word_1_723' title='bbox 2441 5689 2692 5766; x_wconf 85' lang='lat' dir='ltr'><strong>gratiam</strong></span> <span class='ocrx_word' id='word_1_724' title='bbox 2715 5691 2816 5752; x_wconf 80' lang='lat' dir='ltr'><strong>Dei</strong></span> <span class='ocrx_word' id='word_1_725' title='bbox 2841 5695 3133 5772; x_wconf 75' lang='lat' dir='ltr'><strong>exoptant.</strong></span> <span class='ocrx_word' id='word_1_726' title='bbox 3151 5691 3326 5764; x_wconf 86' lang='lat' dir='ltr'><strong>Deus,</strong></span> <span class='ocrx_word' id='word_1_727' title='bbox 3345 5689 3560 5764; x_wconf 65' lang='lat' dir='ltr'><strong>adiuva</strong></span> <span class='ocrx_word' id='word_1_728' title='bbox 3585 5681 3770 5758; x_wconf 83' lang='lat' dir='ltr'><strong>me,id</strong></span> 
     </span>
    </p>
   </div>
  </div>
