3978 6436
195 466 351 538 1308

1367 463 1773 531 EPISTOLE
1812 460 1914 528 ET
1958 458 2442 526 DIPLOMATA.

3447 460 3606 524 1306

197 605 506 666 scansione
535 605 860 661 annuentes
911 600 1291 676 petitionibus
1318 601 1460 669 tuis,
1502 597 1848 656 eharissime
1877 598 1932 665 Α
1961 596 2128 652 ritate
2187 600 2535 665 restruxere,
2597 599 2654 653 et
2707 595 3027 671 privilegiis
3076 595 3408 670 apostolicae
3450 595 3609 653 sedis

199 696 307 764 ﬁli,
337 699 397 752 et
425 695 576 750 abba
599 693 857 750 Joannes
887 710 990 765 per
1044 692 1197 747 hanc
1227 689 1556 764 apostolicae
1589 687 1844 745 auctori-

199 786 336 843 tatis
358 783 706 841 decretalem
726 781 1352 854 paginam,seeundum
1375 780 1531 852 quod
1551 779 1670 834 tuis
1693 781 1850 833 ante-

203 874 537 932 cessoribus
567 872 752 928 nostri
785 872 989 927 fecisse
1021 874 1362 934 noscuntur,
1395 868 1773 925 concedimus
1795 871 1852 922 et
1913 865 1915 869 ’

205 965 625 1022 conﬁrmamus
655 961 780 1027 tibi,
814 961 1049 1032 tuisque
1079 958 1517 1015 successoribus
1540 963 1672 1029 post
1691 960 1749 1012 te
1770 971 1853 1010 re-

204 1053 490 1127 gulariter
509 1049 920 1123 promovendis
941 1049 1000 1102 in
1034 1053 1379 1120 perpetuum
1400 1047 1705 1119 praefatum
1729 1061 1853 1100 mo-

207 1141 532 1199 nasterium
564 1135 724 1194 Beati
773 1137 1065 1191 Vincentii
1119 1136 1392 1208 martyris
1453 1135 1632 1190 situm
1681 1150 1857 1205 super

207 1233 404 1306 ipsum
433 1230 655 1284 fontem
686 1225 1036 1282 Vulturnum
1065 1225 1124 1279 in
1153 1224 1442 1280 territorio
1459 1225 1856 1278 Beneventano

210 1321 272 1375 in
303 1317 572 1391 partibus
599 1313 849 1371 Samniae
881 1330 1014 1369 eum
1038 1313 1313 1368 omnibus
1339 1312 1464 1367 suis
1489 1311 1858 1384 pertinentiis

211 1412 268 1466 et
293 1403 755 1474 eellis,videlieet
785 1403 1208 1457 monasterium
1239 1401 1395 1457 Beati
1429 1401 1579 1456 Petri
1610 1399 1858 1472 apostoli

211 1496 470 1571 positum
493 1495 664 1566 juxta
694 1492 938 1547 fluvium
968 1491 1227 1557 Sabbati,
1262 1488 1685 1545 monasterium
1717 1505 1861 1560 quo-

214 1602 326 1659 que
347 1583 544 1640 Sancti
559 1583 714 1638 Adeo
734 1581 850 1636 dati
876 1580 1029 1634 intra
1050 1580 1526 1644 Beneventum,et
1554 1576 1862 1633 ecclesiam

211 1673 408 1731 Sancti
439 1670 724 1744 Stephani
772 1688 786 1736 ;
847 1668 1056 1724 cellam
1116 1668 1337 1723 Sanctae
1395 1667 1589 1722 Mariaa
1619 1667 1680 1721 in
1739 1666 1864 1722 loco

215 1764 390 1831 Sane,
421 1765 531 1817 etc.
564 1758 952 1815 Concedimus
997 1756 1294 1812 licentiam
1327 1756 1491 1811 vobis
1539 1755 1868 1826 vestrisque

217 1852 467 1927 posteris
487 1850 560 1906 ad
577 1847 784 1905 altaria
813 1847 1210 1903 consecranda
1238 1851 1292 1901 et
1318 1846 1558 1903 clericos
1586 1847 1645 1901 in
1679 1844 1869 1917 quoli—

1957 685 2162 742 merito
2192 686 2414 742 caeteris
2442 685 2717 742 eaenobiis
2749 687 3139 758 pretulerunt,
3198 692 3372 758 atque
3405 690 3608 741 contra

1958 775 2647 847 quorunlibetsuspectas
2662 776 3612 847 injuriasefﬁcacitermunierunt.

1959 865 2216 929 Quorum
2250 881 2357 919 nos
2388 882 2562 920 sacrae
2585 866 2911 922 auctoritati
2938 867 3088 922 sicut
3116 871 3378 940 tempore
3411 874 3468 924 et
3489 855 3613 926 loco

1961 954 2446 1021 succedimus,sic
2480 970 2676 1009 eorum
2709 956 2990 1026 exemplo,
3027 961 3093 1011 ut
3125 963 3374 1028 Oportet,
3406 957 3611 1014 inniti-

1965 1060 2117 1111 mur,
2133 1048 2187 1096 et
2212 1043 2315 1097 her
2337 1043 2514 1113 hujus
2539 1049 2747 1098 nostrae
2770 1044 3078 1100 decretalis
3101 1048 3327 1118 paginae
3349 1052 3613 1103 tenorem

1965 1131 2092 1200 tibi,
2117 1130 2496 1186 dilectissime
2526 1132 2605 1187 ﬁli
2639 1133 2917 1202 Desideri,
2962 1150 3142 1205 quem
3173 1136 3445 1192 abbatem
3479 1154 3616 1194 cou-

1967 1221 2346 1288 secravimus,
2371 1222 2748 1278 concedimus
2772 1225 3098 1280 secundum
3131 1225 3434 1297 privilegia
3464 1231 3623 1283 ante-

1968 1325 2268 1365 cessorum
2296 1313 2629 1365 nostrorum
2661 1316 2836 1383 atque
2877 1315 3382 1382 consuetudinem,
3417 1332 3621 1372 mona-

1970 1398 2218 1454 sterium
2248 1397 2388 1453 almi
2421 1399 2607 1454 Patris
2639 1401 2949 1466 Benedicti,
3002 1403 3182 1458 situm
3215 1407 3412 1459 monte
3444 1405 3619 1461 castri

1971 1487 2189 1553 Casini,
2223 1492 2613 1559 cunctamque
2642 1489 2832 1560 ipsius
2866 1492 3206 1547 monasterii
3239 1494 3625 1563 abbatiam,in

1972 1576 2200 1648 integro
2231 1592 2365 1631 eum
2400 1576 2562 1632 cellis
2595 1578 2740 1647 suis,
2802 1578 3078 1647 castellis,
3113 1582 3348 1652 praediis
3379 1587 3436 1638 et
3467 1583 3628 1640 omni

1976 1681 2085 1720 sua
2113 1666 2483 1737 pertinentia,
2518 1672 2574 1722 et
2595 1667 2703 1722 hac
2737 1674 2940 1724 nostra
2961 1672 3303 1728 auctoritate
3325 1673 3632 1730 conﬁrma-

1979 1770 2113 1810 mus
2144 1758 2264 1810 tam
2296 1755 2354 1808 in
2389 1754 2606 1811 ﬁnibus
2637 1756 3199 1828 Beneventanorum,
3221 1761 3546 1834 Apulorum
3577 1766 3634 1820 et

1979 1843 2384 1911 Calabrorum,
2407 1861 2586 1915 quam
2609 1844 2781 1900 etiam
2807 1846 2866 1900 in
2890 1847 3108 1902 ﬁnibus
3135 1849 3462 1908 Marsorum
3495 1855 3552 1907 et
3572 1851 3632 1906 in

215 1943 313 1999 bet
340 1940 528 2013 gradu
559 1936 914 1993 ordi-nandos
946 1935 1193 1990 invitare
1215 1951 1392 2006 quem
1421 1934 1722 1990 volueritis
1749 1933 1866 2005 epi-
1902 1965 1951 2033 Β
1981 1933 2280 2033 marehiis,
2314 1933 2433 2032 sive
2465 1933 2798 2033 ubicunque
2830 1934 3002 2033 longe
3049 1941 3110 2033 et
3134 1955 3314 2033 prope
3344 1939 3631 2033 hactenus

219 2044 485 2102 scopum.
501 2025 911 2083 Interdicimus
929 2023 1106 2079 etiam
1130 2040 1200 2078 ne
1219 2025 1352 2094 quis
1374 2024 1783 2094 episcoporum
1802 2040 1870 2078 ex

221 2119 426 2177 eodem
459 2113 811 2172 monasterio
843 2113 1114 2169 abbatem
1143 2111 1233 2168 vel
1268 2111 1625 2167 monachum
1658 2112 1873 2168 audeat

224 2209 296 2266 ad
327 2221 499 2264 suam
536 2203 825 2277 synodum
850 2217 1182 2274 provocare,
1211 2200 1300 2257 vel
1345 2199 1871 2256 exeommunieare.
1909 2246 1912 2249 .

223 2297 510 2356 Jubemus
561 2308 796 2366 quoque
844 2291 1212 2347 concedendo
1259 2290 1424 2345 vobis
1472 2291 1878 2361 cujuscunque

225 2383 495 2443 Ecclesiaa
527 2381 827 2448 clericum,
862 2379 911 2435 si
944 2379 1166 2434 venerit
1204 2380 1275 2434 ad
1320 2378 1779 2446 conversionem,
1813 2382 1879 2433 ut

228 2473 522 2546 recipiatis
578 2470 904 2526 secundum
962 2468 1352 2523 monasticam
1382 2466 1874 2540 diseiplinam.....

229 2563 573 2630 chrisma,et
596 2559 790 2615 oleum
812 2561 1084 2613 sanctum
1111 2557 1431 2629 acquiratis
1453 2575 1486 2612 a
1515 2555 1878 2628 beneplacito

229 2651 396 2710 vobis
425 2649 837 2722 episcopo,etc.
871 2647 929 2702 Si
963 2646 1097 2718 quis
1127 2649 1346 2712 autem,
1380 2646 1535 2716 quod
1567 2661 1682 2700 non
1715 2649 1879 2717 opta-

233 2758 386 2806 mus,
420 2744 530 2796 etc.

301 2828 597 2900 Scriptum
617 2840 720 2898 per
733 2841 947 2880 manus
977 2822 1274 2880 Octaviani
1300 2822 1590 2878 scriniarii
1621 2823 1678 2878 S.
1716 2823 1782 2877 R.
1815 2823 1878 2878 E.

232 2917 465 2986 notarii,
497 2931 699 2972 mense
729 2914 960 2980 Martio,
985 2917 1040 2968 et
1070 2911 1387 2968 indictione
1416 2929 1516 2967 xu.
1577 2912 1729 2967 Bene
1784 2928 1882 2967 va-

234 3008 365 3066 lete.

303 3098 517 3154 Datum
547 3092 765 3166 Spoleti
792 3110 850 3148 VI
881 3096 1078 3147 Nonas
1099 3089 1310 3158 Martii,
1344 3107 1497 3146 anno
1546 3090 1689 3146 Jesu
1720 3089 1884 3146 Chri-

236 3187 312 3244 sti
339 3186 499 3254 1059,
524 3199 629 3256 per
643 3197 858 3238 manus
875 3179 1182 3236 Humberti
1205 3183 1418 3235 sanetae
1432 3179 1702 3234 Ecclesiae
1721 3177 1886 3233 Silvae

232 3274 504 3333 Candida
531 3270 810 3345 episcopi,
843 3286 997 3325 anno
1029 3287 1046 3324 1
1079 3269 1460 3325 Pontiﬁcatus
1492 3269 1691 3325 domni
1724 3285 1885 3340 papae

235 3363 458 3422 Nieolai
487 3360 752 3429 secundi,
780 3358 1098 3415 indictione
1125 3375 1226 3412 xu.

1005 3482 1103 3538 ΙΙΙ.

233 3579 492 3638 Nicotaus
539 3577 596 3632 II
643 3592 793 3649 papa
831 3574 1134 3649 conﬁrmat
1163 3572 1416 3649 _bonagac
1441 3571 1740 3649 privilegia
1769 3586 1888 3626 0m-

305 3654 406 3707 m’a
471 3666 506 3703 α
563 3645 743 3704 Leone
772 3647 884 3702 PP.
918 3646 987 3700 IX
1041 3645 1334 3700 Casinensi
1388 3645 1726 3698 monasterio
1758 3659 1889 3698 con-

304 3738 471 3780 εθςςδα.

845 3806 1036 3877 (Anno
1073 3805 1254 3872 1059.)

236 3899 694 3973 [Οοαουειικεεη
714 3895 1024 3973 Bullar.,_[,
1053 3895 1177 3973 tot,
1211 3909 1279 3973 ei:
1318 3891 1727 3973 regesto‘Petri
1758 3891 1892 3946 Dia-

567 3967 720 4036 coni,
754 3983 919 4023 num.
955 3967 1041 4035 18,
1074 3966 1174 4022 tol.
1215 3966 1276 4020 l7
1306 3980 1340 4020 a
1369 3964 1577 4035 tergo.]

305 4078 600 4138 NIGOLAUS
625 4073 958 4148 episcopus,
1004 4089 1205 4130 servus
1237 4086 1539 4127 servorum
1570 4068 1690 4137 Dei,
1733 4069 1892 4126 Dssr-

236 4183 410 4225 nsmo
435 4165 647 4222 dilecto
677 4164 798 4219 ﬁlio
838 4162 1034 4218 abbati
1066 4158 1414 4217 venerabilis
1457 4158 1703 4214 eoenobii
1753 4157 1894 4213 almi

234 4255 427 4314 Patris
451 4253 772 4320 Benedicti,
801 4252 959 4323 quod
1017 4253 1397 4322 nuncupatur
1425 4249 1593 4303 Mons
1623 4247 1894 4316 Casinus,

230 4343 588 4415 cunctisque
617 4340 1059 4399 successoribus
1108 4341 1237 4410 ejus
1284 4336 1405 4393 illic
1445 4337 1792 4409 regulariter
1821 4337 1892 4392 ad

228 4432 498 4506 regimen
529 4430 969 4503 promovendis,
1001 4429 1062 4483 in
1093 4432 1459 4500 perpetuum.

303 4519 623 4578 Pastoralis
654 4517 1074 4576 sollicitudinis
1107 4520 1320 4572 nostrae
1378 4516 1601 4571 bonum
1633 4515 1683 4570 si
1723 4515 1898 4571 debet

229 4609 565 4684 perspicere
593 4612 651 4666 et
678 4607 961 4681 proﬁcere
991 4606 1271 4662 omnibus
1301 4604 1478 4661 etiam
1510 4603 1806 4661 extraneis
1838 4609 1896 4660 et

1972 2023 2110 2094 jure
2134 2022 2252 2078 sibi
2277 2023 2528 2094 pertinet
2558 2023 2800 2095 aliquid,
2835 2026 2955 2080 sive
3014 2025 3300 2098 quidquid
3355 2029 3631 2102 deinceps

1983 2110 2200 2166 ubivis
2248 2112 2410 2181 juste
2460 2111 2818 2183 acquisierit.
2880 2114 2959 2168 Ad
3015 2114 3136 2170 hac
3186 2115 3501 2186 justitiam,
3544 2117 3635 2174 vel

1984 2199 2286 2271 quodlibet
2306 2200 2570 2257 debitum
2591 2202 2744 2272 quod
2767 2196 3232 2260 ofﬁcialesnos‘tri
3263 2207 3414 2261 sacri
3435 2205 3639 2278 palatii

1985 2289 2226 2360 exigunt
2246 2307 2280 2344 a
2301 2291 2546 2346 navibus
2569 2291 2640 2345 ad
2665 2291 3018 2348 Romamum
3041 2298 3278 2365 portum
3299 2294 3640 2367 applicanti-

1986 2379 2128 2434 bus?
2155 2379 2331 2435 vestri
2361 2379 2600 2435 caenobii
2632 2380 2762 2435 navi
2820 2380 3100 2452 peculiari
3131 2387 3426 2455 gratanter
3484 2384 3637 2440 rela-

1985 2484 2198 2523 xamus
2222 2485 2234 2535 ;
2258 2472 2316 2522 et
2337 2467 2802 2542 quotiescunque
2827 2471 3072 2527 Romam
3087 2473 3158 2527 ad
3174 2473 3476 2528 servitium
3502 2490 3639 2530 san-

1991 2560 2095 2612 etae
2123 2557 2395 2612 Romanae
2420 2558 2684 2613 Ecclesiae
2705 2560 3065 2626 veneritis,in
3090 2566 3291 2617 saneta
3313 2562 3643 2618 Jerusalem

1991 2644 2192 2716 palatii
2213 2644 2552 2702 Susurriani
2585 2647 2905 2720 hospitium
2934 2649 3239 2719 habeatis;
3285 2655 3342 2706 et
3373 2651 3642 2708 defuncto

1994 2733 2202 2788 abbate
2232 2734 2472 2803 ibidem,
2507 2741 2697 2791 vestra
2747 2737 2834 2791 vel
2862 2743 3188 2797 vestrorum
3235 2756 3644 2796 successorum

1993 2820 2275 2877 electione
2307 2823 2488 2878 abbas
2537 2825 2947 2896 constituatur,
2982 2843 3014 2881 a
3061 2827 3321 2884 Romano
3369 2829 3647 2901 pontiﬁce

1997 2911 2454 2980 consecrandus,
2487 2917 2828 2969 conservato
2857 2915 3022 2971 vobis
3056 2916 3384 2989 vestrisque
3415 2934 3647 2974 succes-

1997 2999 2233 3054 soribus
2265 2999 2796 3073 privilegium,tam
2828 3005 2982 3075 quod
3005 3021 3073 3060 ex
3093 3005 3226 3061 navi
3247 3012 3647 3079 vestra,quam

2000 3088 2154 3160 quod
2185 3104 2254 3143 ex
2282 3088 2412 3161 ipsa
2441 3089 2736 3147 destructa
2751 3091 3089 3161 ecelesia,ut
3117 3094 3205 3150 vel
3233 3095 3317 3152 sic
3339 3101 3651 3154 restruere-

1999 3178 2426 3248 tur,proximus
2456 3180 2728 3236 decessor
2758 3186 2955 3238 noster
2984 3189 3225 3240 sanctus
3255 3186 3366 3242 Leo
3399 3187 3655 3242 ﬁrmavit

2002 3265 2198 3320 abbati
2231 3266 2519 3323 Rieherio.
2555 3269 2737 3326 Usum
2758 3288 2990 3343 quoque
3014 3272 3412 3330 sandaliorum
3446 3279 3504 3329 et
3533 3262 3674 3329 dal-1

1921 3335 1964 3400 C
2003 3355 2227 3410 maticaa
2251 3357 2521 3426 quamvis
2541 3359 2675 3429 jure
2698 3335 3092 3417 cardinalatus
3113 3362 3198 3417 tui
3229 3363 3301 3418 ab
3334 3360 3654 3434 apostolica

2000 3442 2137 3499 sede
2169 3445 2517 3516 perceperis,
2543 3463 2577 3500 a
2598 3447 2765 3502 nobis
2787 3451 2982 3504 tamen
3007 3449 3112 3504 tibi
3144 3449 3346 3506 etloco
3375 3451 3652 3523 deinceps

2000 3532 2061 3586 in
2095 3531 2516 3603 principalibus
2541 3535 2704 3590 festis
2726 3540 2957 3592 tantum
2975 3537 3356 3595 concedimus
3381 3541 3452 3596 ad
3474 3539 3653 3596 hono-

2000 3618 2349 3676 rificentiam
2382 3625 2502 3676 tam
2535 3624 2879 3681 venerabilis
2910 3627 3178 3694 emnobii,
3212 3631 3269 3683 et
3299 3629 3372 3684 ob
3399 3628 3655 3686 dilectio-

2001 3723 2137 3764 nem
2168 3708 2274 3777 tui,
2309 3711 2634 3768 secundum
2667 3713 2823 3786 quod
2853 3716 3127 3787 praefatus
3149 3717 3424 3775 decessor
3455 3723 3655 3776 noster

1999 3799 2101 3853 tuo
2127 3798 2366 3869 praefato
2398 3801 2707 3858 concessit.

2075 3887 2357 3944 Praeterea
2381 3890 2831 3949 corroboramus
2844 3893 2945 3949 tibi
2960 3895 3195 3970 tuisque
3211 3897 3656 3956 successoribus

2000 3974 2062 4031 in
2095 3977 2257 4032 omni
2288 3982 2571 4034 conventu
2603 3979 3011 4053 episcoporum
3043 3989 3098 4039 et
3119 3984 3450 4057 principum
3483 4003 3657 4058 supe-

2004 4067 2220 4123 riorem
2250 4067 2309 4122 in
2341 4067 2617 4124 omnibus
2648 4070 2958 4128 abbatibus
2997 4074 3216 4141 sedem,
3241 4075 3373 4132 etin
3396 4075 3658 4132 conciliis

2004 4159 2061 4211 et
2087 4155 2324 4227 judiciis
2374 4156 2628 4229 priorem
2660 4158 2744 4214 tui
2795 4162 3019 4218 ordinis
3052 4163 3394 4222 hominibus
3426 4170 3658 4222 senten-

2007 4244 2148 4300 tiam
2181 4262 2285 4317 pro
2316 4247 2638 4303 reverentia
2665 4249 2813 4305 tanti
2844 4249 2977 4320 loci,
2999 4252 3099 4326 qui
3131 4254 3389 4325 primum
3418 4260 3476 4311 et
3495 4271 3657 4312 sum-

2008 4349 2174 4390 mum
2208 4333 2543 4390 monasticae
2575 4335 2972 4410 legislatorem
3003 4343 3198 4398 vivum
3249 4349 3306 4400 et
3357 4348 3659 4400 mortuum

2007 4422 2256 4479 retinere
2278 4424 2600 4495 promeruit
2623 4443 2635 4493 ;
2658 4427 2876 4499 quique
2893 4430 3083 4500 ipsius
3104 4431 3499 4504 legislatorem
3521 4433 3662 4489 scri-

2007 4516 2128 4585 pto,
2159 4512 2338 4574 verbo.
2366 4516 2425 4568 et
2453 4513 2714 4585 exemplo
2746 4517 3065 4574 ceenobiale
3093 4521 3460 4591 propositum
3482 4538 3661 4593 appe-

2004 4601 2269 4670 tendo,in
2302 4604 2420 4656 toto
2443 4602 2664 4658 mundo
2687 4603 2807 4658 sole
2833 4603 3047 4662 clarius
3069 4607 3366 4664 evibravit.
3379 4609 3659 4670 Defuncto

223 4697 593 4772 longinquis,
627 4696 817 4754 multo
849 4695 1040 4768 magis
1067 4693 1408 4750 domesticis
1431 4697 1488 4748 et
1518 4692 1891 4765 propinquis.
1928 4709 1975 4774 D
2007 4694 2205 4745 autem
2238 4690 2470 4759 abbate,
2503 4707 2570 4746 ex
2591 4709 2719 4748 sese
2742 4693 2871 4765 ipsa
2900 4697 3293 4769 congregatio,
3329 4700 3660 4756 secundum

225 4787 383 4862 Ipsis
415 4785 634 4860 quippe
661 4789 796 4858 post
825 4783 1142 4840 Dominum
1176 4782 1434 4838 secundo
1475 4781 1660 4854 gradu
1692 4781 1893 4837 admo-

221 4877 418 4934 venda
437 4879 528 4931 est
555 4873 874 4931 invisibilis
897 4873 1178 4940 charitas,
1211 4875 1276 4926 ut
1293 4887 1397 4944 per
1427 4887 1526 4926 eos
1555 4870 1714 4926 velut
1737 4887 1894 4942 quae--

227 4967 369 5023 dam
379 4963 626 5021 visibilis
638 4963 875 5020 ﬂamma
889 4961 1179 5035 gradatim
1197 4961 1267 5018 ad
1281 4959 1894 5032 remotioresquosque

229 5055 548 5111 discurrat.
579 5052 697 5110 Piis
726 5068 864 5126 ergo
893 5051 1038 5108 locis
1068 5055 1124 5107 et
1168 5050 1363 5107 divina
1392 5048 1672 5122 religione
1719 5064 1894 5104 vene-

225 5142 519 5200 rabilibus
549 5141 756 5198 debitae
775 5139 1195 5197 consolationis
1217 5143 1275 5195 et
1304 5137 1664 5194 defensionis
1691 5153 1892 5210 porre-

224 5232 381 5290 eturi
407 5247 642 5300 manus,
671 5230 841 5287 illum
864 5229 1088 5286 eateris
1111 5228 1538 5301 praeferendum
1563 5243 1678 5282 non
1711 5225 1894 5281 ambi-

224 5321 428 5397 gimus
457 5336 634 5393 quem
665 5318 1004 5376 monasticae
1026 5334 1243 5374 normae
1270 5320 1499 5373 constat
1519 5331 1648 5372 esse
1679 5313 1894 5387 princi-

222 5410 359 5484 pale
388 5408 787 5484 gymnasium,
821 5411 879 5464 et
907 5410 1122 5463 sancta:
1154 5407 1427 5462 Romanae
1458 5408 1514 5461 et
1554 5401 1888 5476 apostolicae

225 5500 358 5558 sedi
388 5499 772 5572 contiguum;
807 5513 983 5569 quem
1010 5496 1165 5553 cives
1195 5494 1464 5560 Romani,
1507 5498 1700 5567 patres
1729 5491 1888 5548 vide-

224 5587 368 5646 licet
395 5586 592 5645 eximii
622 5587 998 5656 Benedictus,
1058 5586 1299 5642 Maurus
1330 5588 1388 5639 et
1443 5582 1715 5638 Placidus
1754 5597 1888 5637 cum

225 5676 534 5736 nonnullis
550 5675 683 5736 allis
714 5675 1057 5743 fundarunt,
1079 5689 1391 5746 quemque,
1417 5690 1452 5729 a
1481 5671 1755 5745 gentibus
1786 5670 1888 5726 de-

223 5770 548 5836 structum,
567 5764 815 5826 Romani
835 5764 1144 5837 pontiﬁces
1160 5761 1550 5822 nihilominus
1562 5778 1673 5822 sua
1693 5762 1888 5821 aucto-

2006 4778 2212 4836 sanius
2234 4780 2548 4836 consilium
2580 4782 2915 4854 sapientum
2943 4789 3000 4840 et
3055 4785 3355 4843 seniorum
3385 4788 3654 4858 fratrum,

2006 4867 2120 4923 sibi
2151 4867 2424 4923 abbatem
2463 4867 2658 4940 eligat,
2713 4875 2770 4924 et
2817 4872 3144 4943 apostolica
3176 4875 3332 4931 sedis
3391 4877 3660 4949 pontiﬁci

2007 4956 2366 5012 ﬁrmandum
2411 4960 2468 5012 et
2498 4960 2961 5018 consecrandum
2996 4962 3285 5020 exhibeat.
3345 4965 3460 5023 Nec
3492 4966 3662 5026 aliter

2005 5045 2085 5100 ibi
2125 5045 2307 5102 abbas
2329 5046 2743 5115 constituatur,
2769 5053 2871 5105 aut
2891 5048 3282 5111 aliundeilluc
3306 5054 3662 5114 intromitta-

2005 5134 2243 5203 tur,nisi
2276 5134 2422 5189 forte
2443 5151 2512 5191 ex
2536 5153 2599 5192 se
2621 5135 2877 5210 aliquem
2897 5143 3066 5198 tanto
3090 5143 3362 5216 regimini
3382 5145 3658 5204 idoneum

2004 5239 2122 5280 non
2152 5223 2487 5293 habuerint,
2509 5229 2567 5281 et
2597 5227 2668 5282 ob
2701 5227 2758 5282 id
2783 5229 3004 5286 saniori
3044 5232 3286 5290 consilio
3317 5240 3657 5292 extraneum

2003 5313 2118 5369 sibi
2174 5312 2476 5386 elegerint.
2534 5315 2948 5388 Porro,prteter
2995 5337 3296 5379 summum
3325 5321 3654 5395 apostolica

2003 5401 2160 5458 sedis
2193 5400 2525 5475 praesulem,
2561 5405 2874 5475 cujuslibet
2903 5409 3171 5468 Ecclesiae
3202 5411 3540 5482 episcopum
3563 5410 3654 5466 vel

2001 5492 2364 5548 sacerdotem
2409 5492 2469 5547 in
2528 5494 2768 5566 prmfato
2825 5499 3180 5556 monasterio
3236 5499 3326 5554 vel
3383 5499 3442 5555 in
3491 5498 3655 5557 cellis

2000 5581 2192 5652 ipsius
2209 5581 2567 5639 deditionem
2590 5585 2914 5657 quamlibet
2933 5590 3047 5645 sibi
3060 5604 3412 5661 praesumere
3435 5590 3542 5645 hac
3557 5607 3651 5646 no-

1999 5675 2123 5728 stra
2151 5671 2564 5731 interdicimus
2597 5677 2976 5733 auctoritate:
3003 5678 3082 5734 ita
3109 5682 3174 5732 ut
3199 5677 3314 5732 nisi
3347 5680 3419 5734 ab
3443 5681 3650 5735 abbch

1999 5760 2178 5821 fuerit
2221 5761 2524 5837 invitatus,
2549 5781 2655 5825 nec
2706 5764 3025 5827 missarum
3054 5765 3344 5827 solemnia
3375 5769 3511 5826 init’
3554 5791 3556 5794 τ
3609 5790 3647 5824 ι-
