3978 6366
485 471 642 542 1307

1805 469 2119 535 NICOLAI
2159 467 2215 534 ῙῙ
2261 469 2506 534 ΡΑΡιΕ.

3737 463 3858 528 1308

482 613 619 669 deat
647 609 954 676 celebrare,
985 607 1107 681 sed,
1156 611 1375 665 remota
1403 609 1458 664 et
1487 606 1823 680 propulsata
1850 605 2108 678 qualibet
2135 606 2188 672 Α
2218 605 2493 661 omnibus
2523 602 2924 676 pertinentiis;
2979 619 3086 662 nec
3141 619 3272 660 non
3333 603 3398 664 et
3453 597 3750 658 castellum
3777 601 3856 673 qui

484 701 859 772 oppressione
900 699 1418 755 ecclesiasticarum
1453 695 1538 752 vel
1589 695 1953 752 saecularium
1979 711 2112 765 per-

471 805 781 856 ‘sonarum,
813 790 962 843 sicut
983 789 1262 842 hactenus
1292 787 1526 852 mansit,
1549 803 1582 840 a
1613 785 1878 856 praesenti
1903 783 2114 838 duode-

481 877 634 933 cima
661 877 973 931 indictione
995 877 1102 930 hoc
1130 881 1324 931 nostro
1345 875 1643 946 privilegio
1679 874 1735 927 in
1768 877 2112 943 perpetuum

481 967 740 1038 quietum
789 969 844 1019 et
875 965 1148 1030 liberum,
1197 966 1264 1018 ad
1301 963 1594 1018 servitium
1629 968 1682 1018 et
1715 963 1957 1034 gloriam
2013 960 2114 1016 Dei

479 1059 730 1118 maneat,
771 1054 879 1108 sub
912 1054 1242 1108 defensione
1273 1057 1327 1107 et
1352 1054 1483 1122 jure
1515 1057 1726 1106 sancta:
1759 1051 2027 1104 Romanae
2059 1053 2116 1105 et

479 1142 805 1214 apostolicae
838 1141 1013 1206 sedis,
1047 1157 1176 1195 cum
1209 1140 1332 1194 suis
1365 1139 1658 1194 omnibus.

548 1231 628 1284 Ex
650 1229 861 1300 quibus
883 1229 1222 1283 summatim
1248 1233 1303 1282 et
1325 1226 1673 1299 generaliter
1698 1227 1972 1282 omnibus
1993 1225 2114 1280 haec

477 1319 824 1373 nominatim
856 1321 911 1371 et
943 1317 1274 1388 Specialiter
1305 1321 1530 1370 tantum
1563 1315 1694 1369 istic
1721 1315 2110 1385 digessimus:

477 1407 540 1461 In
572 1406 778 1477 primis
810 1405 1229 1460 monasterium
1253 1403 1480 1458 Domini
1517 1402 1830 1458 Salvatoris
1861 1402 2114 1473 positum

477 1495 548 1550 ad
573 1495 758 1566 ipsius
781 1494 984 1564 pedem
1001 1493 1243 1560 montis;
1264 1496 1440 1562 atque
1457 1491 1875 1545 monasterium
1891 1491 2115 1546 Sanctae

473 1583 572 1638 Dei
602 1581 899 1654 genitricis
930 1585 986 1636 et
1013 1579 1252 1650 virginis
1275 1579 1484 1646 Mariae,
1519 1580 1618 1650 qui
1652 1585 1889 1633 vocatur
1921 1578 2115 1634 Plum-

478 1669 678 1726 barola
705 1687 717 1735 ;
753 1671 854 1724 sed
887 1673 944 1724 et
986 1668 1288 1724 castellum
1321 1669 1378 1728 8,
1415 1668 1567 1722 Petri
1602 1669 1671 1722 ad
1699 1669 1898 1739 pedem
1931 1668 2117 1739 ipsius

477 1757 877 1828 montis,quod
901 1757 971 1811 ab
985 1757 1247 1828 antiquis
1272 1757 1490 1810 dictum
1516 1761 1602 1810 cst
1623 1761 1876 1810 castrum
1900 1756 2114 1824 Casini,

475 1861 581 1898 nec
612 1861 722 1898 non
752 1847 806 1898 et
832 1844 1134 1898 castellum
1171 1844 1228 1897 S.
1263 1843 1466 1915 Angeli
1509 1863 1520 1912 ;
1555 1843 1856 1900 castellum
1892 1843 1990 1914 qui
2021 1859 2117 1897 vo-

2221 697 2458 748 vocatur
2489 694 2915 760 Lastinianum,
2947 698 3004 750 et
3029 693 3144 750 alia
3175 693 3304 748 tria
3331 692 3600 757 castella,
3641 695 3855 746 montem

2219 783 2488 851 Alberici,
2511 783 2820 850 Mucelam,
2856 784 2915 838 S.
2939 782 3156 848 Quirici
3179 799 3330 836 cum
3367 785 3548 853 portu
3571 781 3756 834 decem
3783 795 3858 832 na-

2221 871 2400 937 vium,
2436 888 2566 942 quas
2611 873 2725 926 duo
2755 872 3192 926 Trasimundus
3241 887 3456 926 comes
3489 869 3646 924 ﬁlius
3673 866 3858 922 Altonis

2221 957 2390 1014 beato
2421 961 2729 1014 Benedicto
2761 961 2818 1014 in
2853 966 3051 1014 monte
3095 959 3320 1014 Casino
3353 957 3536 1030 legali
3595 955 3860 1011 donatione

2222 1051 2277 1101 et
2300 1048 2634 1102 chartarum
2667 1049 3068 1103 monumentis
3089 1047 3392 1113 contulit;
3429 1045 3672 1101 tertium
3701 1048 3860 1098 autem

2225 1135 2530 1190 castellum
2547 1136 2956 1206 Frisam,quod
2971 1136 3200 1208 praefati
3215 1134 3630 1190 Transmundi
3645 1148 3774 1186 uxor
3785 1147 3862 1200 pro

2224 1225 2420 1280 anima
2449 1243 2575 1292 sua,
2609 1225 3008 1280 consentiente
3037 1224 3160 1278 viro
3197 1240 3342 1290 suo,
3371 1224 3433 1278 S.
3463 1223 3762 1278 Bencdicto
3789 1223 3862 1276 ob-

2223 1314 2360 1369 tulit
2387 1331 2399 1380 ;
2434 1315 2492 1370 8.
2522 1315 2691 1370 Justa
2720 1314 2937 1368 ibidem
2963 1313 3171 1368 cellam
3201 1314 3266 1368 8.
3305 1313 3513 1368 Focati
3547 1311 3606 1366 in
3637 1310 3858 1372 Alarino,

2221 1403 2279 1456 S.
2313 1402 2540 1474 Georgii
2567 1403 2625 1456 in
2684 1401 2988 1469 Termole;
3025 1401 3244 1456 cellam
3299 1401 3362 1456 S.
3426 1398 3768 1455 Liberatoris
3817 1398 3860 1450 in

2225 1489 2483 1544 Marchia
2539 1506 2672 1544 cum
2705 1488 3100 1561 quadraginta
3155 1488 3355 1556 cellis,
3392 1489 3455 1543 S.
3497 1487 3794 1542 Salvatoris
3819 1485 3862 1540 in

2223 1578 2397 1644 Tabe,
2459 1579 2516 1632 S.
2563 1577 2934 1633 Scholasticae
2983 1578 3044 1632 in
3112 1577 3334 1644 Pinne,
3397 1578 3459 1632 8.
3527 1575 3754 1632 Martini
3817 1575 3860 1628 in

2224 1666 2438 1730 Salina,
2461 1667 2518 1722 S.
2543 1667 2762 1721 Nicolai
2793 1667 2854 1720 in
2882 1669 3138 1737 Apruxo,
3167 1666 3230 1722 S.
3259 1665 3480 1736 Angeli
3511 1665 3572 1719 in
3597 1665 3861 1728 Maranno,

2227 1771 2358 1809 cum
2391 1755 2664 1809 omnibus
2719 1753 2882 1810 cellis
2941 1755 3068 1810 suis
3125 1759 3488 1810 sanctorum
3532 1757 3744 1826 septem
3772 1752 3866 1806 fra-

2227 1848 2422 1910 trum;
2479 1843 2538 1896 S.
2595 1843 2914 1912 Laurentii,
2965 1847 3020 1897 et
3061 1847 3116 1896 S.
3169 1842 3488 1898 Benedicti
3541 1842 3600 1896 in
3653 1843 3862 1906 Trunto,

477 1935 642 2029 catur
673 1931 990 2029 Pini‘ataro,
1011 1931 1400 1998 etJunctura;
1435 1932 1734 1986 castellum
1774 1933 1832 1987 8.
1859 1932 2117 2029 ςὶεονςὶἱ,
2153 1965 2198 2029 Β
2228 1932 2286 1986 8.
2320 1929 2669 2029 Apollinaris
2701 1931 2758 2029 in
2795 1931 3010 1998 Firmo,
3047 1931 3107 1985 8.
3145 1929 3464 2029 Benedicti
3489 1929 3558 2029 in
3587 1929 3790 2029 Tisino,
3819 1931 3866 2026 et

475 2023 530 2074 et
561 2019 617 2074 8.
669 2018 1040 2090 Apollinaris,
1073 2024 1128 2074 et
1158 2021 1214 2074 8.
1241 2020 1559 2086 Ambrosii,
1594 2024 1648 2073 et
1672 2021 1728 2074 S.
1752 2019 1991 2074 Andreae
2021 2035 2032 2072 :
2067 2023 2124 2074 et
2153 2018 2196 2029 ”
2229 2021 2287 2075 8.
2322 2018 2512 2073 Mariae
2543 2018 2600 2072 in
2651 2019 2966 2074 Arboscola
3016 2037 3029 2086 ;

475 2106 782 2162 castellum
808 2107 908 2178 qui
941 2113 1182 2162 vocatur
1219 2106 1649 2180 Vallisfrigida:
1687 2107 1990 2162 castellum
2023 2108 2123 2178 qui

477 2194 688 2250 dicitur
717 2197 948 2262 Bantra,
982 2201 1036 2250 et
1059 2197 1116 2249 8.
1142 2195 1302 2250 Petri
1333 2196 1390 2249 in
1421 2196 1528 2249 Hia
1553 2213 1565 2262 ;
1593 2199 1647 2250 8.
1681 2195 2126 2262 Victoris,Toro-

479 2283 699 2350 culum,
734 2283 1008 2352 Cervaru,
1045 2284 1102 2338 8.
1139 2283 1292 2350 Eliae,
1325 2282 1881 2349 Vallemrotundam,
1941 2285 2126 2339 Rocca

479 2371 550 2426 de
581 2371 814 2437 Bontra,
849 2387 982 2425 cum
1016 2371 1296 2425 omnibus
1328 2371 1453 2425 suis
1480 2372 1882 2442 pertinentiis;
1915 2371 2125 2427 castel-

484 2456 610 2512 lum
641 2458 740 2528 qui
775 2457 988 2512 dicitur
1019 2457 1475 2524 Sarasiniscum,
1508 2463 1562 2512 et
1584 2458 1882 2514 castellum
1909 2459 1967 2513 8.
2002 2461 2126 2515 Ste-

478 2545 653 2617 phani
684 2563 696 2612 ;
731 2544 937 2599 cellam
969 2545 1197 2600 Sanctae
1216 2546 1408 2600 Maria:
1440 2545 1496 2599 in
1522 2545 1798 2601 Albaneta
1824 2564 1835 2612 ;
1862 2551 1916 2601 et
1947 2547 2004 2602 8.
2028 2547 2125 2600 Ni-

479 2633 622 2688 colai
649 2633 706 2686 in
752 2632 1002 2698 Ciconia,
1033 2634 1090 2687 S.
1126 2633 1412 2687 Benedicti
1443 2633 1502 2687 in
1553 2631 1693 2698 Clia,
1727 2635 1783 2689 S.
1816 2633 2017 2705 Angeli
2065 2633 2123 2689 in

479 2720 816 2786 Vallelucis,
849 2725 904 2775 et
934 2721 1081 2775 cella
1102 2721 1298 2775 Sancti
1341 2721 1644 2776 Michaelis
1687 2739 1700 2789 ;
1735 2722 1792 2776 in
1844 2722 2123 2776 comitatu

481 2808 804 2879 Aquinensi
839 2807 1042 2864 cellam
1073 2810 1130 2863 8.
1164 2809 1444 2881 Gregorii,
1480 2810 1536 2864 8.
1573 2809 1824 2864 Mauritii
1856 2815 1910 2866 et
1940 2814 1995 2863 S.
2029 2809 2125 2864 Ni-

479 2897 622 2952 colai
655 2897 713 2951 in
745 2897 895 2958 Pica.
947 2898 1004 2951 S.
1044 2897 1244 2970 Angeli
1281 2899 1337 2952 in
1371 2898 1715 2964 Cannuccio,
1750 2899 1806 2952 8.
1844 2897 2035 2952 Mariae
2067 2898 2124 2952 in

487 2985 705 3050 Barole,
734 2989 790 3040 et
827 2985 884 3040 8.
919 2985 1069 3039 Petri
1113 2986 1171 3039 in
1204 2985 1434 3040 Asclcto
1480 3003 1492 3053 ;
1544 2987 1683 3040 item
1721 2987 1778 3040 in
1838 2987 1990 3040 Luca
2017 2985 2126 3041 cel-

485 3072 599 3128 lam
616 3074 673 3126 S.
690 3073 917 3144 Georgii
933 3089 1110 3144 prope
1131 3073 1489 3128 Posterulam
1518 3073 2127 3144 ;Wiriwalam,quam

489 3161 547 3216 8.
575 3162 878 3215 Benedicto
902 3159 1196 3215 contulere
1219 3161 1464 3215 Enricus
1486 3165 1542 3216 et
1574 3161 1873 3217 Bolandus
1900 3163 2128 3229 fratres,

489 3255 701 3304 sanctae
735 3249 1192 3304 conversationis
1225 3249 1494 3304 habitum
1528 3255 1890 3322 quaerentes:
1926 3249 2130 3306 cellam

3085 2017 3304 2074 cellam
3365 2021 3425 2071 S.
3489 2017 3770 2073 Benedicti
3817 2016 3863 2070 in

2232 2107 2566 2173 Marli,etS.
2595 2106 2852 2162 Cosmati
2877 2126 2889 2174 ;
2925 2105 3135 2162 cellam
3153 2106 3214 2160 8.
3243 2104 3460 2177 Angeli
3491 2107 3550 2159 in
3581 2103 3866 2175 Valleregia

2232 2213 2364 2252 cum
2397 2195 2652 2250 castellis
2684 2199 2737 2250 et
2767 2196 3045 2251 omnibus
3067 2195 3194 2249 suis
3221 2194 3601 2266 pertinentiis
3621 2211 3634 2260 ;
3657 2207 3862 2248 necnon

2232 2289 2290 2339 et
2319 2282 2555 2338 castella
2585 2283 2645 2336 in
2677 2283 2957 2338 comitatu
2989 2283 3287 2339 Asculano
3335 2286 3396 2340 id
3429 2289 3522 2341 est
3549 2285 3799 2346 Octavus,
3823 2282 3866 2333 et

2233 2376 2362 2444 post
2383 2376 2638 2426 montem
2671 2371 2980 2427 Cinianum
3003 2378 3062 2428 et
3091 2375 3634 2440 Trivivillanum,ct
3660 2369 3862 2430 Cavino,

2233 2461 2386 2532 quod
2421 2459 2717 2514 Bolandus
2749 2459 2806 2514 in
2832 2461 3070 2530 praefato
3091 2464 3466 2520 monasterio
3499 2476 3632 2517 cum
3663 2457 3775 2514 suis
3793 2470 3866 2508 ne-

2234 2548 2468 2620 potibus
2498 2547 2798 2614 obtulere;
2831 2548 3038 2604 cellam
3061 2551 3118 2605 S.
3153 2551 3368 2608 Jacobi
3405 2552 3464 2606 in
3497 2545 3728 2606 Tremiti
3751 2559 3858 2599 cum

2235 2635 2380 2707 ipsis
2411 2634 2623 2689 insulis
2650 2653 2663 2703 ;
2695 2635 2754 2689 in
2787 2635 3030 2691 Comino
3060 2639 3382 2695 castellum
3415 2639 3517 2710 qui
3549 2635 3750 2691 dicitur
3779 2629 3860 2683 Vi-

2235 2722 2420 2790 calbo,
2453 2739 2584 2777 cum
2618 2723 2896 2780 omnibus
2927 2725 3054 2780 suis
3083 2728 3495 2798 pertinentiis.

2307 2811 2406 2866 llis
2436 2811 2616 2882 igitur
2645 2816 2700 2866 et
2730 2812 3005 2868 omnibus
3030 2831 3159 2885 quas
3184 2818 3436 2886 praefato
3461 2811 3857 2879 ccenobiojuste

2237 2900 2528 2968 pertinent
2581 2916 2896 2970 nunc,quae
2927 2901 2986 2955 in
3039 2903 3241 2958 futuro
3287 2907 3458 2976 juste
3505 2897 3856 2974 pertinebunt,

2237 2987 2345 3046 sul)
2372 2987 2553 3041 tutela
2584 2991 2639 3041 et
2669 2988 2932 3044 Romana
2961 2989 3232 3048 libertate
3286 2993 3400 3048 hoc
3431 2987 3718 3065 privilegio
3757 2999 3858 3056 per-

2237 3079 2370 3147 petu
2379 3073 2562 3142 aliter,
2577 3075 2650 3129 ad
2671 3077 3052 3148 temporalem
3071 3096 3386 3137 servorum
3401 3081 3502 3137 Dei
3525 3072 3854 3150 precantium

2236 3163 2457 3218 scilicet
2487 3168 2662 3235 atque
2692 3165 3022 3222 futurorum
3077 3168 3370 3239 quietem,
3414 3166 3666 3232 statutis,
3714 3165 3854 3230 atque

2237 3252 2631 3318 conﬁrmatis;
2665 3253 2982 3323 apostolica
3005 3271 3282 3326 censura,
3319 3259 3434 3313 sub
3459 3249 3854 3324 interpositione

483 3339 539 3393 8.
589 3337 900 3404 Benedicti,
934 3341 990 3391 et
1022 3337 1078 3392 S.
1138 3337 1508 3392 Scholasticze
1565 3337 1624 3391 in
1683 3338 1857 3392 Gaeta
1887 3339 1943 3392 8.
2004 3339 2124 3393 Ste-
2153 3322 2196 3390 Ο
2236 3339 2476 3395 districti
2501 3322 2890 3395 anathematis
2915 3345 2972 3396 et
3001 3343 3182 3398 divini
3213 3322 3640 3402 contestatione
3659 3332 3852 3410 judicii.

481 3425 658 3498 phani
685 3427 743 3480 in
773 3425 1118 3492 Terracina;
1171 3426 1228 3480 S.
1266 3425 1474 3490 Luciaz,
1509 3427 1566 3481 S.
1601 3427 1750 3481 Petri
1795 3425 1852 3480 in
1885 3426 2124 3493 Curuli;

483 3515 542 3570 8.
575 3514 872 3586 Sylvestri,
906 3519 960 3568 et
997 3515 1057 3569 8.
1095 3514 1283 3569 Lucize
1315 3514 1374 3569 in
1407 3514 1624 3585 Arpino
1667 3531 1679 3569 :
1739 3515 1796 3569 8.
1832 3515 2127 3571 Benedicti

481 3601 542 3656 in
574 3601 720 3656 colle
748 3602 818 3656 de
873 3601 1072 3656 Insula
1101 3621 1113 3668 ;
1145 3608 1200 3655 8.
1237 3601 1506 3656 Germani
1563 3601 1622 3656 in
1683 3603 1866 3670 Sura;
1901 3607 2124 3657 curtem

481 3691 542 3745 S.
576 3689 790 3744 Urbani
821 3689 880 3744 in
913 3690 1190 3756 Comino;
1225 3689 1430 3744 cellam
1489 3689 1549 3744 8.
1611 3689 1772 3744 Pauli
1823 3690 2041 3745 ibidem
2072 3695 2129 3745 et

483 3781 538 3832 8.
570 3777 816 3845 Nazarii,
839 3783 895 3833 et
913 3783 969 3832 8.
993 3777 1347 3845 Venlentini,
1377 3793 1442 3832 ac
1473 3778 1530 3832 S.
1550 3777 1865 3833 Salvatoris
1890 3796 1902 3846 ;
1923 3777 2127 3833 cellam

483 3867 542 3921 S.
576 3867 872 3922 Benedicti
895 3867 953 3921 in
991 3865 1265 3932 Venafro;
1300 3869 1358 3920 et
1383 3867 1441 3921 S.
1477 3865 1724 3932 Nazarii,
1757 3871 1814 3922 et
1840 3869 1897 3921 8.
1936 3867 2126 3922 Mariae

482 3955 544 4010 in
575 3954 740 4022 Sala;
775 3957 996 4009 curtem
1030 3955 1089 4009 S.
1123 3953 1419 4008 Benedicti
1453 3953 1696 4008 minoris
1747 3954 1999 4022 ibidem;
2033 3971 2130 4010 ca-

483 4041 693 4097 stelum
726 4043 880 4112 quod
937 4043 1150 4097 dicitur
1206 4041 1474 4112 Capriata
1527 4047 1582 4096 et
1647 4042 2026 4110 Francilonis,
2075 4047 2132 4098 et

485 4135 541 4184 8.
573 4129 854 4196 Joannis;
883 4133 1104 4183 curtem
1137 4128 1444 4194 S.l"elicis;
1481 4129 1787 4184 castellum
1820 4132 1918 4200 qui
1965 4147 2128 4188 voca-

485 4222 588 4272 tur
615 4217 838 4283 Conca;
871 4215 1076 4271 cellam
1105 4217 1165 4271 S.
1199 4215 1494 4270 Benedicti
1527 4216 1585 4270 in
1631 4220 1908 4286 Cesama;
1941 4219 2000 4273 8.
2035 4219 2134 4275 Be-

485 4305 699 4360 nedicti
729 4305 788 4358 in
821 4305 1053 4372 Teano;
1087 4308 1143 4359 et
1201 4303 1258 4358 S.
1295 4304 1586 4359 Benedicti
1643 4305 1702 4360 in
1743 4307 1992 4374 Suessa;
2028 4323 2132 4361 nec

483 4411 598 4450 non
615 4399 672 4449 et
691 4392 894 4448 cellam
909 4393 967 4448 8.
995 4392 1285 4448 Benedicti
1307 4393 1372 4447 in
1393 4397 1587 4464 Capua
1607 4409 1740 4448 cum
1767 4395 1892 4466 ipso
1913 4393 2133 4450 Gualdo

485 4483 556 4538 de
583 4483 790 4555 Ligure
819 4485 1030 4537 etcum
1051 4481 1322 4536 omnibus
1346 4482 1470 4537 suis
1495 4481 1860 4553 pertinentiis
1885 4501 1896 4548 ;
1924 4481 2130 4538 cellam

483 4572 548 4632 Β.
567 4571 809 4627 Joannis
839 4571 1182 4627 ancillarum
1213 4569 1312 4625 Dei
1337 4569 1393 4624 in
1419 4571 1616 4625 eadem
1641 4571 1866 4626 civitate
1893 4591 1905 4639 ;
1940 4573 1996 4626 S.
2015 4571 2134 4626 Ma-

2235 3427 2690 3482 interminamus
2707 3427 2984 3484 omnibus
2997 3435 3119 3485 tam
3135 3435 3536 3504 praesentibus
3549 3443 3716 3502 quam
3729 3425 3854 3478 futu-

2233 3515 2316 3570 ris
2341 3531 2410 3569 ne
2433 3513 2587 3570 ullus
2609 3515 2916 3570 hominum
2939 3520 3359 3594 cujuscunque
3385 3518 3624 3583 ordinis,
3647 3509 3856 3594 dignita-

2233 3605 2331 3668 tis,
2365 3602 2827 3668 conditionis,vel
2861 3593 3276 3680 cujuscunque
3323 3609 3522 3674 ofﬁcii,
3557 3621 3654 3661 seu
3684 3593 3856 3672 quaali-

2235 3692 2332 3746 bet
2387 3690 2474 3746 vel
2505 3691 2938 3762 quantumlibet
2996 3711 3177 3765 parva
3227 3701 3338 3754 aut
3381 3711 3594 3769 magna
3620 3699 3852 3763 persona.

2237 3779 2684 3851 quibuscunque
2717 3781 2891 3836 rebus
2921 3782 3010 3838 vel
3044 3787 3315 3854 personis
3338 3786 3574 3859 praefata
3600 3777 3853 3835 monaste-

2236 3867 2320 3922 rio
2343 3869 2504 3938 juste
2535 3867 2966 3938 pertinentibus
2997 3871 3263 3944 aliquam
3295 3871 3626 3931 violentiam
3655 3863 3854 3922 inferat.

2237 3959 2336 4010 aut
2391 3955 2796 4012 calumniosus
2828 3957 3060 4029 existat,
3123 3962 3212 4017 vel
3269 3961 3594 4019 incumbat.
3651 3955 3858 4020 Insul)er

2239 4043 2376 4114 quia
2389 4043 2746 4100 monasticus
2759 4061 2969 4102 cursus
2983 4051 3314 4108 secundum
3321 4053 3664 4125 praeceptum
3679 4034 3854 4110 ι’θὲυῙίθ

2239 4131 2376 4186 almi
2407 4132 2596 4186 Patris
2627 4132 2920 4189 Benedicti
2951 4135 3168 4194 aestivis
3205 4145 3266 4196 et
3297 4137 3643 4196 hiemalibus
3671 4135 3855 4195 tempo-

2239 4219 2403 4274 ribus
2433 4221 2707 4291 praeﬁxas
2737 4225 2850 4289 est,
2885 4225 3232 4283 auctoritate
3277 4225 3600 4301 apostolica
3629 4209 3856 4276 concedi-

2241 4323 2373 4362 mus
2403 4312 2468 4362 ut
2493 4307 2663 4363 liceat
2687 4309 2968 4367 fratribus
3002 4313 3246 4386 signum
3303 4317 3538 4390 pulsare
3581 4311 3639 4365 in
3682 4301 3852 4360 eodem

2243 4395 2595 4451 monasterio
2637 4400 2693 4451 et
2715 4396 2772 4450 in
2805 4397 2968 4454 cellis
2999 4403 3147 4472 ejus,
3180 4409 3304 4460 tam
3337 4405 3410 4460 ad
3441 4403 3676 4458 diurnas
3705 4398 3850 4462 quam

2244 4485 2316 4539 ad
2339 4485 3366 4566 nocturnas,horas,quandocunque
3381 4487 3676 4549 voluerint.
3690 4473 3850 4566 Liceat

2245 4589 2476 4644 quoque
2509 4573 2696 4644 iPSiua
2745 4579 3088 4634 monasterii
3109 4585 3166 4635 et
3187 4564 3436 4638 aliarum
3457 4579 3581 4650 ejus
3613 4564 3852 4628 fratribus

486 4662 584 4715 riae
617 4661 674 4714 in
704 4659 872 4715 Calvo
899 4679 912 4729 ;
951 4661 1010 4715 S.
1046 4659 1239 4714 Mariae
1261 4660 1321 4712 in
1346 4657 1622 4746 Cingola;
1661 4659 1718 4714 8.
1753 4661 2052 4730 Adjutoris
2074 4661 2133 4714 in
2165 4683 2211 4746 D
2244 4659 2518 4716 clericum
2540 4663 2945 4735 cujuscunque
2961 4667 3287 4737 ordinis,de
3306 4675 3646 4744 quocunque
3661 4653 3848 4746 episfo'

487 4748 670 4804 Alit'as
709 4767 721 4815 ;
780 4749 838 4802 S.
899 4747 1133 4802 Caecilia
1169 4747 1226 4801 in
1269 4745 1470 4817 Napoli
1516 4763 1528 4812 ;
1565 4746 1877 4802 Ecclesium
1910 4749 2132 4803 Sanctae

488 4837 686 4890 Crusis
718 4837 777 4889 in
806 4835 1024 4890 Ancalﬁ
1051 4851 1062 4888 :
1092 4835 1298 4890 cellam
1351 4834 1410 4888 8.
1447 4835 1736 4890 Benedicti
1761 4836 1818 4890 in
1852 4836 2125 4902 Salerno;

489 4927 546 4977 et
561 4922 763 4977 cellam
795 4924 851 4978 8.
885 4923 1108 4993 Sophia:
1140 4923 1288 4978 infra
1307 4923 1604 4978 civitatem
1627 4924 2125 4992 Beneventanam;

491 5009 696 5064 cellam
729 5009 788 5063 S.
823 5010 1114 5065 Benedicti
1147 5009 1206 5066 in
1243 5011 1490 5078 Asculo;
1525 5011 1734 5065 collum
1769 5013 2128 5069 S.Benedicti

491 5098 550 5151 in
572 5099 756 5153 Trans
787 5116 799 5166 ;
833 5103 888 5152 et
918 5099 974 5152 8.
1001 5099 1289 5155 Benedicti
1313 5101 1370 5153 in
1398 5099 1527 5152 Bari
1563 5117 1576 5166 ;
1611 5099 1822 5156 cellam
1855 5101 1911 5155 S.
1937 5102 2144 5156 Marias”

491 5185 832 5242 ancillarum
867 5185 964 5240 Dei
983 5186 1041 5241 in
1068 5187 1294 5242 civitate
1315 5187 1582 5242 Cosentia
1607 5205 1619 5253 ;
1644 5187 1846 5242 cellam
1872 5195 1925 5244 8.
1959 5191 2128 5246 Bene-

492 5275 630 5330 dicti
661 5275 720 5329 in
752 5275 1070 5338 Pectinaro,
1103 5279 1158 5330 8.
1195 5275 1386 5331 ΜΕΓῙίἷέ
1415 5274 1472 5326 in
1507 5273 1778 5344 Banse,S.
1831 5277 2128 5334 Benedicti

491 5364 550 5418 in
585 5364 840 5419 Alarimo
866 5381 878 5430 ;
902 5361 1101 5418 cellam
1129 5365 1186 5418 S.
1219 5361 1466 5418 Eustasii
1501 5377 1678 5431 quam
1711 5365 1767 5418 S.
1821 5366 2128 5423 Benedicto

496 5452 704 5506 obtulit
729 5452 1109 5522 Adelpherius
1141 5449 1430 5514 Pantasia,
1465 5447 1670 5503 cellam
1725 5455 1781 5504 S.
1827 5453 2016 5509 Maria:
2065 5457 2128 5511 in

497 5538 755 5604 Murone,
792 5541 848 5594 8.
884 5541 1128 5596 Eustatii
1183 5539 1240 5592 in
1271 5539 1439 5592 Petra
1467 5537 1808 5594 abundanti.
1846 5542 1904 5607 S,
1937 5544 2128 5599 Mariae

497 5625 554 5677 in
589 5625 912 5694 Batratano,
947 5631 1004 5683 8.
1041 5627 1232 5682 Maria:
1264 5625 1323 5680 in
1381 5629 1646 5679 Casmeta
1668 5628 1836 5696 juxta
1889 5629 2128 5687 ﬂuvium

499 5711 784 5767 Trinium.
841 5715 898 5768 8.
955 5715 1247 5770 Benedicti
1297 5713 1353 5768 in
1412 5713 1554 5783 Ripa
1639 5713 1783 5770 Ursa
1841 5733 1972 5772 cum
2007 5722 2130 5775 suis

2245 4753 2379 4821 patu
2411 4749 2604 4816 fuerit,
2639 4753 2962 4806 secundum
3005 4742 3388 4814 traditionem
3422 4756 3736 4812 sanctorum
3765 4742 3851 4790 Pa‘

2237 4843 2394 4893 trum
2427 4839 2720 4910 suscipere
2747 4841 3065 4898 cumrebus
3097 4846 3224 4901 suis
3255 4849 3328 4903 ad
3361 4833 3790 4902 conversandum
3805 4821 3850 4874 et

2239 4927 2649 4982 monachicum
2675 4927 2944 4984 habitum
2979 4934 3452 5006 suscipiendum,
3485 4917 3850 5006 absqucin‘tcr-

2245 5015 2501 5070 dictione
2519 5015 2917 5086 quorumlibet
2937 5001 3380 5093 episcoporum;
3407 5001 3470 5077 ut
3487 5017 3646 5074 liceat
3661 5001 3846 5093 eisdem

2239 5104 2517 5174 subjectis
2539 5105 2876 5160 monasterii
2909 5087 3112 5164 eorum
3129 5087 3401 5181 udicare
3433 5115 3549 5166 tam
3573 5087 3845 5181 monachos

2237 5208 2416 5263 quam
2433 5196 2488 5246 et
2509 5193 2944 5250 sactimoniales
2969 5177 3472 5272 femidas,absque
3495 5177 3834 5272 prohibitione

2237 5285 2293 5334 et
2339 5281 2796 5336 contradictione
2853 5285 3172 5354 cujuslibet
3227 5265 3522 5344 saecularis
3577 5265 3838 5360 potestati?

2237 5385 2338 5423 seu
2365 5367 2790 5425 ecclesiasticae.
2819 5372 2888 5426 Et
2921 5373 3064 5443 quia
3083 5377 3360 5447 cupimus
3377 5381 3496 5432 tam
3514 5358 3838 5447 prazse-ntiu'm

2239 5473 2416 5528 quam
2449 5458 2778 5514 futurorum
2811 5433 3086 5533 malignae
3119 5433 3377 5520 avaritiae
3407 5466 3462 5518 et
3489 5433 3731 5524 nequitia
3755 5433 3838 5532 cb-

2237 5545 2411 5612 viare,
2445 5543 2554 5600 hoc
2585 5551 2786 5602 nostra
2813 5550 3134 5619 apostolica
3185 5553 3524 5610 auctoritate
3551 5535 3744 5619 parii“
3765 5535 3840 5576 ω’

2235 5633 2574 5688 terdicimus
2607 5618 2943 5706 seditiones,
2971 5654 3120 5708 quas
3141 5641 3347 5697 dicuut
3375 5641 3638 5700 1evas,seu
3669 5618 3835 5708 ᾀεξριίιῗ·

2240 5723 2604 5790 dationes,ne
2617 5723 2761 5780 ﬁant
2781 5699 3172 5798 aliquo‘modo
3185 5729 3244 5784 in
3261 5729 3645 5801 cujuscunque
3656 5699 3841 5764 abbatis
