3978 6368
259 503 289 570 Ι
305 502 428 572 309

1435 501 1842 567 EPISTOL/E
1885 494 1986 565 ET
2029 500 2511 566 DIPLOMATA.

3521 503 3679 572 1310

256 646 374 701 aut
401 637 642 700 rectoris
673 643 860 701 morte
891 646 992 702 aut
1015 637 1312 700 electione.
1346 641 1428 696 Ad
1453 639 1538 694 hae
1563 637 1734 694 liceat
1753 639 1918 694 vobis
1949 642 1997 705 Α
2033 637 2194 692 fratri
2223 642 2473 707 Axsom,
2499 637 2936 713 archiepiscopo
2961 636 3311 709 Coloniensi,
3339 647 3677 715 perpetuam

256 748 504 789 sacrum
534 731 814 800 chrisma,
844 736 902 788 et
930 731 1355 788 ecclesiasticos
1398 729 1654 793 ordines,
1685 733 1742 784 et
1770 727 1920 782 alta-

257 822 423 877 rium
458 822 926 877 eonsecrationes
958 822 1031 877 ab
1062 820 1333 892 episcopo
1366 818 1624 891 quolibet
1646 818 1921 872 canonice

255 914 538 984 promoto
588 911 868 982 accipere,
901 914 958 964 et
987 909 1502 964 Christianismum
1552 907 1610 962 in
1661 905 1922 962 ecclesiis

253 999 476 1055 vestris
507 1015 676 1071 agere
708 1015 811 1070 per
840 998 1080 1053 clericos
1101 1002 1344 1062 vestros,
1368 1001 1424 1051 et
1444 996 1731 1068 hymnum
1755 1011 1923 1066 ange-

255 1088 452 1145 licum
485 1104 588 1160 per
617 1087 740 1142 dies
772 1087 1106 1142 Dominicos
1139 1091 1194 1140 et
1231 1085 1574 1140 festivitates
1606 1085 1677 1138 ad
1710 1083 1923 1139 missa-

256 1195 401 1236 rum
432 1176 720 1233 solemnia
749 1177 859 1231 rite
889 1177 1219 1231 decantare.
1256 1176 1322 1229 Et
1362 1173 1560 1228 nullus
1614 1173 1923 1244 episcopus

255 1270 589 1340 praesumat
618 1265 677 1319 in
703 1265 830 1336 jam
884 1265 1037 1319 dicto
1086 1263 1442 1319 monasterio
1491 1262 1708 1329 venire,
1742 1262 1828 1317 vel
1864 1262 1922 1316 in

258 1355 533 1414 ecclesiis
564 1354 676 1410 sibi
699 1353 984 1424 subjectis
1004 1354 1365 1409 sacerdotem
1391 1352 1920 1421 excommunicare,

255 1445 359 1503 vel
389 1446 462 1501 ad
494 1443 783 1517 synodum
815 1458 1143 1514 provocare,
1179 1446 1281 1497 aut
1323 1442 1593 1497 abbatem
1634 1446 1690 1496 et
1721 1458 1924 1496 mona-

260 1534 412 1590 chos
444 1532 544 1605 qui
573 1531 674 1588 illo
703 1532 765 1586 in
788 1535 1051 1603 tempore
1072 1530 1310 1586 fuerint.

336 1623 520 1678 Porro
551 1620 852 1692 cupientes
912 1618 1214 1676 consulere
1264 1618 1600 1674 monasticae
1635 1617 1921 1690 religioni,

261 1728 400 1784 quae
449 1709 703 1782 peccatis
753 1709 1122 1781 exigentibus
1182 1708 1404 1779 passim
1462 1708 1833 1778 depravatur,
1868 1711 1924 1762 te

259 1798 684 1856 tantummodo
709 1797 915 1852 diebus
934 1798 1062 1851 vitae
1087 1802 1198 1851 tuae
1222 1797 1502 1851 vicarium
1520 1797 1690 1852 nobis
1713 1798 1784 1852 ad
1807 1814 1928 1852 eor-

259 1889 586 1944 rectionem
611 1887 874 1942 omnium
905 1886 1394 1942 monasteriorum
1420 1891 1476 1941 et
1503 1886 1925 1941 monachorum

260 1978 339 2035 ab
369 1977 497 2048 ipso
531 1975 704 2030 ﬂuvio
734 1974 1012 2043 Piscaria,
1047 1976 1200 2030 sicut
1230 1975 1421 2029 inﬂuit
1460 1976 1518 2028 in
1551 1991 1731 2040 mare,
1766 1975 1923 2029 scili-
1959 2008 2004 2071 Β

258 2071 359 2123 cet
393 2082 495 2138 per
526 2069 708 2120 totam
732 2064 1134 2135 Campaniam,
1162 2063 1562 2134 Principatum
1588 2081 1838 2135 quoque,
1870 2069 1925 2118 et

257 2154 564 2227 Apuliam,
597 2158 773 2224 atque
804 2150 1159 2218 Calabriam,
1201 2167 1500 2207 assumere
1533 2153 1920 2219 decrevimus,

259 2245 348 2300 ita
381 2247 447 2298 ut
476 2242 795 2314 capilulum
829 2241 885 2294 in
921 2241 1003 2295 eis
1037 2240 1274 2306 habeas,
1308 2245 1365 2295 et
1393 2241 1518 2295 vice
1549 2246 1748 2296 nostra
1780 2242 1926 2297 indi-

262 2332 633 2404 sciplinatos,
688 2347 823 2385 cum
881 2330 1170 2400 adjutorio
1221 2329 1628 2401 episcoporum
1662 2332 1731 2385 ad
1775 2347 1922 2402 quos

262 2419 629 2477 monasteria
679 2419 806 2490 ipsa
854 2418 1168 2489 pertinent,
1222 2417 1498 2488 corrigas,
1533 2423 1589 2473 et
1629 2435 1754 2488 qua
1787 2423 1925 2474 sunt

261 2509 657 2575 emendanda,
680 2507 728 2561 si
752 2507 1031 2578 potueris,
1053 2507 1376 2562 secundum
1398 2506 1713 2561 Dominum
1734 2525 1930 2563 emen-

263 2600 394 2668 des,
430 2600 532 2653 aut
551 2595 881 2668 apostolicae
906 2595 1064 2650 sedis
1087 2594 1346 2666 pontifici
1372 2594 1670 2650 renunties
1695 2597 1767 2650 ad
1795 2613 1924 2668 per-

262 2692 508 2759 petuam
541 2686 750 2741 anima:
783 2689 987 2740 vestrae
1019 2685 1368 2749 mercedem,
1394 2690 1449 2739 et
1479 2684 1814 2740 monasticae
1843 2703 1922 2741 re-

263 2775 508 2849 ligionis
535 2773 1001 2830 emendationem
1046 2776 1100 2828 et
1150 2773 1671 2839 conservationem,
1707 2775 1924 2845 pariter

266 2881 506 2937 quoque
520 2864 590 2919 ad
608 2862 691 2918 tui
706 2862 1107 2918 cardinalatus
1120 2861 1462 2934 dignitatem
1482 2867 1537 2916 et
1559 2863 1922 2918 sanctissimi

263 2943 568 3010 Benedicti
599 2951 1126 3019 honoriﬁcentiam,
1159 2969 1225 3007 ea
1255 2951 1444 3022 gratia
1473 2956 1533 3005 ut
1561 2953 1922 3008 monasticus

261 3044 407 3099 ordo
443 3042 768 3112 corrigatur
798 3039 914 3094 illis
937 3040 993 3094 in
1018 3039 1280 3111 partibus
1306 3057 1406 3111 per
1429 3046 1480 3095 te
1505 3039 1843 3112 religiosum
1868 3047 1924 3096 et

263 3128 799 3203 prudentissimum
849 3145 1246 3184 successorem
1294 3127 1475 3182 illius.
1511 3129 1571 3183 Si
1603 3129 1734 3201 quis
1767 3147 1921 3197 vero,

265 3219 425 3291 quod
459 3235 573 3273 non
600 3223 895 3288 optamus,
929 3216 1107 3287 hujus
1141 3215 1324 3271 nostri
1357 3216 1643 3288 privilegii
1676 3219 1924 3272 decreta-

264 3309 385 3364 lem
420 3306 695 3380 paginam
730 3305 1038 3361 temerario
1084 3322 1229 3360 ausu
1272 3305 1332 3358 in
1382 3304 1575 3376 aliquo
1607 3306 1922 3378 infringere

2029 727 2087 782 in
2121 728 2366 784 Domino
2398 729 2670 785 salutem.

2103 817 2388 873 Pontiﬁeii
2421 819 2782 890 apostolatus
2815 819 3002 874 nostri
3050 825 3157 886 est,
3186 821 3502 877 universali
3533 821 3681 893 vigi-

2031 906 2213 962 lantia
2240 908 2516 963 omnibus
2547 909 2956 964 ecclesiasticis
3006 911 3256 981 negotiis
3298 911 3519 966 utiliter
3549 928 3680 982 pro-

2031 996 2292 1067 spicere;
2325 995 2732 1068 religiosorum
2785 1002 2982 1053 tamen
3033 999 3294 1054 locorum
3329 1000 3682 1054 utilitatibus

2033 1102 2328 1140 summam
2355 1085 2813 1140 sollicitudinem
2847 1087 2941 1158 pia
2971 1088 3272 1142 devotione
3321 1089 3679 1159 impendere.

2032 1175 2218 1238 Quam
2267 1190 2402 1228 cum
2450 1173 2724 1228 omnibus
2774 1176 3122 1246 generaliter
3164 1177 3504 1241 debeamus,
3549 1194 3681 1249 spe-

2033 1262 2256 1317 cialiter
2306 1271 2497 1317 tamen
2547 1280 2855 1319 assensum
2915 1266 3302 1336 praerogativae
3350 1265 3680 1321 dilectionis

2033 1367 2171 1423 erga
2200 1351 2585 1407 reverentiam
2617 1352 3000 1410 fraternitatis
3047 1359 3157 1409 tuae
3204 1371 3437 1427 semper
3466 1356 3682 1412 habere

2033 1445 2327 1512 Optamus.

2105 1530 2406 1595 Quocirca,
2439 1531 2580 1584 dum
2622 1530 2894 1586 omnibus
2937 1532 3121 1602 justis
3175 1534 3551 1605 petitionibus
3583 1537 3681 1592 de-

2032 1618 2240 1674 beatur
2257 1618 2444 1673 facilis
2459 1635 2760 1686 assensus,
2778 1621 3151 1692 suggestione
3165 1622 3547 1695 benignitatis
3572 1629 3681 1679 tuae

2035 1711 2341 1779 promptus
2373 1707 2674 1763 charitatis
2709 1714 2919 1764 nostrae
2951 1710 3258 1766 exhibetur
3278 1713 3538 1769 affectus.
3572 1713 3682 1769 Ita-

2035 1813 2148 1868 que
2179 1797 2506 1851 secundum
2535 1814 2794 1852 amorem
2823 1799 3121 1868 petitionis
3147 1804 3259 1855 tuae
3283 1802 3587 1857 ecclesiam
3618 1805 3678 1859 Β.

2035 1885 2228 1941 Mariae
2251 1886 2458 1941 matris
2481 1887 2708 1941 Domini
2735 1887 2915 1942 nostri
2933 1888 3070 1943 Jesu
3091 1889 3323 1956 Christi,
3341 1890 3513 1945 sitam
3530 1891 3685 1947 inter

2037 1992 2236 2029 muros
2261 1975 2422 2029 urbis
2445 1974 2690 2029 Colonize
2715 1975 2772 2030 in
2795 1975 2920 2030 loco
2945 1977 3042 2047 qui
3067 1983 3305 2032 vocatur
3329 1979 3398 2032 ad
3433 1980 3682 2047 Gradus,

2035 2079 2209 2132 quam
2235 2062 2327 2134 pia
2357 2063 2583 2118 devotio
2614 2068 2716 2118 tua
2742 2065 3067 2120 construxit
3097 2071 3152 2120 et
3173 2067 3244 2120 ad
3267 2068 3686 2140 omnipotentis

2037 2151 2138 2207 Dei
2173 2152 2474 2217 honorem,
2508 2156 2682 2223 atque
2713 2154 2925 2209 animae
2958 2158 3298 2226 perpetuam
3332 2159 3682 2226 mercedem,

2037 2241 2507 2313 possessionibus
2534 2258 2599 2295 ac
2623 2243 2797 2296 rebus
2819 2241 3065 2297 interius
3089 2247 3145 2298 et
3175 2245 3426 2300 exterius
3458 2246 3681 2315 ditavit,

2034 2329 2144 2382 sub
2177 2328 2504 2398 apostolicae
2537 2329 2896 2384 defensionis
2925 2329 3110 2384 tutela
3142 2333 3479 2403 recipimus.

2104 2415 2441 2488 Apostolica
2472 2416 2856 2472 nihilominus
2889 2418 3233 2474 auctoritate
3265 2421 3686 2480 conﬁrmamus

2035 2503 2222 2559 eidem
2247 2505 2501 2559 ecclesiae
2525 2505 2812 2576 quidquid
2833 2510 2889 2561 et
2911 2511 3022 2560 tua:
3042 2508 3258 2563 devotae
3282 2509 3580 2583 religionis
3604 2514 3686 2568 in-

2035 2593 2216 2648 tentio
2248 2593 2429 2648 divini
2458 2593 2563 2648 zeli
2599 2595 2816 2650 fervore
2847 2595 3129 2651 hactenus
3161 2599 3427 2667 contulit,
3463 2601 3687 2659 scilicet

2035 2682 2329 2752 Blisenna,
2349 2683 3685 2756 Wissa,Unckelo,Heigenbach,Elinke,Flam-

2035 2770 2391 2838 nersheimb,
2429 2777 2483 2826 et
2522 2776 2857 2827 antecessor
2904 2778 3042 2828 tuus
3089 2774 3460 2832 Hermannus
3493 2780 3684 2835 archi-

2033 2859 2344 2930 episcopus
2376 2860 2563 2914 eidem
2595 2860 2849 2914 ecclesiae
2883 2862 3328 2928 exaedificandae,
3351 2865 3422 2920 de
3443 2873 3685 2924 caetero-

2031 2966 2163 3002 rum
2213 2949 2689 3020 possessionibus
2735 2950 3066 3021 acquisivit,
3102 2956 3158 3006 et
3188 2954 3339 3024 quod
3375 2957 3478 3009 tua
3506 2955 3683 3014 indu-

2033 3038 2195 3102 stria,
2231 3039 2487 3093 Richesae
2533 3042 2590 3092 et
2637 3039 3004 3094 cohaaredum
3047 3041 3357 3112 acquisivit
3388 3044 3684 3102 Meckeni-

2033 3126 2224 3191 ehem,
2257 3126 2512 3192 (lloteno,
2545 3129 3006 3192 Demunderedo,
3042 3129 3264 3194 Assela,
3326 3136 3383 3187 et
3430 3133 3683 3190 decima-

2034 3216 2252 3270 tionem
2286 3216 2344 3270 in
2395 3217 2664 3286 Saxonia,
2719 3235 2843 3288 quze
2902 3218 3140 3273 feudnm
3197 3220 3424 3276 Henrici
3475 3223 3601 3290 fuit,
3631 3230 3687 3280 et

2037 3305 2324 3376 quidquid
2357 3306 2415 3360 in
2448 3307 2709 3360 futurum
2760 3323 3109 3378 quocunque
3151 3307 3322 3362 modo
3354 3308 3568 3365 divinis
3598 3315 3686 3368 vei

267 3396 602 3464 tentaverit,
623 3400 848 3451 aeterna:
867 3394 1656 3450 maledictionisinnodatum
1674 3395 1924 3451 vinculis
1956 3372 1998 3438 (ἶ
2040 3392 2315 3448 humanis
2347 3394 2576 3465 legibus
2604 3411 2860 3466 congruo
2892 3399 2994 3449 tua
3023 3395 3276 3450 Charitas
3307 3400 3363 3450 et
3401 3413 3683 3467 quorum-

269 3503 334 3544 se
363 3485 611 3550 noverit,
634 3488 692 3540 et
723 3489 1001 3556 perpetua
1022 3482 1310 3555 supplicia
1329 3482 1616 3538 luiturum
1639 3499 1774 3538 cum
1801 3485 1922 3538 dia-

268 3574 404 3632 bolo
435 3579 491 3630 et
519 3573 744 3646 angelis
776 3575 921 3644 ejus,
956 3573 1071 3628 nisi
1093 3572 1239 3628 forte
1262 3571 1425 3643 prius
1453 3571 1808 3643 resipiscens
1840 3589 1926 3627 sa-

268 3663 653 3720 tisfecerit.At
683 3662 783 3734 qui
816 3661 1048 3734 pietatis
1070 3661 1283 3716 intuitu
1317 3661 1557 3716 devotus
1589 3661 1926 3716 observator

266 3751 581 3818 exstiterit,
614 3750 802 3823 ipsius
847 3751 1175 3805 interventu
1223 3749 1361 3804 almi
1407 3748 1596 3804 Patris
1629 3748 1924 3805 Benedicti

267 3842 780 3913 perfectorumque
803 3840 1148 3911 sequacium
1170 3838 1580 3909 sociorumque
1602 3840 1751 3909 ejus,
1772 3855 1925 3894 sem-

264 3930 512 4002 piterna
544 3928 964 3985 benedictionis
995 3929 1306 4000 particeps,
1341 3931 1397 3982 et
1429 3927 1686 3998 paradisi
1715 3929 1923 3985 beatus

265 4035 577 4091 possessor
601 4017 904 4074 efficiatur.
940 4019 1145 4072 Amen.

336 4108 635 4180 Scriptum
668 4124 769 4179 per
801 4123 1042 4161 manum
1093 4104 1389 4160 Octaviani
1441 4105 1652 4160 notarii
1685 4110 1742 4161 et
1772 4107 1921 4162 scri-

265 4196 441 4252 niarii
493 4199 709 4252 sanetae
758 4195 1030 4250 Romanae
1080 4193 1346 4249 Ecclesiae
1379 4194 1709 4266 apostolicae
1743 4198 1920 4266 sedis,

265 4301 420 4340 anno
455 4285 643 4357 primo
675 4283 1050 4356 pontificatus
1109 4283 1309 4338 domni
1367 4300 1528 4355 papae
1572 4284 1792 4340 Nicolai
1826 4303 1921 4341 se-

266 4373 468 4440 eundi,
502 4373 823 4428 indictione
849 4372 1215 4428 duodecima.

336 4461 552 4516 Datum
583 4460 816 4516 Auximi
875 4465 1072 4516 octavo
1131 4460 1269 4515 Idus
1329 4461 1541 4529 Martii,
1596 4479 1748 4518 anno
1779 4463 1920 4520 Jesu

263 4549 484 4606 Christi
508 4550 822 4606 millesimo
846 4549 1335 4621 quinquagesimo
1359 4566 1533 4614 nono,
1553 4568 1656 4622 per
1679 4570 1920 4611 manum

265 4637 574 4694 Humberti
605 4644 817 4694 sanctae
849 4637 1117 4693 Ecclesiae
1147 4637 1311 4692 Silva
1335 4638 1609 4695 Candida:
1639 4641 1918 4713 episcopi,

264 4731 322 4782 et
343 4726 772 4784 bibliothecarii
805 4727 1135 4800 apostolicae
1168 4727 1345 4783 sedis.

1047 4816 1142 4872 VI.

263 4904 520 4978 Nicotaus
577 4907 628 4961 II
680 4905 1275 4978 poniifcxiconﬁrmat
1315 4906 1653 4978 creationem
1691 4907 1921 4977 capituli

338 4979 402 5030 Β.
455 4977 647 5033 Mai-iw
681 4975 846 5045 Virg;
895 4977 964 5031 ad
1013 4975 1238 5043 Gradus,
1294 4976 1534 5032 Coloniae
1575 4975 1916 5048 Agrippinae,

333 5048 477 5118 quod
506 5051 586 5102 est
623 5064 696 5102 xx
726 5050 1114 5104 canonicorum
1146 5049 1462 5116 collegium,
1504 5065 1539 5102 a
1585 5049 1638 5103 S.
1686 5057 1920 5105 Annona

334 5118 648 5192 Coloniensi
676 5121 1077 5192 archiepiscopo
1105 5120 1428 5190 fundatum,
1458 5120 1756 5192 multisque
1771 5138 1917 5192 prae-

333 5189 442 5244 diis
470 5207 504 5244 a
528 5191 592 5245 B.
623 5189 871 5247 Richcza‘
895 5192 967 5263 (1)
1002 5189 1243 5246 Potenia:
1274 5192 1469 5260 regina
1487 5189 1775 5248 donatum.

893 5281 1077 5350 (Anno
1108 5279 1129 5334 Ἰ
1144 5279 1294 5349 059.)

612 5349 876 5416 [Μιιιιευε
902 5348 1040 5422 Opp.
1071 5348 1329 5422 diplom.,
1365 5348 1456 5414 IV,
1489 5350 1567 5422 3.]

334 5432 626 5494 NICOLAUS
652 5438 983 5510 episcopus,
1009 5455 1210 5496 servus
1232 5454 1532 5494 servorum
1556 5438 1681 5509 Dei,
1706 5439 1916 5495 dilecto

335 5649 412 5725 (l)
446 5651 508 5707 B.
543 5652 810 5725 Richeza,
851 5653 994 5709 alias
1027 5656 1192 5710 Ritza
1248 5655 1307 5709 S.
1363 5653 1622 5708 Annonis
1654 5653 1912 5725 archiep.

264 5719 466 5796 Colon.
487 5723 706 5796 neptis,
727 5719 1015 5796 Micceslai
1037 5726 1280 5782 Polonize
1303 5726 1455 5796 regis
1478 5726 1712 5795 conjux,
1730 5719 1917 5780 mater

265 5788 375 5844 fuit
405 5792 446 5846 B
477 5788 766 5864 Casimiri,
817 5813 885 5851 ex
931 5797 1298 5854 Cluniacensi
1349 5788 1636 5852 monacho
1680 5788 1740 5854 et
1783 5797 1912 5853 dia-

2037 3498 2288 3552 cumque
2321 3481 2578 3536 ﬁdelium
2613 3482 2911 3553 acquirere
2941 3483 3172 3554 poterit.

2108 3568 2436 3624 Statuimus
2465 3569 2680 3640 itaque,
2715 3586 2815 3640 per
2843 3569 3022 3640 hujus
3056 3572 3236 3626 nostri
3263 3572 3546 3646 privilegii
3584 3576 3684 3632 de-

2035 3657 2307 3712 cretalem
2341 3657 2637 3730 paginam,
2673 3663 2736 3712 ut
2766 3657 2929 3712 nulla
2967 3676 3228 3731 unquam
3275 3662 3683 3736 cuiuscunque

2033 3747 2360 3819 dignitatis,
2393 3747 2611 3818 gradus
2641 3747 2725 3802 vel
2760 3747 2982 3803 ordinis
3007 3765 3220 3820 magna
3244 3767 3535 3823 parvaque
3557 3771 3683 3825 per-

2034 3854 2176 3892 sona
2209 3837 2421 3891 audeat
2451 3841 2506 3891 et
2536 3841 2853 3908 praesumat
2882 3835 3072 3908 ipsam
3095 3838 3399 3894 ecclesiam
3428 3847 3528 3895 aut
3551 3843 3682 3897 reli-

2033 3925 2192 3998 giose
2222 3924 2574 3980 famulantes
2617 3925 2669 3981 ei
2713 3925 2833 3980 ullo
2883 3927 3055 3982 modo
3086 3926 3469 3998 inquietando
3502 3931 3681 3987 mole-

2033 4018 2206 4077 stare,
2238 4017 2337 4068 aut
2359 4015 2428 4068 de
2451 4013 2575 4069 suis
2602 4014 2918 4070 mobilibus
2941 4015 3028 4070 vel
3047 4015 3471 4086 immobilibus,
3506 4023 3684 4075 teme-

2033 4103 2185 4159 rario
2218 4121 2365 4159 ausu
2398 4103 2713 4170 discutere,
2763 4105 3042 4175 quoniam
3091 4105 3336 4178 dignum
3368 4112 3457 4164 est
3487 4113 3551 4164 ut
3581 4110 3682 4181 qui

2031 4192 2308 4249 continuo
2339 4193 2621 4265 obsequio
2654 4193 2712 4248 in
2744 4193 2957 4248 Christi
2989 4194 3172 4250 solius
3217 4194 3425 4251 militia
3463 4199 3684 4253 exerci-

2032 4285 2251 4346 tantur,
2270 4281 2653 4337 indeficientis
2682 4287 2892 4338 nostrae
2917 4283 3297 4355 inspectionis
3318 4285 3537 4342 salubri
3561 4305 3686 4343 mu-

2032 4370 2256 4425 nimine
2281 4374 2680 4442 protegantur.

2104 4459 2264 4515 Unde
2287 4458 2632 4513 auctoritate
2655 4459 2863 4528 Patris,
2879 4464 2934 4514 et
2956 4460 3169 4527 Filii,et
3191 4461 3448 4532 Spiritus
3471 4467 3682 4532 sancti,

2031 4552 2088 4604 et
2118 4549 2420 4603 beatorum
2454 4547 2852 4619 apostolorum
2884 4549 3215 4620 principum
3242 4551 3390 4604 Petri
3416 4556 3472 4606 et
3496 4552 3680 4620 Pauli,

2032 4638 2261 4693 aifectui
2283 4641 2493 4692 sanctae
2517 4637 2841 4691 devotionis
2863 4641 2990 4702 tuae,
3006 4637 3353 4694 charissime
3370 4641 3680 4714 confrater,

1955 4749 1998 4812 Β
2031 4727 2285 4799 gratanti
2317 4728 2513 4781 animo
2545 4731 2890 4793 annuentes,
2913 4727 3250 4793 statuimus,
3277 4733 3332 4781 et
3362 4729 3470 4784 sub
3503 4731 3681 4786 inter-

2032 4816 2317 4888 positione
2346 4817 2607 4887 perpetui
2643 4816 3034 4871 anathematis
3058 4833 3123 4870 ac
3145 4815 3324 4870 divini
3342 4817 3553 4888 judicii
3579 4820 3682 4875 ob-

2031 4907 2355 4961 servatione
2388 4905 2758 4978 przecipimus
2791 4911 2853 4959 ut
2875 4909 2977 4959 tua
2997 4910 3052 4959 et
3072 4904 3192 4959 haec
3225 4912 3425 4962 nostra
3444 4905 3680 4976 'eadem,

2031 4995 2102 5049 ad
2125 4999 2508 5067 augmentum
2540 4994 2788 5066 praefata:
2822 4993 3080 5049 ecclesiae
3110 4995 3524 5067 perpetualiter
3554 5015 3686 5054 eon-

2032 5085 2340 5151 firmanda,
2377 5087 2614 5151 statuta,
2647 5082 2926 5138 inviolata
2957 5090 3357 5155 permaneant.

2101 5173 2157 5227 Si
2195 5173 2327 5244 quis
2359 5173 2556 5245 igitur,
2592 5174 2746 5245 quod
2781 5190 2892 5228 non
2926 5178 3225 5246 optamus,
3259 5174 3440 5245 hujus
3475 5180 3685 5231 nostrae

2030 5261 2336 5317 decretalis
2362 5260 2642 5333 privilegii
2668 5261 2894 5334 paginae
2918 5261 3230 5317 temerario
3263 5278 3411 5316 ausu
3443 5260 3687 5316 violator

2029 5351 2358 5418 existere,et
2381 5354 2593 5405 saneta:
2617 5351 2772 5405 sedis
2797 5351 3126 5422 apostolica:
3148 5348 3475 5405 contumaci
3504 5348 3681 5403 rebel-

2027 5439 2181 5495 lione
2200 5440 2429 5496 decreta
2447 5455 2820 5511 corrumpere
2836 5436 3450 5512 praesumpserit,sciat
3474 5453 3533 5491 se
3554 5453 3683 5508 per-

2026 5670 2194 5722 cono,
2229 5655 2607 5726 dispensante
2638 5670 2810 5726 papa,
2842 5653 3087 5726 Polonize
3120 5650 3293 5726 regis.
3328 5651 3557 5726 Mortua
3587 5657 3680 5726 est

2025 5743 2178 5780 anno
2212 5722 2371 5793 4057,
2406 5722 2732 5795 sepulta—in
2756 5725 3001 5780 ecclesia
3028 5724 3089 5778 Β.
3121 5723 3313 5795 Mariae
3335 5722 3579 5794 virginis
3603 5724 3673 5776 ad

2023 5798 2251 5854 Gradus
2283 5792 2550 5852 Coloniae.
2587 5796 2808 5852 Colitur
2835 5797 2926 5852 die
2957 5814 3028 5850 xx
3060 5792 3272 5850 Martii.
