4630 6376
622 426 766 493 1311

1931 413 2243 481 NICOLAI
2283 406 2340 481 ῙῙ
2380 413 2630 480 ΡΛΡιΕ.

3839 416 4015 493 1312

618 569 802 640 petua:
850 558 1276 619 maledictionis
1322 555 1685 616 anathemate
1731 551 2237 640 damnandum,get
2261 549 2321 619 Α
2347 550 2687 640 auctoritate
2714 550 2774 609 Β.
2809 550 2963 608 Petri
2993 550 3277 626 principis
3295 549 3717 627 apostolorum,
3740 569 3849 612 nec
3870 569 4003 612 non

620 638 751 711 cum
776 652 1005 708 diabolo
1022 654 1077 705 et
1098 641 1788 715 satellitibusejusaeterni
1803 640 1955 713 ignis
1972 638 2238 694 incendio

619 742 1017 807 cremandum,
1037 738 1147 793 nisi
1170 738 1312 791 forte
1329 732 1651 804 resipuerit,
1676 734 1731 784 et
1752 730 1865 783 Deo
1884 732 1939 782 et
1957 727 2237 799 prazdictae

619 830 876 886 ecclesiae
908 827 1187 897 condigne
1226 819 1586 877 satisfecerit.
1638 817 1745 880 Qui
1778 832 1907 871 vero
1942 816 2038 886 pia
2066 815 2237 869 devo-

615 918 795 974 tionis
820 915 1133 972 intentione
1157 912 1522 965 conservator
1546 906 1845 970 exstiterit,
1872 908 2237 976 peccatorum

617 1023 856 1063 suorum
888 1002 1168 1063 omnium,
1201 997 1467 1069 precibus
1511 996 1808 1050 beatorum
1842 989 2236 1063 apostolorum

617 1094 967 1166 principum,
1008 1092 1393 1157 consequatur
1438 1082 1686 1149 veniam,
1716 1086 1776 1135 et
1804 1097 1938 1135 cum
1966 1079 2237 1159 omnibus

614 1184 819 1237 divinae
837 1180 977 1251 legis
997 1173 1483 1237 observatoribus,
1508 1176 1729 1225 aeternae
1752 1167 2083 1224 beatudinis
2105 1183 2235 1238 pro-

614 1272 901 1325 mereatur
929 1264 1194 1337 gloriam.

679 1357 967 1427 Scriptum
995 1369 1095 1423 per
1124 1367 1364 1406 manum
1392 1347 1707 1413 Octaviani,
1757 1345 1906 1401 sacri
1949 1344 2146 1401 scrinii
2179 1346 2236 1399 et

614 1450 821 1502 sancta:
846 1444 1115 1498 Romanae
1138 1438 1403 1494 Ecclesizc
1429 1436 1658 1500 notarii,
1676 1434 1947 1490 Kalendis
1970 1433 2128 1497 Maii,
2149 1430 2235 1487 in-

610 1535 857 1590 dictione
886 1548 987 1595 xn,
1018 1546 1169 1585 anno
1201 1527 1431 1583 Domini
1455 1524 1639 1580 nostri
1666 1524 1806 1579 Jesu
1838 1521 2045 1577 Christi
2074 1521 2232 1587 1058,

608 1639 711 1695 per
728 1637 936 1677 manus
958 1618 1257 1675 Humberti
1281 1621 1490 1671 sanctae
1511 1613 1774 1669 Ecclesiae
1790 1611 1950 1666 Silvae
1969 1609 2233 1666 Candida:

607 1709 857 1783 episcopi
906 1712 962 1763 et
1007 1704 1332 1778 apostolicae
1389 1703 1544 1761 sedis
1602 1698 2041 1766 bibliothecarii,
2082 1714 2232 1754 anno

607 1800 795 1872 primo
817 1795 1186 1870 pontificatus
1208 1791 1435 1848 Domini
1458 1807 1618 1864 papa:
1642 1788 1858 1844 Nicolai
1882 1785 2233 1857 secundi,in-

607 1888 857 1944 dictione
878 1882 1241 1941 duodecima.

1394 1970 1441 2022 V

604 2065 855 2120 Nicotaus
884 2064 933 2118 II
961 2061 1214 2118 Ecclesia?
1251 2059 1553 2114 Pennensis
1602 2057 1759 2119 bona,
1788 2059 2000 2128 petente
2026 2055 2231 2109 Joanne

1115 2134 1374 2203 episcopo,
1406 2130 1711 2199 conﬁrmat.

1215 2219 1397 2290 (Anno
1435 2214 1632 2287 1039.)}

919 2311 1210 2382 [UGHELLI,
1241 2307 1400 2361 Italia
1438 2321 1614 2371 sacra,
1648 2304 1691 2370 Ι,
1724 2302 1907 2373 1116.]

672 2421 959 2476 NICOLAUS
980 2416 1307 2487 episcopus,
1330 2427 1531 2467 servus
1552 2424 1853 2465 servorum
1877 2406 1994 2476 Dei,
2020 2405 2229 2461 dilecto

603 2506 873 2565 confratri
903 2505 1104 2560 JOANNI
1135 2500 1420 2556 Pennensi
1450 2498 1719 2569 episcOpo
1750 2501 1806 2551 et
1837 2512 1937 2566 per
1964 2498 2015 2549 te
2045 2492 2228 2548 eccle—

605 2598 701 2655 siae
732 2598 788 2653 S.
827 2594 1017 2651 Mariae
1048 2596 1104 2646 et
1133 2588 1368 2663 gloriosi
1397 2585 1610 2641 Christi
1654 2585 1923 2655 martyris
1956 2598 2019 2637 ac
2050 2580 2229 2636 levita:

602 2683 855 2753 Maximi,
887 2682 1121 2753 tuisque
1155 2675 1591 2734 successoribus
1624 2673 1679 2727 in
1722 2676 2085 2744 perpetuum.

671 2773 852 2829 Ofﬁcii
869 2769 1050 2826 nostri
1065 2765 1435 2824 estomnibus
1452 2762 1858 2817 ecclesiasticis
1879 2758 2229 2814 utilitatibus

601 2862 920 2936 providere,
946 2862 1003 2914 et
1020 2856 1197 2928 justis
1218 2851 1524 2909 desideriis
1547 2866 1610 2905 ac
1633 2849 2007 2921 petitionibus
2034 2864 2226 2936 prom-

604 2934 701 3025 pto
734 2949 927 3005 animo
976 2945 1295 3015 indulgere.
1346 2941 1528 3006 Unde,
1583 2938 1721 3010 quia
1750 2936 1943 3025 petisti
1976 2954 2008 2991 a
2039 2934 2226 3025 nobis,

601 3024 943 3095 charissime
973 3032 1275 3098 confrater,
1310 3033 1375 3085 ut
1404 3045 1506 3099 per
1534 3027 1713 3082 nostri
1749 3024 2030 3098 privilegii
2063 3024 2228 3097 pagi-

602 3142 736 3182 nam
767 3130 880 3180 tua:
910 3121 1182 3187 ecclesiae,
1234 3122 1289 3174 et
1334 3117 1462 3185 tibi,
1516 3115 1749 3186 tuisque
1792 3112 2227 3170 successoribus

601 3212 1013 3288 perpetualiter
1044 3210 1521 3266 conlirmaremus
1552 3203 1747 3259 omnia
1786 3219 1913 3275 quae
1946 3200 2226 3274 praedicta:

599 3304 850 3362 ecclesiae
874 3302 1032 3373 justo
1062 3303 1119 3355 et
1149 3296 1408 3369 lcgaliter
1436 3297 1789 3365 competunt,
1819 3291 2083 3363 petitioni
2115 3294 2226 3345 tum

600 3392 1249 3468 gratanterannuentes,
1268 3404 1370 3459 per
1380 3385 1557 3455 hujus
1571 3387 1780 3438 nostra:
1794 3380 2225 3437 constitutionis

601 3486 892 3540 decretum
924 3485 981 3535 et
1004 3476 1325 3552 apostolicae
1348 3473 1502 3529 sedis
1525 3472 1777 3527 edictum
1801 3468 2149 3525 concedinus
2172 3472 2228 3525 et

600 3574 1013 3629 confirmamus
1043 3566 1168 3633 tibi,
1193 3565 1343 3619 sicut
1374 3561 1640 3633 superius
1669 3559 1900 3631 legitur,
1929 3557 1987 3611 in
2019 3573 2226 3629 perpe-

602 3666 769 3716 tuum
802 3655 1083 3729 quidquid
1110 3654 1166 3709 in
1195 3649 1619 3725 praenominatze
1646 3646 1901 3702 ecclesiae
1934 3646 2227 3717 episcopio

602 3750 663 3804 B.
699 3747 890 3804 Mariae
920 3748 975 3800 et
1000 3742 1233 3817 gloriosi
1261 3737 1474 3796 Christi
1495 3734 1767 3807 martyris
1792 3739 1851 3789 et
1872 3732 2075 3788 Levita;
2108 3733 2227 3788 Ma-

599 3836 740 3894 ximi
760 3836 818 3891 in
842 3831 1280 3908 praesentiarum
1306 3826 1588 3901 possides,
1613 3839 1857 3895 quaeque
1880 3823 1938 3877 in
1964 3822 2227 3877 futurum

601 3940 946 4000 quocunque
966 3921 1138 3978 modo
1155 3917 1386 3982 divinis,
1406 3920 1462 3970 et
1479 3912 1755 3969 humanis
1774 3910 1999 4000 legibus
2030 3909 2229 3982 cogni-

601 3998 676 4073 tis
706 4013 1001 4086 acquirere
1033 4006 1268 4082 poteris,
1319 4002 1540 4060 scilicet
1584 4001 1777 4073 ipsum
1826 3998 2228 4071 episcOpatum

604 4120 737 4161 cum
770 4100 1042 4157 omnibus
1075 4097 1246 4151 rebus
1278 4097 1333 4148 et
1361 4088 1829 4164 possessionibus
1859 4087 2005 4155 suis,
2031 4091 2085 4142 et
2109 4104 2233 4159 per-

604 4188 887 4257 tinentiis,
913 4184 1227 4242 mobilibus
1247 4185 1304 4237 et
1322 4175 1721 4234 immobilibus
1742 4192 1981 4246 seseque
2005 4191 2232 4231 moven-

604 4281 780 4346 tibus,
815 4275 1041 4339 castris,
1063 4270 1216 4327 villis
1244 4274 1300 4325 et
1328 4266 1654 4333 territoriis,
1678 4263 1935 4320 ecclesiis
1959 4280 2093 4320 cum
2114 4263 2231 4336 pri-

607 4368 790 4426 mitiis
819 4371 875 4421 et
904 4360 1304 4427 decimalibus,
1329 4361 1385 4412 et
1410 4372 1541 4411 cum
1567 4354 1841 4410 omnibus
1870 4370 1995 4425 quae
2026 4352 2107 4408 ibi
2140 4352 2235 4424 pia

606 4456 832 4513 devotio
862 4450 1122 4509 ﬁdelium
1154 4447 1337 4505 sacris
1385 4442 1629 4501 contulit
1666 4440 2079 4507 oblationibus,
2112 4445 2233 4497 tam

608 4563 710 4619 pro
724 4544 911 4600 salute
924 4543 1183 4598 vivorum
1202 4552 1376 4609 quam
1399 4533 1573 4590 etiam
1588 4548 1690 4604 pro
1705 4534 2090 4619 mortuorum.
2105 4530 2232 4619 Staf

2261 1912 2311 1978 B

2348 655 2481 694 cum
2513 639 2741 696 diabolo
2772 644 2827 696 et
2854 640 3008 696 Juda
3037 640 3314 698 traditore
3344 642 3408 698 D.
3442 640 3511 698 N.
3542 642 3597 698 J.
3629 642 3848 700 Christi
3894 658 4006 700 eos

2344 727 2404 781 in
2437 727 2686 783 incendii
2718 730 3072 784 concremari
3104 729 3408 801 supplicio,
3464 733 3521 785 et
3566 730 3813 803 insuper
3841 730 4003 787 sciat

2347 832 2407 870 se
2425 817 2699 872 daturum
2720 834 2755 871 x
2776 818 2901 872 auri
2923 816 3129 873 libras:
3155 817 3374 873 scilicet
3391 818 3766 875 medietatem
3790 822 4003 877 nostro

2346 921 2509 960 sacro
2555 904 2784 975 palatio,
2817 910 2873 961 et
2921 906 3291 961 medietatem
3347 906 3623 978 praedicto
3668 907 3996 979 episcopio.

2345 992 2454 1058 Qui
2487 1009 2619 1048 vero
2653 993 2868 1049 intuitu
2889 994 2979 1065 pio
3010 994 3341 1050 observator
3360 994 3419 1050 in
3440 995 3716 1051 omnibus
3745 996 3991 1051 exstite-

2346 1081 2439 1145 rit,
2472 1081 2849 1137 custodiendo
2883 1081 3062 1153 hujus
3093 1081 3277 1137 nostri
3307 1081 3595 1155 privilegii
3626 1084 4004 1139 constitutio-

2344 1185 2499 1238 nem,
2557 1169 2645 1225 vel
2703 1168 2925 1225 cultum
2961 1170 3059 1225 Dei
3119 1169 3504 1243 respiciendo,
3565 1170 3998 1228 benedictionis

2343 1257 2588 1329 gratiam
2622 1273 2655 1313 a
2684 1257 3228 1314 misericordissima
3260 1258 3507 1315 Domino
3534 1258 3650 1314 Deo
3676 1258 3909 1327 habeat,
3933 1262 4002 1316 et

2342 1345 2467 1400 vitae
2500 1351 2722 1401 aeternae
2755 1345 3044 1419 particeps
3072 1346 3171 1411 sit,
3204 1350 3262 1402 et
3307 1348 3654 1403 misereatur
3681 1347 3740 1404 in
3772 1347 3998 1405 seacula

2344 1433 2709 1491 saeculorum.

2413 1523 2626 1578 Datum
2658 1523 2853 1577 Romae
2883 1540 2939 1579 vx
2968 1523 3112 1579 Non.
3167 1523 3326 1590 Maii,
3377 1539 3530 1580 anno
3581 1527 3745 1580 Dom.
3799 1525 3998 1581 nostri

2340 1610 2477 1665 Jesu
2507 1610 2721 1667 Christi
2753 1611 2913 1679 1069,
2960 1628 3062 1683 per
3105 1628 3316 1668 manus
3361 1611 3664 1669 Humberti
3712 1611 3772 1669 S.
3802 1612 3998 1670 eccle-

2341 1699 2438 1754 sia:
2470 1698 2632 1755 Silvae
2664 1698 2929 1755 Candidas
2962 1700 3241 1773 episcopi,
3271 1705 3327 1757 et
3357 1700 3685 1774 apostolicae
3716 1700 3877 1758 sedis
3900 1702 3996 1759 bi-

2338 1785 2722 1856 bliothecarii,
2746 1804 2898 1845 anno
2929 1806 2947 1844 ι
2981 1788 3356 1861 pontiﬁcatus
3386 1789 3451 1846 D.
3475 1805 3640 1863 papa
3662 1789 3887 1847 Nicolai
3908 1790 3995 1857 II,

2339 1874 2461 1931 ind.
2496 1892 2596 1930 xu.

3108 1966 3204 2021 VI.

2337 2052 2593 2109 Nicotaus
2643 2054 2698 2108 II
2748 2052 3004 2130 Ecclesiae
3035 2055 3320 2130 ΔΤειιζὶηθεΔ
3344 2056 3684 2130 possesiones
3713 2056 3992 2130 ﬁnesque,

2636 2132 2827 2194 rogatu
2855 2125 3068 2180 Actonis
3085 2126 3338 2197 episcopi,
3349 2125 3671 2197 conﬁrmat.

2954 2214 3138 2283 (Anno
3168 2213 3353 2284 1059.)

2658 2300 2953 2370 [Παιίειιῃ
2982 2302 3145 2357 Italia
3171 2318 3348 2373 sacra,
3379 2301 3471 2373 Vl,
3505 2304 3657 2373 676.]

2407 2407 2694 2463 NICOLAUS
2725 2406 3054 2479 episcopus,
3090 2423 3291 2463 servus
3323 2422 3623 2464 servorum
3654 2407 3779 2476 Dei,
3829 2408 3996 2466 dile-

2337 2500 2428 2551 cto
2459 2494 2731 2550 confratri
2760 2497 2976 2551 Acrom
3003 2500 3213 2551 sancte:
3239 2496 3541 2552 Teatensis
3566 2495 3834 2553 Ecclesiae
3858 2498 3994 2570 epi-

2338 2601 2532 2656 scopo,
2567 2584 2969 2656 universisque
3000 2584 3437 2641 successoribus
3485 2585 3604 2639 tuis
3634 2584 3693 2639 in
3727 2586 3997 2645 Ecclesia

2336 2674 2538 2728 eadem
2571 2674 2848 2728 canonice
2880 2672 3289 2744 promovendis
3320 2672 3378 2727 in
3408 2676 3779 2745 perpetuum.

2406 2761 2989 2832 Etsijubemur,dum
3015 2764 3249 2834 tempus
3269 2761 3581 2832 habemus,
3606 2761 3679 2817 ad
3706 2778 3856 2835 opus
3878 2763 3989 2820 bo-

2334 2865 2475 2905 num
2510 2848 3013 2921 operari,maxime
3068 2852 3263 2905 tamen
3292 2849 3362 2905 ad
3416 2847 3769 2905 domesticos
3798 2849 3938 2906 ﬁdei
3961 2862 3985 2909 :

2338 2938 2491 2993 unde
2518 2937 2791 2993 omnibus
2822 2936 3097 2993 Ecclesiis
3128 2936 3361 3006 Christi,
3394 2953 3498 3010 pro
3528 2953 3616 3004 ea,
3649 2954 3777 3010 quae
3810 2938 3990 2996 nobis

2335 3026 2555 3081 credita
2582 3029 2670 3081 est
2715 3024 3172 3097 dispensatione,
3222 3024 3680 3083 sollicitudinem
3714 3030 3989 3085 nostram

2334 3114 2631 3181 debentes,
2667 3114 2750 3169 sic
2783 3114 3063 3169 debemus
3095 3114 3397 3187 invigilare
3428 3113 3792 3188 longinquis,
3824 3130 3899 3172 ne
3922 3116 3989 3173 in

2341 3202 2535 3274 aliquo
2553 3202 2813 3258 absimus
2837 3202 3203 3275 propinquis.
3220 3204 3422 3275 Itaque
3443 3203 3511 3259 ad
3536 3204 3991 3277 suggestionem

2259 3271 2304 3342 α
2341 3271 2524 3359 tuam,
2576 3271 2916 3345 charissime
2946 3271 3254 3346 icon—frater
3309 3271 3366 3346 et
3419 3271 3759 3363 coepiscopo
3813 3293 3988 3363 Acto,

2337 3395 2510 3452 quem
2543 3396 2577 3434 a
2606 3395 2719 3434 rev.
2755 3395 2930 3434 mem.
2984 3378 3219 3435 domino
3269 3383 3466 3434 nostro
3494 3379 3726 3435 Victore
3756 3396 3826 3435 ex
3857 3382 3991 3454 epi-

2336 3472 2577 3539 scopatu
2607 3466 2932 3523 Marsicano
2972 3468 3045 3523 ad
3094 3467 3432 3523 Teatensem
3467 3472 3803 3539 promotum
3832 3483 3995 3541 gau-

2335 3557 2561 3625 demus,
2597 3561 2653 3611 et
2680 3555 3145 3612 antecessoribus
3175 3555 3391 3611 nostris
3423 3559 3601 3627 atque
3634 3555 3806 3613 nobis
3839 3556 3997 3614 fide-

2333 3644 2467 3701 liter
2492 3645 2791 3717 etjugiter
2819 3644 3109 3700 deservire
3158 3643 3219 3698 in
3268 3644 3326 3700 S.
3378 3644 3653 3701 Romanis
3704 3644 3993 3702 Ecclesia:

2336 3750 2476 3789 cura
2505 3731 2932 3806 cognoscimus,
2992 3731 3389 3804 episcopatum
3445 3734 3792 3789 Teatensem
3844 3748 3996 3791 cum

2336 3821 2494 3877 omni
2525 3838 2633 3876 sua
2660 3818 2988 3893 integritate
3026 3824 3083 3875 et
3129 3819 3498 3892 pertinentia,
3531 3822 3686 3877 sicut
3716 3821 3996 3894 antiquis

2336 3914 2393 3966 et
2417 3909 2594 3981 justis
2615 3908 2903 3965 limitibus
2924 3908 3361 3977 determinatur,
3387 3910 3809 3966 conﬁrmamus
3836 3928 3849 3966 :
3876 3910 3999 3967 sei-

2336 3997 2471 4053 licet
2498 4014 2532 4053 a
2561 3996 2783 4054 Stafﬁlo
2811 3996 2963 4051 inter
2991 4001 3238 4063 montes,
3261 4000 3318 4052 et
3346 3997 3474 4069 ipso
3496 4002 3694 4054 monte
3714 3998 3786 4054 de
3809 3997 3995 4071 Ursa,

2338 4091 2396 4143 et
2425 4086 2711 4159 quomodo
2744 4084 2930 4158 pergit
2959 4085 3018 4140 in
3050 4084 3220 4157 Coya,
3253 4090 3311 4141 et
3351 4086 3515 4158 ponit
3567 4086 3893 4143 terminum
3923 4087 3998 4145 in

2339 4192 2512 4248 aqua,
2543 4174 2752 4230 subtus
2799 4178 2953 4230 terra
2994 4189 3181 4246 usque
3229 4174 3300 4229 ad
3350 4191 3561 4247 aquam
3595 4174 3899 4245 sonulam,
3934 4181 4004 4233 et

2340 4264 2628 4336 quomodo
2658 4261 2847 4334 pergit
2866 4278 3053 4333 usque
3074 4261 3134 4317 in
3156 4266 3412 4318 montem
3438 4263 3508 4319 de
3529 4264 3722 4336 Teste,
3746 4268 3805 4319 et
3823 4264 4007 4321 vadit

2340 4369 2440 4425 per
2466 4352 2624 4406 Vina
2655 4354 2936 4421 montem,
2979 4353 3036 4405 et
3082 4350 3332 4423 qualiter
3376 4351 3565 4424 pergit
3596 4367 3785 4425 usque
3815 4368 4010 4411 mons

2340 4439 2516 4509 Clavi,
2549 4443 2606 4496 et
2643 4439 2934 4511 quomodo
2992 4438 3182 4512 pergit
3230 4438 3357 4509 ipso
3416 4440 3595 4496 ﬂuvio
3655 4440 3733 4497 de
3790 4440 4013 4500 Trinio

2342 4544 2528 4601 usque
2557 4528 2615 4582 in
2644 4527 2941 4583 littoribus
2972 4527 3173 4596 maris,
3226 4532 3282 4583 et
3318 4529 3489 4599 juxta
3516 4545 3678 4585 mare
3708 4545 3904 4603 usque
3938 4532 4015 4588 in

608 4614 837 4691 tuentes
867 4650 967 4705 per
982 4630 1132 4685 hanc
1162 4626 1339 4696 hujus
1357 4625 1566 4678 sanctae
1590 4619 1743 4675 sedis
1766 4616 2113 4689 apostolicae,
2138 4617 2232 4672 cui
2267 4633 2312 4698 D
2346 4615 2689 4705 Piscariam,
2714 4619 2770 4671 et
2801 4615 2950 4671 redit
2974 4615 3031 4670 in
3054 4614 3306 4686 priorem
3330 4616 3533 4705 finem,
3558 4617 3713 4689 quod
3740 4622 3832 4674 est
3862 4616 4013 4691 ipso

610 4704 897 4779 annuente
933 4720 1047 4775 Deo
1097 4730 1344 4790 praeesse
1391 4709 1812 4783 dignoscimur,
1846 4704 2237 4762 inviolabilem

609 4809 1099 4872 constitutionem,
1131 4808 1196 4859 ut
1228 4800 1423 4857 nullus
1456 4800 1791 4869 imperator,
1826 4795 2104 4863 marchio,
2138 4811 2237 4850 co-

613 4916 758 4964 mes,
794 4897 1131 4956 vicecomes,
1165 4896 1265 4947 aut
1316 4888 1429 4944 alia
1476 4885 1747 4958 quaelibet
1776 4900 2007 4956 magna,
2040 4900 2237 4955 parva,

612 4987 1011 5055 cujuscunque
1043 4978 1341 5052 dignitatis
1373 4975 1456 5030 vel
1489 4974 1710 5029 ordinis
1742 4989 2009 5043 persona,
2043 4975 2244 5028 contra

613 5074 723 5129 hoc
740 5076 1003 5126 nostrum
1027 5064 1387 5140 privilegium
1412 5064 1728 5134 praesumat
1738 5061 1864 5131 jam
1889 5060 2109 5115 dictum
2129 5060 2244 5132 epi-

614 5151 1409 5233 copium,autte,charissime
1436 5148 1791 5218 ﬁli,tuosque
1814 5147 1870 5201 in
1896 5153 2242 5219 perpetuum

615 5262 980 5304 successores
1012 5244 1081 5299 de
1108 5240 1278 5297 bonis
1305 5237 1428 5295 suis
1459 5235 1746 5300 divestiro,
1779 5233 2123 5306 inquietare,
2145 5241 2247 5293 aut

616 5334 833 5406 aliquid
866 5335 945 5390 ibi
976 5336 1175 5389 contra
1220 5342 1415 5385 sacros
1468 5339 1717 5380 canones
1774 5323 2126 5380 constituere
2158 5324 2246 5380 vel

617 5423 904 5477 ordinare.
936 5422 995 5477 Si
1026 5420 1156 5492 quis
1178 5418 1358 5491 igitur
1376 5414 1450 5479 ei,
1477 5410 1630 5469 sicut
1653 5427 1686 5466 a
1708 5415 1908 5465 nostra
1928 5412 2248 5482 apostolica

621 5508 958 5563 auctoritate
988 5522 1349 5573 concessum,
1383 5507 1440 5557 et
1485 5514 1760 5555 concessa
1804 5538 1817 5551 .
1875 5539 1886 5550 .
1944 5538 1958 5554 .
2012 5540 2024 5553 .
2071 5501 2245 5571 perti-

623 5609 758 5649 nere
788 5610 902 5647 non
933 5595 1274 5664 permiserit,
1307 5591 1455 5647 sciat
1497 5604 1559 5642 se
1606 5585 1992 5642 anathematis
2021 5586 2248 5645 vinculo

2346 4703 2588 4761 Staffilo.
2612 4703 2797 4775 Igitur
2812 4706 3136 4759 statuentes
3157 4703 3474 4775 apostolica
3495 4706 3841 4762 auctoritate
3868 4724 4023 4765 con-

2348 4794 2655 4849 firmamus
2681 4790 2807 4860 tibi,
2833 4790 3268 4847 successoribus
3289 4792 3428 4861 tuis,
3452 4808 3557 4849 nec
3578 4804 3695 4849 neu
3725 4792 4020 4853 Ecclesiae

2350 4888 2463 4938 tuae
2495 4879 2789 4936 civitatem
2836 4879 3195 4949 Teatensem,
3229 4883 3286 4936 et
3315 4879 3623 4937 castellum
3672 4881 4023 4942 Tribullia-

2352 4987 2515 5039 num,
2549 4972 2606 5024 et
2633 4970 2855 5024 curtem
2908 4968 3205 5037 Cisternie,
3236 4973 3580 5041 curtemque
3628 4971 3700 5026 de
3747 4969 4026 5030 Patron-

2352 5057 2516 5125 cello,
2550 5072 2654 5113 nec
2685 5073 2799 5112 non
2830 5055 3137 5113 castellum
3181 5058 3254 5113 de
3298 5057 3633 5114 Genestrale
3662 5074 3801 5115 eum
3830 5058 4029 5132 plebe

2353 5148 2409 5204 S.
2441 5143 2740 5201 Michaelis
2770 5149 3027 5201 montem
3077 5161 3311 5217 quoque
3356 5144 3571 5201 Filardi
3602 5162 3737 5203 cum
3770 5149 4031 5220 capella

2350 5236 2571 5292 Sanctae
2603 5232 2930 5299 Trinitatis,
2962 5233 3190 5306 plebem
3237 5234 3294 5289 S.
3342 5234 3575 5290 Martini
3606 5235 3680 5291 de
3711 5236 3919 5308 Turri,
3960 5244 4035 5298 et

2353 5326 2578 5398 partem
2621 5322 2691 5379 de
2730 5322 2941 5378 Aterno
2990 5338 3125 5377 cum
3172 5320 3339 5394 plebe
3384 5326 3730 5380 sanctorum
3762 5323 4036 5400 Langu-

2352 5412 2496 5469 tiani
2525 5415 2583 5468 et
2612 5409 2950 5479 Domitiani,
2980 5414 3036 5466 et
3082 5414 3304 5482 partem
3354 5411 3425 5467 de
3453 5411 3653 5479 Portu,
3685 5428 3753 5468 ac
3788 5416 4039 5475 castel-

2354 5499 2480 5555 lum
2511 5500 2581 5554 de
2610 5503 2818 5554 Sancta
2846 5498 3067 5555 Joanne
3104 5514 3239 5555 cum
3271 5516 3381 5555 sua
3410 5498 3654 5572 capella,
3688 5502 4037 5565 castellum

2355 5603 2586 5659 quoque
2607 5586 2677 5643 de
2709 5585 2878 5658 plebe
2905 5590 2960 5641 8.
2992 5584 3197 5642 Hilarii
3227 5603 3361 5644 cum
3392 5588 3597 5645 eadem
3624 5588 3818 5662 plebe,
3844 5595 3914 5649 et
3933 5610 4043 5655 ca-

631 5679 967 5736 innmiaium
1002 5698 1033 5733 ἢ
1072 5682 1255 5743 Patre,
1310 5683 1367 5736 et
1413 5674 1577 5739 Filio,
1609 5677 1665 5729 et
1695 5671 1911 5744 Spiritu
1943 5679 2165 5745 sancto,
2194 5681 2251 5733 et
2361 5672 2595 5732 stellam
2645 5675 2717 5731 de
2762 5672 3131 5748 Villamagna
3174 5691 3309 5733 cum
3357 5675 3523 5750 plebe
3565 5676 3626 5736 S.
3677 5677 4043 5757 Michaelis,
