3898 6410
203 417 320 478 265

205 655 456 712 gnamus
491 638 565 693 ad
573 639 860 695 versitate.

203 730 237 782 7
341 726 576 798 Adjutor
601 744 757 782 meus
780 736 831 783 et
863 729 1125 783 liberator
1147 745 1298 784 meus
1328 745 1382 784 es
1409 735 1473 784 tu
1497 746 1509 784 :

339 818 600 884 Domine,
632 833 702 871 ne
732 817 979 872 moreris.

270 904 312 959 C
337 905 592 974 Adjutor
639 921 808 961 meus
855 904 912 960 in
963 906 1427 980 necessitatibus,
1461 911 1517 962 et
1554 907 1625 960 de
1655 905 1846 961 saeculi

201 993 359 1049 clade
390 991 694 1048 liberator.
727 994 809 1048 Ne
841 993 1178 1048 tardaveris.
1215 995 1338 1050 Mos
1385 998 1472 1049 est
1520 993 1845 1066 periclitan-

189 1083 366 1150 tium,
378 1081 653 1152 judicare
675 1083 909 1137 tardum
934 1082 1237 1148 auxilium,
1262 1082 1529 1155 quamvis
1552 1082 1848 1138 celerrime

201 1175 526 1244 praestetur.
557 1171 824 1226 Christus
872 1172 1027 1227 enim
1077 1175 1408 1227 mensurate
1446 1171 1580 1226 facit
1610 1171 1842 1239 omnia;

199 1261 296 1316 sed
321 1277 428 1316 nos
451 1261 690 1315 tardum
714 1263 1012 1332 putamus,
1037 1259 1192 1331 quod
1219 1275 1428 1332 magno
1457 1258 1742 1315 desiderio
1767 1276 1846 1315 re-

200 1366 513 1422 quirlmus.

678 1481 877 1519 ORATIO
917 1481 984 1518 EX
1024 1481 1177 1518 PSAL.
1223 1480 1366 1518 LXIX.

269 1579 604 1636 lnexhausti
627 1577 922 1650 adjutorii,
938 1579 1089 1634 Deus
1103 1582 1330 1644 aeterne,
1355 1579 1425 1632 ad
1448 1579 1840 1649 adjuvandum

197 1669 424 1724 familiae
441 1667 694 1740 supplici
719 1666 965 1723 festinus
987 1683 1243 1734 occurre,
1260 1671 1323 1721 ut
1338 1667 1535 1722 evictis
1553 1666 1840 1721 malorum

196 1757 544 1830 opprobriis,
597 1756 718 1811 tuis
767 1772 998 1828 semper
1048 1755 1280 1810 auxiliis
1328 1754 1686 1810 muniamur.
1739 1754 1843 1810 Per

199 1846 508 1903 Dominum
535 1849 804 1900 nostrum
835 1845 1034 1900 Jesum
1068 1844 1384 1911 Christum,
1413 1846 1519 1898 etc.

768 1994 1083 2050 PSALMUS
1122 1978 1310 2049 LXX.-

635 2117 1039 2156 ARGUMENTUM
1080 2117 1234 2155 PSAL.
1277 2116 1400 2154 LXX.

259 2237 300 2292 C
327 2236 450 2291 Vox
481 2235 848 2301 devotorum,
881 2233 979 2305 qui
1010 2233 1084 2288 ab
1117 2231 1389 2288 humanis
1429 2231 1838 2304 iniquitatibus

195 2343 252 2382 se
275 2329 479 2398 petunt
498 2322 840 2390 liberari,ut
860 2322 1104 2378 Domino
1126 2322 1344 2394 gratias
1365 2320 1605 2376 liberius
1629 2321 1838 2376 referre

195 2415 436 2487 possint.

363 2503 480 2558 TT.
529 2508 588 2566 -ξ
649 2500 900 2556 Psalmus
961 2498 1142 2554 David
1196 2500 1439 2570 ﬁliorum
1490 2497 1732 2554 Ionadab
1787 2505 1837 2553 et

426 2592 692 2662 priorum
720 2591 1060 2660 captivorum
1102 2595 1116 2653 ζ

258 2680 298 2736 C
324 2679 612 2745 Jonadab,
631 2678 1053 2750 interpretatur
1081 2683 1408 2748 spontanens
1439 2677 1536 2731 Dei
1560 2701 1574 2742 ;
1606 2674 1705 2746 qui
1729 2674 1836 2729 fuit

191 2769 285 2824 Dei
315 2768 612 2834 sacerdos,
645 2770 702 2822 et
731 2764 1006 2838 praecepit
1053 2764 1188 2820 ﬁliis
1238 2765 1360 2820 suis
1399 2764 1458 2818 in
1491 2763 1589 2819 Dei
1620 2763 1834 2835 templo

191 2857 410 2928 degere,
443 2871 512 2912 ac
544 2854 738 2910 sobrie
770 2853 984 2909 servire
1015 2853 1144 2924 (Jer.
1177 2853 1365 2923 xxxv),
1401 2852 1554 2924 quod
1586 2869 1683 2907 eos
1705 2869 1836 2907 con-

191 2949 300 2999 stat
329 2944 560 3008 fecisse,
596 2942 698 3014 qui
752 2957 909 2996 nunc
958 2957 1060 3012 pro
1116 2939 1385 2996 ﬁdelibus
1416 2945 1731 3013 ponuntur.
1766 2940 1836 2996 Et

191 3031 442 3102 priorum
476 3030 884 3102 captivorum;
920 3029 1019 3100 qui
1060 3029 1390 3100 frequenter
1439 3027 1736 3093 admoniti,
1772 3044 1832 3084 se

189 3120 492 3174 emendarr
538 3116 876 3185 noluerunt,
909 3117 1010 3172 sed
1064 3120 1434 3173 contumaces
1481 3117 1664 3172 effecti
1696 3121 1830 3187 Deo,

190 3207 402 3278 primae,
437 3206 712 3262 secundae
744 3210 800 3260 et
830 3205 1012 3261 tertiae
1062 3205 1379 3276 captivitati
1430 3205 1827 3275 subjacebant.

1423 419 1830 481 EXPOSITlO
1874 421 2020 482 PSA
2032 420 2386 483 LMORUM.

205 555 292 607 est
321 549 380 604 in
410 548 798 605 tribulatione
830 550 1145 619 mundana,
1162 549 1260 604 ubi
1292 567 1423 606 cum
1454 551 1723 608 vitiorum
1749 568 1849 625 pu-
1877 553 1931 620 Α
1962 554 1992 606 4

3476 428 3600 488 266

2103 555 2367 622 Quoniam
2394 557 2799 627 ﬁrmamentum
2825 571 3005 612 meum
3036 574 3054 612 :
3144 591 3152 598 -

2099 645 2164 698 Et
2180 647 2468 716 «refugium
2493 661 2674 699 meum
2703 661 2759 700 es
2788 652 2867 700 tu.

2030 748 2070 806 C
2102 751 2561 806 Firmamentum
2581 751 2638 805 in
2670 751 2778 806 hoc
2809 749 3021 806 saeculo
3051 750 3334 809 Dominus
3360 753 3595 826 dicitur,

1958 837 2059 892 ubi
2078 841 2133 892 et
2149 838 2426 909 patientia
2456 839 2752 910 quaeritur.
2787 839 3096 912 Refugium
3127 840 3186 896 in
3218 840 3318 897 illa
3347 841 3594 900 beatitu-

1957 925 2110 994 dine,
2145 927 2242 989 ubi
2269 928 2393 998 jam
2421 927 2655 999 aliquod
2688 927 3010 1000 periculum
3042 945 3156 985 non
3187 929 3444 986 timetur.

1955 1016 1991 1069 5
2100 1016 2236 1070 Deus
2266 1033 2430 1086 meus,
2462 1018 2610 1088 eripe
2633 1033 2720 1072 me
2745 1017 2811 1073 de
2840 1033 3014 1072 manu
3035 1021 3334 1089 peccatoris
3361 1037 3383 1072 .-

2097 1105 2161 1158 Et
2189 1104 2254 1161 de
2279 1122 2449 1160 manu
2478 1114 2666 1162 contra
2695 1107 2865 1177 legem
2891 1109 3099 1176 agentis
3126 1115 3180 1163 et
3213 1108 3414 1179 iniqui.

2027 1193 2066 1248 C
2096 1194 2306 1248 Contra
2335 1194 2520 1266 legem
2553 1195 2672 1267 agit
2703 1193 2822 1266 qui,
2848 1199 3082 1268 accepta
3108 1195 3254 1268 lege,
3289 1195 3426 1252 facit
3456 1213 3593 1254 con-

1956 1285 2045 1337 tra
2066 1282 2296 1354 regulas
2327 1284 2759 1351 mandatorum,
2785 1289 2850 1340 ut
2871 1289 3008 1340 sunt
3026 1284 3230 1341 Judaei.
3247 1285 3437 1356 Iniqui
3459 1301 3593 1341 vero

1955 1375 2093 1426 sunt
2125 1372 2355 1444 pagani,
2388 1373 2489 1442 qui
2537 1371 2700 1428 nulla
2747 1372 2872 1445 lege
2918 1372 3149 1430 Domini
3201 1373 3588 1440 refrenantur,

1955 1460 2054 1515 sed
2083 1475 2240 1515 more
2273 1459 2524 1515 ferarum
2548 1461 2766 1516 faciunt
2793 1462 3182 1533 quodcunque
3210 1461 3444 1516 libuerit
3470 1479 3483 1529 ;
3506 1461 3589 1517 sic

1953 1564 2184 1603 omnem
2217 1552 2575 1620 peccatorem
2607 1549 2838 1604 duabus
2881 1548 2974 1604 his
3005 1549 3270 1621 partibus
3303 1549 3588 1622 complec-

1953 1635 2112 1692 titur.

1948 1754 1983 1804 6
2095 1753 2358 1819 Quoniam
2394 1760 2451 1807 tu
2481 1768 2534 1806 es
2561 1753 2826 1822 patientia
2852 1767 2994 1822 mea,
3026 1753 3258 1808 Domine
3289 1768 3302 1806 :

2092 1841 2335 1905 Domine,
2368 1857 2484 1910 spes
2510 1856 2631 1896 mea
2659 1858 2692 1894 a
2715 1840 2995 1910 juventute
3023 1855 3162 1895 mea.

1872 1920 1918 1983 Β
2019 1944 2061 1999 C
2085 1945 2250 2000 Prius
2272 1945 2427 2000 enim
2453 1948 2541 2001 est
2562 1948 2626 2010 ut
2647 1961 2779 2000 cum
2811 1945 2908 2000 Dei
2939 1945 3126 2016 gratia
3155 1944 3469 2016 probemur
3489 1958 3590 2016 per

1949 2031 2311 2104 patientiam,
2327 2037 2384 2088 et
2411 2037 2551 2088 tunc
2584 2032 2743 2087 illam
2777 2034 3134 2088 fructuosam
3167 2049 3330 2104 spem
3349 2032 3474 2104 ipso
3494 2032 3590 2087 do-

1950 2125 2124 2176 nante
2172 2121 2386 2177 habere
2439 2121 2816 2187 merebimur,
2846 2122 2916 2177 de
2961 2137 3077 2192 qua
3120 2121 3201 2176 ait
3225 2119 3585 2193 Apostolus:

1948 2210 2270 2265 Tribulatio
2321 2209 2658 2281 patientiam
2706 2213 2998 2282 operatur,
3049 2209 3328 2280 patientia
3376 2209 3586 2281 proha-

1945 2299 2182 2365 tionem,
2220 2299 2482 2370 probatio
2509 2315 2670 2369 spem
2708 2299 2877 2366 (Rom.
2902 2297 2978 2365 v).
3010 2299 3054 2352 A
3076 2299 3380 2368 juventute
3411 2295 3588 2369 signi-

1947 2387 2098 2452 ﬁcat,
2130 2403 2198 2440 ex
2227 2402 2340 2456 quo
2382 2385 2617 2457 cmperit
2663 2385 2836 2440 homo
2885 2389 3084 2441 contra
3129 2385 3426 2441 diabolum
3478 2400 3585 2456 pu-

1945 2490 2143 2546 gnare,
2178 2474 2314 2546 quia
2343 2478 2480 2529 aetas
2509 2473 2609 2527 illa
2639 2473 2711 2528 ad
2761 2478 3051 2529 certamen
3102 2473 3412 2546 dirigitur;
3447 2488 3584 2528 nam

1945 2579 2294 2634 quocunque
2325 2567 2582 2634 tempore
2615 2563 2686 2617 ad
2716 2562 2910 2634 ipsum
2940 2562 3226 2632 veniatur,
3259 2561 3467 2616 merito
3483 2561 3582 2632 ju-

1942 2656 2150 2706 ventus
2182 2651 2412 2719 dicitur,
2434 2650 2571 2723 quia
2595 2655 2733 2705 tunc
2763 2651 2820 2705 in
2852 2650 2976 2722 ipso
3007 2649 3346 2722 plenissimo
3379 2649 3582 2704 robore

1945 2740 2281 2796 solidamur.

1941 2859 1973 2909 7
2084 2857 2144 2910 In
2171 2864 2222 2911 te
2249 2857 2596 2926 conﬁrmat-us
2625 2870 2743 2909 sum
2772 2869 2840 2909 ea:
2868 2859 3017 2909 utero
3047 2870 3068 2908 .’

2081 2947 2157 3000 De
2183 2952 2363 3000 ventre
2389 2945 2586 2998 matris
2613 2957 2746 2997 mete
2773 2949 2829 2998 tu
2859 2958 2912 2997 es
2935 2948 3202 3013 protector
3228 2957 3400 2997 meus.

2012 3051 2052 3106 C
2081 3051 2240 3106 Tunc
2261 3050 2414 3105 enim
2437 3048 2798 3104 conﬁrmatio
2822 3050 3021 3103 nostra
3041 3049 3129 3102 est
3151 3046 3325 3113 Deus,
3345 3047 3580 3118 quando

1942 3141 2013 3195 ad
2045 3156 2178 3195 eum
2211 3138 2343 3193 ﬁdei
2376 3123 2615 3192 munere
2643 3136 2928 3191 venimus.
2955 3135 3264 3203 Protector,
3303 3134 3580 3206 quoniam

1944 3229 2218 3283 adversus
2251 3225 2463 3282 diaboli
2493 3224 2782 3296 nequitias
2814 3225 2936 3296 ipse
2969 3239 3074 3279 nos
3106 3222 3358 3295 protegit
3383 3239 3450 3279 ac
3481 3223 3583 3278 de-

191 3276 494 3350 monemur
523 3311 662 3366 ergo
829 3293 1018 3384 ιίιυιρ.
1045 3292 1454 3384 athe-beamus
1478 3292 1831 3384 voluntatem
1864 3276 1906 3343 α
1944 3276 3583 3384 {saginatas'sagga'mzngaaesseems.

189 3389 242 3439 et
265 3383 634 3439 devotionem
667 3382 922 3437 ﬁliorum
953 3381 1236 3451 Jonadab,
1263 3398 1376 3436 non
1408 3382 1834 3437 contumaciam

186 3471 549 3538 Judeorum,
582 3471 683 3543 qui
716 3471 924 3542 captivi
959 3487 1087 3526 esse
1118 3474 1474 3524 meruerunt.

185 3563 207 3615 1
317 3563 380 3617 1η
400 3569 469 3626 te,
487 3562 737 3630 Domi-ne,
751 3561 972 3631 speravi
997 3575 1106 3614 non
1127 3558 1438 3630 confundor
1458 3561 1514 3613 in
1535 3566 1836 3619 aeternum:

316 3651 379 3705 In
400 3649 630 3721 justitia
661 3656 756 3703 tua
787 3648 962 3703 libera
992 3663 1078 3702 me
1107 3655 1156 3702 et
1185 3650 1332 3718 eripe
1362 3663 1463 3702 me.

250 3738 292 3793 H
325 3738 464 3793 Orat
513 3753 651 3808 ergo
701 3737 989 3792 mediator
1025 3739 1251 3806 noster,
1286 3740 1349 3791 ut
1390 3735 1512 3792 haec
1565 3736 1834 3792 confusio

181 3826 382 3882 mortis
426 3841 545 3881 non
577 3824 655 3880 sit
685 3825 772 3896 (ut
801 3829 1141 3880 caaterorum
1173 3823 1500 3895 hominum)
1538 3823 1835 3879 diuturna-

178 3913 412 3970 Justitia
434 3914 534 3969 Dei
555 3917 667 3980 est,
692 3912 793 3984 qui
818 3912 1018 3968 fecerit
1048 3911 1404 3967 voluntatem
1428 3913 1556 3984 ejus
1579 3917 1842 3974 transeat

180 4003 246 4058 de
276 4007 463 4058 morte
498 4002 570 4056 ad
611 4001 815 4067 vitam,
849 4017 954 4072 per
1003 4016 1180 4072 quam
1231 3999 1330 4054 hic
1383 3999 1649 4056 Christus
1696 4001 1838 4072 erip,

181 4095 466 4162 precatur.
496 4089 539 4145 C
569 4088 672 4144 Vel
705 4069 1104 4144 mem—brorum
1139 4087 1358 4143 Christi
1393 4105 1502 4144 vox
1533 4093 1621 4144 est
1650 4069 1842 4167 peten:

180 4179 344 4247 tium,
361 4178 472 4254 etsi
495 4178 593 4233 hic
614 4175 1016 4248 temporaliter
1035 4180 1091 4232 et
1120 4175 1344 4231 utiliter
1379 4176 1837 4254 confundantur.

186 4283 295 4321 non
327 4251 525 4322 tamen
559 4265 620 4320 in
652 4269 934 4319 aeternum
986 4263 1286 4320 confundi.
1321 4265 1391 4319 Et
1421 4265 1571 4336 quod
1605 4264 1747 4320 dicit
1783 4251 1842 4320 in

186 4354 562 4426 tuajustitia,
596 4352 854 4408 ostendit
880 4369 1048 4409 suam
1068 4352 1368 4424 justitiam
1401 4369 1515 4408 non
1550 4353 1838 4421 sufﬁcere,

186 4442 282 4498 sed
317 4442 712 4498 necessariam
745 4458 873 4497 esse
917 4442 1027 4496 sibi
1080 4441 1564 4497 misericordiam.
1597 4441 1844 4497 Justitia

188 4529 419 4599 Dei'est,
453 4546 696 4604 parcere
727 4529 1052 4603 pcenitenti.

187 4619 221 4670 2
322 4619 544 4675 Inclina
575 4617 645 4673 ad
667 4635 757 4673 me
785 4634 975 4674 aurem
1001 4622 1172 4673 tuam.

324 4709 387 4763 Et
416 4707 575 4762 salva
598 4722 704 4763 me.

255 4795 298 4850 H
330 4797 520 4853 Aures
556 4794 789 4851 Domini
841 4794 1140 4860 dicuntur,
1174 4794 1408 4865 quando
1453 4794 1722 4850 exaudire
1753 4795 1838 4850 di-

193 4889 400 4956 gnatur
447 4883 761 4952 humilem,
792 4882 1187 4955 postulantem
1218 4881 1446 4938 veniam
1481 4900 1582 4956 pro
1613 4883 1838 4938 delictis

193 4989 334 5028 $1115.

192 5060 223 5114 3
326 5062 452 5118 Esto
484 5061 629 5116 mihi
658 5063 719 5116 in
750 5061 918 5117 Deum
961 5066 1313 5132 protectorem
1337 5062 1390 5114 et
1419 5059 1476 5113 in
1510 5057 1683 5115 locum
1710 5076 1836 5114 mu-

395 5152 584 5206 nitum
607 5168 626 5206 .·

331 5240 394 5296 Ut
424 5239 640 5295 salvum
671 5255 758 5293 me
785 5239 976 5308 facias.

267 5328 304 5381 Η
338 5326 469 5384 Esto
504 5326 654 5382 mihi
699 5327 761 5381 in
793 5325 974 5382 Deum
1009 5328 1415 5398 protectorem,
1449 5323 1588 5394 quia
1621 5325 1840 5397 absque

203 5430 264 5468 eo
284 5432 466 5489 neque
496 5415 820 5487 refugium,
844 5425 1032 5485 neque
1063 5412 1332 5480 munitio,
1351 5428 1537 5483 neque
1566 5414 1841 5483 protectio

206 5517 234 5555 a
255 5519 545 5576 quoquam
579 5501 843 5575 praestari
874 5505 1083 5574 potest.
1116 5501 1228 5555 Nec
1261 5501 1388 5555 ideo
1437 5500 1649 5556 dicitur
1682 5501 1842 5557 locus

207 5592 476 5661 munitus,
507 5597 575 5647 ut
603 5592 681 5646 sit
711 5589 935 5661 localis,
970 5589 1108 5661 quia
1134 5587 1350 5660 ubique
1382 5587 1661 5646 Dominus
1683 5591 1842 5648 est.C

209 5678 307 5736 Sed
335 5680 497 5739 locus
527 5681 642 5737 iste
673 5679 871 5735 divina
896 5677 1175 5754 protectio
1201 5681 1306 5735 est.

508 5809 782 5872 PATROL.
827 5804 1056 5867 CXLII.

1947 3405 2224 3476 accipere,
2267 3403 2367 3456 ubi
2415 3403 2668 3474 primum
2719 3417 2822 3473 per
2869 3399 3202 3454 rudimenta
3257 3398 3388 3454 ﬁdei
3445 3414 3581 3454 con-

1947 3493 2216 3564 cipimur,
2245 3491 2452 3547 deinde
2482 3508 2550 3546 ex
2581 3506 2732 3561 aqua
2759 3493 2816 3544 et
2841 3487 3062 3560 Spiritu
3093 3490 3293 3544 sancto
3338 3502 3585 3560 regene-

1947 3597 2167 3637 ramur.

1947 3689 1980 3741 8
2088 3689 2146 3742 In
2179 3694 2228 3741 te
2256 3686 2489 3740 cantatio
2516 3700 2637 3739 mea
2663 3699 2872 3754 semper
2899 3701 2920 3737 :

2094 3776 2367 3846 Tanquam
2393 3771 2704 3845 prodigium
2733 3773 2909 3843 factus
2936 3787 3058 3826 sum
3087 3770 3296 3837 multis,
3328 3773 3382 3825 et
3402 3777 3461 3826 tu
3483 3769 3582 3826 ad-

2149 3865 2304 3935 jutor
2330 3864 2510 3933 fortis.

2019 3970 2059 4023 C
2089 3968 2391 4039 Signiﬁcat
2410 3965 2565 4022 enim
2588 3965 2838 4021 cantatio
2861 3980 3110 4036 semper,
3133 3967 3190 4019 et
3211 3980 3465 4036 praesens
3485 3981 3584 4019 sae-

1949 4057 2146 4113 culum
2173 4060 2229 4110 et
2254 4056 2539 4122 futurum,
2559 4053 2654 4108 hic
2683 4054 2839 4109 enim
2863 4052 2946 4107 illi
2967 4069 3071 4125 pro
3091 4051 3430 4108 liberatione
3450 4068 3582 4107 can-

1949 4151 2162 4212 tamus,
2182 4143 2261 4212 ihi
2291 4147 2485 4198 autem
2517 4142 2732 4213 gratias
2755 4158 2856 4213 pro
2887 4145 3100 4196 aeterna
3121 4138 3583 4214 remuneratione

1950 4232 2302 4305 peregimus.
2339 4229 2670 4302 Prodigium
2701 4229 2760 4283 in
2803 4228 2911 4284 hoc
2960 4226 3168 4284 saaculo
3215 4227 3325 4284 erit
3370 4226 3581 4293 ﬁdelis,

1949 4321 2180 4394 quando
2204 4320 2320 4374 alia
2342 4321 2596 4374 sectatur
2621 4334 2798 4388 quam
2825 4332 3020 4372 amare
3048 4319 3238 4388 potest
3267 4313 3584 4371 multitudo

1949 4409 2353 4483 peccantium;
2397 4410 2662 4479 quaerunt
2707 4409 3035 4477 peccatores
3079 4401 3330 4469 divitias,
3380 4401 3583 4459 ﬁdeles

1951 4497 2286 4572 pauperiem
2314 4514 2326 4565 ;
2360 4499 2628 4566 quaerunt
2652 4497 2982 4566 peccatores
3011 4491 3236 4565 epulas,
3259 4492 3408 4562 justi
3431 4492 3585 4562 jeju-

1951 4587 2049 4642 nia
2073 4605 2086 4655 ;
2118 4587 2386 4657 quaerunt
2409 4583 2658 4654 denique
2677 4580 2762 4636 illi
2784 4579 3017 4653 gaudia,
3041 4579 3136 4636 isti
3158 4578 3478 4634 tristitiam.
3499 4578 3583 4634 Ne

1946 4679 2138 4731 autem
2169 4675 2456 4729 bonorum
2479 4671 2747 4727 semitam
2769 4670 2852 4725 ire
2882 4669 3058 4725 nimis
3081 4665 3316 4724 difﬁcile
3339 4665 3584 4723 aestime-

1946 4769 2062 4829 tur,
2094 4761 2275 4831 addit,
2308 4765 2364 4817 et
2388 4765 2448 4815 tu
2481 4760 2712 4831 adjutor
2740 4758 2924 4814 fortis.

1945 4871 1981 4923 9
2089 4868 2378 4940 Repleatur
2407 4883 2462 4923 os
2492 4881 2670 4922 meum
2703 4865 2861 4920 laude

2084 4963 2138 5022 -ξ
2189 4958 2252 5013 Ut
2270 4964 2480 5011 cantem
2511 4955 2745 5025 gloriam
2775 4959 2980 5018 tuam—5
3026 4961 3135 5010 tota
3151 4950 3585 5022 diemagnitudi-

2157 5061 2280 5100 nem
2311 5053 2478 5100 tuam.

2017 5152 2057 5207 C
2089 5151 2234 5207 Nam
2270 5151 2316 5207 si
2351 5149 2614 5204 Christus
2662 5165 2776 5203 non
2825 5145 3042 5220 repleat
3066 5165 3132 5205 os
3161 5150 3448 5215 nostrum,
3481 5161 3585 5201 nec

1948 5242 2149 5313 lingua
2162 5242 2442 5305 movetur,
2465 5254 2566 5293 nec
2585 5237 2872 5292 desideria
2883 5237 3125 5293 honesta
3144 5236 3586 5293 inflammantur

1950 5333 2167 5386 nostra.
2201 5331 2341 5381 Cum
2389 5341 2520 5381 vero
2566 5323 2748 5396 ponit,
2782 5327 2902 5379 tota
2949 5325 3063 5396 die,
3097 5323 3386 5396 signiﬁcat
3415 5335 3584 5378 omne

1951 5421 2202 5488 tempus,
2235 5418 2292 5468 et
2322 5429 2624 5483 nunquam
2669 5429 2702 5466 a
2749 5411 3022 5468 laudibus
3068 5411 3297 5467 Domini
3347 5423 3583 5466 cessan-

1949 5506 2114 5560 dum.
2137 5503 2322 5557 Causa
2351 5501 2528 5574 igitur
2557 5517 2660 5556 cur
2687 5504 2846 5572 petat
2876 5517 2942 5556 os
2971 5499 3198 5572 repleri,
3233 5503 3341 5564 est,
3365 5500 3428 5552 ut
3447 5511 3580 5550 can-

1950 5597 2033 5649 tet
2060 5592 2160 5648 Dei
2190 5590 2600 5665 gloriam,sine
2621 5591 2748 5662 ejus
2774 5590 2960 5663 gratia
2989 5603 3189 5647 omnes
3216 5586 3416 5643 laudes
3436 5579 3581 5637 indi-

1954 5699 2078 5760 gnae
2110 5684 2266 5740 sunt.

3227 5799 3265 5864 9
