3978 6378
474 400 625 486 1327

1825 397 2135 460 NICOLAI
2179 395 2232 456 II
2275 395 2504 456 PAP/E

3749 391 3906 468 13.33

475 531 624 588 berti
655 536 868 589 sancta:
931 534 1193 590 Ecclesia:
1243 533 1404 587 Silvae
1448 531 1714 586 Candidas
1742 529 2019 602 episcopi,
2053 533 2108 584 et
2136 531 2190 596 Α
2221 545 2354 583 mus
2384 531 2448 582 ut
2473 527 2662 583 locum
2695 527 2948 584 avaritiae
2978 527 3358 598 secludamus
3377 527 3638 594 nullum
3661 527 3742 582 de
3763 527 3908 600 regi-

472 619 820 692 Apostolica:
851 623 1007 678 sedis
1061 619 1503 686 bibliothecarii,
1539 636 1689 674 anno
1737 618 2110 689 pontiﬁcatus

477 711 664 782 primo
695 711 914 766 domini
947 711 1052 765 PP.
1087 708 1304 764 Nicolai
1353 707 1613 774 secundi,
1645 707 1956 762 indictione
1985 724 2106 762 xm.

1225 815 1368 868 XIII.

477 907 692 962 Νίσοιαὶ
717 909 764 962 lI
787 905 1141 976 privilegium
1168 918 1267 976 pro
1291 904 1618 976 monasterio
1671 903 1724 956 S.
1749 902 1972 956 Martini
1995 902 2108 956 Au-

1073 974 1512 1042 gustodunensis.

1091 1062 1278 1132 (Anno
1313 1063 1490 1128 1059.)

475 1154 761 1223 [BULLIOT,
795 1153 950 1205 Esset
978 1150 1275 1223 historing
1303 1166 1400 1204 sur
1423 1148 1823 1223 ﬁatut-Martii;
1852 1147 2107 1214 d’Autun,

1067 1225 1188 1275 tom
1225 1221 1290 1280 ll.
1324 1237 1382 1290 p.
1415 1221 1526 1283 30.]

544 1317 830 1384 Nicotaus
857 1327 1186 1398 episcopus,
1237 1342 1438 1382 servus
1486 1341 1782 1380 servorum
1813 1322 1934 1390 Dei,
1967 1323 2108 1378 dile-

475 1417 584 1472 ctis
614 1415 749 1472 ﬁliis
781 1416 838 1470 in
871 1414 1424 1482 Cbristo,Gneeonio
1451 1411 1762 1468 venerabili
1787 1411 1980 1466 abbati
2004 1427 2111 1465 coe-

479 1504 634 1560 nobii
679 1508 732 1558 S.
793 1503 1026 1558 Martini
1059 1503 1368 1569 Ed'Uensis,
1429 1501 1705 1572 omnique
1759 1498 2109 1554 monasterio

473 1593 736 1666 ejusdem
767 1589 1230 1663 congregationis
1267 1590 1323 1644 in
1358 1593 1722 1661 perpetuum.

543 1681 776 1746 Quoties
803 1697 836 1734 a
868 1681 1036 1734 nobis
1067 1679 1163 1733 illa
1195 1677 1370 1734 tribui
1423 1681 1698 1746 optantur
1731 1693 1857 1748 qua:
1889 1675 2107 1731 dationi

472 1773 876 1826 incunctanter
905 1766 1256 1824 conveniunt
1285 1766 1510 1830 animae,
1539 1782 1642 1819 nos
1669 1765 1833 1820 decet
1863 1763 2110 1820 libenter

471 1859 804 1922 concedere,
829 1861 884 1910 et
919 1855 1242 1926 petentium
1287 1852 1590 1909 desideriis
1640 1869 1967 1924 congruens
1994 1853 2103 1906 im-

469 1946 682 2019 pertire
705 1943 1252 2016 suifragium,atque
1273 1942 1399 1996 ideo
1420 1941 1519 2012 qui
1539 1940 1880 2014 postulastis
1894 1958 1926 2014 a
1941 1940 2108 1996 nobis

471 2032 836 2106 privilegium
859 2031 1014 2086 sedis
1046 2030 1370 2104 apostolicae
1403 2029 1755 2084 monasterio
1787 2029 1844 2084 S.
1877 2028 2112 2083 Martini

473 2123 532 2178 in
565 2120 844 2182 suburbio
879 2121 1050 2174 Eduaa
1083 2118 1334 2174 civitatis
1365 2116 1596 2187 sito,cui
1629 2133 1877 2188 praeesse
1907 2116 2112 2188 digno-

477 2211 676 2278 sceris,
707 2209 860 2280 quod
889 2211 1114 2264 constat
1146 2224 1179 2261 a
1225 2205 1490 2278 piissimo
1543 2205 1891 2278 imperatore
1912 2207 2112 2261 Carolo

476 2303 738 2372 Augusto
770 2297 840 2353 ob
875 2313 1131 2352 amorem
1157 2294 1618 2366 Cunctipotentis
1647 2298 1704 2349 et
1736 2295 2112 2350 reverentiam

477 2389 663 2461 ipsius
679 2405 780 2444 con
791 2385 1027 2442 tesseris
1038 2383 1361 2440 beatissimi
1379 2383 1610 2438 Martini
1625 2387 1858 2455 propter
1870 2399 2114 2438 suorum

483 2475 906 2547 indulgentiam
941 2473 1344 2546 peccaminum
1394 2472 1640 2543 vitaeque
1669 2476 1892 2527 reterns:
1923 2488 2115 2526 remu-

481 2565 842 2622 nerationem
875 2562 1251 2617 reformatum
1280 2565 1453 2633 atque
1481 2559 2118 2627 remdiﬁcatum,faeere

481 2656 827 2712 deberemus
857 2667 868 2708 :
891 2650 1148 2706 inclinati
1175 2650 1352 2722 igitur
1373 2649 1577 2704 vestris
1599 2647 2114 2721 postulationibus,

482 2743 794 2800 clementer
825 2740 1141 2796 annuimus
1181 2743 1237 2792 et
1267 2738 1570 2810 praefatum
1604 2736 2024 2791 monasterium
2060 2737 2116 2791 in

481 2850 595 2904 quo
619 2829 810 2886 divino
835 2827 1154 2898 nuneupati
1190 2826 1332 2882 estis
1371 2825 1647 2897 obsequio
1681 2824 2002 2896 apostolicae
2035 2840 2120 2880 se-

482 2922 574 2976 dis
595 2918 916 2992 patrocinio
939 2921 996 2970 et
1017 2914 1312 2986 priviiegio
1343 2913 1798 2969 communimus.
1817 2912 2115 2982 Volumus,

484 3007 880 3072 concedimus,
916 3003 1252 3069 statuimus,
1284 3006 1348 3056 ut
1397 3001 1550 3056 idem
1607 3001 2024 3056 monasterium
2057 3003 2118 3057 in

489 3096 649 3154 nullo
672 3093 840 3149 alicui
871 3091 980 3146 nisi
999 3095 1223 3144 tantum
1249 3088 1856 3161 apostoliczeEcclesiaz
1879 3106 2120 3160 respon-

486 3189 620 3242 dere
643 3187 929 3248 teneatur,
962 3183 1018 3236 et
1041 3179 1112 3233 ab
1141 3179 1297 3233 omni
1335 3177 1870 3250 aliajurisdictione
1895 3182 1950 3233 et
1981 3179 2116 3234 sub-

2219 616 2350 683 bus,
2392 615 2462 670 de
2497 615 2887 687 episeopis,de
2919 617 3324 674 sacerdotibus
3343 616 3504 674 velle
3537 616 3620 672 de
3653 615 3906 688 quibus-

2219 719 2449 776 cunque
2481 703 2752 760 ﬁdelibus
2773 721 2875 776 per
2903 721 2965 761 se
2999 707 3444 778 suppositamve
3469 721 3816 779 personam
3839 705 3908 760 de

2219 792 2584 848 ordinatione
2603 793 2870 862 ejusdem
2885 784 3115 850 abbatis
3135 794 3224 850 vel
3245 794 3620 850 clericorum
3647 796 3757 850 aut
3777 809 3906 865 pre-

2219 881 2702 952 sbyterorum,vel
2726 882 2796 936 de
2819 881 3128 954 largitione
3159 883 3510 939 chrismatis
3547 886 3665 940 aut
3697 898 3904 938 conse-

2219 969 2474 1024 cratione
2505 969 2780 1036 basilicae,
2814 970 2902 1025 vel
2941 971 3012 1026 de
3069 972 3540 1044 quibuscunque
3587 971 3804 1026 causis
3834 971 3906 1026 ad

2219 1057 2372 1130 idem
2399 1059 2818 1114 monasterium
2843 1059 3524 1130 pertinentibus,audere
3541 1059 3608 1114 in
3634 1059 3910 1131 qualibet

2219 1146 2660 1216 specie,pra3mii
2683 1145 3159 1220 loeo,quidquam
3171 1148 3682 1220 accipere,neque
3707 1147 3908 1204 eidem

2220 1232 2412 1288 abbati
2439 1251 2542 1306 pro
2563 1235 2928 1292 ordinatione
2947 1253 3056 1292 sua
3084 1235 3306 1308 aliquid
3327 1237 3496 1292 dare.
3525 1235 3754 1308 Neque
3783 1234 3906 1308 epi-

2221 1337 2435 1392 scopus
2457 1322 2709 1378 civitatis
2749 1323 2934 1394 ipsius
2963 1323 3076 1379 nisi
3103 1325 3178 1379 ab
3207 1325 3422 1381 abbate
3449 1324 3668 1396 ipsius
3703 1341 3912 1380 mona-

2219 1410 2378 1464 sterii
2401 1409 2702 1480 invitatus,
2721 1412 2938 1467 ibidem
2964 1411 3176 1468 missas
3197 1417 3333 1486 agat
3355 1413 3672 1485 publicas,
3711 1429 3908 1484 neque

2220 1497 2500 1553 stationes
2523 1497 2610 1554 vel
2651 1499 3010 1556 visitationes
3040 1500 3100 1556 in
3129 1501 3334 1557 eodem
3367 1489 3658 1558 emnobio
3681 1501 3912 1562 hdicet

2219 1585 2304 1640 vel
2340 1586 2532 1650 faciat,
2558 1604 2630 1643 ne
2651 1605 2950 1648 servorum
2985 1589 3086 1645 Dei
3113 1589 3282 1661 quies
3303 1606 3690 1662 quocunque
3725 1590 3908 1648 modo

2219 1673 2486 1746 populari
2519 1680 2807 1732 conventu
2839 1677 3027 1734 valeat
3077 1678 3408 1750 perturbari
3435 1696 3448 1748 ;
3485 1695 3706 1752 neque
3731 1697 3910 1752 para-

2217 1770 2300 1817 tas
2324 1767 2425 1817 aut
2470 1767 2912 1836 mansionaticos,
2959 1765 3046 1822 vel
3089 1769 3512 1838 procurationes
3565 1771 3912 1840 praesumat

2217 1849 2461 1922 exigere.
2483 1852 2920 1923 Susceptionem
2951 1857 3147 1910 autem
3179 1855 3446 1912 ﬁdelium
3481 1861 3548 1912 et
3583 1856 3910 1929 religioso-

2219 1954 2349 1992 rum
2371 1943 2539 2010 atque
2560 1940 3001 1996 beneﬁcentiam
3028 1943 3912 2016 quamjubetApostoluscun-

2219 2025 2328 2080 etis
2347 2025 2733 2082 exhibendam
2755 2044 2857 2098 pro
2879 2028 3266 2100 possibilitate
3287 2029 3400 2086 loci
3417 2037 3480 2086 et
3529 2033 3904 2092 facultatum

2221 2130 2334 2168 non
2359 2115 2529 2170 modo
2551 2115 2674 2171 ﬁeri
2699 2115 2916 2172 ibidem
2941 2133 3056 2174 non
3069 2117 3700 2190 denegamus,verum
3727 2123 3904 2180 etiam

2223 2203 2560 2258 suademus.
2594 2203 2654 2258 Si
2686 2204 2819 2274 quis
2849 2221 2980 2261 vero
3011 2205 3441 2278 episcoporum,
3467 2212 3903 2280 sacerdotum,

2223 2291 2812 2361 abbatum,judieum,
2833 2293 3109 2349 comitum
3142 2299 3244 2350 aut
3272 2295 3680 2355 saecularium
3709 2316 3906 2372 perso-

2227 2397 2434 2434 narum
2457 2384 2656 2436 contra
2677 2380 2825 2436 hanc
2846 2386 3058 2438 nostra;
3077 2383 3468 2440 institutionis
3487 2387 3797 2458 paginam
3819 2407 3906 2448 ve-

2227 2469 2351 2524 nire
2384 2469 2712 2540 tentaverit,
2745 2486 3060 2540 percussus
3105 2470 3426 2542 apostolico
3477 2475 3902 2544 anathemate,

2227 2557 2536 2627 potestatis
2557 2558 2870 2614 honorisve
2900 2559 2990 2614 sui
3023 2559 3305 2631 dignitate
3338 2567 3569 2632 careat,
3608 2581 3904 2638 reumque

2229 2663 2289 2701 se
2319 2662 2514 2702 coram
2547 2647 2740 2702 divino
2773 2647 2996 2718 judicio
3035 2653 3367 2720 cognoscat.
3401 2651 3472 2704 Et
3507 2653 3634 2708 nisi
3669 2671 3744 2712 ea
3773 2672 3904 2725 qua

2229 2733 2380 2789 male
2411 2739 2550 2790 sunt
2580 2740 2706 2792 acta
2751 2735 3066 2806 deﬂeverit,
3097 2753 3134 2792 a
3187 2737 3608 2798 sacratissimo
3655 2759 3904 2817 corpore

2229 2823 2328 2880 Dei
2353 2829 2410 2880 et
2433 2824 2660 2880 Domini
2686 2826 2870 2880 nostri
2889 2825 2920 2880 J
2929 2842 3027 2880 esu
3054 2825 3268 2880 Christi
3289 2825 3526 2886 alienus
3561 2831 3694 2898 ﬁat,
3721 2837 3904 2904 atque

2229 2917 2440 2967 aeterno
2463 2913 2714 2968 examini
2737 2913 3011 2968 districta
3043 2912 3284 2970 ultionis
3305 2915 3902 2986 subjaceat.Cunetis

2231 3004 2423 3055 autem
2448 3001 2634 3056 eidem
2657 2999 2932 3072 locojura
2971 3001 3362 3070 servantibus,
3395 3004 3477 3060 sit
3501 3022 3628 3077 pax
3659 3007 3902 3066 Domini

2228 3089 2408 3144 nostri
2431 3091 2578 3155 J-C.,
2596 3095 2852 3160 quaestus
2871 3094 2927 3144 et
2943 3089 3036 3144 hic
3051 3089 3308 3146 fructum
3331 3092 3504 3148 bonae
3528 3096 3790 3154 actionis
3811 3115 3902 3156 ac-

2229 3177 2466 3250 cipiant,
2500 3183 2556 3234 et
2585 3179 2736 3250 apud
2771 3177 3106 3234 districtum
3141 3179 3410 3250 judicem
3443 3185 3700 3254 premis
3727 3191 3900 3244 eter-

477 3275 727 3346 jectione
749 3269 992 3326 liberum
1017 3269 1092 3324 sit
1112 3273 1167 3322 et
1185 3271 1538 3339 exemptum,
1570 3273 1628 3322 et
1657 3267 1809 3338 quod
1843 3265 1987 3322 nulli
2012 3266 2119 3322 im-
2149 3251 2190 3316 C
2229 3283 2315 3320 nae
2348 3266 2508 3338 pacis
2539 3265 2853 3322 inveniant.
2885 3269 3086 3322 Amen.

487 3359 906 3438 peratori,nulli
931 3355 1306 3430 regum,nulli
1333 3355 1686 3421 antistitum,
1703 3354 2121 3427 nulliquacun-

489 3449 850 3526 quopraadito
865 3447 1165 3519 dignitate,
1193 3445 1336 3500 nulli
1373 3461 1632 3516 unquam
1662 3443 1832 3501 liceat
1867 3445 1935 3500 de
1950 3446 2123 3501 rebus

493 3540 805 3600 mobilibus
845 3535 932 3593 vel
964 3533 1364 3590 immobilibus
1407 3551 1532 3606 qua:
1565 3533 1754 3590 eidem
1772 3535 2123 3589 monasterio

492 3649 593 3706 per
606 3626 1068 3702 praeeeptaajam
1089 3623 1242 3678 dicto
1267 3623 1531 3694 piissimo
1564 3622 1908 3693 imperatore
1922 3622 2124 3680 Carolo

493 3723 613 3780 sive
645 3719 716 3773 ab
735 3716 862 3772 aliis
903 3712 1353 3785 imperatoribus
1397 3727 1496 3768 seu
1529 3710 1785 3782 regibus,
1813 3711 1978 3766 velab
1993 3711 2124 3767 aliis

493 3809 997 3884 qualibuscunque
1009 3801 1272 3874 personis
1289 3799 1570 3854 hactenus
1584 3815 1860 3854 concessa
1872 3800 2122 3867 sunt,vel

489 3902 829 3958 infuturum
865 3911 896 3948 a
934 3892 1380 3963 quibuscunque
1403 3889 1474 3942 de
1495 3888 1744 3960 propriis
1766 3888 2124 3960 fuerintjure

489 3989 844 4050 condonatze,
869 3982 977 4036 sub
997 3980 1084 4049 euj
1097 3977 1308 4034 uslibet
1329 3993 1506 4032 causa
1527 3975 1848 4032 occasionis
1877 3976 1962 4032 vel
1994 3995 2122 4049 spe-

490 4077 574 4132 cie
606 4059 843 4130 munere
876 4068 1204 4142 (minuere),
1238 4066 1482 4134 auferre,
1533 4081 1722 4137 neque
1765 4066 1888 4122 suis
1918 4067 2125 4122 usibus

491 4162 802 4236 applicare,
827 4163 884 4213 et
913 4159 1119 4212 cuneta
1145 4171 1272 4225 qua:
1303 4153 1380 4206 ibi
1413 4157 1552 4208 sunt
1589 4154 1781 4210 oblata
1811 4153 1896 4209 vel
1930 4155 2122 4210 oti'erri

491 4248 798 4322 contigerit
819 4263 852 4301 a
872 4242 1139 4316 praesenti
1175 4241 1344 4296 tertia
1376 4241 1602 4296 decima
1623 4243 1958 4298 indictionis
1985 4247 2125 4299 tem-

491 4356 810 4414 pore........
844 4337 900 4388 et
957 4332 1082 4388 sine
1119 4329 1518 4401 inquietudine
1565 4330 1624 4386 in
1662 4333 2126 4388 solistentatione

485 4431 610 4500 jam
641 4425 778 4482 dicti
811 4419 1146 4480 monasterii
1181 4426 1237 4474 et
1269 4419 1473 4474 usibus
1511 4419 1811 4486 abbatum,
1845 4423 1900 4474 et
1929 4437 2124 4476 mona-

491 4518 734 4574 chorum
758 4513 866 4568 sub
887 4509 1086 4581 regula
1104 4508 1289 4564 Patris
1319 4507 1612 4564 Benedicti
1635 4507 1713 4563 ibi
1735 4508 1850 4564 Deo
1875 4508 2124 4566 militan-

2305 3359 2514 3410 Datum
2548 3355 2844 3410 Florentiae
2887 3362 3098 3427 quarto
3146 3357 3554 3422 Kalendarum
3603 3365 3896 3430 Januarii,

2233 3459 2384 3498 anno
2418 3443 2488 3498 ab
2523 3443 2922 3499 Incarnatione
2977 3443 3210 3502 Domini
3265 3449 3426 3516 1059,
3481 3467 3596 3522 per
3649 3469 3898 3510 manum

2233 3531 2557 3598 liumberti,
2617 3535 2828 3586 sanctae
2887 3531 3153 3590 Ecclesia:
3207 3536 3375 3592 Silva;
3421 3538 3714 3596 Candida:
3772 3543 3894 3614 epi-

2233 3619 2390 3690 scopi
2423 3624 2480 3674 et
2508 3619 2838 3690 apostolicae
2869 3621 3025 3676 sedis
3057 3621 3688 3694 bibliothecarii,anno
3716 3647 3734 3684 ι
3757 3646 3892 3701 pon-

2231 3707 2485 3764 tiﬁcatus
2517 3707 2738 3776 domini
2771 3725 2932 3781 papae
2965 3709 3188 3766 Nicolai
3219 3713 3292 3781 II,
3329 3713 3666 3774 indictione
3697 3735 3820 3774 vm.

2976 3815 3120 3870 XIV.

2235 3906 2598 3974 Privilegium
2623 3906 2966 4030 monasteriov
2978 3903 3217 4034 Saluati
3243 3909 3554 3967 Felicitati:
3581 3927 3888 3970 concessum

2857 3992 2891 4030 a
2919 4005 2933 4030 ι
2966 3992 3046 4031 aco
3073 3993 3138 4034 ao
3223 4019 3237 4034 .

2857 3992 2891 4030 a
2919 3992 3138 4034 Μεριαο
3169 3992 3237 4034 Il.

2849 4065 3036 4132 (Anno
3067 4063 3254 4138 meo.)

2641 4153 2873 4224 [MANSI,
2905 4153 3112 4210 Concil.
3145 4154 3294 4220 ΧΙΧ,
3325 4159 3478 4226 870.]

2303 4242 2588 4296 NICOLAUS
2643 4241 2971 4312 episcopus,
3005 4259 3212 4300 servus
3262 4263 3574 4304 servorum
3610 4249 3731 4316 Dei,
3761 4249 3880 4304 Tal-

2233 4347 2428 4385 nenes:
2450 4329 2758 4384 abbatissae
2774 4332 3112 4386 monasterii
3135 4333 3362 4390 Sanctae
3379 4336 3882 4408 Felicitatisjuxta

2234 4418 2583 4474 Florentiam
2615 4417 2732 4484 siti,
2769 4418 3000 4489 sibique
3051 4423 3444 4491 successuris,
3477 4431 3538 4482 et
3583 4427 3642 4482 in
3689 4427 3878 4492 sancto

2235 4506 2528 4578 proposito
2556 4507 2981 4576 permansuris,
3013 4507 3072 4562 in
3103 4515 3480 4584 perpetuum.

491 4603 936 4670 tium,volumus
959 4603 1014 4654 et
1035 4597 1404 4670 prrscipimus
1419 4596 1700 4668 possideri
1729 4614 1741 4664 ;
1766 4613 1833 4652 ea
1859 4597 2127 4654 videlicet
2157 4615 2202 4678 Β
2303 4594 2586 4660 Quoniam
2610 4594 3321 4670 Omnipotentisdignatio
3343 4618 3452 4658 suo
3475 4604 3732 4676 gratuito
3757 4616 3874 4656 mu-

492 4693 820 4750 eonditione
847 4689 1000 4761 quod
1043 4686 1238 4742 nullus
1289 4686 1597 4757 episcopus
1643 4685 1808 4740 dictae
1857 4685 2123 4754 civitatis,

491 4799 680 4854 neque
713 4795 926 4845 eomes,
959 4777 1018 4830 in
1049 4775 1286 4848 praefato
1321 4773 1670 4830 monasterio
1702 4790 1834 4828 eum
1854 4774 2126 4828 omnibus

491 4871 561 4926 ad
593 4885 656 4924 se
689 4865 1112 4939 pertinentibus
1134 4863 1256 4918 suis
1289 4863 1460 4917 rebus
1493 4862 1703 4916 audeat
1719 4861 2010 4933 applicare
2039 4868 2125 4918 at-

491 4974 602 5028 que
627 4957 684 5010 in
709 4953 904 5022 aliquo
929 4953 1264 5023 usurpando
1290 4951 1625 5022 adjungere.
1658 4951 1764 5005 Sed
1809 4949 1979 5005 liceat
2007 4967 2124 5006 ser-

489 5045 575 5100 vis
597 5044 696 5100 Dei
727 5040 939 5096 ibidem
961 5041 1326 5111 degentibus,
1347 5040 1470 5094 sine
1493 5038 1741 5109 alicujus
1771 5037 2124 5109 inquietudi-

489 5132 580 5189 nis
615 5127 903 5192 molestia,
938 5125 1114 5182 libere
1147 5133 1202 5182 et
1232 5129 1426 5199 quiete
1447 5127 1672 5182 Christo
1707 5127 2126 5182 militare.Item

489 5216 905 5280 constituimus
936 5219 990 5268 et
1019 5215 1286 5270 volumus
1326 5215 1574 5269 obeunte
1626 5215 1834 5270 abbate
1864 5216 2126 5286 ejusdem

489 5302 850 5366 monasterii,
883 5301 1044 5356 illum
1091 5303 1216 5357 dari
1261 5301 1422 5356 vobis
1480 5301 1537 5354 in
1597 5303 1864 5358 abbatem
1897 5309 1949 5358 et
1981 5321 2127 5375 pra:-

489 5398 622 5469 poni
655 5407 830 5465 quem
865 5389 1066 5442 fratres
1088 5388 1384 5444 communi
1406 5403 1690 5442 consensu
1724 5389 2130 5462 elcgerint,aut

487 5487 793 5538 Romanus
829 5477 1082 5544 pontifex
1105 5473 1420 5544 providerit
1441 5473 1959 5544 ordinandum,aut
1989 5480 2126 5534 sub-

475 5567 738 5640 jectione
773 5562 1192 5616 monachorum
1219 5561 1481 5631 ejusdem
1515 5559 1622 5614 loci
1647 5567 2006 5622 consenserit
2037 5585 2126 5622 or-

481 5655 780 5718 dinatum.
813 5645 928 5704 Hoc
953 5663 1186 5724 quoque
1218 5645 1469 5722 capitulo
1519 5651 1790 5720 presenti
1830 5655 2130 5734 subjungi-

2235 4683 2558 4752 nere,nullo
2585 4683 2760 4754 digno
2793 4685 3150 4755 praecedente
3173 4693 3458 4758 opere,ad
3489 4691 3602 4748 hoc
3627 4695 3874 4748 nostram

2235 4771 2624 4826 humilitatem
2665 4771 2904 4842 dignata
2949 4777 3038 4830 est
3075 4777 3416 4846 provehere,
3453 4785 3742 4852 quatenus
3781 4791 3874 4850 per

2237 4877 2341 4915 nos
2373 4859 2587 4932 ubique
2615 4863 2902 4916 terrarum
2947 4863 3182 4934 proprio
3241 4869 3538 4940 sanguine
3577 4869 3868 4938 redempta!

2233 4947 2500 5004 Ecclesiae
2525 4949 2718 5002 lumen
2745 4949 3185 5008 administraret
3222 4954 3600 5028 indeﬁciens;
3633 4957 3869 5031 profecto

2235 5035 2579 5092 rationabile
2600 5037 2894 5104 ducimus,
2927 5047 3276 5112 cooperante
3309 5045 3461 5116 ipso,
3488 5049 3558 5104 de
3583 5063 3692 5119 quo
3719 5041 3868 5114 loqui

2236 5125 2645 5197 praesuminus,
2679 5125 3002 5182 secundum
3049 5131 3316 5201 proprias
3363 5135 3522 5192 vires
3573 5132 3870 5200 unicuique

2235 5217 2536 5285 acceptum
2559 5211 2844 5268 talentum
2867 5214 3666 5295 distribuere,ne,apparente
3693 5219 3866 5290 ipsius

2239 5304 2560 5373 majestate,
2595 5303 2748 5373 quod
2781 5303 2963 5357 absit!
3001 5305 3124 5360 sine
3183 5311 3482 5380 acquisita
3533 5314 3688 5368 luero
3723 5307 3868 5364 velut

2237 5391 2464 5447 inutilis
2483 5409 2683 5447 servus
2710 5392 3012 5447 videamur
3036 5411 3316 5453 remeare.
3351 5399 3518 5463 Quod
3553 5401 3746 5472 utique
3775 5408 3868 5467 per

2237 5482 2494 5536 divinam
2525 5481 2986 5538 misericordiam
3037 5489 3316 5558 consequi
3349 5506 3528 5561 posse
3557 5499 3862 5563 speramus,

2237 5571 2286 5623 si
2319 5569 2596 5626 membris
2627 5571 2754 5641 ejus
2780 5569 2968 5626 adhuc
3011 5589 3110 5644 per
3132 5573 3310 5632 ﬁdem
3341 5577 3404 5634 in
3447 5586 3600 5638 terra
3629 5571 3868 5636 celestis

2237 5657 2948 5734 anhelantibus,prtesidia
2970 5677 3096 5734 qua:
3119 5680 3446 5738 possumus
3467 5684 3666 5732 sereno
3677 5664 3868 5744 attactu
