3978 6370
145 448 306 520 1899

1323 435 1734 514 ΕΡῙΒΤΟἸηΕ
1774 445 1875 511 ET
1919 439 2394 512 DIPLOMATA.

3406 447 3564 514 1330

87 575 96 582 ’”
141 585 522 663 suppeditare
547 601 846 644 curamus.
881 583 976 642 Sic
1004 583 1276 653 enim,sic
1307 584 1562 658 profecto
1588 598 1792 655 super-
1825 583 1880 650 Α
1980 580 2099 653 Ego
2157 581 2509 650 Bonifacius,
2587 577 2941 639 Albanensis
3009 579 3343 656 episcopus,
3422 584 3560 640 sub-

145 695 306 736 num'
343 682 557 734 nostris
614 675 916 750 fragilitati
968 674 1354 731 conciliamus
1398 673 1705 740 auxilium,
1738 675 1798 728 et

143 785 294 840 pura
323 768 480 822 intra
507 766 701 822 cordis
757 764 1082 837 hospitium
1145 769 1414 820 manente
1448 762 1792 829 intentione,

142 857 456 914 hominum
514 854 938 926 consequimur
993 855 1247 910 favorem
1279 853 1626 908 honestum:
1661 868 1795 906 cum

141 945 282 1003 licet
313 945 604 1001 universis
652 944 943 1000 debitores
990 942 1178 998 simus
1209 942 1501 1013 gentibus,
1536 941 1671 995 ﬁdei
1704 939 1796 995 lu-

140 1036 303 1092 mine
336 1034 696 1090 clarentibus
720 1051 734 1101 ;
758 1032 1094 1088 domesticis
1117 1047 1349 1103 quoque
1376 1032 1592 1086 nostris
1621 1032 1792 1086 bene-

139 1124 409 1181 volentia
467 1123 660 1178 studio
719 1120 1081 1194 singularem
1140 1137 1340 1176 curam
1374 1119 1792 1191 impendimus,

141 1213 494 1286 magistrum
536 1211 799 1284 gentium
844 1213 1178 1282 sequentes,
1237 1209 1337 1280 qui
1395 1209 1615 1263 bonum
1647 1225 1794 1279 opus

142 1301 456 1374 adimpleri
511 1300 773 1372 pracipit
801 1299 860 1354 in
895 1315 1120 1364 omnes,
1154 1299 1224 1354 ad
1258 1297 1611 1353 domesticos
1662 1297 1794 1352 ﬁdei

142 1391 418 1448 maxime.
479 1388 898 1444 Monasterium
945 1388 1144 1458 itaque
1198 1391 1420 1441 Sancta
1479 1386 1794 1442 Felicitatis

139 1497 278 1537 cum
309 1478 587 1535 omnibus
610 1476 724 1532 sibi
747 1476 1175 1549 pertinentibus
1198 1477 1392 1541 rebus,
1415 1476 1568 1546 quod
1594 1480 1796 1530 nostra

141 1566 493 1642 episcopalis
514 1565 763 1637 simplex
786 1565 978 1621 adhuc
1008 1564 1367 1636 dispensatio
1401 1565 1792 1636 quorumdam

140 1657 643 1730 praedecessorum
666 1659 1003 1710 nostrorum
1026 1652 1381 1725 negligentia
1401 1653 1791 1718 destructum,

137 1746 413 1818 coaptato
427 1742 711 1799 nobilium
727 1741 1268 1799 sanctimonialium
1284 1741 1671 1812 plurimarum
1685 1742 1795 1798 col-

137 1834 318 1907 legio,
350 1832 707 1889 reaediﬁcare
750 1831 972 1887 curavit
1001 1847 1070 1886 ex
1118 1831 1380 1902 integro:
1428 1846 1586 1887 nunc
1615 1829 1791 1886 etiam

139 1923 471 1980 secundum
503 1919 834 1994 apostolicae
867 1919 1044 1988 sedis,
1069 1920 1162 1974 cui
1184 1920 1566 1987 deservimus,
1598 1920 1790 1976 valen-
1822 1959 1870 2022 B

137 2013 420 2085 tiam,per
437 2015 670 2067 nostras
689 2027 904 2066 manus
934 2009 1288 2077 dedicatum,
1320 2010 1632 2066 stabilitate
1664 2027 1792 2082 per-

140 2101 434 2160 severanti
489 2101 858 2170 roboramus,
918 2102 976 2154 et
1025 2100 1448 2167 conﬁrmanus,
1510 2103 1682 2171 atque
1733 2104 1797 2154 ut

137 2195 424 2264 perpetua
453 2189 642 2262 vigeat
662 2188 964 2262 religione,
987 2191 1354 2259 sequestrata
1376 2205 1686 2260 pravorum
1713 2189 1797 2244 in-

139 2280 474 2346 festatione,
507 2278 925 2351 omnipotentis
964 2277 1064 2333 Dei
1116 2277 1542 2333 committimus
1574 2277 1791 2334 tutelae.

137 2369 248 2426 Cui
266 2369 476 2437 etiam,
509 2367 662 2423 sicut
690 2368 934 2440 dignum
959 2366 1127 2422 nobis
1149 2366 1541 2439 videtur,quia
1571 2367 1796 2423 incuria

136 2457 604 2514 Florentinorum
665 2458 1073 2529 episcoporum
1132 2471 1242 2510 sua
1281 2457 1498 2528 pradia
1527 2457 1796 2528 nequiter

139 2551 284 2604 sunt
312 2546 677 2613 distracta,et
697 2545 1117 2618 sacrilegorum
1141 2547 1534 2614 quorumdam
1559 2547 1793 2602 temeri—

142 2639 266 2692 tate
294 2636 518 2700 invasa,
551 2634 950 2702 concedimus,
1013 2639 1069 2690 et
1099 2633 1421 2706 apostolica
1451 2635 1795 2690 auctoritate

141 2724 482 2782 stabilimus
512 2740 753 2780 mansos
810 2728 868 2780 et
925 2724 1138 2780 fundos
1195 2723 1512 2779 venerabili
1543 2724 1666 2780 loco
1700 2723 1795 2795 pia

140 2814 448 2871 devotione
476 2813 724 2881 oblatos,
757 2817 815 2869 et
847 2809 1194 2880 offerendos,
1240 2813 1576 2885 ubicunque
1604 2815 1793 2869 veraci

139 2903 424 2960 relatione
469 2904 599 2974 ejus
631 2901 855 2960 nomini
908 2902 1127 2957 fuerint
1154 2901 1391 2967 titulati,
1425 2919 1648 2974 suoque
1673 2902 1795 2974 juri

139 2992 418 3066 religiosa
448 2991 844 3048 sollicitudine
902 2992 1156 3047 investiti
1217 2995 1390 3063 atque
1423 2991 1792 3047 investiendi.

218 3081 492 3137 Liberum
525 3084 804 3153 praeterea
834 3081 989 3135 idem
1013 3079 1316 3136 reddimus
1351 3080 1794 3146 monasterium,

139 3175 319 3242 atque
352 3169 686 3225 absolutum
746 3169 820 3224 ab
878 3169 1038 3224 omni
1097 3167 1361 3225 saeculari
1410 3172 1466 3223 et
1497 3170 1798 3224 mundana

138 3258 494 3328 conditione,
519 3258 638 3313 sive
660 3256 1044 3321 districtione,
1070 3273 1142 3312 ne
1173 3255 1343 3311 liceat
1363 3255 1537 3312 alicui
1572 3273 1794 3328 magna:

1907 687 2143 744 scripsn

1977 761 2094 832 Ego
2124 761 2401 831 Joannes,
2462 761 2803 818 Portuensis
2859 763 3190 834 episcopus,
3237 761 3556 835 subcripsi.

1977 850 2094 922 Ego
2127 851 2348 916 Petrus,
2387 850 2792 906 Lavicanensis
2823 851 3154 923 episcopus,
3203 851 3554 924 subscripsi.

1977 939 2094 1011 Ego
2125 940 2378 1007 Brunus,
2414 940 2805 996 Praenestinus
2835 940 3165 1013 episcopus,
3200 942 3545 1014 subscripsi.

1977 1028 2093 1099 Ego
2127 1029 2352 1096 Petrus,
2385 1035 2652 1100 peccator
2685 1030 3029 1098 monachus,
3065 1031 3412 1103 subscripsi.

1975 1117 2187 1172 Datum
2233 1117 2531 1174 Florentiae
2579 1124 2740 1175 sexto
2775 1120 2909 1174 Idus
2956 1120 3244 1186 Januarii,
3297 1138 3451 1176 anno
3486 1123 3560 1176 ab

1904 1205 2308 1263 Incarnatione
2341 1208 2571 1262 Domini
2620 1209 2804 1264 nostri
2834 1209 2970 1264 Jesu
3017 1209 3230 1264 Christi
3261 1211 3419 1278 1059,
3455 1227 3559 1282 per

1905 1312 2116 1350 manus
2144 1297 2468 1359 Humberti
2519 1301 2731 1352 sanctaa
2783 1297 3046 1353 Ecclesiae
3080 1296 3546 1354 Silvae-Candida

1903 1384 2179 1456 episcopi,
2215 1390 2272 1440 et
2329 1385 2661 1456 apostolica
2720 1387 2875 1441 sedis
2915 1387 3361 1455 bibliothecarii,
3397 1405 3550 1444 anno

1903 1474 2094 1548 primo
2123 1473 2498 1547 pontiﬁcatus
2549 1474 2771 1531 domini
2839 1493 2999 1548 papae
3053 1476 3269 1532 Nicolai
3302 1477 3369 1546 II,
3406 1478 3557 1534 indi-

1903 1564 2092 1620 ctione
2123 1564 2350 1620 decima
2378 1565 2566 1620 tertia.

2675 1671 2794 1726 XV.

1903 1761 2266 1832 Privilegium
2297 1762 2510 1816 Nicnlai
2543 1761 2594 1816 II
2633 1776 2796 1833 papae
2846 1778 2946 1831 pro
2976 1762 3204 1818 ecclesia
3237 1762 3291 1817 S.
3325 1761 3560 1818 Michae-

2333 1834 2399 1887 lis
2440 1838 2490 1889 et
2517 1838 2577 1889 S.
2610 1833 2831 1888 Eusebii
2860 1835 3126 1888 Poiensis.

2529 1924 2718 1994 (Anno
2754 1922 2936 1993 1060),

2083 2012 2302 2083 [ΙιΑΜῐη
2338 2012 2541 2066 Eccles.
2577 2012 2816 2066 Florent.
2849 2012 3088 2066 Monum.
3121 2011 3194 2078 II,
3224 2012 3376 2083 9/16.]

1974 2099 2261 2156 NICOLAUS
2293 2100 2833 2172 episcopus,servus
2857 2117 3158 2156 servorum
3195 2101 3310 2168 Dei,
3347 2100 3560 2158 dilecto

1905 2190 1963 2244 in
1996 2189 2240 2245 Domino
2265 2189 2381 2244 ﬁlio
2406 2190 2614 2254 Pareo,
2650 2189 2916 2246 Ecclesiae
2947 2190 3143 2245 Sancti
3172 2189 3471 2246 Michaelis
3503 2195 3563 2246 et

1903 2279 2098 2334 Sancti
2148 2278 2400 2342 Eusebii,
2457 2279 2579 2333 sitae
2642 2279 2698 2332 in
2734 2277 2858 2333 loco
2887 2279 2984 2349 qui
3021 2280 3358 2334 nominatur
3399 2280 3558 2348 Poio,

1903 2367 2413 2439 rectoriﬂsuisque
2435 2367 2840 2423 sucessoribus
2867 2368 3143 2423 canonice
3163 2358 3381 2424 ibid-em
3405 2368 3559 2424 ordi-

1904 2457 2133 2521 nandis,
2197 2457 2471 2512 omnibus
2530 2457 2983 2528 quibuscunque
3029 2458 3420 2514 communiter
3447 2459 3563 2513 vic-

1900 2545 2052 2602 turis
2082 2547 2142 2600 in
2174 2550 2551 2618 perpetuum.

1974 2634 2262 2698 Quoniam
2324 2634 2761 2706 Omnipotentis
2818 2635 3082 2707 dignatio
3140 2652 3247 2691 suo
3307 2625 3563 2708 gratuito

1905 2739 2148 2779 munere
2198 2724 2268 2779 ad
2320 2723 2429 2778 hoc
2475 2728 2740 2778 nostram
2778 2723 3171 2780 humilitatem
3206 2724 3447 2798 dignata
3472 2731 3562 2782 est

1904 2813 2241 2886 provehere,
2293 2817 2586 2883 quatenus
2614 2829 2717 2884 per
2747 2829 2853 2868 nos
2879 2813 3096 2884 ubique
3127 2818 3417 2868 terrarum
3452 2814 3564 2869 dif-

1905 2903 2046 2956 fusa:
2069 2901 2335 2957 Ecclesiae
2360 2902 2557 2956 lumen
2584 2901 2959 2956 administret
2989 2901 3351 2970 indeﬁciens,
3387 2903 3562 2959 ratio-

1908 2991 2101 3046 nabile
2157 2991 2396 3047 omnino
2429 2990 2701 3045 ducimus
2751 2991 3004 3062 speciale
3055 2992 3316 3063 regimen
3348 2998 3559 3049 nostrae

1905 3097 2055 3136 curae
2086 3080 2414 3136 commissae
2480 3079 2819 3135 Florentinaa
2880 3080 3148 3136 Ecclesia:
3203 3087 3565 3154 congruente

1906 3170 2236 3242 provisione
2265 3169 2603 3240 impendere
2628 3169 2874 3240 jugiter,
2905 3168 2989 3224 sic
3021 3186 3276 3240 namque
3298 3171 3563 3227 Doctoris

1905 3259 2169 3330 gentium
2227 3257 2441 3312 imitari
2503 3246 2849 3312 valebimus
2877 3256 3114 3313 salubre
3141 3259 3560 3315 documentum

136 3362 464 3422 parvaeque
491 3361 774 3419 personas,
799 3364 832 3402 a
854 3346 1022 3402 nobis
1039 3346 1307 3402 restituta
1341 3345 1574 3417 praedia,
1611 3346 1791 3400 ﬁrmi-
1825 3331 1867 3396 C
1905 3365 2009 3420 pro
2038 3347 2259 3401 viribus
2292 3344 2528 3412 nostris,
2579 3345 2679 3416 qui
2713 3346 2931 3400 bonum
2962 3345 3247 3417 impertiri
3280 3348 3556 3404 omnibus

134 3439 346 3508 terque
375 3434 654 3501 stabilita,
685 3433 1000 3490 decimales
1021 3435 1358 3506 (proventus
1389 3434 1634 3504 scilicet)
1657 3450 1794 3504 quo-

136 3541 256 3598 que
311 3525 597 3597 quosdam
656 3541 690 3580 a
746 3524 916 3580 nobis
949 3539 1262 3579 concessos
1322 3522 1520 3594 aliquo
1559 3522 1792 3594 ingenio

135 3615 404 3684 evadere,
439 3618 543 3670 aut
599 3612 800 3685 aliqua
851 3613 1052 3668 fraude
1111 3611 1436 3683 subripere,
1469 3610 1588 3666 sive
1615 3611 1794 3665 dimi-

140 3719 347 3772 nuere,
396 3703 605 3760 ﬁscum
658 3702 912 3774 denique
943 3718 1044 3757 seu
1071 3702 1325 3757 debitam
1369 3701 1794 3772 subjectionem

135 3794 404 3866 exigere;
434 3793 535 3849 sed
563 3796 798 3848 maneat
819 3790 1171 3846 venerabilis
1191 3789 1356 3845 locus
1384 3794 1584 3845 nostra
1614 3787 1796 3844 tutela

137 3883 415 3939 ﬁrmatus
443 3881 504 3936 in
535 3884 768 3937 sanctos
790 3879 1116 3952 proposito;
1148 3878 1412 3950 nullique
1437 3877 1536 3933 alii
1585 3878 1662 3933 sit
1688 3878 1793 3932 ob-

137 3971 373 4038 noxius,
405 3969 519 4026 nisi
542 3969 873 4026 Florentino
895 3969 1191 4040 episcopo,
1212 3969 1312 4040 qui
1336 3983 1562 4023 memor
1581 3971 1793 4023 nostrae

133 4059 465 4117 devotionis
496 4073 736 4130 suaeque
766 4057 1122 4130 fragilitatis,
1149 4057 1394 4126 justitiae
1430 4073 1639 4111 norma
1672 4073 1794 4112 ser-

129 4153 290 4217 vate,
356 4149 682 4205 secundum
749 4147 1012 4202 Doctoris
1078 4144 1340 4217 gentium
1415 4149 1793 4217 praeceptum,

131 4238 361 4295 eisdem
385 4235 934 4294 sanctimonialibus
965 4234 1245 4291 honorem
1280 4251 1606 4308 congruum
1639 4233 1796 4289 exhi-

131 4327 350 4393 bendo,
387 4326 464 4381 nil
496 4329 704 4398 prater
748 4325 1030 4380 blandum
1063 4324 1391 4378 dominium
1439 4323 1699 4395 requirat
1729 4341 1796 4378 ex

132 4414 354 4471 debito.
377 4415 438 4470 Si
469 4417 686 4482 autem,
712 4413 865 4486 quod
891 4430 1004 4468 non
1029 4412 1343 4478 credimus,
1370 4412 1586 4484 aliquis
1616 4416 1792 4468 teme-

133 4504 332 4561 rarius
359 4503 514 4560 hanc
545 4502 927 4576 apostolicam
961 4501 1323 4558 sanctionem
1347 4500 1568 4557 crudeli
1602 4504 1796 4557 mente

131 4593 447 4651 teﬁtaverit
472 4592 810 4665 refringere,
837 4595 1217 4661 nostramque
1235 4590 1665 4645 institutionem
1699 4607 1792 4645 se-

1895 3437 2068 3508 jubet
2097 3451 2244 3506 opus
2275 3435 2346 3490 ad
2381 3432 2731 3488 domesticos
2783 3433 2938 3500 ﬁdei,
2993 3434 3245 3489 maxime
3289 3451 3422 3490 cum
3456 3453 3560 3507 pro

1905 3524 2122 3580 nostris
2170 3522 2393 3578 viribus
2450 3521 2644 3576 divino
2705 3519 2868 3575 cultu
2926 3521 3070 3578 locis
3128 3522 3339 3578 dicatis
3383 3525 3563 3597 digna

1904 3611 2329 3686 providerimus
2360 3607 2662 3680 obsequia,
2687 3613 2751 3663 ut
2774 3609 3067 3666 indefessa
3096 3609 3358 3668 laudatio
3390 3613 3448 3667 in
3472 3614 3557 3669 eis

1904 3702 2228 3757 celebretur
2285 3715 2387 3770 per
2444 3699 2642 3753 omnia
2700 3699 2932 3752 saecula.
2997 3699 3110 3755 Sed
3170 3702 3310 3772 quia
3343 3701 3558 3774 lapidei

1905 3791 2154 3864 parietes
2183 3805 2296 3843 non
2331 3789 2401 3843 ad
2437 3787 2545 3842 hoc
2578 3791 2718 3842 sunt
2747 3789 3073 3844 constructi
3098 3793 3160 3843 ut
3186 3791 3302 3845 Deo
3328 3791 3558 3862 possint

1904 3880 2114 3951 dignas
2145 3893 2410 3950 promere
2439 3876 2998 3948 laudes,congruum
3043 3877 3298 3949 profecto
3326 3879 3560 3934 videtur

1905 3968 1976 4024 ad
2009 3967 2190 4023 divini
2212 3966 2404 4038 operis
2426 3965 2839 4037 perfectionem
2860 3965 3202 4022 clericorum
3221 3966 3374 4023 circa
3391 3983 3560 4024 vene-

1903 4056 2110 4112 rabilia
2162 4055 2288 4110 loca
2344 4055 2617 4110 ordinare
2676 4053 2943 4110 sedulam
2987 4055 3554 4127 frequentationem:

1904 4147 2004 4218 qui
2037 4143 2275 4217 quidem
2307 4144 2423 4199 nisi
2454 4143 2702 4199 terrenis
2743 4143 3124 4216 corporaliter
3155 4149 3563 4202 sustentantur

1904 4233 2231 4306 stipendiis,
2289 4232 2483 4288 idonei
2544 4233 2637 4286 vix
2700 4238 2951 4304 possunt
3009 4234 3257 4290 existere
3301 4234 3562 4291 cultibus

1905 4323 2156 4391 divinis;
2191 4338 2325 4377 cum
2359 4322 2484 4393 ipse
2516 4321 2721 4375 mundi
2775 4323 3052 4377 Conditor
3086 4325 3416 4379 secundum
3449 4324 3557 4379 hu-

1905 4429 2139 4468 manam
2171 4411 2396 4466 unitam
2429 4410 2538 4464 sibi
2566 4410 2870 4464 materiam
2902 4411 3180 4483 dignatus
3206 4413 3284 4467 sit
3310 4413 3563 4484 perferre

1905 4502 2064 4558 sitim
2087 4507 2146 4557 et
2164 4500 2438 4556 esuriem.
2468 4499 2556 4552 Ad
2579 4498 2825 4571 gloriam
2846 4498 3044 4569 itaque
3065 4499 3361 4573 illius,per
3386 4517 3562 4573 quem

1904 4592 2155 4646 vivimus
2187 4595 2244 4646 et
2275 4605 2506 4652 sumus,
2531 4587 2944 4660 pretiosissimi
2979 4588 3280 4644 Michaelis
3310 4589 3559 4644 archan-

134 4681 398 4740 cundum
431 4682 622 4738 locum
685 4681 948 4738 lzedendo
997 4697 1248 4746 cassare,
1311 4678 1425 4734 nisi
1457 4679 1793 4735 admonitus
1824 4702 1871 4767 D
1905 4680 2017 4754 geli
2052 4686 2230 4751 atque
2263 4677 2499 4734 Eusebii
2545 4675 2844 4732 basilicam
2877 4681 3076 4731 nostro
3100 4677 3340 4748 quidem
3363 4678 3560 4733 horta-

133 4770 546 4843 resipuerit,ac
566 4771 740 4844 digne
753 4767 1575 4836 emendaverit,anathematis
1598 4767 1793 4840 gladio

133 4859 503 4934 percutiatur
517 4860 588 4915 ab
613 4858 999 4931 omnipotenti
1020 4857 1346 4924 divinitate,
1370 4856 1637 4927 jaculata
1682 4856 1794 4912 sibi

135 4950 212 5006 de
239 4949 382 5004 c0310
411 4948 637 5005 ultione
660 4948 721 5003 in
745 4947 852 5003 hac
874 4947 1144 5020 praesenti
1171 4963 1343 5001 carne
1364 4945 1794 5016 interﬁciatque

137 5052 278 5093 eum
311 5042 463 5093 Deus
495 5036 705 5109 spiritu
752 5035 872 5092 oris
903 5036 1016 5104 sui,
1072 5036 1216 5090 dum
1266 5033 1488 5089 venerit
1527 5034 1796 5104 judicare

137 5125 444 5184 saeculum.
479 5126 586 5191 Qui
616 5142 750 5182 vero
805 5128 1016 5180 nostra:
1066 5121 1455 5179 roborationis
1494 5122 1627 5194 pius
1659 5138 1794 5177 con-

135 5219 404 5272 servator
450 5214 754 5282 exstiterit,
815 5213 876 5268 in
929 5213 1188 5269 secundo
1220 5211 1470 5265 adventu
1503 5214 1798 5265 mereatur

137 5304 305 5361 illam
366 5303 708 5360 melliﬁuam
765 5319 962 5358 vocem
995 5301 1235 5358 audire:
1277 5301 1476 5367 Venite,
1532 5299 1798 5353 benedicti

136 5392 329 5447 Patris
354 5392 483 5459 mei,
530 5392 793 5462 percipite
821 5406 1051 5460 regnum
1099 5387 1303 5460 (Matth.
1356 5403 1484 5442 xxv.
1517 5387 1797 5441 Praeterea

137 5486 210 5538 ut
248 5481 373 5536 haec
403 5479 619 5552 pagina
648 5480 822 5535 ﬁdem
855 5478 1185 5552 legentibus
1208 5479 1520 5542 astruat,et
1550 5475 1794 5546 propria:

138 5585 359 5626 manus
389 5567 842 5640 subscriptione,
901 5572 959 5623 et
1009 5563 1311 5639 apostolici
1351 5563 1529 5635 sigilli
1563 5562 1796 5619 munire

139 5656 486 5715 studuimus
515 5655 919 5726 impressione.

217 5752 246 5816 1-
282 5745 545 5815 Sigillum
573 5745 784 5800 Nicolai
803 5759 991 5814 papw.

1906 4770 2084 4836 mine,
2158 4768 2627 4824 Florentinorum
2706 4781 2838 4821 vero
2910 4766 3122 4820 civium
3199 4767 3560 4839 sumptibus,

1907 4859 2151 4932 pulchra
2170 4857 2363 4930 specie
2380 4857 2793 4922 instauratam,
2815 4855 3223 4928 episcoporum
3249 4862 3562 4929 aggregato

1906 4955 2076 5017 coetu,
2111 4947 2362 5020 propriis
2413 4945 2686 5000 manibus
2738 4944 3146 5016 episcOporum
3192 4945 3461 5001 Perusini
3509 4950 3567 5001 et

1907 5035 2201 5095 Rosellani
2224 5034 2590 5091 reddidimus
2620 5033 3160 5100 dedicatam.Quam
3189 5036 3410 5090 nudam
3439 5035 3566 5091 sine

1907 5129 2038 5183 dote
2069 5125 2364 5180 dimittere
2386 5123 2697 5195 indignum
2727 5122 3310 5194 valdejudicavimus
3333 5128 3566 5197 aposto-

1908 5216 2020 5270 lica
2075 5213 2407 5278 sedulitate,
2468 5211 2560 5265 cui
2621 5210 2906 5283 praecipue
2961 5213 3244 5284 competit
3273 5213 3568 5268 honestati

1909 5303 2198 5360 studendo
2230 5299 2753 5366 omnibus,nedum
2777 5300 3054 5371 injuriam
3080 5299 3568 5372 patientibus,pia

1909 5390 2303 5449 sollicitudine
2335 5387 2663 5444 subvenire.
2697 5388 3116 5443 Assistentium
3149 5405 3286 5458 ergo
3318 5387 3566 5441 fratrum

1910 5477 2404 5550 hortatu,proprio
2436 5493 2670 5547 quoque
2693 5475 3241 5542 consilio,roborati,
3280 5484 3568 5544 praesente

1910 5566 2240 5625 Florentino
2274 5564 2508 5638 populo,
2569 5582 2672 5636 pro
2720 5564 2971 5636 peccatis
3011 5563 3279 5633 ejusdem
3314 5562 3570 5620 civitatis

1911 5654 2332 5731 przesulum,ob
2365 5657 2626 5708 nostram
2658 5670 2890 5724 quoque
2914 5651 3572 5722 devotionem,denique

1913 5749 2149 5820 propter
2169 5743 2349 5798 totius
2372 5741 2572 5814 populi
2595 5741 2865 5808 salutem,
2893 5739 3252 5796 consecratis
3284 5739 3570 5796 altaribus
