3978 6338
429 433 585 504 1331

1777 433 2088 503 NIGOLAI
2130 435 2186 502 ll
2227 435 2458 503 ΡΛΡΕ

3686 429 3836 502 {33!

428 573 779 646 praediorum
813 577 868 631 et
896 571 1156 631 omnium
1187 587 1426 630 suarum
1457 587 1828 644 rerum,quas
1851 571 2059 626 saltem
2091 571 2146 638 Α
2174 570 2438 627 Ecclesiae
2452 571 2616 627 Silvae
2630 569 2901 628 Candida
2917 567 3200 646 episcopi,
3229 573 3288 629 et
3317 567 3662 645 apostolicae
3681 569 3834 628 sedis

432 662 504 718 ad
527 679 782 734 praesens
813 662 1511 734 potuimus,investituras
1534 660 1882 732 apostolicae
1903 660 2066 716 obtu-

430 748 630 806 limus.
665 751 906 822 Suscipe
963 751 1159 822 igitur,
1193 749 1560 805 sanctissime
1611 748 1858 804 Michael
1890 751 2066 818 atque

433 839 664 905 Eusebi,
696 839 802 894 tibi
850 839 1203 909 jamdudum
1257 837 1614 892 devotissimi
1655 854 1815 908 papae
1847 835 2064 891 Nicolai
2097 889 2112 902 ,

431 927 826 982 voluntarium
881 942 1116 991 munus,
1177 930 1532 996 tuarumque
1585 939 1780 980 rerum
1843 940 1948 995 per
1975 939 2066 978 me

436 1016 643 1070 amodo
676 1018 731 1068 et
759 1030 942 1084 usque
965 1014 1024 1067 in
1055 1014 1478 1084 sempiternum
1527 1013 1819 1084 singulare
1836 1016 1892 1067 et
1921 1013 2067 1066 inte-

435 1117 604 1173 grum
627 1101 750 1156 sine
775 1101 966 1172 aliqua
985 1102 1372 1156 controversia
1391 1101 1704 1173 aggredere
1720 1099 2067 1166 dominium,

437 1195 725 1262 quatenus
741 1193 839 1244 tuo
855 1189 1074 1244 nomini
1097 1191 1153 1244 in
1169 1189 1300 1244 aula
1313 1190 1576 1244 dedicata
1609 1189 1918 1260 religiosus
1957 1187 2068 1242 cle-

439 1295 540 1334 rus
569 1278 683 1332 Deo
711 1278 1092 1349 omnipotenti
1123 1277 1365 1332 laudum
1398 1278 1592 1331 reboet
1631 1277 1875 1332 cantica.
1908 1275 2070 1330 Desi-

439 1371 690 1440 gnentur
745 1371 938 1420 autem
973 1370 1072 1420 tua
1123 1365 1338 1436 praedia
1368 1381 1469 1435 per
1499 1365 1765 1434 subjecta
1793 1361 2073 1418 vocabula

437 1455 679 1521 scilicet,
712 1457 867 1508 totus
899 1453 1177 1508 circuitus
1205 1453 1523 1523 adjacentis
1553 1451 1817 1507 Ecclesiae
1835 1451 1894 1504 in
1924 1450 2071 1506 inte-

442 1557 746 1615 grum,nec
765 1559 876 1596 non
899 1545 1096 1612 portus
1117 1545 1172 1596 et
1189 1542 1660 1606 vitrecetum,nec
1685 1557 1798 1594 non
1817 1543 1873 1594 et
1893 1538 2076 1594 domi-

443 1631 634 1686 nicata
648 1631 1033 1700 etvinea,quce
1047 1629 1306 1683 detinent
1319 1629 1420 1682 ﬁlii
1436 1628 1680 1683 Joannis
1701 1628 1804 1682 ﬁlii
1825 1627 2070 1694 Bonize;

443 1723 499 1774 et
526 1719 691 1774 vinea
720 1735 894 1789 quam
926 1718 1143 1772 detinet
1177 1723 1317 1772 Aczo
1349 1716 1666 1788 presbyteri
1713 1716 1902 1770 Cresci
1941 1731 2074 1770 cum

444 1807 656 1862 salecto
689 1807 841 1877 quod
899 1807 1160 1860 detinent
1215 1805 1318 1858 filii
1378 1805 1662 1870 Morandi,
1725 1803 1848 1859 hzec
1879 1803 2077 1858 omnia

442 1894 619 1966 hujus
641 1894 906 1949 Ecclesia:
937 1895 1226 1948 habentur
1272 1894 1525 1964 propria,
1557 1897 1615 1947 et
1641 1892 1792 1963 petia
1823 1892 1892 1946 de
1923 1895 2076 1946 terra

442 1983 631 2056 posita
661 1983 718 2038 in
749 1983 934 2053 capite
979 1982 1173 2054 pontis
1194 1982 1298 2036 rivi
1331 1980 1514 2037 sancti
1535 1981 1792 2048 Andreae,
1823 1984 1878 2036 et
1909 1997 2073 2035 man-

439 2075 566 2127 tum
601 2072 657 2125 in
690 2072 999 2126 Rusciano.
1737 2117 1740 2120 .

516 2161 644 2215 Ilmc
673 2176 805 2214 vero
837 2160 1033 2215 omnia
1067 2163 1470 2213 summotenus
1501 2157 1973 2224 memoravimus,
2005 2171 2078 2210 ne

449 2248 580 2320 quis
601 2248 826 2304 dubitet
845 2247 1026 2302 multo
1049 2247 1332 2318 ampliora
1357 2246 1570 2318 praedia
1601 2245 1751 2300 hanc
1773 2243 2077 2300 ecclesiam

447 2353 562 2392 non
611 2335 885 2390 detinere.
961 2334 1330 2390 Absolvimus
1387 2337 1663 2405 praterea
1714 2331 2079 2402 liberumque

445 2425 719 2480 eumdem
747 2423 1132 2479 venerabilem
1189 2423 1380 2478 locum
1439 2421 1754 2492 apostolica
1781 2421 2081 2476 sanctione

451 2513 760 2584 persistere
775 2514 1074 2583 jubemus,
1099 2527 1204 2565 nec
1225 2510 1394 2565 liceat
1415 2509 1584 2564 alicui
1611 2525 1796 2581 parvae
1829 2523 2084 2580 magnae-

451 2619 565 2674 que
593 2619 849 2673 personae
881 2601 1096 2656 ibidem
1152 2598 1426 2655 canonice
1470 2601 1810 2670 aggregatos
1843 2597 2082 2652 clericos

451 2691 853 2756 dehonestare,
881 2695 938 2744 et
964 2688 1332 2761 plancitando
1363 2687 1638 2742 infestare
1685 2685 1772 2741 vel
1820 2685 2082 2740 debitum

451 2779 738 2836 tributum
765 2780 836 2834 ab
867 2778 952 2832 eis
983 2777 1228 2848 exigere,
1263 2793 1364 2832 seu
1412 2774 1609 2846 aliqua
1639 2774 1941 2830 occasione
1969 2773 2082 2828 sibi

453 2885 488 2924 a
515 2868 684 2924 nobis
713 2871 814 2922 aut
843 2867 914 2922 ab
947 2865 1240 2936 aliquibus
1289 2863 1558 2919 ﬁdelibus
1615 2879 1707 2918 res
1754 2877 2081 2928 concessas,

453 2955 570 3010 sive
591 2952 1303 3018 concedendas,invadere,
1329 2951 1687 3018 subtrahere,
1717 2949 2042 3006 diminuere
2067 2965 2080 3015 ;

453 3044 646 3114 sitque
676 3042 961 3097 immunis
987 3041 1296 3112 praedictus
1326 3039 1488 3096 locus
1509 3039 1580 3094 ab
1603 3037 1761 3094 omni
1785 3037 2082 3110 pensione,

457 3131 566 3187 sub
597 3131 782 3186 sancti
839 3129 1136 3184 Michaelis
1189 3133 1245 3182 et
1301 3127 1486 3182 sancti
1544 3125 1776 3182 Eusebii
1815 3126 2080 3192 tuitione,

457 3218 791 3289 nulliusque
850 3217 1194 3288 subjiciatur
1247 3215 1527 3282 dominio,
1587 3215 1699 3269 nisi
1755 3213 2083 3268 Florentino

2172 659 2776 728 bibliothecarii,anno
2803 663 2994 733 primo
3018 661 3402 733 pontiﬁcatus
3425 659 3660 716 domini
3679 675 3832 732 papa:

2173 747 2389 803 Nicolai
2417 750 2678 816 secundi,
2713 749 3032 806 indictione
3056 767 3180 806 xm.

2173 943 2426 997 Nicotaus
2471 944 2524 997 II
2564 944 2803 1000 ecclesiae
2848 947 2907 998 S.
2941 943 3192 1001 ’Andreaz
3231 945 3650 1000 Mussianensi:
3705 943 3838 998 bona

2631 1031 2694 1068 ac
2715 1015 3014 1085 privilegia
3053 1017 3365 1086 conﬁrmat.

2797 1103 2986 1174 (Anno
3019 1103 3204 1174 1060.)

2509 1189 2800 1260 [UGHELLI,
2831 1191 2998 1246 Italia
3025 1207 3207 1258 sacra,
3239 1191 3336 1256 Ill,
3367 1192 3494 1262 63.]

2250 1277 2536 1334 NICOLAUS
2566 1278 3106 1350 episcOpus,servus
3135 1295 3446 1336 servorum
3482 1279 3608 1348 Dei,
3633 1279 3838 1337 dilecto

2178 1363 2238 1418 in
2269 1364 2516 1421 Domino
2570 1365 2688 1421 ﬁlio
2729 1367 2938 1422 Jomm
2969 1367 3150 1438 priori
3181 1365 3460 1423 Ecclesiaa
3517 1369 3578 1424 S.
3631 1369 3840 1423 Andra:

2177 1453 2462 1508 Musciani
2493 1453 2616 1508 sita
2639 1455 2814 1526 digno
2835 1455 3424 1529 praeposito,suisque
3443 1455 3840 1512 confratribus

2179 1540 2457 1596 canonice
2467 1541 3142 1615 viventibus,eorumque
3155 1544 3840 1600 successoribusibidem

2181 1628 2457 1684 canonice
2488 1631 2866 1686 manentibus
2895 1631 2954 1686 in
2981 1635 3354 1704 perpetuum.

2251 1716 2536 1779 Quoniam
2567 1719 2996 1791 Omnipotenlis
3017 1719 3278 1793 dignatio
3301 1737 3412 1776 suo
3431 1723 3698 1792 gratuito
3721 1737 3844 1776 mu-

2184 1821 2319 1860 nere
2341 1807 2412 1860 ad
2431 1805 2580 1861 hanc
2607 1813 2866 1862 nostram
2891 1807 3284 1864 humilitatem
3327 1809 3582 1881 dignata
3601 1813 3694 1864 est
3715 1825 3844 1881 pro-

2183 1893 2412 1960 vehere,
2445 1899 2736 1966 quatenus
2787 1913 2888 1967 per
2916 1914 3020 1952 nos
3052 1897 3270 1968 ubique
3291 1901 3602 1953 terrarum
3623 1897 3842 1953 diffusa:

2185 1981 2452 2036 Ecclesiae
2475 1981 2672 2038 lumen
2696 1983 3064 2040 administrat
3093 1984 3470 2053 indeﬁciens,
3495 1985 3844 2042 rationabile

2187 2067 2425 2122 omnino
2481 2069 2754 2124 ducimus
2803 2069 3038 2140 speciali
3097 2070 3384 2142 regimine
3441 2077 3670 2128 nostrae
3701 2088 3842 2128 cura

2187 2153 2508 2210 commissis
2529 2155 2870 2211 Florentinis
2891 2155 3155 2212 Ecclesia
3193 2164 3639 2229 congruentem
3661 2159 3840 2232 provi-

2187 2243 2408 2298 sionem
2457 2243 2792 2315 impendere
2813 2246 3070 2317 jugiter:
3117 2245 3201 2300 sic
3231 2261 3501 2317 namque
3534 2247 3838 2306 Doctorem

2187 2331 2448 2404 gentium
2465 2331 2789 2388 valebimus
2801 2333 3034 2388 salubre
3055 2333 3484 2390 documentum
3503 2353 3616 2408 pro
3627 2337 3839 2392 viribus

2187 2419 2424 2487 nostris,
2450 2421 2548 2492 qui
2571 2421 2787 2476 bonum
2801 2421 3084 2494 impertiri
3097 2422 3566 2494 omnibusjubet
3583 2429 3838 2497 oportere

2191 2509 2262 2562 ad
2283 2509 2637 2566 domesticos
2659 2511 2790 2565 ﬁdei
2841 2511 3114 2578 maxime,
3149 2527 3284 2566 cum
3308 2527 3418 2583 pro
3467 2513 3696 2570 nostris
3718 2514 3842 2568 viri-

2190 2595 2302 2650 bus
2333 2597 2527 2652 divino
2560 2597 2746 2652 cultui
2769 2597 2912 2654 locis
2943 2598 3152 2654 dicatis
3186 2597 3366 2670 digna
3397 2601 3842 2671 provideremus

2191 2684 2493 2756 obsequia,
2528 2690 2594 2741 ut
2615 2685 2905 2742 indefessa
2923 2685 3182 2742 laudatio
3199 2685 3258 2741 in
3275 2688 3363 2743 eis
3391 2687 3730 2746 celebretur
3751 2705 3846 2762 per

2193 2772 2390 2827 omnia
2419 2773 2657 2832 saecula.
2696 2774 2926 2830 Scilicet
2955 2773 3094 2846 quia
3109 2773 3326 2844 lapidei
3347 2774 3614 2846 parietes
3641 2793 3758 2833 non
3777 2776 3844 2834 ad

2191 2859 2302 2914 hoc
2333 2864 2472 2916 sunt
2498 2861 2837 2929 constructi,
2873 2865 2938 2916 ut
2987 2861 3236 2918 Domino
3284 2863 3526 2933 possint
3582 2879 3844 2935 promere

2191 2947 2416 3018 laudes,
2445 2949 2742 3021 egregium
2775 2951 3030 3021 profecto
3069 2950 3304 3006 videtur
3339 2952 3420 3006 ad
3454 2951 3642 3010 divini
3657 2952 3844 3026 operis

2193 3036 2604 3107 perfectionem
2637 3037 2979 3094 clericorum
3024 3038 3179 3094 circa
3207 3038 3575 3096 venerabilia
3603 3039 3728 3098 loca
3757 3057 3844 3097 or-

2194 3122 2396 3179 dinare
2425 3125 2690 3180 sedulam
2721 3126 3270 3197 frequentationem.
3315 3127 3432 3192 Qui
3463 3128 3704 3200 quidem
3735 3127 3843 3186 nisi

2193 3212 2439 3266 terrenis
2470 3213 2870 3284 temporaliter
2899 3213 3349 3270 substententur
3379 3217 3696 3288 stipendiis
3727 3217 3844 3272 ido-

455 3307 746 3380 episcopo.
781 3305 840 3361 Si
872 3306 1002 3376 quis
1032 3321 1185 3376 ergo,
1221 3305 1373 3376 quod
1407 3321 1520 3358 non
1559 3303 1873 3370 credimus,
1908 3301 2088 3357 sacri-
2119 3290 2164 3359 C
2204 3299 2448 3366 neis,vix
2468 3305 2717 3371 possunt
2737 3301 3011 3358 assistere
3032 3301 3291 3358 cultibus
3311 3302 3556 3376 divinis,
3571 3321 3705 3360 cum
3727 3305 3844 3376 ipse

456 3395 587 3468 lega
606 3398 819 3461 mente,
852 3394 1004 3465 quod
1028 3393 1088 3448 iu
1111 3397 1421 3464 conspectu
1445 3390 1746 3446 Humberti
1779 3389 2090 3446 cardinalis

459 3484 627 3540 Silvae
657 3483 947 3550 Candida,
978 3487 1149 3554 atque
1170 3480 1542 3536 Hildebrandi
1578 3483 1788 3534 sancta:
1822 3479 2090 3534 Romanze

459 3572 724 3628 Ecclesiae
747 3571 1157 3636 archidiaconi,
1191 3586 1295 3624 nec
1326 3579 1441 3622 nun
1479 3567 1884 3639 episcoporum
1915 3569 2095 3623 Peru-

459 3660 572 3716 sini
601 3665 658 3716 et
679 3659 989 3726 Bosellani,
1011 3664 1066 3714 et
1087 3657 1656 3726 Furcuncnsis,juste
1677 3655 2090 3726 stabilivimus,

456 3753 697 3804 conatus
712 3749 882 3804 fuerit
897 3747 1468 3818 infringere,centum
1491 3744 1616 3799 auri
1639 3743 1817 3799 libras
1839 3747 2088 3815 praefatae

451 3838 706 3893 basilica;
737 3839 977 3909 cogatur
1007 3834 1348 3906 persolVere,
1409 3831 1774 3888 medietatem
1817 3832 2086 3904 episcopo

451 3926 868 3990 Florentino,et
899 3923 1265 3990 medietatem
1288 3921 1509 3978 clericis
1535 3922 1796 3992 ejusdem
1820 3920 2084 3976 Ecclesia;

446 4013 920 4078 consistentibus,
977 4011 1450 4080 descendantque
1505 4025 1681 4080 super
1715 4025 1850 4064 eum
1882 4025 2085 4067 omnes

446 4101 558 4157 illm
582 4099 1158 4166 maledictiones,nisi
1183 4099 1518 4153 admonitus
1541 4096 1902 4168 satisfecerit,
1935 4114 2084 4168 quas

445 4189 505 4244 in
537 4187 981 4244 Deuteronomio
1013 4191 1251 4241 sanctus
1299 4185 1572 4257 ascripsit
1601 4187 1826 4258 Moyses
1857 4203 1870 4254 ;
1904 4189 2084 4257 utque

443 4277 756 4332 interﬁciat
782 4291 916 4330 eum
947 4275 1101 4330 Deus
1133 4273 1340 4345 spiritu
1381 4275 1498 4329 oris
1529 4275 1640 4341 sui,
1673 4275 1827 4329 sicut
1857 4273 2080 4331 Dathan

443 4370 502 4422 et
527 4365 761 4432 Abiron,
793 4381 942 4436 quos
970 4363 1127 4418 vivos
1159 4367 1312 4418 terra
1358 4363 1679 4435 deglutivit.
1713 4363 1988 4418 Praeterea
2018 4367 2084 4418 ut

441 4455 562 4510 haec
616 4453 827 4526 pagina
857 4452 1090 4524 plenam
1142 4452 1318 4507 ﬁdem
1351 4451 1736 4523 praesentibus
1768 4467 1870 4505 seu
1901 4450 2078 4506 etiam

439 4543 687 4616 posteris
717 4545 958 4607 astruat,
995 4544 1051 4596 et
1073 4540 1316 4612 propriae
1340 4555 1552 4594 manus
1585 4537 1998 4609 suscriptione,
2023 4543 2082 4594 et

439 4631 742 4704 apostolici
775 4628 961 4701 sigelli
997 4628 1356 4682 munivimus
1387 4625 1791 4698 impressione.

510 4722 627 4792 Ego
657 4717 1008 4788 Bonifacius,
1041 4713 1389 4771 Albauensis
1428 4715 1756 4786 episcopus,
1791 4714 1893 4769 SS.

507 4809 624 4879 Ego
653 4808 882 4872 Petrus,
925 4809 1138 4859 sanctae
1169 4803 1515 4858 Gabinensis
1545 4801 1814 4858 Ecclesia:
1844 4803 2068 4874 episco-

433 4911 566 4966 pus,
598 4895 697 4950 SS.
1783 4941 1794 4950 .

501 4985 618 5052 Ego
651 4984 862 5048 Bruno,
896 4981 1286 5036 Praznestinus
1317 4981 1648 5053 episcopus,
1683 4982 1783 5036 SS.

499 5071 614 5140 Ego
642 5069 989 5138 Stephanus,
1024 5068 1350 5140 apostolicae
1373 5069 1528 5124 sedis
1552 5087 1775 5136 servus,
1808 5069 1878 5123 de
1902 5069 2067 5125 titulo

425 5159 482 5213 S.
518 5156 872 5227 Chrysogoni
904 5159 1226 5228 presbyter,
1261 5159 1361 5212 SS.

493 5246 611 5316 Ego
640 5244 914 5310 Joannes,
949 5244 1281 5298 Portuensis
1313 5244 1639 5314 episcopus,
1673 5247 1772 5301 SS.

491 5336 608 5405 Ego
643 5333 865 5397 Petrus,
901 5335 1173 5386 Peccator
1203 5331 1542 5398 monachus,
1577 5339 1671 5387 SS.

489 5419 968 5491 EgoDesiderius,
1005 5418 1528 5488 presbytersanctze
1563 5419 1838 5476 Romanae
1881 5423 2064 5478 Eccle-

419 5507 516 5560 sia:
546 5521 616 5558 ex
645 5501 814 5556 titulo
847 5503 904 5557 S.
939 5504 1194 5566 Caecilia),
1227 5504 1326 5557 SS.

487 5593 698 5644 Datum
735 5589 1036 5646 Florentiae
1059 5609 1172 5645 xvn
1211 5590 1333 5642 Kal.
1369 5591 1556 5658 Faba,
1590 5611 1744 5650 anno
1767 5597 1838 5651 ab
1865 5598 2058 5652 Incar-

414 5677 650 5734 natione
681 5673 912 5728 Domini
945 5679 1100 5746 1060,
1134 5695 1236 5749 per
1267 5693 1474 5733 manus
1506 5679 1808 5738 Humberti
1841 5691 2054 5741 sanctae

2199 3385 2472 3443 Conditor
2499 3389 2704 3444 mundi
2735 3390 3060 3445 secundum
3087 3390 3420 3448 humanam
3481 3393 3708 3448 unitam
3736 3391 3841 3447 sibi

2201 3480 2502 3532 materiem
2531 3478 2806 3549 dignatus
2833 3477 2910 3534 sit
2937 3479 3192 3550 perferre
3221 3479 3388 3536 sitim
3413 3486 3471 3538 et
3490 3480 3742 3538 esuriem
3769 3479 3834 3536 ad

2199 3563 2446 3636 gloriam
2467 3565 2754 3638 illius,per
2775 3583 2948 3638 quem
2971 3571 3268 3636 sumus,et
3287 3567 3570 3634 vivimus,
3605 3573 3662 3624 et
3679 3569 3834 3639 cujus

2199 3653 2596 3710 misericordia
2651 3656 3068 3727 gubernamur,
3129 3655 3544 3712 assistentium
3601 3657 3834 3712 fratrum

2199 3758 2410 3815 magno
2431 3759 2665 3816 quoque
2686 3744 2941 3808 hortatu,
2972 3760 3078 3800 nec
3101 3760 3218 3799 non
3249 3747 3310 3800 et
3329 3745 3658 3818 presbyteri
3675 3745 3834 3802 Joan-

2197 3830 2288 3886 nis
2304 3831 2556 3886 ecclesite
2579 3832 2886 3886 S.Andrea:
2901 3831 3192 3888 Musciani
3215 3831 3342 3888 sita:
3367 3833 3684 3890 venerandi
3703 3849 3832 3904 pra:-

2193 3919 2368 3989 positi
2411 3918 2758 3991 dignissimo
2789 3923 3016 3992 rogatu,
3071 3921 3308 3993 prOprio
3337 3938 3580 3995 quoque
3606 3919 3830 3978 consilio

2195 4008 2446 4064 roborati
2467 4007 2850 4080 praesentibus
2874 4008 3096 4065 scilicet
3115 4015 3330 4066 nostra
3353 4011 3532 4068 curia:
3551 4009 3828 4074 ﬁdelibus,

2192 4097 2573 4168 ejusdemque
2586 4096 2840 4152 ecclesiae
2863 4099 3149 4168 potronis,
3170 4098 3406 4156 Joanne
3425 4099 3704 4168 videlicet,
3735 4095 3823 4169 qui

2191 4185 2406 4240 dicitur
2451 4185 2898 4250 Corbacchione,
2959 4185 3078 4241 ﬁlio
3129 4187 3380 4254 Rustici,
3413 4191 3472 4244 et
3499 4187 3692 4260 Ugone
3717 4183 3822 4240 ﬁlio

2191 4274 2471 4340 Uberti,et
2489 4273 2910 4345 Sichelmo,qui
2925 4273 3142 4330 dicitur
3157 4275 3463 4345 Morellus,
3495 4275 3612 4330 ﬁlio
3634 4271 3822 4328 Ansel-

2190 4365 2356 4434 mi,et
2377 4362 3068 4429 Rolandino,etAnselmo
3081 4363 3338 4436 egregiis
3355 4365 3498 4421 ﬁliis
3509 4358 3822 4420 Ildebrandi

2189 4452 2292 4507 ﬁlii
2323 4452 2550 4517 Leonis,
2583 4457 2638 4506 et
2655 4451 3006 4522 Segnorello,
3027 4455 3086 4507 et
3107 4453 3372 4510 Bonomo
3423 4451 3668 4527 egregiis
3693 4447 3816 4504 ﬁliis

2189 4541 2416 4597 Rodulﬁ
2449 4539 2552 4594 ﬁlii
2574 4541 2840 4612 ejusdem
2865 4539 3202 4596 Ildebrandi
3222 4541 3438 4598 obnixe
3459 4545 3710 4598 nostram
3731 4537 3818 4592 de-

2103 4649 2152 4714 D
2187 4629 2476 4685 votionem
2510 4646 2612 4701 pro
2665 4629 2917 4700 peccatis
2949 4629 3075 4685 suis
3134 4631 3555 4698 exorantibus;
3587 4625 3814 4696 denique

2183 4735 2286 4789 pro
2317 4717 2580 4788 ejusdem
2611 4716 2862 4772 ecclesias
2919 4717 3172 4774 maxime
3203 4719 3264 4774 in
3299 4719 3498 4776 futuro
3529 4715 3807 4790 regimine:

2178 4812 2234 4862 et
2264 4807 2438 4862 etiam
2471 4805 2648 4862 totius
2679 4805 3124 4878 populﬂsalute,
3151 4813 3450 4880 quatenus
3479 4804 3802 4880 pradiorum

2181 4912 2445 4961 suorum,
2477 4899 2532 4951 et
2561 4896 2826 4950 omnium
2853 4911 3097 4950 suarum
3120 4897 3552 4968 proprietatum
3571 4891 3804 4949 decima-

2179 4984 2334 5039 tione
2365 4984 2476 5055 ipsi
2507 4983 3118 5055 ecclesiazgprivilegiis
3149 4986 3596 5057 praeceptionem
3625 4991 3804 5036 conce-

2177 5073 2468 5140 deremus,
2503 5072 2656 5142 quod
2681 5072 2890 5128 saltem
2925 5072 2997 5127 ad
3029 5089 3293 5144 praesens
3325 5073 3638 5146 potuimus,
3667 5071 3720 5124 et
3747 5065 3800 5119 in

2177 5161 2438 5215 futurum
2457 5159 2950 5228 inviolabiliter,et
2967 5160 3324 5217 aaternaliter
3343 5163 3689 5223 observetur,
3718 5153 3800 5208 in-

2173 5251 2516 5305 vestituram
2531 5248 2906 5320 apostolicam
2925 5243 3796 5322 obtulimus.Suscipe,Domine,

2173 5341 2372 5393 sancte
2419 5337 2584 5392 Pater
2622 5337 2990 5408 omnipotens
3035 5341 3092 5392 et
3113 5341 3331 5394 aeterne
3358 5339 3510 5394 Deus
3538 5351 3649 5390 una
3677 5343 3796 5388 cum

2173 5425 2312 5480 Filio
2334 5429 2454 5492 tuo,
2478 5431 2534 5480 et
2555 5424 2772 5496 Spiritu
2803 5429 3028 5491 sancto,
3063 5441 3168 5480 nec
3213 5443 3334 5482 non
3359 5431 3418 5482 et
3441 5443 3568 5482 cum
3601 5423 3658 5478 Β.
3685 5425 3796 5473 An-

2171 5514 2308 5570 drea
2329 5513 2588 5585 apostolo
2635 5517 2732 5568 tuo
2749 5514 3108 5584 jamdudum
3129 5515 3494 5571 devotissimi
3529 5527 3680 5585 papm
3709 5505 3794 5562 Ni-

2168 5601 2724 5658 colaivoluntarium
2757 5603 3310 5676 munus,ipsiusquc
3333 5602 3582 5661 ecclesiae
3611 5609 3786 5655 rerum

2169 5706 2270 5760 pro
2303 5707 2394 5747 me
2424 5692 2654 5762 amodo,
2679 5693 2733 5747 et
2757 5706 2939 5762 usque
2964 5691 3024 5748 in
3041 5692 3470 5766 sempiternum
3491 5685 3792 5764 singulare,
