3978 6360
116 417 280 491 1333

1280 424 1682 494 EPISTOL/E
1721 427 1822 494 ET
1864 424 2318 497 DIPLOMATA
2333 476 2350 496 .

3373 426 3524 493 1334

116 564 175 619 et
201 559 501 637 integrum
530 558 658 620 sine
688 559 884 635 aliqua
912 561 1303 620 controversia
1326 564 1642 637 aggredere
1663 565 1764 620 do-
1794 566 1849 632 Α
1881 566 2298 638 nuere.Sitque
2319 562 2630 639 praedictus
2649 559 2998 622 venerabilis
3018 561 3182 621 locus
3225 562 3334 620 sub
3366 562 3529 620 omni

115 651 690 723 minium,quatenus
722 652 782 707 in
816 651 950 708 aula
970 656 1070 708 tuo
1092 652 1316 708 nomini
1348 653 1614 708 dedicata
1637 651 1768 710 reli—

113 739 320 813 giosus
352 741 542 797 clerus
571 741 677 796 tibi
709 741 955 796 Domino
977 740 1359 813 omnipotenti
1381 739 1623 800 laudum
1646 741 1772 797 red-

113 831 217 885 dat
240 831 486 886 cantica.

189 919 358 976 Nunc
382 921 580 992 itaque
603 918 921 992 apostolico
945 919 1246 993 privilegio
1269 919 1767 983 concedimus,ﬁr-

112 1025 372 1076 mamus,
396 1009 754 1074 stabilimus,
787 1013 844 1064 et
867 1008 1214 1064 inconcusso
1248 1009 1629 1064 fundamento
1674 1024 1768 1080 pe-

110 1097 374 1153 renniter
389 1098 690 1153 sancimus
713 1097 771 1152 in
785 1099 912 1169 jam
935 1097 1089 1152 dicta
1108 1097 1370 1163 ecclesia,
1395 1101 1450 1152 et
1488 1097 1767 1152 canonica

109 1187 440 1244 beatissimi
471 1187 712 1242 Andreae
745 1184 993 1260 apostoli
1025 1187 1247 1258 integre
1277 1203 1480 1241 omnes
1510 1185 1764 1240 decima-

110 1276 303 1332 tiones
323 1275 746 1349 proprietatum
759 1276 1229 1347 supradictorum
1256 1275 1764 1341 hominum,Joan-

113 1365 208 1420 nis
240 1364 523 1430 videlicei,
559 1364 658 1436 qui
691 1364 908 1419 dicitur
932 1363 1383 1429 Corbacchione,
1407 1364 1626 1436 Ugonis
1660 1361 1764 1416 ﬁlii

114 1454 336 1520 Uberti,
369 1458 426 1509 et
455 1452 678 1509 Morelli
705 1451 810 1507 ﬁlii
840 1451 1186 1520 Anselmi,et
1207 1452 1536 1520 Itolandini,
1570 1456 1626 1507 et
1649 1457 1766 1505 An-

113 1543 285 1599 selmi
312 1542 678 1616 egregiorum
709 1539 1310 1596 ﬁliorumIldebrandi
1342 1541 1442 1595 ﬁlii
1462 1540 1764 1608 Leonis,et

112 1631 447 1704 Signorelli,
470 1635 528 1686 et
558 1630 800 1686 Bonomi
831 1629 1197 1702 egregiorum
1242 1629 1497 1686 ﬁliorum
1531 1628 1762 1684 Rodulﬁ

111 1721 219 1778 ﬁlii
248 1720 389 1777 item
418 1719 774 1784 Ildebrandi,
805 1717 1026 1774 scilicet
1054 1719 1317 1774 omnium
1366 1718 1601 1773 illarum
1631 1733 1762 1787 pro-

113 1811 458 1884 prietatum,
481 1825 629 1882 quas
659 1807 1203 1879 praedictihomines
1227 1807 1545 1880 possident,
1559 1805 1647 1861 vel
1665 1804 1762 1861 alii

113 1917 216 1974 per
244 1916 368 1969 eos,
399 1898 486 1954 vel
515 1898 575 1953 in
598 1902 769 1954 antea
800 1897 1179 1968 acquisierint
1203 1897 1356 1952 infra
1385 1900 1573 1952 totum
1595 1894 1761 1950 terri-

111 1990 334 2046 torium
357 1987 546 2061 plebis
568 1989 626 2044 S.
641 1985 864 2042 Juliani
885 1986 1008 2041 sitae
1027 1985 1354 2058 Septimi,et
1370 1985 1555 2057 plebis
1567 1983 1759 2039 Sancti

109 2079 346 2135 Martini
368 2077 493 2133 sitan
516 2075 733 2142 Brozzi,
753 2080 810 2130 et
829 2075 1015 2147 plebis
1035 2075 1092 2131 S.
1116 2074 1406 2130 Vincentii
1429 2075 1551 2131 sitae
1583 2074 1759 2139 Pesaa,

109 2173 170 2226 et
199 2169 260 2223 in
297 2171 417 2222 tota
443 2164 593 2222 valle
624 2166 695 2220 de
726 2165 925 2230 Greve,
959 2167 1016 2219 et
1041 2164 1098 2218 in
1132 2163 1282 2219 Villa
1303 2164 1540 2228 Nova,et
1563 2163 1622 2217 in
1641 2167 1763 2217 tota

111 2255 340 2329 capella
370 2256 428 2311 S.
463 2253 648 2322 Pauli,
684 2257 742 2309 et
771 2253 829 2308 in
845 2253 1168 2325 Casignano
1184 2253 1439 2324 exceptis
1465 2252 1670 2309 masiis
1691 2252 1762 2306 de

109 2345 418 2412 Cuilatico,
453 2359 702 2416 quorum
733 2341 990 2397 decimas
1021 2342 1080 2396 in
1112 2341 1447 2397 Florentina
1483 2340 1764 2396 canonica

110 2434 440 2508 persolvere
485 2433 715 2489 debent.
769 2435 1020 2487 Praetera
1077 2431 1186 2486 hac
1242 2431 1443 2486 eadem
1479 2429 1761 2502 privilegii

112 2522 500 2598 praceptione
530 2537 733 2577 omnes
763 2521 1019 2575 decimas
1050 2519 1285 2576 illarum
1318 2518 1760 2591 proprietatum,

112 2632 240 2688 qua:
272 2612 411 2669 olim
444 2612 680 2666 fuerunt
700 2609 871 2666 Benzi
900 2609 1002 2663 ﬁlii
1027 2609 1290 2664 Petronis
1313 2609 1384 2664 de
1406 2608 1761 2679 Radda,quae

113 2707 252 2759 sunt
283 2700 484 2774 posita
515 2700 575 2754 in
607 2699 731 2755 loco
763 2697 1086 2765 Godoselae,
1116 2703 1173 2754 et
1201 2699 1258 2752 in
1302 2697 1455 2752 Villa
1495 2701 1671 2759 Nova,
1705 2700 1764 2750 et

111 2790 171 2848 in
201 2791 263 2847 S.
298 2787 504 2858 Paulo,
530 2791 588 2843 et
643 2787 704 2842 in
753 2786 1101 2858 Carignano,
1135 2793 1190 2841 et
1237 2803 1338 2858 per
1385 2785 1498 2841 alia
1525 2785 1672 2850 loca,
1707 2787 1764 2839 et

110 2878 392 2938 vocabula
421 2877 480 2932 in
507 2880 627 2933 tota
638 2877 766 2948 jam
798 2875 962 2931 dictae
994 2874 1250 2931 ecclesiae
1274 2873 1761 2946 parochia,eidem

112 2968 369 3027 ecclesiae
400 2966 650 3021 ﬁrmiter
703 2965 1111 3032 concedimus;
1171 2969 1226 3019 et
1281 2965 1524 3034 insuper
1561 2977 1764 3018 omnes

111 3059 370 3115 decimas
391 3054 690 3111 novalium
708 3054 777 3109 de
795 3052 956 3110 silvis
969 3053 1440 3125 supradictorum
1455 3051 1762 3107 hominum

112 3148 453 3218 ubicunque
485 3143 846 3209 laborantur,
861 3141 1348 3198 vellaborabuntu
1359 3160 1402 3209 r,
1418 3146 1477 3197 et
1497 3140 1763 3197 omnium

112 3236 364 3296 aliarum
395 3233 677 3290 silvarum
699 3229 1062 3303 quaecunque
1084 3230 1442 3299 laborantur,
1472 3229 1560 3285 vel
1598 3228 1764 3284 labo-

1878 655 2132 726 potentis
2160 655 2282 723 Dei,
2318 660 2632 727 nostraque
2663 659 2721 710 et
2751 659 3088 711 nostrorum
3124 667 3531 710 successorum

1875 742 2144 810 tuitione,
2180 743 2516 817 nulliusque
2548 744 2897 816 subjiciatur
2926 743 3207 811 dominio,
3241 742 3355 797 nisi
3403 742 3534 796 Flo-

1878 825 2105 887 rentino
2137 833 2432 906 eplSCOpO.
2465 833 2713 904 Ipseque
2735 831 3044 904 episcopus
3075 830 3326 901 benigne
3351 833 3406 884 et
3435 828 3536 884 ho-

1876 926 2038 975 neste
2070 922 2393 982 tractando.
2423 921 2581 976 omni
2609 921 2906 993 superflua
2956 919 3258 975 exactione
3290 922 3536 990 postpo—

1883 1010 2018 1075 sita,
2051 1027 2150 1066 eos
2181 1028 2411 1082 semper
2441 1010 2725 1065 hortetur.
2760 1009 2817 1064 Si
2854 1009 2987 1081 quis
3033 1024 3193 1080 ergo,
3226 1007 3381 1077 quod
3415 1021 3535 1060 non

1873 1099 2475 1171 credimus,sacrilega
2487 1098 2862 1170 mente,quod
2877 1098 2932 1152 in
2946 1101 3258 1167 conspectu
3274 1092 3534 1167 episcopi

1875 1187 2132 1242 Umberti
2154 1188 2468 1243 cardinalis
2490 1188 2654 1244 Silva:
2677 1187 2970 1254 Candidas,
2993 1190 3166 1258 atque
3196 1183 3529 1240 Ildebrandi

1874 1277 1931 1332 S.
1969 1278 2034 1332 R.
2068 1279 2130 1331 Ε.
2165 1277 2578 1344 archidioconi,
2604 1293 2710 1332 nec
2743 1295 2858 1332 non
2889 1277 3298 1348 episcoporum
3353 1276 3527 1330 Peru-

1873 1365 1987 1420 sini
2018 1371 2074 1422 et
2107 1365 2422 1432 ltoselloni,
2458 1366 2704 1421 Rozonis
2736 1382 2968 1437 quoque
2987 1369 3042 1419 S.
3064 1364 3404 1420 Florentinee
3423 1365 3526 1420 Ec-

1873 1455 2060 1510 clesiae
2093 1455 2579 1527 archipresbyteri
2612 1456 2774 1525 juste
2819 1453 3232 1521 stabilivimus,
3279 1458 3523 1509 conatus

1872 1544 2047 1599 fuerit
2075 1543 2412 1615 infringere,
2445 1544 2645 1599 decem
2699 1542 2827 1598 auri
2859 1542 3041 1598 libras
3092 1543 3343 1614 praelatae
3372 1541 3526 1598 basi-

1870 1632 1993 1687 licae
2042 1637 2285 1704 cogatur
2341 1632 2692 1704 persolvere,
2761 1631 3136 1687 medietatem
3194 1631 3526 1687 Florentino

1872 1721 2163 1793 episcopo,
2199 1726 2255 1776 et
2287 1721 2660 1777 medietatem
2694 1719 2922 1776 clericis
2953 1721 3012 1775 in
3044 1721 3247 1776 eadem
3283 1720 3530 1776 ecclesia

1872 1810 2352 1876 consistentibus,
2387 1810 2747 1866 descendant
2803 1825 2980 1881 super
3012 1826 3144 1865 eum
3179 1827 3384 1865 omnes
3415 1809 3527 1864 illae

1873 1898 2335 1964 maledictiones,
2369 1898 2482 1953 nisi
2514 1898 2850 1954 admonitus
2882 1897 3250 1965 satisfecerit,
3285 1916 3432 1970 quas
3465 1899 3525 1954 in

1870 1988 2317 2043 Deuteronomio
2339 1986 2651 2060 descripsit
2681 1991 2924 2042 sanctus
2955 1988 3202 2059 Moyses,
3240 1991 3414 2059 atque
3440 1987 3524 2042 in-

1872 2077 2116 2131 terﬁciat
2139 2093 2274 2131 eum
2309 2081 2458 2131 Deus
2487 2075 2699 2147 spiritu
2725 2076 2843 2131 oris
2877 2075 2993 2140 sui,
3027 2075 3427 2131 sicutDathan
3466 2079 3525 2131 et

1872 2165 2112 2232 Abiron,
2147 2182 2293 2236 quos
2323 2165 2483 2220 vivos
2513 2163 2817 2236 deglutivit
2865 2168 3037 2229 terra,
3073 2168 3130 2219 et
3183 2163 3424 2236 insuper
3471 2163 3522 2220 si

1872 2254 2118 2310 clericus
2148 2254 2341 2322 fuerit,
2375 2253 2466 2308 sui
2497 2254 2722 2310 ordinis
2753 2253 2943 2308 ofﬁcio
2977 2253 3257 2325 privetur.
3283 2253 3523 2308 Praeter-

1871 2358 1959 2408 ea,
1993 2349 2058 2398 ut
2079 2343 2200 2398 hac
2228 2343 2444 2415 pagina
2475 2341 2706 2414 plenam
2759 2343 2938 2397 ﬁdem
2984 2343 3370 2412 praesentibus
3419 2359 3524 2398 seu

1871 2431 2049 2487 etiam
2082 2432 2330 2503 posteris
2361 2435 2609 2497 astruat,
2643 2431 2889 2503 proprias
2937 2430 3269 2502 apostolica:
3312 2448 3526 2488 manus

1873 2521 2304 2592 subscriptione
2331 2521 2716 2575 munivimus.

1943 2611 2062 2682 Ego
2092 2609 2386 2673 Nicolaus,
2422 2625 2626 2665 servus
2686 2625 2984 2664 servorum
3023 2609 3141 2675 Dei,
3176 2608 3312 2664 huic
3344 2609 3524 2682 privi-

1870 2699 2005 2771 legii
2037 2699 2262 2771 paginae
2293 2698 2640 2770 subscripsi.

1944 2791 2062 2859 Ego
2087 2786 2493 2852 Ildebrandus,
2524 2787 2582 2841 S.
2618 2787 2684 2842 lt.
2712 2787 2770 2841 E.
2805 2785 3522 2851 archidiaconus,subscr.

1944 2879 2060 2948 Ego
2091 2875 2407 2943 Gerardus,
2443 2879 2656 2930 sanctae
2688 2873 3011 2931 Rosellanae
3061 2873 3330 2931 Ecclesiae
3371 2876 3525 2948 epis-

1873 2980 2074 3035 copus,
2106 2963 2345 3019 interfui
2376 2967 2434 3018 et
2461 2963 2807 3034 subscripsi.

1947 3053 2062 3126 Ego
2095 3052 2266 3119 Rozo,
2299 3056 2513 3109 sanctae
2545 3051 2889 3107 Florentium
2909 3051 3174 3108 Ecclesiae
3197 3052 3525 3126 archipres-

1873 3141 2057 3212 byter.

1945 3231 2092 3287 Data
2123 3232 2338 3287 ibidem
2358 3249 2430 3286 xv
2451 3229 2578 3285 Kal.
2623 3231 2922 3287 Februarii
2963 3249 3064 3303 per
3089 3249 3302 3287 manus
3338 3233 3524 3288 Hum-

111 3326 400 3382 rabuntur
429 3321 581 3377 infra
605 3325 795 3377 totum
855 3320 1042 3392 ipsius
1093 3320 1349 3375 ecclesia:
1375 3319 1754 3382 territorium,
1789 3305 1832 3371 (ἶ
1869 3320 2017 3375 berti
2049 3321 2306 3392 episcopi
2334 3324 2546 3375 sanctae
2579 3319 2844 3375 Ecclesiae
2879 3320 3043 3374 Silva:
3093 3320 3363 3375 Candidas
3395 3338 3520 3376 car-

109 3412 383 3472 similiter
411 3411 471 3466 in
529 3411 730 3466 eadem
789 3409 1070 3464 canonica
1125 3409 1518 3465 concedimus.
1569 3404 1758 3461 Simili

110 3504 286 3560 modo
316 3515 522 3557 omnes
553 3498 842 3572 primitias
875 3497 1076 3570 populi
1098 3498 1381 3570 praedictae
1413 3495 1687 3560 ecclesiae,
1704 3497 1760 3549 et

106 3592 371 3664 integras
403 3592 759 3660 spontaneas
791 3585 1116 3642 oblationes
1144 3587 1427 3653 vivorum,
1453 3589 1511 3640 et
1549 3584 1756 3640 defun-

108 3681 426 3747 ctorum,et
444 3676 672 3748 integra
689 3675 1377 3743 testamenta,etliberam
1393 3673 1756 3746 sepulturam

105 3771 291 3828 totius
314 3764 704 3839 suipopuli,et
726 3763 979 3820 maxime
999 3769 1400 3836 patronorum,
1415 3768 1473 3820 et
1492 3763 1757 3818 omnium

108 3860 208 3934 qui
242 3857 400 3915 infra
429 3854 726 3911 dioecesim
739 3854 866 3924 jam
891 3853 1056 3910 dictae
1086 3853 1339 3909 ecclesiae
1358 3853 1646 3918 habitant,
1671 3849 1758 3906 vel

107 3947 483 4011 habitabant,
515 3944 702 4000 eidem
745 3942 1002 3999 ecclesiae
1050 3941 1484 4015 perpetualiter,
1533 3948 1587 3996 et
1633 3939 1760 3994 sine

111 4039 224 4094 ﬁne
237 4035 547 4108 largimur.
564 4033 808 4088 Prorsus
822 4031 1039 4104 praedia
1051 4031 1294 4087 omniaa
1307 4031 1760 4102 quibuscunque

109 4125 387 4183 ﬁdelibus
409 4136 760 4195 quocunque
781 4121 1128 4190 modojuste
1145 4115 1759 4191 acquisita,velacqui-

108 4215 312 4272 renda.
342 4210 696 4267 Electionem
727 4225 961 4281 quoque
983 4210 1201 4281 proprii
1223 4208 1558 4280 pastoris,et
1579 4210 1761 4260 totam

108 4300 540 4362 ordinationem
573 4297 762 4371 ipsius
784 4298 1016 4365 domus,
1050 4303 1108 4353 et
1154 4297 1498 4353 clericorum
1552 4312 1760 4367 reprae-

111 4390 506 4451 sentationem
538 4391 671 4443 ante
700 4387 1003 4460 proprium
1034 4386 1374 4458 episcopum
1398 4386 1468 4440 ad
1494 4385 1766 4460 ordinan-

113 4484 258 4540 dum
290 4477 588 4536 canonicis
619 4455 887 4547 ejusdem
914 4491 916 4493 '
944 4455 1201 4531 ecclesiae
1233 4455 1444 4530 _libera
1492 4455 1767 4529 facultate

113 4567 535 4644 perpetualiter
554 4563 930 4621 concedimus
947 4569 1006 4620 et
1019 4564 1372 4620 stabilimus.
1393 4565 1523 4619 Hac
1569 4563 1768 4618 omnia

115 4657 497 4717 concedimus
517 4653 743 4710 clericis
772 4653 832 4708 in
866 4653 996 4726 ipsa
1017 4653 1150 4709 aula
1171 4654 1446 4709 canonice
1478 4653 1765 4708 manenti—
1800 4674 1849 4739 Β

116 4744 401 4818 bus,quia
420 4743 559 4800 olim
571 4743 713 4798 dum
737 4741 1064 4814 simplicem
1090 4743 1462 4814 episcopatus
1493 4740 1774 4812 praelatio-

118 4853 257 4895 nem
279 4848 682 4892 exerceremus
715 4831 1002 4887 sacerdoti
1030 4831 1244 4887 Joanni
1266 4822 1392 4902 jam
1436 4830 1590 4884 dicto
1622 4846 1768 4901 prae-

120 4926 334 5000 posito,
351 4926 408 4978 et
429 4921 554 4977 suis
573 4919 1314 4990 confratribus,eorumqne
1329 4918 1772 4974 successoribus

122 5012 537 5078 stabilivimus,
559 5015 617 5065 et
635 5009 1060 5065 concessimus.
1083 5007 1453 5064 Absolvimus
1474 5012 1768 5079 praeterea,

121 5105 496 5172 liberumque
525 5099 799 5154 eumdem
829 5097 1222 5153 venerabilem
1243 5096 1434 5152 locum
1458 5095 1776 5167 apostolica

122 5191 426 5250 sanctione
446 5187 756 5260 persistere
769 5188 1072 5259 jubemus,
1092 5204 1164 5241 ne
1181 5185 1351 5241 liceat
1368 5184 1538 5240 alicui
1566 5201 1772 5256 parvae.

124 5293 470 5353 magnaeque
498 5292 776 5348 personae,
800 5274 1008 5331 clerico
1035 5274 1125 5330 vel
1160 5274 1304 5329 laico
1331 5273 1570 5337 ibidem,
1609 5289 1777 5328 cano-

125 5373 254 5428 nice
283 5368 715 5424 commorantes
761 5364 1000 5421 clericos
1059 5364 1462 5428 dehonestare,
1505 5367 1562 5416 et
1601 5361 1777 5433 placi-

123 5459 302 5517 tando
335 5455 635 5521 infestare,
686 5452 776 5509 vel
823 5453 1084 5508 debitum
1139 5451 1363 5516 tributi,
1396 5449 1483 5504 vel
1529 5449 1780 5521 alicujus

126 5543 516 5619 subjectionis
563 5543 634 5598 ab
693 5543 776 5598 eis
815 5541 1062 5614 exigere,
1093 5557 1192 5596 seu
1223 5539 1419 5611 aliqua
1453 5540 1680 5595 occasio
1710 5557 1784 5596 ne

125 5637 240 5696 sibi
260 5653 294 5691 a
325 5630 516 5699 nobis,
551 5635 652 5686 aut
681 5631 754 5686 ab
785 5629 1084 5702 aliquibus
1114 5628 1393 5685 ﬁdelibus
1424 5644 1514 5682 res
1547 5644 1782 5683 conces-

129 5744 256 5797 sas,
287 5723 414 5782 sive
443 5719 846 5778 concedendas
873 5719 1164 5784 invadere,
1211 5716 1575 5785 subtrahere,
1611 5717 1786 5774 dimi-

1868 3407 2102 3477 dinalis,
2136 3409 2464 3480 apostolicae
2495 3408 2654 3463 sedis
2686 3408 3130 3472 bibliothecarii,
3163 3425 3315 3464 anno
3346 3409 3515 3465 Dom.

1865 3496 2028 3562 4059,
2062 3497 2434 3568 pontiﬁcatus
2466 3501 2661 3552 autem
2693 3496 2761 3550 D.
2806 3513 2965 3568 pasz
3014 3495 3234 3551 Nicolai
3272 3497 3517 3553 secundi

1867 3586 2078 3656 primo,
2104 3586 2288 3640 indict
2316 3603 2418 3652 xu,
2449 3602 2563 3656 quo
2597 3583 2862 3640 videlicet
2891 3585 2984 3640 die
3032 3585 3090 3639 in
3142 3586 3382 3656 prafata
3430 3603 3517 3643 ec-

1868 3672 2046 3730 clesia
2074 3674 2146 3729 ab
2179 3675 2380 3730 eodem
2408 3673 2678 3745 episcopo
2707 3673 3026 3728 Humberto
3049 3674 3222 3743 jussu
3248 3675 3516 3745 ejusdem

1868 3764 1934 3818 D.
1969 3780 2130 3835 papaa
2175 3764 2290 3818 duo
2339 3762 2568 3828 altaria,
2603 3780 2787 3817 unum
2821 3763 2879 3817 in
2913 3762 3193 3818 honorem
3224 3766 3287 3819 B.
3322 3764 3516 3819 Mariae

1869 3869 2100 3925 semper
2130 3852 2408 3924 Virginis,
2441 3857 2498 3907 et
2528 3857 2862 3907 sanctarum
2898 3852 3192 3923 virginum
3223 3853 3432 3908 Priscae
3463 3857 3521 3908 et

1871 3941 2217 4012 Margarita,
2240 3947 2297 3996 et
2327 3940 2578 3996 alterum
2597 3941 2656 3994 in
2680 3940 2958 3996 honorem
2983 3942 3039 3996 S.
3080 3939 3277 4007 Blasii,
3305 3945 3362 3996 et
3391 3958 3523 3997 sau-

1869 4034 2096 4086 ctorum
2131 4029 2368 4087 Fabiani
2400 4035 2457 4084 et
2486 4029 2813 4085 Sebastiani
2845 4033 2985 4085 sunt
3015 4035 3372 4086 consecrata.

2615 4136 2782 4191 XVII.

1872 4228 2037 4282 Bulla
2066 4227 2302 4281 Nicolaz'i
2330 4227 2380 4280 11
2409 4243 2565 4351 papae
2613 4227 2679 4281 de
2729 4229 3138 4282 consecratione
3197 4227 3434 4283 basilicae
3466 4229 3520 4285 S.

1944 4299 2233 4351 Laurentii
2260 4298 2325 4351 de
2367 4301 2410 4351 F
2430 4301 2664 4351 arentia.
2698 4301 2792 4351 cui
2845 4300 3164 4351 subscrinsit
3218 4298 3274 4351 S.
3334 4304 3520 4351 Petrus

1944 4299 2233 4353 Laurentii
2260 4298 2325 4352 de
2367 4298 2664 4364 Florentia,
2698 4301 2792 4353 cui
2827 4300 3164 4372 subscripsit
3218 4298 3274 4354 S.
3334 4304 3528 4356 Petrus

1946 4371 2263 4426 Damiavnus.
2812 4375 2816 4380 '

2498 4456 2685 4526 (Anno
2717 4457 2904 4526 1060.)

1913 4535 2309 4616 [ΜιπΑιιὲιω,
2341 4545 2540 4599 Annal.
2576 4544 2890 4600 Camaldul.
2927 4544 2996 4612 II,
3042 4547 3308 4617 Append.
3351 4548 3490 4618 164.]

1950 4652 2239 4707 NICOLAUS
2270 4652 2600 4723 episcopus,
2635 4667 2838 4706 servus
2870 4665 3169 4706 servorum
3193 4651 3530 4716 Dei,dilecto

1884 4741 2001 4795 ﬁlio
2033 4742 2257 4807 GISONI,
2292 4739 2542 4795 ecclesiae
2574 4739 2758 4794 sancti
2780 4740 3076 4795 Laurentii
3105 4741 3274 4810 juxta
3296 4740 3531 4796 Floren-

1878 4830 2013 4885 tinae
2045 4829 2296 4885 civitatis
2328 4845 2528 4884 muros
2561 4828 2708 4894 sitae,
2734 4831 2964 4894 rectori,
3013 4830 3250 4901 tuisque
3301 4847 3531 4887 succes-

1881 4919 2114 4974 soribus
2136 4919 2411 4973 canonice
2438 4917 2655 4973 ibidem
2687 4917 3050 4986 ordinandis,
3087 4919 3362 4975 omnibus
3385 4937 3536 4992 quo-

1883 5023 1996 5080 que
2027 5006 2418 5062 communiter
2448 5006 2689 5062 victuris
2720 5006 2778 5060 in
2804 5011 3176 5079 perpetuum.

1957 5095 2240 5160 Quoniam
2273 5094 2702 5165 Omnipotentis
2717 5095 2977 5167 dignatio
3001 5113 3108 5152 suo
3128 5098 3385 5170 gratuito
3417 5114 3544 5154 mu-

1887 5201 2022 5240 nere
2049 5185 2119 5239 ad
2152 5184 2260 5238 hoc
2284 5188 2543 5238 nostram
2577 5182 2974 5240 humilitatem
3006 5185 3248 5259 dignata
3277 5192 3365 5242 est
3412 5203 3545 5258 pro-

1886 5274 2114 5341 vehere,
2139 5276 2430 5343 quatenus
2459 5289 2562 5343 per
2592 5289 2698 5327 nos
2733 5273 2950 5344 ubique
3001 5279 3286 5330 terrarum
3320 5274 3545 5329 dill‘uszs

1894 5362 2156 5418 Ecclesia:
2191 5361 2386 5414 lumen
2420 5360 2790 5416 administrct
2813 5363 3174 5430 indeﬁciens,
3203 5360 3547 5417 rationabile

1895 5451 2134 5508 omnino
2154 5450 2426 5505 ducimus
2440 5448 2676 5520 speciali
2695 5450 2976 5523 regimine
2989 5455 3200 5505 nostrae
3214 5467 3366 5504 curae
3388 5466 3546 5504 com-

1896 5541 2085 5596 missa:
2118 5538 2457 5594 Florentino:
2490 5539 2758 5594 Ecclesize
2804 5543 3220 5612 congruentem
3267 5539 3549 5610 provisio-
3659 5578 3662 5581 ι

1897 5646 2031 5685 nem
2051 5627 2414 5699 impenderej
2427 5627 2726 5700 ugiter,sic
2740 5637 2992 5698 namque
3007 5626 3272 5684 Doctoris
3285 5627 3549 5699 gentium

1899 5718 2118 5774 imitari
2141 5716 2468 5774 valebimus
2495 5717 2733 5774 salubre
2764 5718 3200 5786 documentum,
3236 5733 3371 5774 cum
3415 5733 3550 5790 pro-
