3978 6392
433 383 591 464 1338

1780 401 2088 468 mecm
2129 399 2183 464 ιι
2224 393 2452 484 pars

3709 379 3894 460 1186-

427 529 656 590 Viribus
689 533 1032 610 nostris,qui
1063 537 1282 594 bonum
1315 534 1594 608 impertiri
1618 535 2070 606 omnibusjubet
2095 534 2150 600 Α
2179 534 2297 592 sive
2335 531 2733 590 concedendas
2761 527 3056 598 invadere,
3079 523 3462 594 ubtrahere,
3489 520 3876 610 diminuam,

431 635 582 695 Opus
614 623 684 678 ad
716 625 1064 682 domesticos
1097 626 1224 680 ﬁdei
1259 625 1528 694 maxime,
1557 641 1687 679 cum
1719 642 1822 696 pro
1855 622 2068 679 nostris

431 709 656 766 viribus
689 711 880 768 divino
904 712 1239 768 cultuilocis
1260 713 1462 767 dicatis
1495 711 1672 782 digna
1698 711 2069 783 providemus

436 799 737 870 obsequia,
771 804 835 856 ut
889 799 1180 854 indefessa
1235 801 1488 856 laudatio
1547 801 1604 854 in
1636 801 1718 854 eis
1749 799 2071 855 celebretur

433 901 539 960 per
569 887 766 942 omnia
795 887 1021 942 saecula.
1047 890 1153 942 Sed
1179 889 1315 958 quia
1344 888 1554 960 lapidei
1585 889 1833 960 parietes
1862 906 1972 942 non
1997 889 2068 944 ob

436 975 546 1031 hoc
569 979 707 1031 sunt
737 974 1052 1038 constituti,
1089 981 1150 1028 ut
1180 975 1293 1030 Deo
1327 977 1548 1047 possint
1579 977 1784 1047 dignas
1807 993 2070 1046 promere

435 1062 990 1134 laudes,congruum
1024 1065 1273 1134 profecto
1305 1063 1532 1118 videtur
1561 1064 1631 1118 ad
1664 1064 1842 1118 divini
1883 1064 2069 1136 operis

435 1151 871 1222 perfectionem,
892 1151 1230 1205 clericorum
1264 1153 1414 1206 circa
1445 1151 1796 1207 venerabilia
1823 1152 1950 1208 loca
1979 1170 2068 1207 or-

440 1238 641 1293 dinare
674 1237 934 1293 sedulam
971 1239 1512 1309 frequentationem.
1538 1240 1643 1306 Qui
1669 1241 1924 1311 quidem,
1957 1239 2068 1296 nisi

437 1324 682 1380 terrenis
713 1326 1106 1398 temporaliter
1125 1332 1523 1382 sustentantur
1544 1328 2068 1399 stipendiis,idonei

437 1413 532 1470 vix
546 1414 1044 1485 possuntexistere
1067 1415 1319 1470 cultibus
1343 1415 1712 1480 divinis,cum
1731 1416 1854 1487 ipse
1869 1416 2072 1471 mundi

439 1502 715 1559 Conditor
745 1504 1068 1558 secundum
1101 1503 1420 1558 humanam
1453 1505 1674 1559 unitam
1730 1505 1840 1559 sibi
1889 1509 2070 1560 mate—

439 1590 588 1646 riam
619 1591 892 1662 dignatus
925 1591 1000 1645 sit
1031 1593 1277 1662 perferre
1305 1591 1461 1646 sitim
1483 1597 1538 1646 et
1559 1592 1829 1658 esuriem,
1853 1593 1936 1646 Ad
1951 1591 2072 1664 glo-

441 1678 589 1737 riam
621 1679 816 1749 itaque
849 1679 1026 1748 illius,
1068 1697 1169 1750 per
1226 1696 1397 1751 quem
1444 1679 1692 1734 vivimus
1751 1684 1807 1734 et
1843 1697 2071 1746 sumus,

441 1766 850 1838 pretiosissimi
879 1768 1149 1839 martyris
1179 1768 1388 1823 Christi
1421 1767 1714 1823 Laurentii
1747 1767 2072 1838 basilicam,

441 1859 639 1910 nostro
671 1855 907 1925 quidam
939 1855 1285 1922 hortamine,
1320 1855 1783 1911 Florentinorum
1831 1873 1962 1912 vero
1994 1857 2075 1911 ci-
2105 1894 2152 1958 Β

440 1942 602 1998 vium
632 1942 964 2014 sumptibus
996 1943 1239 2014 pulchra
1262 1945 1451 2016 specie
1480 1944 2075 2016 instauratamﬁepis-

442 2047 721 2102 coporum
753 2037 1061 2104 aggregato
1089 2037 1238 2088 coetu
1281 2033 1531 2104 propriis
1579 2032 1850 2088 manibus
1891 2033 2078 2089 reddi-

444 2119 641 2174 dimus
668 2120 990 2175 dedicatam
1023 2137 1198 2192 quam
1223 2121 1438 2176 nudam
1465 2121 1588 2176 sine
1621 2122 1754 2176 dote
1784 2121 2077 2176 dimittere

444 2206 947 2278 indignumivalde
971 2209 1387 2278 judicavimus,
1415 2209 1730 2280 apostolica
1765 2207 2078 2276 soliditate,

444 2295 538 2350 cui
559 2296 845 2368 praecipue
869 2297 1144 2368 competit
1173 2297 1460 2352 honestati
1492 2297 1776 2354 studendo
1806 2297 2080 2353 omnibus

445 2385 663 2440 nedum
696 2384 968 2454 injuriam
993 2384 1353 2456 patientibus
1385 2385 1478 2457 pia
1509 2384 1900 2440 sollicitudine
1941 2386 2079 2441 sub-

442 2473 659 2529 venire.
693 2472 1109 2528 Assistentium
1141 2489 1274 2544 ergo
1295 2474 1538 2530 fratrum
1572 2473 1824 2540 hortatu,
1851 2474 2081 2545 proprio

447 2576 680 2632 quoque
694 2560 933 2616 consilio
947 2561 1196 2616 roborati
1209 2604 1220 2628 ,
1231 2565 1511 2632 praesente
1529 2562 1740 2634 populo
1754 2561 2081 2618 Florentino

446 2665 550 2722 pro
573 2649 823 2721 peccatis
845 2649 1105 2719 ejusdem
1129 2649 1375 2704 civitatis
1395 2649 1808 2722 praesulum,ob
1831 2655 2084 2706 vestram

448 2753 680 2811 quoque
711 2737 1094 2805 devotionem,
1128 2738 1378 2809 denique
1410 2743 1644 2810 propter
1673 2739 1854 2795 totius
1886 2738 2085 2812 populi

447 2827 698 2884 salutem
730 2844 763 2882 a
784 2826 951 2882 nobis
975 2829 1311 2882 consecrato
1333 2825 1500 2881 altari
1525 2827 1868 2898 praediorum
1894 2832 2085 2883 etom-

445 2917 612 2972 nium
645 2931 886 2970 suarum
919 2930 1134 2980 rerum,
1167 2915 1318 2985 quod
1352 2913 1559 2970 saltem
1590 2916 1661 2970 ad
1701 2933 1956 2988 praesens
1987 2934 2082 2988 po-

445 3003 1101 3071 tuimus,investituram
1115 3002 2091 3078 apostolicamobtulimus.Suscipe

450 3093 651 3164 igitur,
687 3087 1055 3146 sanctissime
1085 3091 1376 3156 Laurenti,
1407 3091 1886 3161 tibijamdudum
1921 3093 2088 3166 devo-

449 3178 666 3237 tissimi
697 3194 855 3250 papae
885 3176 1104 3232 Nicolai
1135 3175 1528 3232 voluntarium
1560 3195 1795 3247 munus,
1829 3183 2094 3236 tuarum-

454 3283 565 3340 que
593 3247 792 3322 rerum
817 3282 916 3337 per
941 3281 1033 3320 me
1064 3265 1272 3319 amodo
1300 3265 1630 3338 etusquein
1663 3267 2086 3340 sempiternum
2118 3247 2160 3315 Cc

454 3353 750 3427 singulare
803 3358 859 3408 et
903 3353 1216 3425 integrum,
1277 3352 1403 3408 sine
1459 3353 1656 3426 aliqua
1703 3357 2094 3412 controversia

455 3443 765 3516 aggredere
797 3441 1142 3509 dominium,
1178 3446 1467 3513 quatenus
1497 3441 1557 3497 in
1591 3442 1725 3498 aula
1744 3447 1844 3499 tuo
1871 3443 2094 3500 nomini

458 3533 724 3587 dedicata
751 3529 1056 3603 religiosus
1079 3529 1267 3586 clerus
1297 3531 1411 3586 Deo
1442 3531 1822 3603 omnipotenti
1851 3532 2095 3588 laudum

458 3621 656 3676 reboet
684 3619 928 3676 cantica.
963 3619 1348 3690 Designentur
1377 3624 1571 3676 autem
1602 3625 1704 3675 tua
1751 3621 1966 3692 przedia
1997 3638 2098 3693 per

403 3775 414 3788 δ
461 3709 725 3778 subjecta
750 3706 1457 3778 vocabula,scilicet,totus
1479 3708 1754 3764 circuitus
1776 3710 2096 3780 adjacentis

459 3796 715 3854 ecclesia:
743 3795 802 3850 in
828 3795 1142 3868 integrum,
1175 3813 1278 3850 nec
1309 3812 1422 3850 non
1463 3795 1903 3865 deminicatum,
1941 3799 2094 3869 quod

461 3885 714 3941 adhzeret
743 3883 898 3958 regio
929 3901 1132 3956 campo
1165 3885 1236 3938 ab
1264 3884 1578 3951 occidente,
1611 3886 1682 3940 ad
1715 3886 2040 3954 meridiem,
2063 3904 2097 3942 a

459 3973 855 4044 septentrione
885 3977 940 4026 et
973 3971 1189 4027 oriente
1249 3972 1648 4026 circumdatur
1705 3972 1794 4028 via
1837 3972 2094 4044 publica.

458 4063 738 4118 Praaterea
758 4061 926 4130 juxta
955 4060 1196 4113 fluvium
1230 4059 1543 4127 Munionis,
1586 4061 1802 4116 fundus
1847 4077 2096 4133 magnus

459 4150 711 4205 habetur
757 4147 936 4218 hujus
984 4147 1234 4202 ecclcsize
1293 4147 1583 4218 proprius,
1631 4147 1792 4206 Alios
1850 4150 2098 4220 denique

459 4237 607 4292 duos
641 4235 848 4290 fundos
881 4252 1128 4306 quorum
1185 4251 1337 4290 unus
1392 4236 1616 4306 positus
1663 4241 1752 4293 est
1781 4237 2094 4306 Carditulo,

463 4324 609 4381 alter
656 4324 938 4390 Junkero,
970 4324 1070 4395 qui
1120 4325 1446 4379 retinentur
1475 4325 1784 4395 nepotibus
1815 4326 2099 4381 Teuzenis

464 4412 678 4478 clerici,
713 4415 1114 4467 monstramus
1169 4411 1398 4484 proprie
1449 4414 1520 4468 ad
1571 4413 1827 4486 regimen
1849 4413 2096 4485 praefatae

463 4500 730 4557 Ecclesiae
781 4501 1061 4556 retineri:
1107 4517 1276 4556 mons
1325 4503 1510 4556 sancti
1543 4502 1837 4557 Laurentii
1872 4501 1972 4569 qui
2031 4520 2099 4558 ex

2178 622 2370 694 sitque
2389 620 2672 676 immunis
2691 620 3002 692 praedictus
3021 618 3188 674 locus
3213 616 3286 670 ab
3317 613 3498 672 omni
3545 608 3874 683 pensione,

2177 711 2288 766 sub
2317 711 2375 766 S.
2419 708 2708 764 Laurentii
2755 708 3023 774 tuitione,
3075 704 3428 774 nulliusque
3490 698 3876 770 subjiciatur

2177 796 2918 862 dominio,nisiFlorentino
2938 791 3294 866 episcopo.Si
3319 791 3470 862 quis
3505 803 3687 860 ergo,
3715 785 3876 858 quod

2179 903 2293 942 non
2324 886 2638 952 credimus,
2661 883 2944 956 sacrilega
2975 886 3188 948 mente,
3225 879 3383 952 quod
3421 878 3494 934 in
3533 881 3878 947 conspectu

2178 974 2430 1046 episcopi
2455 972 2757 1030 Humberti
2780 969 3096 1026 cardinalis
3134 969 3302 1024 Silvae
3330 965 3664 1028 Candidas,
3695 966 3880 1034 atque

2179 1062 2748 1118 IldebrandiSanctae
2787 1060 3066 1115 Romanis
3102 1056 3372 1114 Ecclesiae
3413 1049 3878 1116 archidiaconi,

2179 1167 2282 1206 nec
2308 1167 2424 1205 non
2445 1150 2850 1222 episcoporum
2873 1142 3527 1211 Perusinii,Rosellani,
3563 1145 3628 1196 et
3651 1141 3878 1196 Furco-

2179 1238 2400 1304 nensis,
2427 1243 2585 1310 juste
2617 1236 2965 1302 stabilitum,
2997 1239 3244 1290 conatus
3275 1232 3462 1288 fuerit
3503 1229 3876 1300 infringere,

2179 1329 2414 1382 centum
2444 1326 2570 1381 auri
2598 1324 2778 1380 libras
2801 1324 3047 1396 praefatis
3068 1320 3326 1378 basilicae
3349 1322 3628 1392 cogatur
3649 1313 3879 1388 persol-

2173 1429 2326 1480 vere,
2359 1414 2730 1470 medietatem
2755 1411 3084 1468 Florentino
3110 1410 3406 1482 episcopo,
3443 1411 3514 1462 et
3565 1404 3873 1460 medieta-

2178 1506 2300 1558 tem
2331 1501 2556 1558 clericis
2598 1501 2862 1572 ejusdem
2903 1497 3166 1554 Ecclesiaa
3215 1494 3744 1559 consistentibus,
3781 1492 3878 1547 de-

2181 1591 2580 1664 scendantque
2597 1605 2773 1660 super
2785 1605 2918 1644 eum
2936 1587 3104 1644 Omni
3112 1585 3368 1658 potentis
3381 1581 3600 1640 maled
3611 1580 3876 1636 ictiones

2182 1678 2297 1734 nisi
2327 1677 2662 1752 admonitus
2691 1675 3055 1742 satisfecerit,
3088 1689 3235 1746 quas
3285 1671 3348 1726 in
3379 1668 3878 1744 Deuteronomio

2182 1769 2424 1822 sanctus
2455 1764 2766 1838 descripsit
2812 1764 3062 1836 Moyses,
3112 1765 3286 1832 atque
3341 1757 3690 1814 interﬁciat
3733 1771 3878 1812 eum

2183 1854 2338 1910 Deus
2369 1853 2578 1925 spiritu
2609 1853 2727 1908 oris
2750 1852 2864 1918 sui,
2895 1850 3048 1906 sicut
3075 1847 3304 1904 Dathan
3339 1850 3396 1902 et
3417 1845 3690 1912 Abiren,
3717 1860 3878 1913 quos

2185 1941 2346 1998 vivos
2366 1938 2847 2012 terradeglutivit.
2879 1939 3158 1992 Praeterea
3187 1939 3251 1990 ut
3291 1935 3416 1990 haec
3475 1933 3719 2008 pagina
3749 1930 3878 2004 ple-

2185 2047 2322 2087 nam
2351 2031 2524 2086 ﬁdem
2557 2027 2940 2100 praesentibus
2963 2042 3064 2080 seu
3097 2024 3274 2080 etiam
3305 2023 3582 2094 posteris
3609 2023 3874 2088 astruat,

2185 2124 2244 2176 et
2273 2101 2515 2192 prepriaa
2545 2133 2759 2172 manus
2773 2111 3218 2184 subscriptione,
3241 2114 3298 2166 et
3317 2109 3656 2182 apostolici
3693 2107 3876 2182 sigilli

2187 2205 2546 2262 munivimus
2580 2202 2982 2274 impressione.

2189 2310 2478 2352 CONFIRMA
2517 2308 2646 2360 HOC,
2688 2307 2856 2358 DEUS,
2898 2305 3050 2352 QUOD
3091 2300 3385 2342 OPERATUS
3425 2301 3502 2340 ES
3557 2301 3626 2340 IN
3671 2299 3870 2342 NOBIB.

2187 2385 2306 2457 Ego
2339 2388 2589 2450 Brunus,
2621 2377 3012 2436 Praenestinus
3041 2376 3374 2448 episcopus,
3407 2373 3519 2429 SS.

2189 2475 2305 2546 Ego
2337 2472 2559 2537 Petrus,
2591 2470 2862 2525 Peccator
2891 2463 3234 2530 monachus,
3257 2463 3358 2518 SS.

2190 2571 2308 2642 Ego
2337 2569 2565 2632 Petrus,
2597 2563 3006 2622 Lavicanensis
3025 2561 3357 2634 episcopus,
3389 2559 3503 2616 SS.

2189 2660 2306 2729 Ego
2337 2655 2690 2722 Bonifacius,
2715 2651 3062 2710 Albanensis
3089 2649 3424 2722 episcopus,
3455 2647 3566 2704 SS.

2191 2747 2311 2820 Ego
2340 2743 2696 2812 Desiderius,
2729 2741 3034 2814 presbyter
3064 2734 3381 2794 cordinalis
3414 2735 3716 2792 Romanas
3763 2732 3869 2788 Ec-

2195 2835 2406 2901 clesia,
2437 2833 2538 2888 SS.

2267 2923 2482 2979 Datum
2519 2918 2816 2975 Florentia;
2859 2932 2963 2972 xm
3009 2913 3134 2972 Kal.
3195 2912 3508 2979 Februari,
3573 2925 3736 2966 anno
3795 2907 3868 2964 ab

2199 3009 2599 3068 Incarnatione
2633 3005 2862 3062 Domini
2921 3003 3078 3070 1060,
3137 3017 3240 3075 per
3278 3017 3504 3056 manus
3549 2995 3870 3055 Humberti

2197 3101 2422 3156 Sancta:
2453 3095 2715 3152 Ecclesiae
2736 3092 2916 3165 Sylva:
2937 3089 3210 3148 Candida
3239 3088 3510 3161 episcopi
3542 3091 3605 3143 et
3635 3088 3870 3157 aposto-

2199 3187 2326 3243 lica:
2355 3185 2509 3242 sedis
2539 3179 2986 3245 bibliothecarii,
3017 3195 3172 3236 anno
3219 3177 3412 3250 primo
3455 3175 3672 3240 domui
3703 3189 3866 3246 papas

2199 3274 2418 3332 Nicolai
2452 3273 2522 3338 II,
2552 3270 2869 3328 indictione
2898 3286 3022 3326 xm.

2967 3374 3042 3428 VI
3073 3375 3116 3428 Ι.

2239 3469 2404 3524 Bulla
2431 3467 2642 3523 Nicolai
2667 3467 2718 3522 II
2738 3478 2904 3536 papae
2921 3375 3030 3535 ira
3047 3375 3340 3518 lcanom'a's
3366 3457 3826 3518 Pisauri-ensibus.

2835 3554 3024 3623 (Anno
3053 3549 3238 3621 4060).

2205 3647 2506 3718 [Οιινιιιιιῃ
2539 3643 2796 3718 Memoris
2820 3657 2920 3718 per
2949 3641 3005 3695 la
3050 3639 3224 3718 {goria
3267 3638 3672 3718 (ιδῃ-ἐρήμῳ
3701 3639 3860 3690 Pasa-

2452 3707 2568 3770 rese
2595 3715 2685 3770 net
2713 3707 2884 3768 εεεόιο
2912 3727 3038 3766 x111.
3061 3709 3295 3777 Pesaro,
3330 3710 3500 3779 1779,
3533 3707 3638 3777 λικ]

2274 3805 2561 3860 ΝιοοιΑιιε
2591 3801 2922 3873 episcopus,
2956 3813 3159 3854 servus
3189 3813 3500 3856 servorum
3559 3795 3686 3862 Dei,
3717 3789 3857 3848 dile-

2205 3893 2314 3950 ctis
2341 3893 2401 3948 in
2431 3890 2660 3948 Christe
2691 3889 2826 3946 ﬁliis
2865 3887 3088 3944 Uasom
3141 3886 3466 3942 venerabili
3525 3879 3850 3958 praeposito,

2205 3982 2544 4051 cazterisque
2575 3975 2870 4034 canonicis
2901 3979 3117 4032 sanctae
3155 3974 3558 4034 Pisauriensis
3603 3965 3852 4028 ecclesia

2204 4084 2524 4140 eorumque
2555 4065 2994 4122 successoribus
3025 4063 3246 4120 ibidem
3265 4063 3520 4120 victuris
3559 4062 3619 4118 in
3649 4071 3850 4132 perpe-

2204 4163 2398 4214 tuum.

2276 4245 2546 4303 Debitum
2575 4241 2902 4298 commissa
2935 4241 3106 4298 nobis
3135 4240 3566 4313 speculationis
3598 4230 3848 4303 exsequi-

2209 4351 2344 4390 mur
2367 4333 2416 4390 si
2447 4331 2560 4404 piis
2591 4333 2648 4386 et
2675 4327 3271 4386 venerabilibuslocis
3289 4335 3630 4402 opportuna
3667 4332 3852 4378 munt-

2207 4421 2368 4478 mina
2397 4425 2598 4476 contra
2622 4417 2986 4474 sacularium
3009 4417 3268 4490 impetus
3302 4408 3851 4491 providemus.Qua-

2208 4515 2440 4582 propter
2459 4509 2516 4562 in
2531 4505 2822 4562 canonica:
2845 4505 3306 4562 conversationis
3341 4505 3644 4580 proposito
3683 4493 3844 4570 proﬁ-

462 4607 578 4645 uno
609 4589 786 4644 latere
816 4589 1178 4661 proximatur
1208 4595 1370 4645 terra:
1389 4591 1582 4668 Sancti
1613 4591 1876 4656 Joannis,
1895 4607 1964 4645 ex
1985 4590 2096 4646 alio
2127 4609 2173 4674 Ι)
2205 4615 2332 4656 cere
2352 4602 2408 4654 et
2429 4611 2790 4668 perseverare
2809 4611 2910 4650 vos
2932 4594 3302 4665 cupientes...
3333 4591 3636 4667 petitionis
3655 4588 3842 4644 vestra)

464 4677 656 4734 Sancti
689 4677 939 4744 Romuli,
999 4677 1166 4732 tertio
1223 4679 1444 4732 Sanctae
1499 4663 1689 4732 Marize
1731 4678 1852 4747 juri
1891 4683 2098 4735 vestras

462 4765 728 4819 Ecclesiae
759 4765 1112 4820 conceditur.
1154 4765 1391 4820 Fundus
1439 4766 1728 4837 siquidem
1786 4766 1844 4819 in
1903 4772 2100 4824 monte

461 4852 696 4924 Ugenis,
723 4851 948 4924 positus
965 4853 1235 4910 similiter
1255 4855 1458 4910 ditioni
1491 4859 1818 4910 memorata:
1841 4855 2098 4913 ecclesiae

462 4939 860 5010 consignatur,
899 4941 1017 4994 haec
1047 4959 1178 4997 vero
1201 4945 1398 4999 omnia
1435 4948 1840 5000 summotenus
1871 4961 2097 5000 memo-

462 5028 742 5083 ravimus.
757 5027 838 5080 Ne
855 5027 984 5098 quis
999 5033 1188 5084 tamen
1204 5031 1428 5088 dubitet
1445 5033 1628 5088 multo
1643 5031 1928 5104 ampliora
1957 5050 2098 5104 prae-

461 5115 556 5170 dia
587 5115 708 5168 haec
730 5113 971 5168 ecclesia
995 5131 1108 5168 non
1141 5117 1404 5188 detineri,
1439 5119 1796 5175 absolvimus
1827 5125 2098 5192 praeterea

457 5203 826 5271 liberumque
849 5203 1116 5256 eumdem
1139 5207 1522 5262 venerabilem
1557 5207 1750 5263 locum
1781 5209 2098 5280 apostolica

458 5289 761 5346 sanctione
792 5287 1096 5357 persistere
1117 5291 1418 5359 jubemus,
1445 5311 1548 5349 nec
1579 5295 1746 5351 liceat
1776 5297 1948 5352 alicui
1980 5315 2097 5354 ma-

456 5395 579 5450 gna?
605 5391 908 5450 parvaeque
939 5393 1191 5446 persona:
1219 5379 1432 5433 ibidem
1463 5383 1737 5438 canonice
1754 5391 2096 5457 aggregates

455 5467 698 5520 clericos
729 5462 1109 5517 dehonestare
1139 5469 1194 5519 ct
1225 5465 1550 5534 placitando
1570 5468 1843 5526 infestare
1873 5473 1960 5526 vel
1997 5476 2094 5529 de-

455 5551 644 5606 bitum
681 5548 964 5602 tributum
999 5551 1067 5603 ab
1095 5550 1177 5603 eis
1204 5553 1428 5622 exigere
1451 5571 1548 5607 seu
1571 5555 1766 5626 aliqua
1793 5561 2096 5617 occasione

453 5637 530 5692 ibi
563 5653 596 5690 a
647 5632 820 5686 nobis
861 5639 960 5689 aut
988 5635 1279 5705 aliquibus
1319 5639 1588 5696 fidelibus
1641 5659 1731 5698 res
1789 5662 2094 5706 concessas

2203 4692 2464 4742 tenerem
2512 4683 2810 4756 praefatam
2869 4681 3213 4738 canonicam
3277 4687 3335 4740 et
3391 4701 3502 4740 vos
3549 4681 3840 4742 vestraque

2215 4775 2414 4831 omnia
2443 4773 2554 4828 sub
2613 4775 2827 4826 nostrae
2857 4769 3216 4828 defensionis
3259 4771 3450 4830 tutela
3479 4764 3840 4838 suscipimus.

2209 4867 2267 4918 et
2287 4860 2572 4933 quidquid
2606 4859 2678 4916 ad
2711 4874 2966 4929 praesens
2993 4858 3052 4913 in
3077 4858 3316 4931 scriptis
3344 4859 3436 4916 vel
3469 4859 3594 4918 sine
3621 4843 3834 4920 scriptis

2198 4952 2360 5022 juste
2388 4955 2444 5004 et
2498 4947 2764 5020 legaliter
2808 4947 3038 5002 videtur
3084 4947 3324 5015 habere,
3385 4955 3492 5006 aut
3545 4947 3604 5002 in
3657 4941 3833 4995 futuro

2205 5053 2554 5110 quocunque
2579 5035 2752 5090 modo
2801 5035 3080 5091 humanis
3140 5040 3198 5091 et
3251 5037 3474 5094 divinis
3506 5031 3717 5118 legibuf
3743 5037 3830 5118 0°:

2204 5127 2364 5199 gnito
2387 5125 2642 5198 potuerit
2671 5123 2970 5195 acquirere
2987 5139 3092 5195 per
3121 5123 3302 5196 huius
3336 5125 3528 5184 nostri
3571 5111 3828 5206 Ρνὶῖίιθεξί

2204 5215 2478 5288 Paginam
2509 5214 2567 5268 in
2596 5216 2938 5284 Perpetuum
2967 5213 3414 5270 conﬁrmamus.
3449 5215 3511 5270 1d
3538 5213 3616 5268 est
3645 5205 3826 5288 Domif

2205 5284 2458 5358 picatam
2491 5303 2734 5357 domum
2749 5301 2919 5371 juxta
2939 5299 3262 5356 Ecclesiam
3289 5301 3452 5358 intra
3483 5284 3830 5382 civitatemiéf

2205 5407 2334 5461 quae
2361 5395 2554 5446 vestra
2585 5388 2736 5444 circa
2791 5404 2922 5444 eam
2981 5395 3144 5455 sunt,
3173 5393 3232 5444 et
3287 5390 3606 5446 Ecclesiam
3659 5375 3826 5436 sancti

2203 5479 2515 5534 Clementis
2533 5493 2668 5534 cum
2691 5476 2968 5532 omnibus
2999 5477 3124 5533 suis
3155 5477 3552 5550 pertinentiis,
3582 5475 3634 5528 et
3679 5475 3824 5522 man'

2204 5583 2336 5622 sum
2367 5581 2542 5638 quem
2571 5564 2988 5620 Constantinus
3019 5564 3178 5622 ﬁlius
3227 5568 3532 5638 quondam
3578 5555 3829 5645 Constat}-

2203 5653 2308 5709 tini
2341 5655 2590 5726 praefatae
2623 5653 2908 5710 canonicze
2938 5653 3242 5726 delegavit,
3288 5671 3520 5716 necnon
3563 5655 3617 5710 et
3651 5650 3826 5702 omnia
