3978 6420
173 463 350 554 ira:

1350 459 1760 528 EPISTOLJE
1800 456 1906 526 ET
1943 456 2425 534 DlPLQMATA.

3435 465 3604 532 i388-

180 601 462 676 quajam
495 598 652 657 dicta
673 597 958 656 canonica
987 596 1250 656 noscitur
1279 595 1514 667 habere,
1547 595 1834 664 autfdein-
1862 594 1918 661 Α
1944 593 2144 650 lumus
2175 595 2522 651 auctoritate
2550 595 2890 668 apostolica,
2940 597 3300 657 contulimus
3343 603 3402 658 et
3446 617 3588 673 pra-

182 708 320 764 ceps
351 690 804 765 quibuscumque
831 687 1023 744 modis
1057 689 1220 759 juste
1252 691 1310 742 et
1337 685 1600 758 legaliter
1629 685 1828 757 acqui-

179 783 272 840 ret
300 785 426 836 tam
449 780 510 835 in
540 777 824 844 ecclesiis,
856 777 1029 842 casis,
1061 775 1256 841 terris,
1309 774 1516 844 vineis,
1560 790 1740 845 quam
1771 773 1830 828 in

97 888 126 906 κ
182 869 450 938 decimis,
474 867 772 940 primitiis,
796 864 1192 922 oblationibus
1211 863 1473 920 vivorum
1497 867 1554 918 et
1574 865 1832 919 mortuo-

183 975 342 1027 rum,
394 974 544 1029 quas
575 956 650 1012 ab
697 956 827 1028 ipsa
879 954 1121 1009 matrice
1169 957 1363 1009 vestra
1412 952 1692 1017 Ecclesia,
1735 955 1837 1007 aut

184 1047 580 1117 undecunque
609 1045 824 1099 habere
853 1043 1098 1106 debetis,
1150 1041 1317 1097 vobis
1345 1042 1673 1112 vestrisque
1703 1057 1834 1096 suc-

185 1134 518 1193 cessoribus
549 1132 779 1200 deinde,
814 1135 880 1187 ut
911 1147 1093 1202 supra
1121 1130 1342 1186 dictum
1397 1133 1506 1198 est,
1539 1146 1837 1186 conversa-

185 1225 360 1295 turis,
394 1224 455 1280 in
485 1226 835 1295 perpetuum
866 1221 1310 1288 confirmamus,
1329 1223 1385 1274 et
1415 1235 1516 1291 per
1540 1219 1720 1290 hujus
1743 1234 1840 1273 no-

187 1319 323 1371 stra
336 1311 779 1369 constitutionis
794 1309 1069 1382 paginam
1083 1307 1840 1374 corroboramus.Quocirca

188 1401 510 1475 apostolica
531 1399 877 1456 auctoritate
907 1397 1222 1454 statuimus
1247 1401 1311 1452 ut
1335 1395 1497 1452 nullo
1519 1397 1838 1468 cujuscun-

189 1507 305 1564 que
337 1489 560 1548 ordinis
586 1493 688 1544 aut
708 1486 1010 1560 dignitatis
1033 1485 1427 1542 ecclesiastica
1447 1484 1729 1550 videlicet,
1751 1483 1839 1540 vel

189 1579 491 1637 saecularis
548 1593 761 1650 magna
824 1591 1121 1648 parvaque
1177 1590 1446 1646 persona,
1503 1574 1838 1646 pradictam

189 1669 559 1736 canonicam,
605 1682 708 1722 seu
737 1681 839 1720 vos
885 1668 1223 1735 vestrosque
1253 1679 1621 1720 successores
1654 1679 1836 1734 qua...

189 1759 409 1815 audeat
437 1755 744 1813 disvestire
772 1754 842 1809 de
871 1752 1040 1808 bonis
1089 1752 1214 1808 suis
1262 1751 1351 1807 vel
1399 1751 1671 1824 spoliare,
1716 1750 1844 1806 sine

191 1845 552 1903 canonicalis
595 1847 696 1900 aut
724 1841 926 1898 localis
950 1841 1192 1912 judiciis
1248 1841 1567 1897 sanctione.
1621 1841 1680 1896 Si
1708 1840 1844 1912 quis

1941 682 2190 754 cipimus
2214 686 2278 738 ut
2307 683 2627 740 inviolabili
2659 686 2852 758 vigore
2874 685 3089 744 habeat
3115 689 3400 761 quidquid
3419 707 3595 747 cano-

1941 771 2069 826 nice
2099 776 2156 827 et
2178 773 2339 843 juste
2390 773 2496 828 tibi
2524 774 2662 830 dare
2700 791 3016 846 possumus
3063 778 3122 832 in
3180 778 3594 836 ecclesiasticis

1943 864 2000 916 et
2032 862 2346 916 mundanis
2378 863 2552 918 rebus
2579 881 2592 930 ;
2624 863 2706 918 ita
2725 868 2790 918 ut
2819 865 3015 921 nullus
3047 867 3359 940 episcopus
3387 869 3474 924 vel
3492 869 3590 924 ali-

1945 949 2078 1020 quis
2109 967 2252 1004 suus
2285 951 2528 1006 nuntius
2545 957 2646 1006 aut
2667 953 2942 1025 qualibet
2963 955 3078 1010 alia
3098 972 3354 1027 persona
3374 974 3407 1012 a
3427 957 3594 1014 cleri-

1946 1038 2028 1093 cis
2058 1038 2276 1094 ibidem
2308 1041 2768 1096 deservientibus
2830 1043 3067 1115 aliquod
3117 1046 3442 1114 servitium,
3495 1053 3597 1104 aut

1946 1127 2239 1183 redditum
2273 1129 2484 1201 exigat,
2518 1130 2604 1186 vel
2637 1132 3062 1202 subjectionem
3085 1133 3346 1206 aliquam
3377 1137 3448 1192 de
3469 1153 3593 1192 om-

1948 1218 2144 1284 nibus,
2180 1235 2309 1288 qua
2357 1235 2512 1274 nunc
2559 1218 2755 1286 habet,
2787 1221 2874 1276 vel
2906 1221 3179 1278 habitura
3207 1228 3316 1294 est,
3351 1229 3415 1280 ut
3445 1225 3592 1281 nulli

1949 1306 2220 1377 episcOpo
2253 1305 2425 1362 liceat
2455 1309 2702 1378 prafata
2735 1309 2990 1365 ecclesia
3039 1311 3299 1368 divinum
3333 1314 3593 1370 ofﬁcium

1950 1394 2279 1466 prohibere,
2312 1400 2415 1450 aut
2445 1397 2514 1450 de
2563 1396 2788 1453 clericis
2829 1398 3046 1455 ibidem
3097 1403 3596 1459 commorantibus

1950 1500 2308 1555 quemquam
2340 1487 2866 1554 excommunicare,
2893 1493 2995 1543 aut
3015 1490 3107 1545 sui
3131 1490 3303 1546 ofﬁcii
3337 1492 3596 1564 persolu-

1949 1572 2168 1628 tionem
2202 1575 2566 1644 perturbare,
2617 1579 2720 1631 aut
2766 1577 2995 1649 aliquos
3043 1594 3220 1634 causa
3266 1583 3597 1638 conversio-

1954 1662 2046 1716 nis
2073 1663 2424 1733 poenitentia
2457 1665 2526 1719 ad
2561 1681 2694 1720 eum
2727 1665 3026 1722 venientes
3054 1666 3142 1723 vel
3165 1668 3428 1725 divinum
3467 1671 3602 1726 offi-

1953 1749 2106 1806 cium
2139 1750 2444 1807 audituros
2474 1751 2562 1806 vel
2587 1753 2805 1809 ibidem
2829 1772 3226 1824 remansuros,
3252 1757 3323 1812 ab
3346 1775 3413 1814 ea
3432 1775 3603 1830 sepa-

1955 1855 2102 1908 rare,
2165 1845 2266 1895 aut
2335 1841 2699 1912 interdicere,
2761 1843 2850 1898 vel
2905 1847 3317 1917 quoquomodo
3374 1846 3600 1917 ladere,

189 1937 379 2009 igitur
401 1934 582 1992 nostri
603 1933 785 2004 hujus
807 1930 1008 1986 statuti
1028 1930 1673 1986 edictum...temerario
1697 1947 1844 2029 ausu
1875 1967 1924 2032 Β
1955 1933 2245 2032 quatenus
2276 1931 2712 2030 perturbatione
2728 1933 2900 2032 .omni
2932 1939 3156 2032 remota
3183 1935 3246 2032 in
3294 1936 3457 1993 nullo
3488 1938 3606 2032 im-f

191 2024 513 2097 infringere
536 2019 995 2096 praesumpserit,
1025 2023 1082 2074 et
1103 2019 1506 2076 ecclesiastica
1522 2019 1842 2075 institutio-

194 2114 291 2170 nis
324 2129 486 2170 more
507 2110 903 2167 commonitus
924 2108 1236 2163 emendare
1257 2108 1848 2180 contempserit,sciat

195 2219 260 2259 se
289 2197 686 2270 anathematis
715 2195 945 2252 vinculo
976 2194 1382 2251 innodandum
1411 2199 1469 2249 et
1489 2195 1689 2250 decem
1718 2194 1846 2250 auri

192 2290 446 2348 libras...
471 2285 960 2360 compositurum,
997 2283 1370 2340 medietatem
1399 2283 1650 2354 praefata
1673 2300 1846 2338 cano-

196 2380 364 2448 nica,
397 2382 454 2435 et
482 2377 850 2434 medietatem
883 2389 1047 2429 sacro
1071 2375 1270 2428 nostro
1292 2371 1668 2428 Lateranensi
1691 2371 1849 2444 pala-

197 2468 300 2525 tio.
347 2467 455 2534 Qui
483 2481 618 2522 vero
647 2465 759 2521 hoc
816 2466 1052 2535 propter
1081 2459 1463 2516 reverentiam
1520 2461 1848 2532 apostolica

200 2557 358 2614 sedis
371 2554 619 2612 fideliter
639 2551 1393 2618 observaverit,sanctorum
1421 2549 1695 2622 precibus
1712 2566 1846 2620 pos-

202 2662 400 2704 sessor
429 2645 507 2701 sit
534 2643 700 2716 regni
725 2640 1000 2698 calestis.

275 2736 427 2792 Bene
455 2733 657 2790 valete.

237 2840 534 2881 CONFIRMA
563 2838 690 2888 HOC,
722 2836 890 2888 DEUS,
921 2833 1075 2882 QUOD
1114 2833 1409 2878 OPEEATUS
1437 2833 1502 2873 ES
1534 2835 1594 2873 IN
1625 2834 1812 2875 NOBIS.

275 2913 491 2970 Datum
522 2910 663 2967 Fani
692 2927 748 2965 xu
793 2907 918 2964 Kal.
956 2906 1088 2962 Maii
1119 2922 1272 2962 anno
1305 2907 1447 2962 ab...
1492 2906 1665 2963 Verbi
1690 2907 1849 2975 1060,

205 3019 309 3078 per
324 3017 536 3060 manus
558 2998 861 3056 Humberti
884 3000 1100 3054 sancta
1116 2995 1382 3052 Ecclesia
1401 2995 1566 3052 Silva
1582 2996 1854 3062 Candida

204 3089 466 3164 episcopi
494 3093 551 3146 et
579 3087 910 3160 apostolicae
934 3085 1091 3148 sedis
1112 3083 1561 3153 bibliothecarii,
1596 3102 1748 3142 anno
1770 3103 1855 3142 se-

205 3181 410 3244 cundo.
427 3177 803 3251 pontiﬁcatus
833 3174 1033 3232 domni
1057 3190 1218 3247 papa
1240 3173 1461 3230 Nicolai
1485 3175 1750 3244 secundi,
1770 3176 1856 3231 iu-

205 3268 461 3327 dictione
488 3283 613 3323 xm.

968 3334 1090 3391 XIX

203 3429 464 3487 Nicotaus
491 3427 540 3486 ιι
594 3427 881 3497 conﬁrmat
923 3424 1309 3497 fundationem
1362 3423 1593 3480 abbatis:
1641 3422 1698 3497 S.
1748 3426 1856 3497 Pe-g

281 3502 356 3558 tri
406 3501 462 3556 in
511 3499 646 3554 urbe
697 3496 988 3566 lgerensz’,
1023 3503 1074 3551 et
1121 3496 1414 3566 privilegia
1466 3496 1737 3551 nonnulla
1789 3496 1859 3552 ad

280 3571 522 3645 ejusdem
543 3569 850 3645 libertatem
877 3567 1138 3645 concedit.

834 3641 1026 3711 (Anno
1060 3637 1242 3711 1060.)

692 3709 1126 3784 [Οοερυειιιιςει
1155 3709 1200 3776 I,
1233 3709 1381 3780 404.]

282 3804 574 3861 NIGOLAUS
604 3800 942 3874 episcopus,
971 3815 1173 3856 servus
1203 3813 1502 3855 servorum
1525 3797 1648 3866 Dei,
1670 3798 1857 3855 omni-

206 3896 326 3952 bus
356 3891 583 3950 clericis
619 3889 896 3947 canonice
923 3887 1255 3944 viventibus
1271 3891 1329 3943 et
1346 3886 1588 3944 victuris
1608 3887 1667 3942 in
1684 3886 1862 3944 eccle-

211 3984 322 4052 sia,
355 3998 485 4055 qua
516 3984 607 4040 est
637 3983 974 4037 constructa
1002 3979 1074 4034 ad
1113 3977 1394 4034 honorem
1443 3976 1630 4033 sancti
1682 3977 1860 4048 Petri,

214 4070 619 4146 apostolorum
651 4067 934 4141 principis
965 4067 1026 4123 in
1056 4065 1335 4138 Agerensi
1367 4068 1577 4135 castro,
1611 4064 1860 4123 salutem

205 4166 271 4219 et
299 4159 766 4224 benedictionem
795 4157 855 4212 in
887 4159 1257 4229 perpetuum.

281 4251 427 4316 Quia
455 4249 516 4305 in
547 4246 868 4304 commissa
921 4244 1092 4302 nobis
1151 4243 1541 4301 Ecclesiarum
1571 4244 1674 4301 Dei
1721 4261 1864 4302 cura

209 4337 460 4402 sollicite
499 4335 671 4394 nobis
718 4338 809 4391 est
848 4333 1233 4407 vigilandum,
1285 4332 1532 4405 dignum
1580 4337 1637 4388 et
1682 4333 1861 4389 hone-

209 4427 547 4491 stissimum
579 4423 752 4482 nobis
775 4423 1005 4480 videtur
1035 4427 1100 4477 ut
1128 4420 1405 4478 omnibus
1447 4421 1543 4478 Dei
1591 4422 1862 4478 Ecclesiis

210 4516 547 4584 subvenire,
580 4513 914 4580 defendere,
939 4510 1208 4568 auxiliari
1238 4515 1294 4566 et
1314 4527 1527 4584 augere
1547 4528 1664 4568 non
1686 4511 1866 4568 desis-

205 4611 428 4663 tamus.
453 4603 819 4675 Quapropter
838 4598 1147 4657 ecclesiam
1179 4598 1380 4655 Sancti
1410 4599 1564 4655 Petri
1597 4616 1722 4671 qua
1752 4599 1865 4656 sita

1958 2017 2269 2089 pediantur
2341 2020 2614 2075 canonice
2689 2021 2964 2088 viventes,
3039 2023 3151 2078 nisi
3219 2025 3386 2094 forte,
3447 2028 3602 2098 quod

1958 2105 2146 2161 absitl
2177 2112 2382 2162 contra
2411 2109 2692 2165 canonica
2743 2110 3013 2168 instituta
3062 2113 3120 2168 in
3163 2130 3341 2170 suum
3379 2114 3603 2187 episco—

1959 2211 2100 2266 pum
2135 2194 2357 2267 aliquid
2393 2197 2628 2266 faciant,
2663 2200 2818 2255 unde
2848 2199 2958 2256 hoc
2989 2202 3210 2274 perpeti
3235 2203 3504 2259 debeant.
3541 2203 3622 2260 Et-

1959 2281 2236 2338 volumus
2267 2301 2394 2350 nos,
2447 2290 2503 2340 et
2547 2289 2891 2343 auctoritate
2943 2289 3342 2360 apostolorum
3383 2292 3605 2364 princi-

1960 2387 2103 2443 pum
2136 2371 2286 2426 Petri
2319 2373 2483 2429 Pauli
2511 2379 2568 2430 et
2597 2375 2842 2431 ﬁrmiter
2859 2378 3141 2446 jubemus
3172 2384 3238 2435 ut
3275 2397 3480 2436 omnes
3509 2397 3608 2437 ec-

1958 2457 2191 2527 clesias,
2214 2460 2412 2529 cellas,
2438 2466 2493 2517 et
2519 2464 2737 2534 pradia
2769 2466 3019 2536 praefata
3041 2467 3296 2524 ecclesia
3317 2468 3609 2538 omnium,

1962 2565 2088 2619 qua
2108 2550 2280 2606 modo
2293 2550 2486 2620 habet,
2509 2556 2565 2608 et
2581 2552 2854 2610 habitura
2869 2560 2958 2611 est
2975 2555 3034 2612 in
3058 2562 3403 2629 perpetuum
3419 2557 3611 2631 quiete

1961 2637 2174 2693 habeat
2205 2643 2262 2694 et
2319 2640 2634 2711 possideat,
2686 2649 2743 2698 et
2800 2643 2944 2699 nulli
2999 2644 3255 2702 ecclesia
3308 2663 3428 2702 sua
3486 2647 3614 2704 sine

1963 2726 2136 2799 culpa
2183 2727 2525 2785 clericorum
2578 2735 2781 2787 contra
2803 2733 2976 2803 jussa
3021 2750 3312 2790 canonum
3345 2734 3609 2791 divinum

1962 2815 2221 2872 ofﬁcium
2254 2817 2655 2888 prohibeatur,
2689 2823 2792 2876 aut
2821 2823 3379 2880 excom-municetur.

2035 2907 2364 2961 Statuentes
2380 2906 2622 2977 apostoli
2631 2924 2696 2963 ca
2707 2925 2956 2966 censura
2977 2911 3347 2968 decernimus
3367 2917 3434 2969 ut
3451 2911 3616 2968 nulla

1964 3008 2215 3064 persona
2245 3010 2421 3065 parva
2449 2995 2535 3050 vel
2563 3012 2776 3068 magna
2796 2997 3024 3054 nullum
3048 3015 3292 3056 censum
3313 3001 3386 3057 ab
3409 3002 3613 3058 eadem

1966 3080 2211 3137 ecclesia
2241 3099 2377 3137 cum
2427 3084 2701 3140 omnibus
2749 3087 2861 3141 sibi
2910 3087 3342 3159 pertinentibus
3391 3090 3618 3164 exigere

1967 3175 2303 3241 prasumat,
2331 3171 2419 3228 vel
2451 3173 2687 3243 habeat,
2720 3175 2831 3230 nisi
2865 3176 3130 3234 Romana
3163 3179 3440 3247 Ecclesia,
3487 3195 3616 3252 qua

1966 3259 2180 3316 habeat
2207 3277 2311 3332 per
2341 3262 2819 3335 quinquennium
2871 3282 3113 3322 censum
3144 3267 3346 3323 decem
3395 3267 3618 3325 solidos

1885 3336 1927 3404 C
1967 3363 2196 3404 aureos.
2233 3350 2348 3404 Iste
2380 3353 2438 3406 et
2465 3352 2781 3421 Arnaldus,
2814 3354 2906 3408 vir
2933 3355 3455 3426 prudentissimus,
3479 3373 3615 3412 cum

1967 3455 2077 3493 sua
2106 3455 2282 3493 uxore
2311 3443 2369 3494 et
2399 3440 2540 3509 ﬁlio,
2589 3445 2647 3496 et
2691 3442 2940 3512 posteris
2969 3444 3039 3499 de
3070 3461 3178 3500 sua
3207 3443 3482 3517 progenie
3511 3445 3616 3501 ha-

1968 3526 2102 3582 beat
2141 3526 2380 3599 dignam
2427 3529 2850 3600 subj-actionem
2883 3536 2942 3588 et
2990 3532 3292 3601 honorem,
3341 3550 3408 3589 eo
3458 3535 3616 3606 quod

1969 3615 2070 3671 Dei
2103 3615 2318 3672 auxilio
2339 3615 2670 3674 liberaverit
2707 3623 2924 3676 terram
2950 3619 3113 3676 illam
3145 3623 3218 3679 de
3249 3626 3533 3696 potestate
3561 3627 3618 3679 et

1969 3720 2161 3760 errore
2181 3706 2603 3778 Agarenorum,
2635 3711 2693 3764 et
2720 3707 2890 3764 liceat
2920 3710 3004 3766 eis
3036 3710 3304 3767 ordinare
3343 3711 3616 3768 abbatem

1970 3793 2029 3848 in
2057 3810 2237 3866 supra
2257 3794 2414 3850 dicta
2433 3794 2681 3853 ecclesia
2701 3799 3026 3854 secundum
3049 3816 3219 3856 suam
3235 3799 3615 3869 voluntatem,

1971 3898 2147 3955 quem
2179 3898 2502 3954 congruum
2535 3889 2592 3942 et
2618 3886 2895 3942 idoneum
2926 3891 2982 3942 et
3011 3887 3244 3944 servitio
3269 3887 3372 3945 Dei
3412 3893 3617 3961 aptum

1969 3970 2098 4044 ipse
2124 3989 2257 4028 cum
2281 3971 2504 4029 clericis
2525 3973 2779 4031 ecclesia
2799 3975 2996 4033 Sancti
3025 3976 3176 4033 Petri
3199 3978 3473 4034 canonice
3502 3977 3620 4036 ele-

1972 4061 2184 4134 gerint.
2217 4061 2286 4117 Et
2317 4061 2514 4118 abbati
2542 4065 2830 4135 pradictae
2861 4065 3116 4123 ecclesia
3147 4066 3308 4124 nullo
3347 4068 3520 4124 modo
3549 4067 3620 4123 li-

1971 4153 2099 4206 ceat
2119 4151 2189 4206 de
2211 4151 2448 4222 pradiis
2464 4156 2520 4208 et
2537 4153 2608 4209 de
2629 4153 2886 4211 castellis
2910 4156 3162 4212 vendere
3184 4157 3618 4230 quoquomodo,

1972 4244 2075 4295 aut
2105 4238 2358 4296 alineare
2380 4241 2452 4297 ad
2476 4242 2762 4300 damnum
2785 4243 3060 4302 ecclesia.
3086 4245 3147 4302 Si
3168 4247 3302 4319 quis
3323 4246 3506 4320 igitur
3520 4247 3625 4303 hu-

1965 4329 2069 4400 jus
2122 4329 2303 4386 nostri
2337 4330 2622 4405 privilegii
2677 4338 2897 4390 temere
2947 4334 3194 4391 violator
3239 4335 3524 4392 exstiterit
3567 4339 3626 4391 et

1973 4417 2234 4474 monitus
2267 4420 2544 4491 canonice
2572 4424 2887 4480 emendare
2917 4425 3355 4496 contempserit,
3387 4425 3534 4480 sciat
3563 4443 3624 4481 se

1973 4509 2273 4582 perpetuis
2285 4509 2677 4568 anathematis
2692 4513 2942 4568 vinculis
2955 4513 3298 4568 innodatum
3315 4513 3625 4585 etinsuper

1975 4602 2212 4655 centum
2241 4598 2525 4656 librarum
2557 4601 2683 4656 auri
2717 4617 2885 4673 pana
2915 4601 3310 4669 multandum,
3344 4601 3622 4656 medieta-

204 4694 388 4760 estin
419 4691 843 4765 pranominato
865 4693 1078 4757 castro,
1113 4688 1173 4743 in
1205 4688 1447 4746 tutelam
1479 4689 1666 4744 sancti
1707 4687 1860 4745 Petri
1891 4705 1939 4770 Β
1973 4691 2094 4743 tem
2122 4704 2287 4744 sacro
2332 4693 2530 4746 nostro
2563 4689 2799 4762 palatio,
2844 4694 2900 4746 et
2951 4690 3323 4746 medietatem
3373 4690 3621 4760 prafata

205 4789 267 4841 et
296 4781 716 4856 proprietatem
758 4777 1167 4851 suscipientes,
1200 4777 1475 4833 omnibus
1507 4778 1697 4834 modis
1729 4781 1858 4834 stu-

204 4873 347 4930 dere
373 4870 673 4938 volumus,
703 4868 887 4925 nostri
937 4859 1287 4923 muniminis
1331 4865 1599 4938 prasidio
1631 4865 1860 4933 fultam,

203 4966 665 5030 ηοειιιοιιιιωᾳυθ
687 4972 1118 5024 ΒυῦῦΘΒΒΟΙἮῙῙΙ,
1144 4972 1376 5028 semper
1397 4971 1654 5024 manere,
1680 4972 1860 5027 quam

204 5067 275 5110 eo
307 5051 463 5124 quod
487 5048 824 5122 nuperrime
851 5048 922 5103 de
945 5048 1231 5118 potestate
1257 5061 1620 5118 paganorum
1645 5052 1700 5100 et
1718 5060 1861 5117 gen-

203 5140 666 5210 tilitatisterrore
687 5137 970 5194 divinitus
988 5135 1296 5192 liberatam
1322 5150 1426 5206 per
1445 5133 1860 5190 charissimam

205 5226 810 5288 nostrumArualdum
825 5224 1260 5282 nobilissimum
1275 5227 1333 5279 et
1345 5222 1860 5296 religiosissimum

204 5319 423 5387 virum,
455 5317 827 5373 inimicorum
861 5313 964 5370 Dei
1005 5317 1409 5386 Agarenorum
1459 5312 1861 5369 adversarium

203 5412 265 5465 et
295 5407 736 5473 debellatorem,
773 5403 1045 5462 novimus
1078 5419 1142 5459 ac
1173 5401 1430 5465 oblatam
1451 5401 1566 5460 Deo
1586 5406 1643 5458 et
1659 5405 1860 5458 sancto

198 5501 376 5556 Petro
407 5499 480 5554 ab
511 5496 716 5554 eodem
746 5499 805 5551 et
825 5495 896 5551 ab
918 5509 1095 5550 uxore
1116 5509 1223 5549 suo
1242 5491 1492 5548 Arsendi
1513 5507 1617 5563 pro
1635 5492 1860 5548 redem-

201 5587 407 5662 ptione
437 5586 772 5661 animarum
823 5599 1064 5639 suarum
1096 5585 1154 5637 et
1182 5598 1217 5637 a
1245 5579 1556 5637 Guillelmo
1605 5579 1860 5637 ﬁliorum

201 5693 431 5745 eorum,
465 5679 523 5732 et
551 5689 656 5747 pro
686 5675 912 5730 aeterna
958 5669 1358 5728 retributionis
1404 5669 1644 5742 pramio
1673 5669 1860 5725 susci-

201 5767 405 5841 pimus
436 5765 520 5823 in.
558 5763 616 5820 S.
653 5761 804 5819 Petri
860 5761 1276 5834 proprietatem
1333 5763 1392 5816 et
1445 5762 1705 5816 nostram
1757 5776 1858 5817 vo-

1970 4777 2246 4834 ecclesia.
2280 4778 2387 4844 Qui
2420 4795 2550 4835 vero
2581 4779 2678 4851 pia
2725 4779 3029 4836 devotione
3075 4782 3445 4835 conservator
3494 4795 3624 4835 esse

1974 4867 2286 4934 studuerit,
2321 4871 2378 4923 et
2403 4868 2473 4924 de
2501 4885 2608 4924 suo
2639 4868 2861 4941 aliquid
2883 4869 3136 4941 praefata
3165 4866 3425 4924 ecclesia
3455 4868 3626 4925 dede-

1973 4955 2070 5021 rit,
2091 4955 2180 5012 vel
2202 4955 2486 5013 auxilium
2510 4958 2726 5026 fecerit,
2752 4958 3025 5031 precibus
3047 4956 3446 5032 apostolorum
3470 4958 3626 5031 prin-

1972 5045 2170 5117 cipum
2200 5045 2352 5101 Petri
2384 5051 2440 5102 et
2468 5047 2630 5102 Pauli
2665 5053 3038 5121 peccatorum
3071 5065 3312 5105 suorum
3352 5049 3622 5104 omnium

1971 5135 2046 5190 ab
2077 5134 2463 5206 omnipotenti
2496 5141 2608 5192 Deo
2628 5137 2880 5209 veniam,
2905 5142 2962 5194 et
2991 5143 3216 5195 aeterna
3243 5138 3625 5194 beatitudinis

1973 5227 2368 5296 consequatur
2397 5223 2666 5298 gloriam.

2043 5312 2334 5384 Scriptum
2365 5331 2471 5386 par
2501 5332 2714 5373 manus
2745 5317 3068 5387 Octaviani,
3099 5315 3389 5374 scriniarii
3431 5319 3488 5370 et
3519 5329 3622 5368 no-

1971 5402 2106 5458 tarii
2137 5402 2286 5458 sacri
2315 5403 2540 5475 palatii,
2571 5405 2628 5461 in
2655 5423 2856 5464 mense
2877 5407 3058 5480 Aprili
3085 5412 3141 5462 et
3161 5403 3476 5461 indictione
3496 5418 3616 5458 xm.

2043 5491 2254 5546 Datum
2288 5495 2482 5548 Roma
2513 5513 2654 5551 xvm
2695 5497 2819 5552 Kal.
2848 5498 3009 5563 Maii,
3061 5509 3212 5551 anno
3246 5491 3317 5546 ab
3348 5491 3622 5545 Incarna-

1971 5581 2129 5636 tione
2157 5580 2299 5636 Jesu
2333 5581 2547 5640 Christi
2582 5587 2742 5653 1060,
2775 5587 3150 5658 pontificatus
3181 5579 3376 5637 domui
3400 5580 3618 5639 Nicolai

1971 5687 2135 5744 papa
2167 5672 2406 5726 secundi
2436 5690 2588 5730 anno
2621 5677 2897 5732 secundo.

2041 5760 2162 5831 Ego
2193 5759 2410 5829 Brunc,
2437 5763 2830 5822 Prauestinus
2859 5763 3188 5836 episcopus.
