3978 6394
264 451 421 517 1339
1609 443 1919 527 ΝῙΟΟῙιΑῙ
1959 441 2016 508 ΙΙ
2055 447 2287 514 ΡΑΡιΕ
3537 445 3744 514 13ιο

333 560 452 636 Ego
480 559 794 631 Arnoldus,
823 559 1090 620 Aretinus
1117 556 1444 632 episcopus.
1931 550 1990 619 Α
2016 553 2104 611 vel
2125 555 2240 614 alia
2269 557 2470 632 aliqua
2489 558 2738 634 persona
2765 575 2983 634 magna
3000 557 3090 618 vel
3111 575 3293 634 parva
3315 557 3590 632 aliquod
3629 556 3746 612 in-

332 651 450 725 Ego
477 651 850 717 Cumbertus,
880 646 1328 706 Taurinensium
1359 642 1590 717 praesul.
2008 641 2156 701 ferre
2187 653 2502 719 praesumat
2529 649 2944 706 detrimentum
2967 648 3057 706 vel
3075 652 3520 706 nocumentum
3557 661 3744 719 prm-

334 746 452 817 Ego
481 741 814 805 Anselmus,
838 739 939 794 Dei
961 733 1358 792 misericordia
1377 731 1654 788 Lucensis
1675 729 1898 802 episco-
2006 734 2160 790 dicto
2191 739 2545 794 monasterio
2575 738 2770 794 Sancti
2800 737 3040 794 Thomaa
3087 737 3340 810 ejusque
3389 735 3738 794 omnibus

265 851 397 908 pus,
429 832 688 904 cognovi.
1860 906 1867 908 _
2000 823 2191 892 bonis,
2226 824 2442 896 quibus
2472 843 2627 882 nunc
2657 826 2855 896 habet,
2885 826 2974 882 vel
3005 826 3065 881 in
3099 829 3462 898 perpetuum
3499 823 3722 882 habi-

335 925 453 994 Ego
477 919 757 988 Dodopei
777 921 922 972 nutu
941 911 1285 969 Rusellanus
1298 906 1892 982 episcopus,cognovi.
2003 915 2172 968 turus
2203 917 2306 968 est.
2333 914 2578 986 Insuper
2597 914 2970 970 concedimus
2991 918 3050 970 et
3069 913 3510 970 conﬁrmamus
3539 929 3734 985 prae-

337 1017 452 1082 Ego
472 1007 800 1070 Anselmus,
851 1001 952 1058 Dei
999 1000 1186 1072 gratia
1215 997 1538 1054 Castrensis
1567 995 1893 1067 episcopus.
2005 999 2160 1055 dicto
2179 1003 2530 1058 monasterio
2551 1018 2785 1058 omnem
2806 1003 2995 1074 ipsam
3017 1006 3233 1058 terram
3254 1017 3396 1058 cum
3428 1000 3742 1072 capellis

341 1102 456 1171 Ego
487 1095 855 1160 Godel‘ridus,
887 1089 1201 1146 Perusinus
1231 1087 1560 1157 episcopus.
1785 1170 1790 1171 γ
2005 1092 2062 1143 et
2087 1088 2213 1144 suis
2245 1089 2635 1160 pertinentiis,
2670 1105 2848 1162 quam
2881 1089 3136 1144 domnus
3185 1105 3342 1161 papa
3395 1088 3740 1144 Clemens

336 1170 452 1258 Ego
480 1187 735 1240 Joannes
757 1177 1218 1250 archipresbyter
1235 1170 1896 1244 subscripsi.Lucenica-
2008 1175 2107 1247 qui
2139 1176 2219 1230 ibi
2249 1177 2414 1246 obiit,
2449 1175 2661 1233 obtulit
2689 1176 2962 1250 praedicto
2993 1177 3353 1232 monasterio
3377 1175 3443 1232 in
3469 1191 3740 1248 perpe-

267 1294 377 1332 nus
423 1271 886 1344 archipresbyter
915 1268 972 1324 S.
1006 1265 1179 1330 Petri,
1220 1265 1474 1321 Joannes
1504 1261 1562 1318 S.
1596 1261 1768 1317 Petri.
1798 1259 1895 1314 ΑΙ·
2003 1268 2169 1318 tuum
2201 1281 2304 1335 pro
2335 1266 2590 1321 remedio
2621 1267 2828 1320 anima
2855 1282 2972 1322 suae
3003 1269 3062 1320 et
3091 1265 3546 1321 restauratione
3569 1265 3721 1320 Ec-

265 1367 464 1420 bertus
495 1359 959 1431 archipresbyter
993 1352 1336 1423 subscripsi.
2005 1350 2217 1420 clesize,
2252 1353 2499 1425 positam
2547 1353 2828 1409 comitatu
2882 1353 3296 1421 Pensaurensi,
3348 1353 3524 1408 inter
3581 1352 3739 1409 hos

331 1453 542 1506 Datum
593 1448 788 1502 Romae
835 1461 950 1498 xvn
981 1441 1106 1497 Kal.
1154 1439 1289 1494 Maii
1321 1455 1472 1494 anno
1499 1438 1571 1492 ab
1631 1438 1897 1492 Incarna-
2002 1440 2169 1505 ﬁnes,
2203 1458 2236 1497 a
2265 1441 2454 1512 primo
2485 1441 2664 1498 latere
2693 1442 2881 1498 rivum
2909 1442 3193 1507 Reanum,
3219 1458 3253 1496 a
3285 1440 3572 1496 secundo
3599 1440 3726 1496 la.-

259 1541 418 1596 tione
453 1539 592 1594 Jesu
625 1533 836 1591 Christi
865 1532 1023 1596 1060,
1057 1546 1159 1601 per
1189 1544 1400 1582 manus
1431 1525 1734 1580 Humberti
1760 1541 1892 1580 san-
2009 1535 2126 1584 tere
2182 1529 2369 1601 ripam
2403 1530 2473 1584 de
2534 1528 2742 1598 Pizele,
2775 1529 2926 1585 sicut
2979 1528 3140 1584 vadit
3185 1528 3245 1584 in
3301 1532 3554 1600 petram
3637 1529 3744 1584 de

262 1637 365 1685 ciae
397 1628 670 1682 Romana?
699 1619 964 1677 Ecclesiae
982 1622 1038 1673 et
1059 1614 1386 1688 apostolicze
1409 1613 1565 1669 sedis
1580 1611 1894 1668 bibliothe-
2006 1621 2212 1685 Acero,
2242 1622 2301 1674 et
2329 1617 2488 1673 venit
2542 1619 2616 1673 ad
2643 1617 2795 1673 viam
2829 1616 3148 1689 publicam,
3193 1633 3321 1688 qum
3381 1617 3572 1672 ducit
3655 1618 3744 1674 in

263 1715 424 1782 carii,
457 1717 514 1769 et
553 1715 762 1767 sanctae
810 1706 1074 1762 Ecclesiae
1104 1703 1267 1757 Silvae
1299 1701 1564 1756 Candida;
1613 1699 1890 1772 episcopi,
2009 1705 2295 1762 Lavacelli
2323 1723 2336 1773 ;
2369 1723 2404 1760 ει
2431 1704 2602 1762 tertio
2655 1705 2832 1760 latere
2863 1704 3072 1773 rivum,
3111 1703 3213 1777 qui
3261 1703 3752 1776 temperanter

263 1820 414 1860 anno
448 1799 702 1856 secundo
733 1794 1104 1867 pontiﬁcatus
1133 1789 1333 1846 domui
1361 1805 1520 1862 papze
1551 1787 1766 1844 Nicolai
1799 1804 1891 1844 se-
2006 1793 2187 1849 currit
2217 1809 2394 1865 super
2441 1797 2700 1848 castrum
2749 1792 2998 1860 Liciole;
3029 1795 3090 1848 et
3135 1809 3172 1847 a
3217 1797 3431 1862 quarto
3487 1792 3744 1851 latere

264 1891 459 1956 cundi,
495 1887 809 1942 indictione
839 1899 964 1936 xm.
1926 1911 1974 1976 Β
2013 1879 2340 1952 Aposellam
2371 1880 2636 1949 ﬂuvium,
2669 1879 2768 1951 qui
2797 1881 2980 1935 currit
3009 1894 3196 1951 usque
3223 1879 3282 1934 in
3331 1879 3556 1951 ipsum
3593 1895 3740 1938 ve-

1030 1984 1126 2040 xx
1926 1965 1972 1976 ”
2014 1971 2200 2024 strum
2226 1967 2675 2038 monasterium,
2698 1983 2831 2022 cum
2881 1971 3078 2022 monte
3123 1965 3378 2023 Calvello
3429 1971 3500 2023 et
3531 1968 3749 2028 vallo

259 2085 422 2141 Bulla
451 2081 662 2137 Νίσοιαὶ
705 2080 760 2133 11
793 2093 891 2148 pro
940 2075 1349 2148 conﬁrmatione
1387 2074 1604 2148 jarium
1653 2080 1702 2126 et
1731 2072 1830 2148 bon

2174 2073 2224 2123 a,
2251 2059 2308 2111 et
2335 2059 2593 2112 castrum
2627 2053 2840 2110 Liciole
2869 2070 3005 2110 cum
3037 2053 3314 2110 omnibus
3345 2071 3490 2126 quae
3521 2056 3745 2117 intra.

329 2172 454 2210 rum
481 2141 804 2207 monasterii
833 2147 886 2203 S.
917 2141 1122 2202 Thom
1153 2145 1218 2200 de
1243 2141 1516 2216 Aposeua,
1547 2145 1604 2197 in
1628 2158 1729 2213 quo
1759 2142 1897 2198 obiit
2003 2147 2110 2202 hos
2141 2143 2570 2202 concluduntur
2597 2141 2767 2209 ﬁnes,
2801 2159 2934 2198 cum
2965 2141 3161 2207 terris,
3192 2143 3445 2213 campis,
3483 2147 3740 2216 casis,

336 2227 576 2281 Clemens
606 2223 654 2277 Π
685 2237 850 2292 ΡαΡα-
2001 2234 2206 2299 vineis,
2238 2231 2564 2298 arboribus,
2587 2229 2886 2302 pomiferis
2916 2234 2973 2286 et
3001 2229 3410 2296 infructiferis,
3434 2237 3506 2286 et
3533 2249 3742 2293 cum

876 2307 1062 2378 (ΑΠηο
1095 2303 1302 2391 ίοδθδη
1379 2390 1382 2391 ν
1579 2389 1592 2391 _
2001 2321 2276 2380 omnibus
2303 2319 2374 2376 ad
2405 2318 2738 2391 praedictam
2769 2323 2983 2374 terram
3011 2317 3364 2391 generaliter
3407 2323 3474 2374 et
3541 2326 3740 2380 uni-

333 2402 727 2473 [ΜιττΛιιειιῐς
750 2394 950 2450 Αηηαί·
987 2391 1244 2481 “"19”:
1264 2390 1331 2457 ῘῘν
1360 2389 1644 2481 APBend-v
1677 2388 1802 2481 4733
1827 2403 1896 2443 ex
1999 2410 2304 2468 versaliter
2331 2388 2781 2481 pertinentibus.
2827 2409 2897 2463 Et
2939 2388 3181 2478 insuper
3225 2407 3741 2472 conﬁrmamus

262 2488 622 2562 autographo
654 2483 867 2540 arChiVi
903 2483 960 2538 δ’
995 2480 1188 2536 Maria
1219 2479 1425 2534 Portus
1457 2477 1787 2547 Ravenna]
2002 2500 2190 2555 eidem
2221 2477 2576 2552 monasterio
2607 2493 2768 2550 illam
2799 2494 3010 2550 turrim
3036 2477 3192 2550 infra
3219 2495 3414 2567 ipsam
3449 2498 3736 2558 civita—

332 2597 620 2651 NICOLAUS
648 2590 978 2662 epiSOOPUS.
1003 2601 1207 2642 servus
1237 2600 1536 2640 servorum
1563 2582 1684 2648 Dei,
1708 2581 1892 2636 PETBO
2001 2592 2118 2644 tem
2142 2586 2623 2650 Pensaurensem,
2643 2599 2772 2654 quae
2795 2582 3512 2641 nominaturCastellione
3533 2605 3733 2652 cum

261 2681 572 2740 venerabili
604 2677 801 2736 abbati
842 2673 1182 2730 monasterii
1233 2671 1430 2728 Sancti
1473 2671 1706 2726 Thomas
1755 2685 1893 2741 apo-
2002 2675 2128 2731 suis
2149 2671 2516 2746 pertinentiis
2541 2670 2702 2726 intus
2723 2673 2780 2726 et
2799 2670 2939 2727 foris
2959 2687 3146 2742 usque
3171 2671 3243 2726 ad
3267 2675 3516 2744 portam
3547 2693 3736 2749 qua

259 2771 412 2840 stoli,
446 2768 618 2842 positi
647 2768 708 2822 in
740 2764 1019 2822 comitatu
1049 2760 1620 2830 Pensaurensijuxta
1649 2759 1892 2814 ﬂuvium
2004 2762 2342 2818 nominatur
2359 2761 2637 2815 Fanestra
2652 2758 2712 2816 in
2726 2761 3094 2830 perpetuum.
3121 2758 3736 2825 Undeevacuamus

257 2858 550 2932 Apusella,
583 2855 824 2926 suisque
849 2850 1284 2910 successoribus
1307 2847 1520 2904 ibidem
1552 2845 1894 2919 regulariter
2002 2855 2060 2908 et
2088 2853 2430 2906 evacuatum
2463 2863 2695 2918 semper
2715 2861 2842 2902 esse
2872 2845 3146 2902 volumus
3165 2850 3224 2902 et
3241 2847 3551 2918 jubemus
3579 2853 3728 2912 illa

261 2931 669 3021 Ρῗοωονθηάίε
700 2943 760 2997 in
791 2944 1158 3014 ΡθιῬθῑυυω-
2001 2931 2305 3014 praecepta,
2339 2952 2466 3008 quze
2489 2935 2558 2990 de
2588 2933 2689 2989 illa
2707 2939 2864 2990 terra
2885 2934 3224 2992 habuerunt
3251 2935 3366 3007 ipsi
3401 2935 3524 2992 ﬁlii
3563 2939 3728 2999 Un-

330 3037 518 3090 Tanta
543 3035 634 3087 est
663 3029 818 3086 sedis
859 3024 1188 3099 apostolicae
1220 3023 1554 3090 auctoritas,
1588 3027 1654 3078 ut
1701 3021 1891 3078 omnis
2002 3027 2148 3102 gari,
2179 3029 2245 3081 ut
2269 3023 2496 3080 nullum
2524 3021 2778 3078 valorem
2810 3021 3153 3094 nullamque
3185 3022 3448 3102 habeant
3485 3025 3736 3086 firmi.

258 3122 588 3193 requiratur
616 3118 687 3173 ab
717 3133 786 3172 ea
816 3113 1084 3181 ﬁrmitas,
1117 3127 1222 3167 nec
1253 3114 1486 3183 putetur
1513 3127 1642 3166 esse
1661 3110 1890 3179 stabile,
2001 3099 2204 3182 tatem,
2235 3131 2340 3188 per
2379 3114 2488 3169 hoc
2536 3115 2802 3168 nostrum
2849 3115 3227 3184 praeceptum,
3255 3099 3384 3168 'tibi
3415 3114 3728 3189 tuisque

257 3210 370 3266 nisi
400 3209 555 3282 quod
585 3207 714 3278 ejus
743 3203 918 3260 fuerit
947 3201 1358 3258 conﬁrmatum
1401 3199 1622 3255 robore.
1656 3199 1727 3254 Et
1755 3199 1894 3269 quia
1926 3263 1966 3282 ﬂ
2003 3200 2678 3265 successoribusanobis
2691 3216 2794 3272 pro
2813 3199 3069 3256 remedio
3087 3200 3487 3258 anima-illius
3505 3221 3724 3279 papa;

257 3263 369 3354 nos
395 3263 880 3371 gipraas'idemus,
913 3295 969 3346 et
1009 3290 1160 3345 vices
1209 3288 1358 3344 beati
1394 3287 1543 3343 Petri
1591 3263 1892 3359 fungimur
1924 3263 1966 3330 (ἶ
2005 3263 2316 3350 Clementis
2345 3292 2670 3361 nostraeque
2691 3263 2760 3341 in
2791 3291 3164 3360 perpetuum.
3197 3289 3446 3346 Factum
3487 3263 3574 3348 ἑο,

259 3388 392 3444 licet
419 3385 667 3458 indigni,
700 3380 859 3438 omni
891 3379 1085 3436 studio
1117 3378 1397 3433 debemus
1430 3375 1744 3432 servientes
1777 3381 1890 3432 Deo
1999 3399 2133 3438 men
2179 3379 2400 3436 ratione
2428 3380 2493 3433 ut
2521 3375 2849 3432 annualiter
2879 3374 3229 3448 persolvatis
3259 3377 3483 3434 exinde
3521 3397 3717 3453 pen-

258 3476 569 3547 divinoque
590 3472 798 3528 timore
819 3468 1066 3540 repletos
1087 3466 1336 3539 dirigere
1359 3469 1416 3520 et
1432 3466 1726 3537 adjuvare,
1751 3483 1891 3538 qua-
1999 3469 2224 3528 sionem
2257 3467 2384 3524 auri
2413 3463 2694 3522 bisantini
2723 3480 2904 3520 unam
2936 3463 3274 3520 actionariis
3303 3465 3494 3524 certis
3533 3487 3718 3530 san-

257 3570 427 3621 tenus
459 3565 654 3618 nostro
686 3557 1010 3614 munimine
1041 3555 1170 3611 fulti
1199 3556 1422 3625 absque
1451 3555 1610 3609 omni
1640 3554 1888 3627 impedi-
1999 3563 2105 3614 ctae
2134 3558 2406 3613 Romanae
2427 3552 2692 3610 Ecclesiae
2725 3555 2862 3624 apto
2892 3555 3174 3625 tempore.
3207 3553 3270 3608 Si
3303 3555 3446 3626 quis
3477 3557 3724 3630 igitur

259 3655 455 3720 mento
472 3650 587 3706 Deo
608 3648 842 3712 servire,
867 3650 925 3700 et
948 3645 1004 3700 in
1027 3661 1133 3700 suo
1155 3642 1386 3699 servitio
1408 3641 1648 3698 liberius
1671 3659 1892 3716 perma-
1999 3647 2180 3718 hujus
2207 3643 2392 3700 nostri
2423 3640 2708 3714 privilegii
2737 3639 2984 3696 violator
3009 3644 3232 3696 temere
3259 3643 3604 3716 exstiterit,
3643 3658 3724 3709 et.

257 3755 394 3797 nere
417 3737 667 3812 possint.
689 3737 1050 3806 Quapropter
1070 3749 1172 3804 per
1191 3731 1666 3787 intercessionem
1689 3732 1890 3788 domni
1999 3733 2258 3790 monitus
2287 3729 2562 3787 canonice
2581 3729 2892 3784 emendare
2913 3729 3362 3802 contempserit,
3385 3741 3714 3807 perpetui

258 3828 408 3884 Petri
439 3824 702 3882 Damiani
731 3821 1056 3880 Hostiensis
1079 3819 1332 3892 episcopi
1356 3819 1664 3876 confratris
1685 3821 1888 3888 nostri,
2001 3819 2388 3878 anathematis
2408 3816 2657 3873 vinculis
2677 3833 2740 3873 se
2764 3817 3112 3874 innodatum
3137 3819 3391 3886 noverit,
3413 3825 3479 3876 et
3509 3823 3714 3884 insu-

256 3921 315 3972 et
344 3915 492 3972 Petri
517 3912 744 3986 abbatis
765 3909 1030 3981 ejusdem
1063 3907 1396 3964 monasterii
1417 3911 1474 3963 et
1493 3908 1890 3979 spiritualium
1997 3927 2100 3984 per
2128 3905 2555 3981 quinquaginta
2579 3904 2864 3960 librarum
2887 3905 3014 3960 auri
3045 3921 3220 3977 pcena
3241 3906 3702 3984 multandum,

259 4003 678 4060 monachorum
724 4001 851 4070 ejus
901 3996 1243 4070 regulariter
1272 3995 1606 4064 viventium,
1639 3998 1890 4054 decrevi-
2001 3998 2370 4055 medietatem
2411 4009 2573 4050 sacro
2631 3997 2830 4049 nostro
2890 3993 3276 4050 Lateranensi
3331 3996 3606 4068 palatio,
3641 4009 3718 4060 et

259 4108 394 4148 mus
415 4087 668 4146 ecclesiae
693 4087 888 4142 Sancti
918 4086 1155 4141 Thomas
1187 4084 1430 4156 apostoli
1471 4089 1528 4139 et
1557 4086 1684 4155 ejus
1715 4091 1894 4144 recto-
2001 4087 2370 4142 medietatem
2401 4082 2635 4155 praefato
2677 4081 3058 4138 monasterio.
3113 4081 3224 4147 Qui
3255 4099 3396 4140 vero
3430 4085 3544 4158 pia
3577 4090 3714 4148 de-

259 4181 422 4235 ribus
453 4176 838 4250 praesentibus
865 4177 922 4228 et
951 4172 1168 4228 futuris
1199 4175 1318 4226 tam
1349 4173 1501 4228 bona
1531 4174 1890 4242 ammobilia,
1999 4174 2228 4232 votione
2245 4173 2614 4228 conservator
2633 4184 2762 4224 esse
2783 4169 3098 4238 studuerit,
3121 4170 3403 4242 precibus
3427 4181 3714 4246 aposto-

261 4283 438 4340 quam
469 4263 794 4320 immobilia
849 4279 976 4334 qua;
1027 4277 1180 4315 nunc
1209 4260 1402 4330 habet,
1433 4261 1522 4316 vel
1579 4262 1637 4318 in
1685 4279 1892 4337 perpe-
1999 4264 2190 4320 lorum
2221 4259 2551 4332 principum
2569 4257 2720 4313 Petri
2741 4261 2800 4313 et
2816 4257 2978 4313 Pauli
3009 4263 3392 4328 peccatorum
3415 4278 3706 4326 suorum

257 4360 427 4412 tuum
458 4353 732 4408 habitura
763 4356 869 4421 est,
901 4350 1244 4406 conﬁrmare
1263 4352 1320 4404 et
1339 4349 1731 4417 corroborare,
1755 4370 1894 4424 qua-
2003 4350 2268 4408 omnium
2297 4348 2369 4403 ab
2429 4345 2814 4417 omnipotenti
2867 4345 2984 4402 Deo
3043 4346 3278 4404 veniam
3337 4353 3400 4405 et
3433 4355 3702 4414 aeterna

227 4465 240 4476 ν
263 4449 432 4500 tenus
461 4459 596 4498 cum
623 4440 782 4497 omni
814 4437 1123 4495 securitate
1153 4442 1210 4493 et
1239 4437 1580 4510 quietudine
1611 4444 1897 4496 monaste-
2003 4436 2339 4497 beatudinis
2368 4438 2764 4505 consequatur
2791 4434 3061 4507 gloriam.

262 4532 415 4588 rium
447 4530 732 4603 prmdictte
761 4527 1030 4585 Ecclesiae
1061 4529 1295 4582 maneat
1324 4529 1380 4582 et
1409 4525 1624 4582 ibidem
1657 4527 1772 4583 Deo
1805 4529 1898 4584 de-
2075 4526 2367 4598 Scriptum
2397 4539 2502 4596 per
2529 4539 2740 4579 manus
2785 4523 3032 4580 Joannis
3084 4523 3398 4581 Scriniarii
3451 4537 3710 4592 sancta

262 4619 726 4676 serviatur.Flexi
751 4613 1897 4689 igiturprecibus,utdiximus,religioso-
1929 4628 1976 4692 Β
2008 4618 2279 4674 Romanis
2309 4611 2597 4682 Ecclesiae,
2646 4611 2708 4666 in
2759 4628 2962 4668 mense
2993 4611 3212 4683 Aprilis
3241 4618 3302 4670 et
3345 4614 3714 4682 indictione

263 4724 396 4764 rum
435 4707 854 4763 monachorum
895 4704 1340 4760 corroboramus
1380 4705 1555 4773 atque
1592 4703 1900 4761 conﬁrma-
2007 4703 2180 4762 tertia
2207 4701 2454 4758 decima.

265 4813 400 4850 mus
421 4811 525 4850 nec
547 4813 662 4850 non
685 4792 1020 4850 stabilimus
1047 4791 1150 4846 tibi
1188 4790 1423 4862 tuisque
1459 4792 1900 4850 successoribus
2079 4793 2194 4865 Ego
2223 4791 2448 4858 Petrus,
2479 4787 2828 4845 Gabinensis
2857 4789 3194 4861 episcOpus,
3225 4789 3330 4847 SS.

267 4882 456 4937 eidem
491 4879 867 4947 monasterio,
899 4877 992 4932 cui
1027 4894 1182 4932 nunc
1203 4876 1477 4949 praesides
1498 4881 1554 4932 et
1593 4879 1903 4950 praesidere
2081 4881 2195 4953 Ego
2227 4881 2446 4948 Bruno,
2479 4877 2872 4934 Praenestinus
2901 4877 3238 4950 episcopus,
3269 4879 3378 4936 SS.

267 4966 549 5025 debentin
573 4971 936 5038 perpetuum.
958 4957 1636 5036 Quininsupe'rquietum
1655 4965 1902 5022 facimus
2081 4970 2198 5041 Ego
2222 4969 2498 5034 Joannes,
2533 4965 2870 5023 Portuensis
2899 4966 3238 5039 episcopus,
3281 4969 3620 5043 suscripsi.

267 5061 324 5113 et
345 5071 614 5111 securum
635 5055 711 5109 ab
733 5053 894 5109 omni
916 5053 996 5107 im
1003 5052 1356 5125 pugnatione
1377 5055 1434 5108 et
1453 5051 1683 5110 laesione
1714 5054 1901 5111 homi-
2080 5059 2196 5129 Ego
2230 5057 2454 5122 Petrus,
2487 5055 2758 5110 Peccator
2774 5055 3102 5111 monachus
3119 5061 3178 5111 et
3191 5055 3546 5130 episcopus,
3577 5061 3700 5120 SS.

267 5160 436 5209 num,
460 5145 526 5196 ut
545 5159 716 5197 nemo
739 5141 835 5204 sit,
859 5141 958 5210 qui
981 5141 1191 5195 audeat
1220 5139 1523 5212 quidpiam
1546 5141 1902 5200 molestatio-
2081 5147 2200 5218 Ego
2227 5143 2581 5215 Stephanus,
2605 5146 2846 5198 vocatus
2877 5143 3206 5199 monachus
3249 5149 3314 5200 et
3362 5147 3704 5221 presbyter

269 5233 360 5289 nis
376 5248 442 5287 ac
471 5229 724 5287 lzesionis
751 5229 942 5284 eidem
975 5228 1330 5283 monasterio
1363 5228 1594 5301 inferre,
1641 5236 1902 5289 statuen-
2013 5233 2168 5292 tituli
2197 5233 2256 5289 S.
2289 5229 2544 5296 Grisoni,
2575 5231 2672 5286 SS.

267 5325 356 5376 tes
388 5319 702 5390 apostolica
731 5331 980 5372 censura
1038 5321 1102 5368 ut
1151 5313 1350 5368 nullus
1397 5315 1736 5389 imperator,
1784 5337 1902 5392 rex,
2085 5321 2298 5378 Datum
2329 5319 2524 5374 Romae
2553 5333 2658 5376 xm
2703 5317 2826 5374 Kal.
2865 5319 3024 5388 Maii,
3057 5335 3216 5376 anno
3267 5321 3342 5377 ab
3399 5322 3712 5384 Incurua-

270 5410 406 5474 dux,
461 5407 738 5472 marchio,
817 5418 1032 5466 comes,
1107 5401 1446 5472 vicecomes,
1503 5410 1560 5458 et
1633 5411 1908 5477 praeterea
2013 5411 2169 5466 tione
2191 5407 2418 5465 Domini
2445 5407 2586 5462 Jesu
2619 5407 2776 5474 1060,
2811 5425 2914 5480 per
2942 5424 3154 5464 manus
3185 5408 3510 5467 Humberti
3545 5431 3714 5473 san-

271 5493 464 5546 nullus
481 5487 1319 5566 archiepiscopus,epiSCOpus,
1339 5491 1396 5542 et
1415 5492 1741 5560 specialiter
1759 5499 1910 5568 ejus-
2013 5503 2116 5554 ctze
2143 5495 2408 5554 Ecclesiae
2445 5494 2612 5551 Silvae
2651 5495 2920 5551 Candida
2945 5497 3206 5569 episcopi
3237 5501 3298 5554 et
3327 5503 3704 5571 apostolica

271 5580 404 5632 dem
437 5577 860 5635 Pensaurensis
891 5573 1258 5643 episcopatus
1283 5573 1608 5647 cpiscopus,
1633 5582 1732 5652 qui
1753 5601 1908 5642 nunc
2015 5585 2172 5643 sedis
2243 5583 2686 5652 bibliothecarii,
2745 5602 2898 5640 anno
2957 5585 3218 5642 secundo
3283 5588 3706 5660 pontiﬁcatus

269 5669 354 5720 est
387 5663 488 5727 ibi,
533 5665 618 5720 vel
649 5670 888 5722 futurus
935 5663 1040 5728 est,
1075 5675 1179 5715 nec
1208 5676 1321 5714 non
1369 5661 1523 5719 cives
1571 5665 1678 5724 loci
1723 5671 1902 5746 illius,
2029 5675 2230 5732 domui
2263 5691 2424 5746 papae
2453 5673 2674 5734 Nicolai
2704 5673 2966 5742 secundi,
2999 5674 3324 5733 indictione
3349 5693 3484 5736 χιιι.
