3898 6414
281 435 401 494 26⁸7

285 567 356 623 10
427 569 509 624 Ne
531 563 795 640 projicias
826 577 914 618 me
940 564 1002 618 in
1031 571 1266 635 tmpore
1292 565 1580 618 senectutis
1609 579 1627 617 :

431 656 572 714 Cum
598 653 810 726 deficiet
838 653 1015 709 virtus
1041 667 1162 708 mea
1190 668 1258 707 ne
1288 650 1641 724 derelinquas
1671 663 1776 706 me.

361 748 404 800 Ο
431 743 736 817 Supplicat
774 741 965 798 ﬁdelis
995 757 1068 798 ne
1099 741 1435 814 projiciatur
1465 740 1524 796 in
1557 744 1819 812 tempore
1850 755 1940 794 se-

291 832 548 891 nectutis
568 847 686 889 sua
707 847 742 888 a
761 829 898 899 Deo,
922 830 1158 902 quando
1181 829 1332 884 fessa
1351 830 1539 885 virtus
1561 829 1821 902 corporis
1853 827 1942 882 sui

296 921 434 997 plus
463 921 685 994 indiget
712 918 1174 992 sdjuvari.'l‘unc
1200 935 1432 991 quoque
1449 935 1512 973 se
1536 919 1678 991 petit
1711 934 1827 973 non
1847 918 1947 972 de-

297 1012 438 1069 bere
472 1008 813 1082 derelinqui,
836 1024 968 1065 cum
996 1007 1268 1064 defecerit
1296 1009 1484 1063 virtus
1510 1007 1828 1080 patientiae,
1860 1004 1946 1061 vel

301 1099 591 1159 mollescit
604 1099 712 1156 sub
737 1114 912 1154 onere
937 1095 1357 1162 tribulationis,
1379 1098 1523 1153 dum
1554 1094 1948 1151 tribulationi-

300 1189 414 1246 bus
428 1187 644 1246 crebris
656 1191 828 1260 atque
840 1185 1326 1262 martyriisnrohur
1340 1186 1548 1242 animae
1562 1185 1949 1250 consenescit,

301 1278 440 1353 quia
465 1291 602 1334 eum
633 1276 861 1334 Christo
889 1279 1078 1332 totum
1111 1276 1323 1349 poterit
1344 1275 1654 1343 sustinere,
1680 1274 1807 1329 sine
1826 1274 1954 1346 ipso

297 1383 431 1426 vero
461 1365 630 1424 nihil.

298 1459 359 1514 11
437 1457 586 1528 Quia
608 1455 888 1512 dixerunt
918 1455 1144 1512 inimici
1170 1456 1287 1511 mei
1308 1455 1452 1512 mihi
1484 1471 1498 1509 :

305 1578 312 1584 -
415 1599 422 1604 .
442 1545 1037 1619 thuieustodiebant
1054 1546 1320 1602 animam
1339 1560 1522 1601 meam
1551 1543 1851 1600 consilium
1870 1545 1956 1616 fe-

523 1642 729 1694 cerunt
759 1635 820 1691 in
850 1650 1050 1692 unum.

376 1727 418 1782 C
438 1723 731 1780 Redditur
745 1739 946 1790 causa,
960 1739 1065 1778 cur
1085 1722 1154 1779 ad
1177 1723 1638 1778 subveniendum
1658 1722 1844 1795 pietas
1860 1721 1958 1777 Dei

309 1813 520 1870 debeat
548 1811 868 1885 provocari,
887 1811 1169 1884 quoniam
1191 1810 1492 1867 debilitate
1509 1816 1758 1884 captata,
1776 1812 1965 1866 fervor

311 1901 729 1958 insidiantium
768 1917 1048 1957 accensus
1079 1905 1187 1967 est,
1218 1901 1360 1956 dum
1392 1901 1637 1956 credunt
1669 1899 1833 1954 facile
1863 1899 1961 1954 de-

313 1988 450 2064 cipi,
477 2006 511 2046 a
537 2005 656 2063 quo
686 2005 802 2046 non
823 1993 1017 2064 potest
1043 1989 1264 2045 viribus
1286 1989 1525 2045 defectis
1547 1988 1786 2045 obviari.
1819 1989 1963 2044 Tru-

315 2077 604 2138 culentior
626 2083 718 2135 est
735 2077 1109 2134 inimicorum
1140 2095 1372 2150 semper
1399 2078 1469 2133 ad
1481 2083 1657 2134 onata
1685 2076 1964 2144 collectio,

315 2171 372 2227 et
401 2169 554 2242 quod
587 2185 705 2224 non
735 2167 1034 2236 dividitur,
1065 2168 1302 2239 gravius
1333 2184 1449 2222 uno
1481 2168 1637 2222 fasce
1677 2171 1963 2239 portatur.

315 2257 512 2316 Innuit
530 2272 671 2330 ergo
692 2273 808 2314 non
830 2255 985 2313 leves
1009 2271 1138 2312 esse
1159 2255 1450 2324 inimicos.
1471 2255 1815 2328 Cujusmodi
1834 2271 1966 2311 vero

311 2345 624 2404 consilium
657 2344 916 2414 inierint,
951 2350 1266 2417 sequentcr
1293 2345 1498 2418 aperit.

310 2436 381 2492 12
449 2435 744 2493 Dicentes:
765 2435 914 2491 Deus
941 2433 1252 2507 dereliquit
1283 2451 1445 2490 eum:
1479 2435 1894 2506 persequimini
1912 2443 1966 2490 et

521 2523 1000 2595 comprehendite
1028 2540 1160 2580 eum

457 2615 611 2685 Quia
638 2629 752 2670 non
781 2623 862 2670 est
894 2613 994 2686 qui
1023 2613 1258 2682 eripiat.

390 2703 434 2758 Β
463 2702 673 2759 Hostes
703 2701 861 2758 enim
891 2701 1155 2757 carnales
1180 2719 1194 2770 ;
1228 2717 1359 2756 cum
1389 2702 1641 2758 viderint
1671 2703 1966 2757 hominem

323 2791 527 2847 crebra
573 2789 906 2846 calamitate
957 2790 1290 2862 fatigatum,
1323 2791 1567 2845 credunt
1613 2807 1744 2846 eum
1792 2808 1824 2846 a
1861 2796 1969 2844 Deo

323 2879 693 2937 derelictum.
727 2879 836 2946 Qui
884 2878 1142 2935 divinam
1191 2879 1436 2951 gratiam
1489 2884 1698 2951 putant
1740 2881 1798 2934 in
1832 2879 1971 2934 solis

325 2967 586 3042 corporis
628 2968 852 3024 viribus
883 2968 1281 3036 constitutam,
1315 2969 1572 3024 dicentes
1605 2987 1618 3024 :
1655 2968 1974 3041 Dereliquit

323 3074 461 3114 eum
491 3057 668 3127 Deus,
699 3057 1141 3130 persequimini,
1163 3056 1302 3130 quia
1332 3058 1529 3131 fugere
1559 3076 1674 3114 non
1707 3057 1892 3126 valet;
1918 3062 1975 3112 et

325 3145 824 3220 comprehendite,
871 3147 1010 3220 quia
1056 3147 1226 3202 nobis
1273 3147 1540 3203 reluctari
1595 3165 1710 3203 non
1762 3146 1976 3221 poterit

321 3235 780 3294 violentissimis.

325 3326 394 3382 l3
461 3325 628 3394 Deus,
658 3341 732 3382 ne
755 3326 1044 3398 elongeris
1075 3343 1113 3382 a
1141 3343 1235 3383 me
1265 3345 1283 3380 :

399 3435 404 3440 '
464 3417 612 3472 Deus
635 3429 822 3484 meus,
851 3416 915 3472 in
941 3416 1234 3472 auxilium
1260 3433 1454 3472 meum
1482 3418 1724 3486 respice.

397 3504 670 3562 Humana
722 3509 893 3577 putat
946 3505 1263 3561 inﬁrmitas
1319 3505 1590 3577 elongare
1648 3523 1710 3563 se
1769 3507 1976 3575 Deum,

333 3593 570 3665 quando
618 3593 670 3649 ei
715 3593 913 3649 venire
958 3593 1154 3648 tardat
1193 3593 1516 3662 auxilium;
1544 3595 1673 3651 ideo
1713 3595 1874 3668 petit,
1908 3612 1978 3650 ne

331 3681 523 3755 gratia
549 3682 679 3754 ejus
709 3682 782 3737 ab
818 3681 947 3754 ipsa
973 3681 1252 3750 discedat,
1285 3687 1342 3737 et
1373 3688 1499 3738 orat
1531 3690 1592 3739 ut
1623 3702 1725 3756 per
1749 3685 1977 3756 adjuto-

334 3769 490 3826 rium
521 3769 643 3837 Dei,
675 3770 727 3826 ei
757 3769 936 3842 digna
964 3770 1246 3844 patientia
1265 3770 1586 3841 tribuatur.

335 3860 405 3914 14
480 3859 920 3931 Confundantur
947 3869 1003 3916 et
1043 3861 1308 3932 deﬁciant
1355 3861 1726 3920 detrahentes
1773 3864 1980 3919 animm

544 3965 736 4006 nunc:
778 3996 784 4000 .

471 4038 830 4109 aperiantur
857 4039 1192 4111 confusione
1219 4051 1274 4097 et
1302 4042 1548 4111 pudore,
1577 4042 1676 4114 qui
1716 4052 1979 4115 quarunt

538 4129 704 4186 mala
730 4129 902 4187 mihi.

395 4217 438 4274 C
467 4216 918 4282 Coniundantur
942 4218 1100 4276 enim
1122 4219 1283 4289 dicit,
1308 4238 1444 4277 cum
1466 4225 1565 4276 tua
1586 4221 1836 4278 viderint
1865 4220 1977 4278 dis-

329 4307 520 4380 posita
575 4324 692 4365 non
750 4307 986 4365 mutari.
1019 4309 1302 4366 Deliciant
1346 4310 1741 4378 detrahentes,
1782 4311 1841 4366 id
1891 4317 1980 4368 est

329 4395 711 4470 obloquentes
742 4397 1012 4455 inaniter.
1048 4398 1416 4472 Operiantur,
1439 4400 1604 4469 dixit,
1639 4400 1809 4473 quasi
1843 4417 1980 4474 quo-

327 4485 466 4543 dam
486 4487 632 4558 velo,
656 4503 761 4545 seu
784 4487 1132 4546 verecundia
1153 4489 1503 4563 obtegantur
1538 4506 1739 4545 eorum
1762 4489 1936 4547 facies
1962 4509 1975 4559 ;

330 4577 484 4649 quod
523 4577 672 4634 solet
708 4577 936 4635 evenire
971 4577 1084 4646 his,
1118 4578 1219 4652 qui
1249 4579 1507 4634 actiones
1536 4578 1819 4651 pristinas
1851 4595 1977 4635 me-

329 4665 637 4756 liorervita
681 4669 1094 4724 condemnant.
1129 4667 1282 4723 Mala
1329 4671 1618 4740 quaerunt,
1652 4667 1756 4740 qui
1785 4669 1978 4741 pravis
2016 4691 2062 4756 D

327 4754 1017 4825 blandimentis,occulto
1047 4756 1307 4825 vulnere,
1338 4760 1563 4812 mentes
1584 4756 1854 4814 videntur
1883 4759 1986 4814 im-

328 4849 545 4919 petere,
573 4845 718 4902 dum
768 4847 963 4902 carnis
1012 4845 1262 4904 salutem
1297 4845 1548 4902 suadent
1577 4845 1648 4902 ad
1684 4847 1986 4904 interitum

288 4977 292 4981 .
330 4935 566 4993 animae.

331 5025 400 5080 15
471 5029 592 5096 Ego
618 5032 814 5082 autem
842 5042 1075 5097 semper
1095 5029 1342 5098 sperabo
1374 5042 1388 5084 :

473 5114 539 5168 Et
567 5115 843 5184 adjiciam
869 5132 1048 5186 super
1074 5132 1300 5173 omnem
1331 5116 1564 5173 laudem
1597 5125 1779 5173 tuam.

402 5199 448 5256 G
477 5199 736 5258 Decursa
764 5205 1166 5262 emendatione
1195 5206 1675 5278 peccantium,ad
1707 5223 1874 5262 suam
1895 5207 1989 5262 de-

333 5287 707 5346 lectationem
737 5291 1075 5365 bonumque
1117 5295 1492 5364 convertitur,
1523 5299 1590 5350 ut
1620 5295 1775 5352 sicut
1800 5295 1882 5351 illi
1915 5296 1987 5353 de

337 5377 535 5434 divina
554 5380 816 5450 potentia
835 5381 1240 5453 desperabant,
1261 5383 1342 5438 ita
1363 5383 1614 5456 populus
1639 5385 1828 5441 ﬁdelis
1860 5402 1987 5459 spe-

338 5483 466 5524 rare
489 5483 552 5523 se
577 5483 812 5539 semper
841 5467 986 5523 dicit
1013 5467 1074 5523 in
1107 5471 1240 5525 Deo.
1273 5472 1550 5542 Adjiciam
1578 5473 1823 5541 laudem,
1849 5492 1985 5530 nam

339 5569 476 5616 cum
532 5556 667 5628 quis
721 5555 865 5612 dicit
908 5555 1162 5612 Verbum
1213 5559 1398 5614 Patris
1445 5561 1651 5617 fecisse
1690 5562 1902 5619 coelum
1932 5567 1989 5620 et

338 5651 582 5714 terram,
613 5645 872 5718 perfecta
911 5645 1212 5702 devotione
1241 5647 1425 5703 Deum
1454 5649 1675 5706 laudat.
1708 5653 1818 5708 Sed
1852 5669 1987 5708 cum

339 5735 1086 5815 adjunxerit,incarnatum
1109 5749 1232 5791 esse
1263 5751 1366 5810 pro
1398 5736 1586 5796 salute
1605 5747 1989 5814 “cunctorum,

1220 431 1284 492 S.
1331 430 1726 493 BRUNONIS
1769 427 2391 490 HERBIPOLENSIS
2437 427 2815 489 EPISCOPI.

3583 425 3702 486 208

1960 561 2015 629 Α
2045 560 2258 631 adjecit
2297 558 2602 615 cumulum
2636 557 2911 614 laudibus
2941 557 3180 630 plenum
3209 574 3222 628 ;
3255 555 3335 613 ita
3366 555 3494 613 laus
3527 571 3705 630 super

2054 651 2287 704 laudem
2319 650 2613 720 adjicitur.

2056 740 2124 794 16
2197 740 2264 794 0s
2295 756 2475 793 meum
2504 736 2862 794 annuntiabit
2883 737 3166 809 justitiam
3195 743 3366 794 tuam.

2203 829 2326 883 Tota
2358 829 2444 883 die
2473 830 2715 882 salutare
2745 836 2922 882 tuum.

2128 916 2169 972 C
2199 917 2437 972 Justitia
2470 917 2655 973 Patris
2686 915 2950 971 Salvator
2968 918 3078 981 est,
3101 919 3157 972 et
3186 913 3441 972 salutare
3475 914 3712 982 dicitur,

2059 1005 2198 1078 quia
2217 1005 2353 1060 inde
2376 1005 2536 1060 salus
2556 1006 2782 1077 mundi,
2798 1023 2899 1078 per
2914 1004 3228 1077 gloriosam
3250 1005 3726 1081 incarnationem

2060 1095 2344 1167 provenit.
2394 1097 2536 1150 Tota
2581 1095 2693 1161 die,
2745 1094 3091 1150 continuum
3145 1099 3379 1166 tempus
3431 1093 3712 1150 ostendit.

2061 1184 2328 1239 Ostendit
2347 1184 2528 1255 igitur
2549 1201 2608 1238 se
2633 1184 3146 1256 pronuntiaturum
3170 1184 3443 1255 gentibus
3464 1181 3718 1239 Salvato-

2063 1290 2209 1328 rcm.
2245 1272 2290 1328 ll
2325 1272 2425 1327 Vel
2458 1273 2516 1328 in
2551 1290 2802 1345 persona
2841 1272 3052 1327 Christi
3085 1273 3319 1346 capitis,
3350 1272 3449 1346 qui
3483 1271 3540 1327 in
3573 1287 3718 1345 apo-

2066 1363 2230 1418 stolis
2264 1378 2326 1417 se
2358 1363 2745 1417 annuntiavit.

2068 1454 2133 1508 17
2208 1451 2488 1522 Quoniam
2519 1468 2633 1508 non
2661 1451 2896 1522 cognovi
2921 1451 3319 1508 litteraturam
3342 1467 3361 1505 :
3392 1450 3645 1507 introibo
3664 1449 3724 1505 in

2281 1541 2598 1610 potentiam
2631 1541 2862 1597 Domini
2892 1556 2906 1596 :

2209 1631 2464 1699 Domine,
2493 1633 2864 1688 memorabor
2883 1629 3130 1701 justitia:
3159 1638 3273 1687 tua
3302 1629 3498 1686 solius.

2140 1721 2182 1776 Ο
2214 1720 2338 1776 Non
2371 1722 2612 1793 cognovi
2646 1720 3054 1785 litteraturam,
3088 1719 3143 1774 id
3177 1723 3266 1774 est
3289 1719 3591 1775 scientiam
3614 1736 3729 1774 sas-

2072 1809 2349 1876 cularcm,
2383 1816 2438 1865 et
2468 1811 2862 1881 eloquentiam
2910 1825 3142 1876 vanam,
3176 1807 3347 1865 malis
3378 1807 3606 1864 actibus
3640 1809 3729 1864 in—

2073 1901 2393 1971 quinatam.
2425 1899 2556 1954 Ideo
2591 1900 2840 1953 introibo
2871 1899 2926 1952 in
2953 1897 3271 1970 potentiam
3297 1895 3417 1964 Dei,
3441 1897 3548 1953 hoc
3565 1897 3728 1954 estin

2077 1987 2438 2046 Hierusalem
2490 1988 2808 2043 ccrlestem.
2844 1989 3007 2044 Tunc
3050 1988 3438 2054 memorahor,
3470 2003 3605 2043 cum
3637 2005 3729 2044 se-

2077 2086 2325 2150 questrat
2356 2095 2538 2148 agnos
2566 2078 2637 2131 ab
2669 2077 2852 2132 hmdis
2885 2082 2940 2131 et
2967 2077 3179 2150 impios
3211 2093 3245 2132 a
3273 2075 3565 2132 ﬁdelibus.

2077 2169 2146 2222 18
2219 2169 2381 2231 Deus,
2413 2168 2660 2224 docuisti
2687 2183 2779 2222 me
2808 2184 2882 2221 es:
2923 2168 3225 2238 juventute
3275 2182 3405 2223 mea
3451 2174 3506 2222 et
3553 2182 3733 2239 usque

2290 2272 2486 2312 nunc:

2222 2347 2612 2404 Pronuntiabo
2642 2345 2942 2400 mirabilia
2967 2353 3087 2401 tua.

2150 2437 2192 2490 C
2225 2436 2477 2492 Docuisti
2511 2436 2866 2497 autem,sive
2888 2435 2957 2489 ad
2995 2434 3174 2489 libros
3208 2434 3460 2506 pertinet
3484 2435 3735 2501 divinos,

2080 2524 2198 2579 sive
2231 2524 2300 2578 ad
2333 2524 2589 2579 infusam
2624 2524 2850 2579 curlitus
2882 2524 3078 2579 tidem.
3112 2523 3399 2579 Juventus
3432 2523 3638 2596 incipit
3664 2539 3736 2578 ex

2081 2631 2196 2686 quo
2219 2613 2386 2684 cmpit
2409 2614 2582 2668 homo
2606 2614 2676 2666 ad
2701 2613 2956 2667 divinam
2986 2613 3232 2684 gratiam
3269 2614 3586 2686 pervenire.
3614 2611 3740 2668 Uti—

2079 2720 2193 2776 que
2227 2702 2514 2759 mirabilia
2547 2703 2804 2769 fuerunt,
2837 2707 2902 2756 ut
2931 2702 3239 2758 doceretur
3265 2703 3556 2769 indoctus,
3590 2707 3648 2757 et
3669 2718 3738 2756 ex

2081 2793 2300 2865 perﬁdo
2334 2793 2490 2846 ticret
2524 2792 2785 2858 devotus,
2821 2797 2876 2846 et
2906 2808 2973 2846 ex
3009 2797 3311 2863 peccatore
3334 2790 3736 2861 justissimus.

2081 2882 2148 2936 19
2222 2882 2285 2936 Et
2315 2898 2478 2952 usque
2509 2884 2564 2936 in
2595 2890 2864 2935 senectam
2892 2888 2943 2935 ct
2969 2884 3184 2936 senium
3219 2897 3231 2935 :

2226 2972 2361 3026 Deus
2393 2987 2457 3024 nc
2481 2970 2828 3040 derelinquas
2861 2986 2966 3025 me.

2153 3064 2194 3113 Ο
2224 3060 2388 3130 Apud
2423 3059 2649 3114 Graecos
2699 3059 2814 3113 duo
2865 3059 3105 3113 nomina
3145 3059 3258 3114 ista
3287 3059 3516 3114 diversa
3547 3063 3686 3114 sunt
3720 3076 3734 3113 :

2083 3154 2401 3214 senectam,
2434 3152 2755 3218 gravitatem
2784 3153 2990 3202 vocant
3017 3167 3029 3214 ;
3056 3149 3311 3215 senium,
3345 3152 3571 3204 aetatem
3605 3148 3734 3202 tini-

2083 3238 2542 3294 timam.Latinaz
2565 3255 2696 3292 vero
2728 3238 2895 3310 quasi
2925 3237 3100 3292 simili
3129 3239 3365 3293 nomine
3398 3253 3741 3310 nuncupan-

2005 3315 2048 3382 C
2085 3333 2200 3384 tur.
2231 3327 2379 3384 Petit
2421 3328 2615 3399 itaque
2663 3327 2918 3399 populus
2965 3326 3174 3394 fidelis,
3209 3332 3274 3382 ut
3304 3343 3492 3400 neque
3523 3327 3580 3382 in
3614 3343 3739 3381 ma-

2088 3424 2238 3485 tura,
2282 3435 2469 3488 neque
2512 3418 2571 3472 in
2620 3416 2787 3471 senili
2841 3421 3007 3471 mtate
3056 3417 3362 3472 deseratur
3404 3433 3437 3471 a
3467 3416 3738 3472 Domino.

2087 3508 2233 3563 Cum
2265 3506 2420 3562 enim
2454 3523 2485 3562 a
2509 3508 2817 3577 juventute
2867 3523 2927 3562 se
2971 3506 3233 3562 docuerit
3277 3511 3336 3562 et
3375 3506 3738 3566 custodierit.

2087 3598 2230 3670 petit
2263 3596 2320 3650 id
2353 3596 2680 3651 continuari
2711 3596 2768 3650 in
2803 3600 3118 3651 senectute.

2086 3689 2157 3739 20
2230 3689 2418 3742 Donec
2435 3685 2770 3741 annunticm
2804 3685 3103 3740 brachium
3134 3691 3297 3740 tuum
3328 3703 3345 3738 :

2231 3775 2599 3831 Generationi
2622 3773 2786 3830 omni
2813 3790 2937 3846 quae
2966 3782 3210 3829 ventura
3238 3781 3343 3829 est.

2158 3863 2201 3918 C
2233 3863 2542 3918 Brachium
2577 3863 2784 3928 Patris,
2817 3862 3083 3918 Salvator
3112 3862 3398 3918 Dominus
3430 3866 3537 3918 est.
3573 3864 3636 3916 Et
3669 3879 3740 3918 ne

2087 3956 2324 4026 putares
2348 3951 2464 4007 illis
2484 3957 2712 4007 tantum
2736 3952 3204 4007 denuntiandum
3227 3951 3404 4006 fuisse
3418 3951 3736 4018 Christum,

2085 4041 2186 4114 qui
2223 4058 2288 4096 eo
2319 4045 2578 4113 tempore
2609 4041 2866 4108 fuerunt,
2899 4057 3035 4095 cum
3069 4039 3165 4095 ille
3212 4056 3315 4113 pro
3347 4040 3516 4096 nobis
3549 4040 3742 4095 incar-

2089 4131 2212 4186 nari
2245 4130 2519 4201 dignatus
2549 4134 2656 4198 est,
2675 4130 2918 4195 addidit,
2939 4146 3066 4201 quae
3088 4133 3332 4185 ventura
3357 4133 3559 4184 est:ut
3585 4127 3740 4184 hanc

2086 4220 2559 4293 pratdicationem
2595 4235 2782 4290 usque
2816 4219 2884 4273 ad
2919 4219 3095 4274 linem
3132 4217 3328 4273 seaculi
3360 4232 3742 4290 cognosceres

2087 4326 2214 4366 esse
2244 4309 2588 4364 faciendam.
2624 4308 2770 4363 Petit
2804 4324 2940 4379 ergo
2973 4306 3226 4363 Ecclesia
3257 4323 3319 4362 se
3351 4323 3462 4362 non
3491 4305 3740 4362 derelin-

2087 4399 2185 4471 qui
2218 4415 2405 4471 usque
2436 4398 2504 4453 ad
2540 4399 2714 4453 tinem
2750 4396 2975 4453 saeculi.

2083 4491 2148 4543 2t
2227 4488 2546 4544 Potentiam
2567 4495 2728 4543 tuam
2744 4495 2798 4542 et
2807 4486 3103 4558 justitiam
3125 4496 3285 4542 tuam
3315 4489 3466 4542 Deus
3491 4501 3665 4558 usque
3683 4485 3744 4540 iss

2297 4579 2582 4634 altissima
2607 4593 2731 4650 quzr
2751 4577 2944 4648 fecisti
2969 4577 3262 4648 mamlia
3288 4593 3306 4630 :

2235 4667 2383 4722 Dcus
2414 4667 2543 4738 quis
2570 4665 2790 4723 similis
2821 4665 2976 4722 tibi?

2165 4755 2207 4811 C
2237 4755 2558 4811 Potentiam
2591 4760 2754 4811 tuam
2788 4773 2802 4811 :
2838 4755 2933 4811 hic
2973 4772 3207 4828 quoque
3237 4753 3598 4810 reddendum
3630 4757 3742 4821 est,

2096 4845 2278 4901 donec
2313 4845 2656 4901 annuntiem
2687 4846 3010 4918 potentiam
3036 4850 3222 4908 tuam,
3248 4843 3516 4900 etc.Nam
3547 4848 3748 4915 poten-

2096 4935 2179 4990 tia
2201 4936 2269 4990 ad
2293 4935 2540 5007 gratiam
2564 4934 2990 4990 lncarnationis
3021 4933 3279 5007 respicit.
3303 4932 3542 4990 Justitia
3561 4932 3632 4987 ad
3649 4932 3746 5004 ju-

2097 5024 2314 5080 dicium
2341 5025 2400 5078 in
2425 5042 2538 5098 quo
2561 5025 2742 5080 Adam
2760 5024 3065 5096 judicatus
3083 5028 3193 5092 est,
3219 5023 3276 5079 id
3297 5027 3406 5088 est,
3426 5027 3610 5078 morte
3642 5037 3748 5094 pu-

2095 5113 2255 5169 nitus
2287 5131 2420 5169 cum
2443 5113 2780 5186 posteritate
2811 5131 2938 5170 sua.
2957 5113 3150 5186 Usque
3173 5112 3230 5168 in
3263 5111 3579 5168 altissima:
3605 5111 3746 5184 quia

2096 5207 2248 5258 Deus
2269 5203 2446 5258 homo
2471 5204 2632 5258 sedet
2657 5204 2726 5258 ad
2751 5203 3046 5259 dexteram
3077 5203 3290 5274 Patris,
3310 5217 3562 5275 regnans
3610 5215 3746 5255 cum

2097 5310 2163 5349 eo
2195 5309 2297 5366 per
2327 5293 2556 5348 inﬁnita
2586 5291 2818 5348 saecula.
2849 5291 3205 5366 Magnalia,a
3235 5290 3638 5365 magnitudine
3653 5305 3746 5345 vo-

2096 5387 2306 5438 cantur
2339 5400 2350 5438 :
2385 5383 2661 5454 quoniam
2695 5382 2766 5437 ad
2797 5381 3216 5438 vindicandum
3260 5379 3428 5436 fortis
3457 5381 3545 5436 est
3571 5377 3743 5444 Deus,

2097 5473 2250 5528 sicut
2279 5471 2338 5528 in
2371 5473 2556 5528 Adam
2592 5489 2605 5527 :
2635 5476 2690 5528 et
2723 5472 2795 5528 ad
2827 5471 3199 5528 liberandum
3231 5469 3433 5526 nullus
3455 5468 3506 5524 ei
3533 5466 3746 5524 similis

2096 5561 2573 5628 invenitur,sicut
2603 5561 2660 5616 in
2694 5561 3111 5618 latrone.Deus
3134 5576 3368 5634 quoque
3391 5559 3448 5614 in
3473 5556 3746 5630 operibus

2097 5651 2221 5707 suis
2252 5651 2623 5724 cognoscitur
2652 5668 2780 5707 esse
2812 5650 3151 5724 singularis,
3185 5649 3313 5706 ideo
3345 5646 3544 5704 subdit
3569 5663 3582 5701 :
3611 5647 3746 5720 quis

2099 5739 2310 5797 similis
2344 5741 2445 5796 tibi
2471 5741 2497 5796 ’ἶ
2526 5741 2678 5820 quod
2713 5757 2846 5796 cum
2879 5739 3266 5799 admiratione
3297 5737 3609 5815 legendum
3633 5741 3744 5795 est.
