3978 6384
205 434 362 498 1815

1395 432 1806 498 EPISTOLlE
1845 429 1946 496 ET
1991 431 2466 497 DIPLOMATA.

3461 442 3616 506 1346

199 567 438 624 vinculo
469 567 816 623 inuodatum
850 584 884 622 a
904 565 1092 631 Patre,
1128 565 1269 622 Filio
1301 570 1358 623 et
1388 566 1610 639 Spiritu
1632 571 1855 633 sancto,
1886 569 1942 634 Α
1971 572 2091 635 cte;
2122 567 2416 622 maledicti
2447 565 2606 622 intus
2636 570 2694 622 et
2714 567 2875 634 foris,
2899 567 3195 625 maledicti
3218 587 3252 626 a
3272 571 3490 629 dextris
3509 579 3564 629 et
3587 593 3620 631 a

201 662 260 714 et
285 658 363 716 ab
391 656 740 714 auctoritate
768 657 923 712 beati
955 656 1102 712 Petri
1124 656 1402 729 principis
1433 656 1853 728 apostolorum,

200 749 375 819 cujus
397 763 504 802 nos
535 746 815 802 immeriti
845 746 997 802 vices
1020 745 1349 818 fungimur;
1374 763 1478 801 nec
1509 762 1624 801 non
1645 750 1856 801 etcum

204 835 458 902 diabolo,
475 840 536 891 et
559 835 1008 891 Judatraditore
1039 835 1268 890 Domini
1289 835 1472 889 nostri
1495 835 1633 890 Jesu
1647 833 1856 889 Christi

202 930 420 982 interno
450 924 721 981 incendio
751 925 1266 980 concremandum.
1291 925 1365 978 At
1409 939 1543 979 vero
1601 923 1701 996 qui
1762 923 1858 996 pio

202 1014 425 1072 intuitu
448 1015 787 1070 observator
810 1013 869 1068 in
893 1013 1168 1069 omnibus
1190 1012 1496 1078 exstiterit,
1523 1013 1861 1068 custodiens

204 1103 388 1175 hujus
412 1103 599 1158 nostri
634 1101 918 1174 privilegii
977 1103 1295 1156 constituta
1351 1101 1424 1158 ad
1483 1101 1706 1156 cultum
1761 1101 1860 1156 Dei

204 1192 598 1266 respicientis,
634 1191 1060 1246 benedictionis
1092 1190 1341 1263 gratiam
1369 1206 1404 1245 a
1435 1190 1862 1246 misericordis-

205 1281 358 1338 simo
398 1281 646 1337 Domino
704 1282 814 1335 Deo
861 1285 1277 1352 consequatur,
1335 1283 1393 1334 et
1449 1279 1578 1333 vitae
1638 1284 1862 1334 aeternae

206 1370 499 1444 particeps
513 1385 642 1426 esse
654 1373 947 1425 mereatur
960 1369 1018 1423 in
1033 1368 1414 1440 saeculajsaecu
1425 1367 1636 1424 lorum.
1657 1370 1840 1424 Amen
1851 1411 1863 1422 .

278 1460 578 1530 Scriptum
592 1475 694 1531 per
707 1475 919 1513 manus
945 1458 1241 1513 Octaviani
1267 1457 1556 1512 scriniarii
1576 1462 1632 1512 et
1653 1458 1865 1529 notarii

207 1554 424 1605 sanctae
461 1549 736 1606 Romana:
768 1547 1034 1602 Ecclesiae
1065 1561 1106 1601 Il
1139 1547 1275 1602 Idus
1333 1545 1488 1611 Maii,
1550 1547 1867 1602 indictione

207 1637 552 1710 supradicta
580 1653 703 1691 xm.

282 1730 492 1782 Datum
525 1729 719 1782 Romae
743 1741 858 1780 xvu
882 1723 1010 1780 Kal.
1042 1725 1229 1793 Junii,
1255 1742 1405 1780 anno
1429 1725 1660 1781 Domini
1684 1725 1868 1781 nostri

204 1817 349 1873 Jesu
379 1815 595 1871 Christi
628 1815 786 1880 1060,
821 1830 924 1885 per
941 1830 1152 1868 manus
1174 1813 1500 1881 Humberti,
1526 1818 1741 1869 sanctae
1763 1815 1868 1868 Ec-

205 1905 399 1964 clesiae
430 1904 595 1960 Silvae
626 1904 899 1960 Caudidae
926 1903 1187 1974 episcopi
1212 1907 1270 1958 et
1320 1902 1654 1974 apostolicae
1711 1902 1870 1958 sedis

206 1993 662 2057 bibliothecarii,
715 2003 868 2047 anno
919 1993 1176 2048 secundo
1237 1992 1617 2063 pontiﬁcatus
1667 1992 1866 2047 domui

208 2101 374 2157 papa
405 2081 623 2138 Nicolai
657 2080 920 2149 secundi,
957 2079 1273 2136 indictione
1303 2098 1484 2152 supra
1513 2081 1750 2153 scripta.

960 2186 1156 2242 XXIII.

1967 655 2254 722 sinistris;
2276 656 2394 711 sint
2413 655 2710 712 maledicti
2725 656 2781 711 in
2806 656 2979 713 domo
3001 662 3058 712 et
3079 658 3137 713 in
3161 675 3332 732 agro;
3356 661 3478 717 sint
3497 678 3618 718 ma-

1967 744 2159 800 ledicti
2193 749 2413 800 stantes
2436 749 2492 800 et
2512 747 2800 812 sedentes,
2817 747 3188 804 ambulantes
3211 753 3269 804 et
3295 767 3519 806 moram
3536 753 3620 808 fa-

1967 834 2220 900 cientes;
2256 834 2374 889 sint
2404 834 2697 889 maledicti
2730 835 2997 891 bibentes
3037 841 3094 891 et
3152 839 3578 897 manducantes
3607 860 3618 909 ;

1967 922 2085 978 sint
2115 922 2408 978 maledicti
2437 922 2744 995 vigilantes
2774 929 2830 978 et
2858 925 3232 980 dormientes.
3270 928 3621 986 Obtenebre-

1969 1015 2095 1066 scat
2124 1011 2209 1066 eis
2239 1009 2348 1076 sol,
2382 1028 2514 1066 cum
2548 1012 2738 1067 adhuc
2770 1013 2957 1068 media
2991 1013 3164 1068 fuerit
3185 1015 3330 1083 dies,
3355 1022 3412 1072 et
3433 1018 3626 1074 incur-

1971 1104 2176 1155 sentur
2197 1117 2230 1154 a
2251 1099 2480 1154 diabolo
2495 1104 2549 1155 et
2570 1100 2795 1173 angelis
2814 1100 2958 1155 suis.
2982 1102 3398 1159 Excrucientur
3413 1107 3623 1162 animas

1972 1205 2172 1243 eorum
2202 1187 2521 1256 doloribus,
2555 1193 2612 1245 et
2639 1189 3048 1261 exstinguatur
3074 1190 3312 1247 lucerna
3333 1210 3538 1250 eorum
3562 1197 3622 1252 iu

1973 1276 2187 1332 saecula
2216 1277 2587 1344 saeculorum,
2619 1294 2812 1344 amen,
2847 1278 2958 1332 nisi
2988 1281 3252 1336 venerint
3282 1282 3352 1336 ad
3389 1285 3622 1340 satisfa-

1974 1366 2224 1420 ctionem
2257 1370 2313 1420 et
2344 1382 2662 1438 congruam
2695 1365 3183 1423 emendationem.

1975 1527 2192 1581 Νίσοιαί
2219 1527 2270 1580 Il
2313 1527 2544 1595 epistola
2590 1526 2660 1582 ad
2703 1529 2837 1582 R....
2897 1534 3148 1586 comitem
3205 1533 3623 1589 Rutennensem.

2047 1629 2116 1637 —-
2146 1601 2416 1652 Hortatur
2446 1607 2503 1653 ut
2531 1600 2885 1675 ecetesiarum
2914 1606 2966 1656 et
2993 1620 3297 1675 pauperum
3334 1607 3405 1659 sit
3441 1605 3626 1675 defen-

2046 1686 2156 1737 sor,
2186 1677 2237 1748 et
2255 1672 2583 1748 monasterio
2623 1671 2947 1748 l’irdunensi
2987 1671 3352 1747 possessiones
3387 1671 3629 1748 aliquas,

2048 1757 2180 1813 quas
2205 1739 2408 1811 injuste
2432 1740 2655 1810 detinet,
2689 1746 2956 1801 restituat.

2049 1830 2338 1884 NICOLAUS
2359 1830 2692 1902 episcopus,
2718 1848 2918 1889 servus
2941 1851 3243 1891 servorum
3267 1835 3389 1904 Dei,
3418 1835 3484 1893 R.
3513 1841 3628 1893 Ru-

1900 1941 1947 2006 B
1977 1917 2205 1974 teuensi
2237 1917 2436 1973 comiti
2470 1917 2680 1974 dilecto
2713 1920 2851 1989 tilio,
2886 1923 3133 1980 salutem
3167 1929 3225 1980 et
3245 1925 3628 1998 apostolicam

1980 2006 2464 2062 benedictionem.

2051 2095 2475 2167 Cognoscentes
2507 2097 2591 2152 tui
2619 2099 2799 2154 animi
2834 2101 3220 2174 propositum,
3253 2106 3483 2176 etquod
3502 2123 3632 2178 pro-

1980 2192 2106 2258 pter
2134 2203 2379 2258 regnum
2415 2186 2513 2242 Dei
2546 2188 2916 2259 etjustitiam
2947 2193 3075 2263 ejus
3115 2193 3367 2250 volueris
3414 2213 3630 2253 renun-

209 2280 560 2337 Consecratio
587 2277 1130 2356 altariumpasilicae
1156 2279 1442 2348 Far/“ensis
1456 2293 1496 2356 si
1527 2277 1768 2356 uiticolae.
1806 2278 1834 2332 Ι
1848 2278 1875 2332 Ι
1981 2276 2124 2331 tiare
2163 2273 2470 2347 temporali
2499 2276 2730 2349 fastigio
2763 2279 3133 2336 saecularium
3155 2287 3632 2356 occupationum,

281 2357 537 2407 Romano
562 2349 824 2420 pontiﬁce
863 2351 1030 2419 facta,
1079 2350 1131 2402 et
1160 2350 1488 2404 monasterii
1515 2350 1671 2404 illius
1703 2349 1869 2403 liber-

282 2428 368 2479 tas
394 2423 471 2480 ab
497 2421 682 2480 eodem
707 2421 966 2493 pontiﬁce
992 2420 1334 2489 conﬁrmata.

842 2511 1032 2579 (Auno
1064 2510 1246 2580 1060.)

537 2601 889 2673 [ΜοιιΑτοΒι,
921 2599 1104 2670 Antiq.
1134 2599 1350 2667 itat.V,
1370 2600 1550 2670 1039.]

293 2711 354 2765 In
389 2707 625 2764 nomine
654 2706 908 2772 Domini,
942 2706 1232 2760 NIcouws
1288 2705 1618 2777 episcopus,
1670 2723 1873 2762 servus

216 2813 520 2855 servorum
543 2796 666 2852 Dei.
701 2796 786 2850 0b
812 2795 1196 2850 reverentiam
1230 2795 1574 2866 sauctze;Dei
1627 2796 1873 2868 genitri-

217 2889 305 2945 cis
338 2891 395 2943 et
424 2901 658 2957 semper
685 2884 964 2956 Virginis,
995 2889 1052 2939 et
1082 2885 1334 2940 dominae
1383 2889 1597 2940 nostrae
1654 2886 1871 2950 Mariae,

217 2981 534 3052 postquam
557 2973 990 3030 renovationem
1023 2973 1446 3029 couserationis
1479 2973 1657 3046 hujus
1679 2975 1873 3030 Eccle-

218 3067 319 3123 siae
351 3065 675 3135 Farfensis,
701 3063 816 3119 Deo
849 3062 1120 3135 propitio,
1138 3064 1264 3135 jam
1292 3063 1609 3119 honorifice
1631 3063 1876 3136 explevi-

219 3173 377 3222 mus,
405 3155 662 3210 volentes
694 3153 902 3208 amodo
936 3153 1321 3225 comprimere
1353 3169 1417 3208 ac
1439 3154 1738 3210 destruere
1758 3170 1877 3209 om-

220 3246 387 3302 nium
420 3259 732 3317 pravorum
762 3241 1094 3313 hominum,
1127 3242 1536 3314 cujuscunque
1573 3243 1877 3316 dignitatis

216 3334 306 3390 vel
331 3315 548 3407 gradus
579 3333 718 3400 sint,
753 3332 824 3388 de
855 3330 1025 3387 bonis
1051 3331 1230 3403 hujus
1258 3332 1574 3388 monasteri
1618 3315 1871 3388 invasio-
1905 3315 1948 3381 C

219 3441 325 3481 nes
355 3422 442 3479 vel
471 3420 933 3494 depraedatioues
961 3419 1051 3476 vel
1083 3420 1262 3487 furta,
1293 3421 1636 3476 auctoritate
1657 3421 1875 3490 divina,

216 3513 489 3570 videlicet
518 3511 706 3566 Patris
740 3514 797 3565 et
828 3509 956 3564 Filii
987 3513 1044 3564 et
1073 3508 1289 3581 Spiritu
1319 3509 1529 3579 sancti,
1582 3514 1641 3564 et
1695 3510 1876 3566 beata:

220 3601 416 3658 Maria:
431 3617 554 3657 sem
563 3597 1533 3673 perVirginis,beatiqueMichaelis
1546 3597 1879 3670 archangeli

219 3697 278 3750 et
305 3689 490 3748 sancti
537 3689 688 3744 Petri
718 3687 1115 3760 apostolorum
1148 3687 1450 3758 principis,
1497 3687 1880 3760 omniumque

221 3784 585 3845 sanctorum,
619 3777 720 3849 qui
753 3777 812 3830 in
843 3775 1004 3831 oculis
1033 3782 1090 3831 et
1120 3776 1177 3830 in
1209 3780 1364 3831 terra
1383 3781 1749 3844 venerantur,
1783 3793 1880 3832 ex-

222 3866 734 3926 communicamus
748 3869 804 3920 et
833 3865 1423 3932 anathematizamus,
1449 3870 1505 3921 et
1521 3883 1556 3920 a
1576 3865 1880 3922 liminibus

223 3962 441 4017 sancte
469 3955 677 4012 matris
695 3953 961 4010 Ecclesia:
983 3953 1330 4027 expellimus
1347 3954 1501 4020 illos,
1526 3954 1625 4026 qui
1650 3971 1878 4027 porcos,

223 4050 401 4105 boves
431 4051 535 4102 aut
563 4061 720 4113 oves,
751 4043 839 4099 vel
873 4043 985 4100 alia
1015 4043 1287 4115 qualibet
1306 4043 1604 4110 animalia,
1627 4062 1729 4100 seu
1761 4045 1879 4100 cal-

224 4140 532 4195 ceameuta
550 4135 637 4190 vel
659 4134 1030 4199 vestimenta,
1052 4133 1169 4188 sive
1197 4131 1398 4200 libros,
1422 4133 1510 4189 vel
1542 4133 1759 4207 fruges,
1780 4139 1882 4191 aut

212 4227 480 4282 triticum
501 4222 589 4280 vel
613 4223 814 4279 viuum
834 4221 924 4278 vel
948 4239 1184 4295 panem,
1205 4239 1308 4278 seu
1332 4223 1562 4279 diversa
1583 4224 1879 4292 utensilia,

215 4315 288 4371 de
301 4315 411 4371 hoc
425 4311 782 4369 monasterio
797 4315 1022 4368 Sanctae
1036 4311 1228 4367 Mariae
1242 4309 1524 4366 violenter
1533 4317 1878 4384 rapuerunt,

219 4409 323 4461 aut
343 4403 624 4475 deinceps
655 4401 977 4474 rapuerint,
1011 4399 1131 4456 sive
1162 4401 1339 4456 furati
1369 4405 1528 4469 sunt,
1559 4400 1646 4457 vel
1670 4403 1880 4458 amodo

215 4488 726 4566 praasumpseriut,
751 4494 854 4544 aut
883 4487 1106 4544 diutius
1133 4491 1236 4542 aut
1268 4488 1408 4543 foris
1433 4487 1746 4560 accipiunt.
1772 4488 1880 4561 Igi-

215 4588 315 4639 tur
333 4580 806 4638 maledictionem
823 4577 1018 4650 abyssi
1034 4577 1290 4649 jacentis
1301 4578 1598 4647 deorsum,
1617 4583 1674 4633 et
1698 4577 1879 4634 male-

1980 2382 2084 2420 con
2097 2365 2341 2420 ﬁdenter
2357 2364 2462 2419 tibi
2477 2366 2898 2424 denuntiamus
2913 2373 2995 2437 ut,
3015 2373 3338 2427 secundum
3361 2375 3514 2444 quod
3529 2374 3634 2430 tibi

1978 2453 2346 2524 injunximus
2378 2470 2512 2509 cum
2544 2472 2641 2510 ore
2683 2456 2752 2511 ad
2787 2474 2851 2512 os
2908 2457 3303 2531 loqueremur,
3364 2463 3636 2521 Ecclesiis

1981 2544 2083 2600 Dei
2103 2548 2158 2598 et
2178 2543 2535 2615 pauperibus
2553 2545 2918 2602 defensorem
2937 2552 2993 2603 te
3015 2552 3638 2623 Opponas,justitiam-

1983 2650 2094 2706 que
2125 2633 2210 2688 eis
2239 2632 2616 2704 acquirendo,
2637 2633 2694 2690 in
2718 2642 3035 2708 conspectu
3059 2639 3156 2694 Dei
3177 2646 3490 2696 excusatus
3516 2642 3635 2697 exi-

1983 2725 2124 2789 stes,
2151 2722 2304 2793 quod
2339 2738 2454 2776 non
2489 2722 2614 2778 sine
2636 2740 2815 2779 causa
2839 2725 3102 2796 gladium
3134 2733 3352 2799 portas.
3390 2731 3458 2785 Et
3496 2731 3637 2802 quia

1983 2814 2251 2866 nostrum
2313 2815 2401 2865 est
2430 2815 2484 2865 te
2516 2811 2852 2878 admouere,
2887 2814 2936 2868 si
2978 2831 3096 2886 qua
3129 2833 3241 2871 non
3290 2817 3638 2890 negligenda

1984 2898 2426 2972 cognoverimus
2458 2903 2514 2955 te
2543 2899 2858 2973 negligere,
2891 2904 3110 2958 orando
3143 2904 3320 2960 simul
3351 2911 3408 2962 et
3436 2908 3636 2978 praeci-

1985 2983 2196 3062 piendo
2229 2987 2574 3045 auctoritate
2593 2989 2911 3061 apostolica
2932 3009 3242 3050 monemus
3261 2999 3325 3050 ut
3350 3001 3639 3053 monaste-

1985 3081 2069 3134 rio
2096 3078 2154 3134 S.
2190 3079 2342 3133 Petri
2374 3078 2485 3133 sito
2516 3079 2763 3133 Virduni
2798 3081 2952 3151 quod
2985 3083 3332 3140 venerabilis
3371 3085 3460 3140 vir
3495 3103 3639 3142 con-

1989 3167 2348 3240 sanguineus
2379 3171 2518 3224 tuus
2559 3168 2903 3226 Waleranus
2960 3171 3142 3229 abbas
3199 3174 3366 3245 regit,
3423 3180 3637 3246 curtes,

1987 3275 2134 3329 quas
2161 3257 2218 3310 in
2252 3262 2406 3313 terra
2434 3257 2824 3330 possessionis
2855 3264 2966 3314 tua
3000 3260 3212 3317 habere
3251 3263 3635 3336 dignoscitur,

1987 3346 2304 3402 restituas:
2338 3363 2430 3413 ne,
2463 3347 2618 3418 quod
2649 3346 2837 3403 absit!
2871 3350 2940 3403 ad
2983 3349 3367 3421 perditionem
3427 3354 3636 3409 animae

1988 3440 2099 3490 tua:
2134 3433 2357 3490 diutius
2388 3451 2488 3490 eas
2516 3435 2840 3504 retinendo,
2874 3439 3534 3498 excommunicationem
3563 3445 3636 3501 ab

1987 3523 2455 3580 antecessoribus
2472 3525 2688 3580 nostris
2709 3531 3134 3596 comprecatam
3151 3527 3520 3587 invasoribus
3541 3549 3637 3589 eo-

1989 3630 2118 3668 rum
2153 3612 2438 3668 iucurras.
2463 3613 2577 3668 Nec
2604 3612 2875 3669 volumus
2895 3614 3074 3680 dicas,
3094 3634 3128 3671 a
3158 3620 3500 3689 parentibus
3520 3623 3640 3679 tuis

1991 3702 2076 3758 vel
2106 3702 2304 3758 uxoris
2333 3707 2466 3771 tuae,
2499 3719 2598 3758 cas
2628 3704 2810 3758 servis
2842 3703 2940 3758 Dei
2973 3706 3338 3776 subtractae;
3371 3709 3510 3781 quia
3541 3713 3639 3782 ju-

1989 3797 2116 3848 stus
2146 3793 2422 3847 dominus
2454 3792 2643 3847 reddit
2663 3792 3032 3864 iniquitatem
3060 3799 3293 3866 patrum
3327 3798 3382 3851 in
3409 3799 3559 3855 filios
3581 3802 3640 3856 in

1988 3881 2216 3936 tertiam
2233 3885 2291 3935 et
2308 3887 2576 3952 quartam
2593 3882 3026 3954 generationem
3039 3927 3050 3937 .
3065 3884 3227 3939 Sicut
3240 3887 3392 3941 enim
3409 3890 3644 3946 conscia

1987 3971 2252 4026 veritatis
2285 3975 2534 4026 testatur
2551 3971 2895 4042 antiquitas,
2919 3972 2976 4027 S.
3001 3974 3308 4029 Amantius
3331 3977 3642 4047 peculiaris

1987 4064 2176 4116 vester
2210 4064 2491 4132 patronus
2525 4077 2623 4115 eas
2657 4061 3013 4117 contradidit
3036 4063 3381 4120 servitorum
3405 4066 3461 4121 S.
3489 4066 3644 4124 Petri

1989 4149 2214 4206 usibus.

2737 4223 2901 4279 XXV.

1990 4294 2233 4366 Epistola
2279 4293 2495 4374 Nicplaj
2548 4294 2617 4350 11
2643 4294 2735 4374 _ad
2781 4296 2988 4374 clerum
3041 4299 3473 4369 Sistaricensem,
3537 4318 3645 4374 qua

2058 4364 2395 4490 commenbdctzt
2446 4364 2752 4421 Gerardum
2805 4370 3136 4441 episcopum,
3194 4379 3247 4427 et
3293 4364 3559 4444 quaedam
3591 4373 3652 4430 ei"

2060 4453 2282 4490 praesen
2322 4453 2337 4490 ι
2371 4477 2382 4490 .

2053 4453 2382 4510 ρνίεδσνῑοη.

2479 4511 2672 4577 (Anno
2704 4508 2931 4566 circiter
2957 4511 3142 4581 1060.)

2189 4579 2276 4649 [D.
2313 4578 2604 4647 Bouous'r,
2640 4581 2864 4635 Recueit
2895 4587 3036 4638 tom.
3071 4578 3164 4655 XI,
3198 4603 3253 4657 p.
3288 4585 3434 4656 494.]

215 4673 534 4730 dictionem
566 4669 859 4726 cmlestem
903 4672 960 4724 et
1015 4667 1484 4724 maledictionem
1543 4672 1876 4724 terrestrem
1907 4688 1955 4752 υ
2061 4668 2346 4724 NICOLAUS
2379 4669 2710 4741 episcopus,
2745 4686 2947 4727 servus
2978 4689 3278 4728 servorum
3309 4674 3432 4743 Dei,
3465 4675 3640 4744 clero,

215 4762 566 4835 suscipiant,
601 4762 950 4832 praesentem
971 4757 1442 4814 maledictionem
1476 4757 1534 4811 in
1567 4773 1876 4829 corporum

217 4851 626 4908 debilitatione
683 4848 988 4920 recipiant,
1050 4847 1376 4920 perditione
1431 4850 1489 4902 et
1545 4847 1879 4902 animarum

218 4941 578 4998 cruciatione
607 4938 1038 4995 maledicantur
1077 4954 1210 4992 cum
1273 4935 1621 5002 maledictis,
1681 4935 1880 5009 ﬂagel-

217 5031 417 5088 lentur
490 5046 626 5085 cum
713 5028 979 5101 ingratis,
1061 5031 1299 5099 pereant
1377 5043 1511 5080 cum
1587 5024 1877 5098 superbis,

221 5119 559 5178 crucientur
590 5135 724 5173 cum
782 5116 1167 5188 blasphemis,
1226 5119 1614 5187 torqueantur
1671 5116 1729 5170 in
1790 5115 1878 5169 iu-

221 5211 400 5279 feris;
435 5209 555 5264 sint
582 5206 876 5264 maledicti
911 5223 1044 5262 cum
1077 5203 1629 5277 blasphemantibus
1667 5220 1878 5259 nomen

221 5299 484 5366 Domini;
504 5298 626 5355 sint
648 5296 941 5352 maledicti
969 5312 1104 5351 cum
1128 5295 1471 5365 desperatis,
1496 5293 1617 5349 sint
1635 5293 1878 5349 maledi-

222 5391 265 5446 ti
287 5389 347 5445 in
363 5388 585 5445 oriente
597 5390 655 5442 et
674 5385 973 5442 occidente
993 5401 1006 5441 :
1023 5385 1140 5440 sint
1155 5383 1447 5438 maledicti
1460 5387 1515 5438 et
1546 5383 1605 5437 in
1638 5383 1880 5439 meridie

222 5482 280 5534 et
329 5477 745 5550 septentrione,
796 5474 915 5529 sint
963 5471 1255 5529 maledicti
1321 5471 1381 5527 in
1432 5471 1525 5526 die
1574 5475 1631 5527 et
1673 5471 1732 5526 in
1781 5487 1882 5527 no-

297 5598 639 5675 (3)_Su_mmi
671 5599 916 5675 quidam
951 5598 1256 5675 pontifices
1286 5594 1611 5675 litterarum
1635 5611 1878 5675 suarum

225 5665 604 5735 inscriptioui
637 5665 815 5725 verba
843 5665 970 5725 me
1011 5668 1393 5735 addiderant;
1454 5682 1656 5722 verum
1711 5665 1877 5722 Nico-

225 5690 404 5730 lusori
458 5690 604 5726 tlonl
637 5690 815 5725 verna
843 5690 966 5725 meo
1011 5690 1393 5735 uomuerunt;
1455 5690 1656 5722 verum
1711 5690 1876 5722 ulcu-

221 5746 356 5808 laus
389 5690 448 5803 II,
470 5744 603 5818 post
631 5741 866 5800 salutem
893 5739 1100 5811 datam,
1133 5738 1362 5816 primus
1391 5737 1681 5800 constanti
1702 5737 1876 5798 modo

1992 4756 2205 4824 ordini,
2241 4756 2416 4828 plebi,
2441 4755 2895 4813 consistentibus
2912 4760 2970 4814 in
2997 4761 3226 4817 civitate
3248 4763 3640 4834 Sistariceusi,

1989 4844 2240 4902 salutem
2264 4848 2319 4900 et
2349 4845 2724 4915 apostolicam
2759 4847 2834 4918 (3)
2875 4848 3338 4906 benedictionem
3398 4852 3446 4907 si
3506 4852 3642 4909 obe-

1989 4933 2222 4990 dieriut.

2060 5025 2203 5079 Cum
2239 5023 2421 5077 nostri
2453 5023 2531 5078 sit
2559 5023 2733 5079 ofﬁcii
2765 5026 3112 5084 universalis
3145 5029 3412 5085 Ecclesiae
3441 5049 3644 5090 curam

1990 5128 2208 5185 gerere,
2243 5117 2469 5183 oportet
2499 5130 2604 5168 nos
2635 5115 2870 5170 studere
2900 5117 3177 5174 omnibus
3237 5121 3453 5192 ubique
3509 5139 3642 5193 pro-

1989 5203 2177 5257 desse.
2208 5200 2370 5256 Unde
2401 5219 2506 5273 pro
2533 5207 2724 5259 vestra
2745 5203 2931 5259 salute
2963 5207 3202 5263 fratrem
3234 5210 3408 5264 etiam
3442 5214 3499 5265 et
3545 5227 3640 5267 co-

1989 5291 2326 5363 episcopum
2348 5296 2613 5346 nostrum
2629 5292 2770 5349 Gera
2781 5294 2951 5349 rdum
2978 5296 3049 5367 (4)
3066 5297 3227 5352 vobis
3241 5298 3641 5355 ordinavimus

1990 5380 2374 5445 sacerdotem,
2407 5397 2442 5435 a
2469 5380 2756 5454 religiosis
2784 5382 2925 5439 viris
2954 5385 3011 5439 in
3043 5385 3519 5457 partibusGalliae
3545 5387 3642 5443 ha-

1991 5468 2316 5524 bitantibus
2347 5469 2618 5541 electum,
2654 5471 2876 5528 scilicet
2907 5489 2940 5528 a
2964 5473 3278 5529 venerabili
3309 5473 3485 5530 fratre
3514 5474 3642 5533 Clu-

1989 5591 2379 5669 e_t_guni_t_ormi
2425 5594 2712 5669 adhibuit
2775 5598 3134 5669 apostolicam
3194 5596 3638 5659 benedictionem.

1989 5667 2147 5750 (nisi.
2163 5666 2315 5750 λέπη
2349 5670 2390 5750 ρ.
2425 5666 2554 5750 vn,
2581 5684 2636 5740 ρ.
2663 5666 2819 5750 s21);

2059 5737 2136 5813 (4)
2160 5735 2474 5813 Gerardus,
2508 5735 2629 5803 sive
2657 5735 2947 5798 Gerardus
2978 5739 3029 5801 ΙΙ
3061 5737 3278 5805 electus
3299 5744 3389 5800 est
3415 5742 3639 5821 episco-
