4630 6438
381 9 543 60 ’.ὅ-’ἀτη

845 411 1014 501 1347,

2189 409 2499 473 NICOLAI
2542 405 2594 470 Il
2636 409 2732 471 PA
2744 407 2867 471 PIE

4074 395 4286 470 1348

841 543 1098 603 niacensi
1129 543 1370 617 Hugone
1399 543 1498 617 qui
1531 547 1732 600 nostra
1769 543 1890 598 vice
1946 544 2002 597 in
2045 543 2308 614 partibus
2366 541 2481 598 illis
2508 543 2565 610 Α
2595 535 2955 598 contristare.
2989 541 3162 598 Scitis
3191 541 3346 598 enim
3379 555 3554 615 quam
3587 541 3841 614 benigna
3869 539 4039 597 vobis
4060 537 4276 596 fuerit

839 633 1211 704 fungebatur,
1233 631 1556 687 Arelatensi
1578 630 2030 702 archiepiscopo,
2053 631 2322 701 episcopo
2339 634 2478 684 Ave-

838 719 1127 789 nionensi,
1160 720 1430 790 episcopo
1459 717 1846 784 Cabilonensi,
1891 717 2162 788 episcopo
2217 716 2476 788 Aptensi,

834 807 1108 880 episOOpo
1163 806 1428 872 Vasensi,
1485 804 2130 877 episcOpo‘-~'Dignensi,
2208 805 2478 876 episcopo

838 894 1054 952 Diensi.
1089 893 1307 960 Quibus
1342 893 1592 948 testibus
1623 893 1695 948 de
1726 893 1852 964 ejus
1873 891 1992 947 vita
2014 891 2093 947 nil
2117 892 2474 948 dubitamus.

839 981 942 1037 Cui
973 981 1240 1038 dedimus
1275 981 1334 1034 in
1352 980 1662 1046 mandatis,
1696 997 1768 1036 ne
1789 996 2047 1052 unquam
2080 979 2478 1036 ordinationes

836 1072 1152 1142 praesumat
1179 1069 1235 1122 in
1271 1083 1427 1133 eum,
1463 1069 1561 1140 qui
1591 1066 1876 1142 virginem
1917 1084 2032 1123 non
2088 1072 2179 1123 est
2235 1067 2478 1122 sortitus

837 1174 1092 1223 uxorem,
1114 1172 1300 1228 neque
1320 1155 1726 1221 inlitteratum,
1745 1155 1831 1211 vel
1855 1155 1914 1210 in
1929 1155 2190 1228 quolibet
2219 1155 2478 1228 corporis

835 1251 996 1318 parte
1025 1245 1312 1310 vitiatum,
1345 1249 1448 1300 aut
1468 1261 1536 1300 ex
1557 1245 1891 1316 pmnitente,
1919 1245 2009 1300 vel
2042 1261 2214 1312 curae,
2238 1256 2342 1300 aut
2359 1245 2474 1300 cui-

834 1333 976 1390 libet
1004 1333 1320 1388 conditioni
1352 1333 1690 1401 obnoxium,
1724 1334 2126 1405 notatumque,
2157 1334 2229 1388 ad
2279 1350 2476 1390 sacros

835 1423 1066 1479 ordines
1096 1423 1398 1494 permittat
1426 1422 1733 1488 accedere;
1758 1422 1858 1476 sed
1889 1421 1938 1478 si
1969 1438 2115 1494 quos
2136 1421 2474 1492 hujusmodi

835 1511 980 1566 forte
1000 1509 1302 1580 comperit,
1327 1525 1438 1564 non
1461 1509 1672 1565 audeat
1693 1525 2044 1582 promovere.
2063 1509 2231 1564 Afros
2255 1509 2472 1581 passim

835 1600 906 1654 ad
929 1597 1352 1654 ecclesiasticos
1370 1597 1602 1653 ordines
1622 1599 2062 1669 praetendentes,
2079 1596 2240 1653 nulla
2251 1598 2472 1654 ratione

836 1685 1140 1758 suscipiat,
1165 1685 1304 1758 quia
1333 1685 1512 1757 aliqui
1533 1701 1731 1740 eorum
1754 1685 2076 1752 Manichaei,
2108 1683 2285 1758 aliqui
2312 1685 2472 1742 reba-

835 1773 1032 1847 ptisati
1066 1778 1204 1830 sunt
1232 1773 1476 1845 probati.
1510 1772 1830 1828 Ministeria
1859 1777 2034 1846 atque
2065 1779 2337 1828 ornatum
2366 1777 2470 1828 Ec-

837 1861 1044 1928 clesiae,
1074 1861 1162 1916 vel
1195 1861 1478 1933 quidquid
1512 1860 1653 1916 illud
1685 1865 1772 1916 est
1827 1861 1884 1916 in
1945 1861 2293 1934 patrimonio
2341 1862 2468 1934 ejus

837 1951 1097 2004 minuere
1131 1966 1243 2004 non
1265 1949 1495 2004 studeat
1523 1949 1621 2004 sed
1645 1965 1876 2021 augere.
1909 1949 1989 2004 De
2011 1950 2196 2005 reditu
2218 1967 2349 2006 vero
2372 1954 2470 2005 Ec-

833 2037 1041 2105 clesia,
1065 2037 1154 2094 vel
1181 2035 1468 2093 oblatione
1489 2035 1642 2092 ﬁdeli
1652 2054 1746 2092 um
1767 2041 2016 2108 quatuor
2045 2039 2120 2110 (5)
2143 2037 2314 2094 faciat
2335 2055 2467 2110 por-

831 2127 1040 2193 tiones,
1072 2141 1322 2198 quarum
1349 2142 1524 2181 unam
1545 2125 1652 2180 sibi
1685 2126 1949 2195 retineat,
1971 2125 2211 2182 alteram
2244 2126 2466 2182 clericis

830 2232 933 2288 pro
950 2215 1274 2271 ofﬁciorum
1297 2230 1535 2270 suorum
1559 2211 1866 2270 sedulitate
1889 2214 2218 2282 distribuat,
2233 2215 2464 2270 tertiam

829 2319 960 2360 vero
991 2303 1346 2376 pauperibus
1375 2305 1432 2358 et
1459 2301 1800 2375 peregrinis,
1827 2306 2097 2374 quartam
2127 2319 2260 2358 vero
2281 2303 2464 2359 eccle-

831 2392 1086 2448 siasticis
1116 2390 1350 2446 fabricis
1369 2389 1590 2446 noverit
1617 2390 2038 2446 observandam
2065 2409 2077 2459 ;
2119 2392 2190 2446 de
2249 2392 2465 2464 quibus

829 2479 1023 2536 divino
1037 2478 1143 2535 erit
1155 2479 1250 2534 red
1259 2479 1488 2534 diturus
1495 2480 1519 2550 j
1530 2479 1717 2534 udicio
1739 2478 2042 2534 rationem.
2060 2479 2466 2536 Ordinationes

829 2585 963 2624 vero
978 2568 1442 2640 presbyterorum
1469 2582 1571 2622 seu
1591 2567 1988 2633 diaconorum,
2005 2566 2461 2639 nonnisiquarti,

829 2656 1082 2728 septimi,
1117 2655 1201 2712 vel
1233 2655 1440 2710 decimi
1473 2655 1787 2722 mensium,
1813 2655 2077 2726 jejuniis,
2111 2655 2211 2710 sed
2259 2661 2316 2711 et
2370 2655 2464 2712 in-

829 2761 1030 2818 gressu
1055 2741 1544 2816 quadragesimali
1571 2746 1744 2814 atque
1767 2743 2046 2798 mediana:
2068 2760 2302 2816 vespere
2331 2745 2466 2800 Sab-

828 2833 944 2889 bati
959 2832 1180 2888 noverit
1193 2831 1585 2888 celebrandas.
1607 2831 2174 2902 Sacrosanctiautem
2191 2833 2464 2904 baptismi

827 2924 1192 2976 sacramenta
1256 2919 1486 2975 nonnisi
1551 2918 1610 2972 in
1665 2919 1964 2976 Paschatis
2023 2919 2348 2990 festivitate,
2407 2925 2464 2978 et

829 3009 1194 3064 Pentecostcs
1226 3007 1560 3063 meminerit
1580 3023 1708 3062 esse
1741 3007 2076 3078 prehende;
2101 3009 2350 3080 exceptis
2371 3007 2463 3064 his

829 3096 930 3169 qui
962 3095 1166 3152 mortis
1191 3099 1474 3167 urgentur
1501 3094 1780 3167 periculo,
1812 3112 1882 3151 ne
1911 3095 1971 3149 in
2026 3100 2304 3152 internum
2363 3114 2460 3170 pe-

829 3189 1012 3253 reant,
1047 3183 1264 3240 talibus
1294 3183 1464 3240 debet
1495 3182 1766 3238 remediis
1796 3183 2108 3240 subveniri.
2135 3185 2300 3240 Nunc
2327 3201 2462 3258 ergo

827 3273 982 3329 sedis
1013 3275 1222 3328 nostris
1254 3275 1540 3342 praecepta
1559 3271 1832 3342 servanti,

829 3360 992 3433 sequi
1023 3363 1271 3432 oportet,
1305 3363 1369 3414 ut
1397 3358 1902 3430 irreprehensibile
1922 3359 2332 3433 placidumque
2362 3361 2464 3417 ﬁat

829 3465 1037 3522 corpus
1067 3447 1333 3504 Ecclesia:
1365 3464 1468 3519 per
1494 3447 1696 3504 Jesum
1719 3448 2038 3515 Christum,
2071 3453 2176 3504 etc.

1496 3553 1738 3628 ,XXVL

830 3644 1070 3702 Nicolaii
1124 3643 1176 3698 11
1201 3642 1425 3714 epistola
1451 3642 1524 3698 ad
1555 3641 1875 3726 ﬁervasium
1916 3646 2228 3701 Rsmensem
2277 3644 2462 3700 archi-

1475 3729 1807 3786 episcopum.»

1391 3803 1576 3872 (Anno
1607 3802 1895 3874 1059-61.)

1007 3891 1354 3963 [Ducnssns,
1388 3892 1514 3947 Rer.
1542 3895 1742 3947 Franc.
1777 3889 1971 3963 Script.
2006 3891 2097 3961 IV,
2133 3893 2278 3964 198.]

899 3979 1205 4044 NICOLAUS,
1238 3995 1440 4034 servus
1469 3995 1766 4036 servorum
1797 3979 1920 4051 Dei,
1953 3981 2236 4037 Gsavasro
2293 3997 2464 4038 vene-

833 4065 1003 4122 rabili
1057 4065 1511 4139 archiepiscopo,
1570 4065 1818 4122 salutem
1867 4047 2008 4124 'c'um
2067 4069 2466 4126 benedictione

832 4152 1166 4226 apostolica.

905 4241 1060 4298 Licet
1089 4243 1158 4298 de
1181 4248 1372 4299 vestra
1392 4242 1751 4300 fraternitate
1781 4245 2048 4318 quaedam
2080 4244 2339 4312 sinistra,
2361 4263 2466 4302 nec

833 4329 959 4387 sine
989 4329 1352 4388 discussione
1381 4330 1745 4400 dimittenda,
1767 4333 2129 4404 pervenerint
2144 4334 2215 4388 ad
2246 4338 2470 4406 aposto-

833 4418 1004 4474 licam
1027 4419 1256 4475 sedem:
1283 4418 1505 4475 scilicet
1525 4420 1679 4492 quod
1705 4421 1832 4492 ejus
1854 4421 2221 4478 invasoribus
2244 4421 2465 4488 faverit,

833 4507 987 4579 quod
1018 4507 1382 4581 pontiﬁcales
1411 4513 1576 4564 actus
1596 4509 2024 4582 postposuerit;
2077 4515 2272 4567 tamen
2331 4511 2470 4583 quia

832 4595 1169 4690 testimonio
1197 4613 1311 4652 non
1341 4595 1492 4690 levis
1495 4598 2137 4690 persomedefenderis,
2151 4599 2250 4655 sed
2277 4600 2469 4672 potius
2498 4625 2546 4690 D

832 4684 904 4740 de
935 4683 1210 4740 ﬁdelitate
1240 4684 1426 4740 sancti
1457 4683 1606 4740 Petri
1636 4683 1915 4753 laudaris,
1941 4687 2246 4758 praemissa
2271 4692 2466 4745 trans-

832 4771 1008 4840 imus,
1033 4777 1090 4828 et
1113 4776 1382 4829 utverum
1398 4772 1558 4829 sitde
1573 4774 1736 4830 vobis
1749 4775 2151 4832 testimonium
2174 4781 2466 4850 Optamus.

830 4857 948 4914 Vos
977 4864 1172 4914 autem
1204 4860 1364 4915 omni
1388 4863 1692 4918 conamine
1721 4863 1950 4919 studete
1997 4863 2078 4919 ita
2131 4866 2340 4934 vivere,
2401 4869 2468 4920 ut

833 4946 1010 5002 vestri
1039 4963 1154 5002 non
1184 4946 1438 5004 habeant
1466 4949 1684 5006 inimici
1716 4953 1868 5008 unde
1891 4968 1998 5006 nos
2038 4953 2263 5024 possint
2284 4953 2341 5008 in
2366 4969 2466 5008 vos

834 5105 946 5215 gus
977 5087 1378 5146 Sistaricensis
1407 5090 1466 5146 in
1500 5109 1708 5166 magno
1740 5093 1984 5150 concilio
2015 5093 2395 5150 Avenionensi
2435 5110 2469 5148 a

881 5202 893 5214 .
914 5159 1152 5215 Hugone
1164 5161 1369 5215 abbate
1381 5163 1762 5215 Cluniacensi.
1781 5165 1969 5215 legato
1981 5164 2197 5215 Nicolai
2219 5181 2376 5215 name
2398 5164 2465 5215 II.

881 5159 1152 5237 _._Hugone
1164 5161 1369 5237 abbate
1381 5159 1738 5237 Cluniacensi
1750 5208 1762 5232 ,
1781 5165 1969 5237 legato
1981 5164 2197 5220 Nicolai
2219 5181 2376 5234 papae
2398 5164 2465 5218 II.

834 5231 1051 5314 Missus
1083 5249 1116 5286 a
1133 5233 1378 5314 concilio
1394 5236 1463 5288 ad
1493 5231 1815 5314 Nicolaum,
1836 5231 1910 5291 ab
1945 5231 2472 5314 ipso_consec_ratur

835 5301 895 5357 in
926 5303 1103 5374 episc.
1132 5303 1382 5374 Sittaric.
1417 5311 1532 5361 Hac
1563 5307 1722 5363 bulla
1751 5323 1852 5362 seu
1884 5301 2130 5374 epistola
2151 5305 2466 5373 munitum,

837 5388 988 5496 gapa
1017 5389 1148 5453 eum
1178 5373 1384 5454 direxit
1401 5375 1471 5457 ad
1495 5379 1690 5432 sedem
1713 5393 1902 5458 suam.
1919 5373 2164 5456 Indigne
2181 5375 2416 5458 habitus
2435 5395 2470 5433 a

883 5444 1504 5496 lttarlcenmbusmemt
1523 5446 2015 5496 For-calamorum.
2035 5448 2134 5496 ubi
2155 5445 2470 5496 honoriﬁce

883 5442 1504 5518 ittaricensibus,venit
1523 5446 2016 5518 Forcalquierum,
2035 5442 2134 5500 ubi
2155 5445 2471 5504 honoriﬁce

841 5515 930 5592 est
956 5515 1248 5592 exceptus.
1278 5513 1598 5592 Consilium
1637 5513 1760 5571 hoc'
1782 5516 2178 5592 avenionense
2215 5523 2471 5592 praeter-

843 5534 930 5564 uel.
956 5534 1246 5580 exceptus.
1278 5534 1598 5570 uonsmum
1637 5534 1744 5571 noc
1782 5534 2178 5571 Avenlonense
2274 5534 2470 5575 mter-

843 5577 1094 5634 missum
1124 5585 1213 5636 est
1234 5581 1294 5637 in
1326 5584 1701 5640 conciliorum
1722 5583 2180 5642 collectionibus.
2214 5534 2470 5645 Ilonora-

841 5651 941 5711 ιιι.
950 5647 1178 5710 Bouchs
1196 5653 1461 5716 observat
1471 5653 1655 5736 ipsius
1673 5659 1803 5717 acta
1820 5653 1962 5718 olim
1981 5662 2274 5718 asservata
2291 5659 2475 5722 fuisse

2585 631 2914 686 communis
2937 633 3123 686 mater
3141 635 3341 686 sancta
3357 631 3618 687 Romana
3631 628 3909 698 Ecclesia,
3932 643 4275 701 quamque

2587 720 2656 774 de
2687 723 2742 774 te
2775 735 2987 792 magna
3016 719 3066 774 ei
3101 719 3334 788 ﬁducia,
3366 723 3433 775 ut
3459 722 3561 775 tua
3604 717 3844 774 solertia
3869 717 4272 774 Francorum

2586 811 2781 878 posset
2793 821 3128 862 succurrere
3148 822 3292 878 pene
3307 805 3482 879 lapses
3494 805 3779 862 Ecclesia.
3795 805 4048 862 Proinde
4061 819 4271 878 agere

2586 895 2755 950 stude
2785 895 2938 966 quod
2971 895 3041 950 de
3069 899 3124 950 te
3155 895 3406 966 speravit
3431 893 3752 966 apostolica
3787 894 3982 961 sedes,
4016 897 4079 949 et
4141 908 4270 949 ve-

2587 986 2775 1038 strum
2805 997 3003 1054 regem
3033 980 3353 1055 gloriosum
3384 983 3625 1052 castiga,
3655 997 3914 1054 precare,
3953 979 4264 1048 admone,

2583 1087 2655 1126 ne
2677 1074 3036 1143 pervertatur
3055 1069 3444 1142 pessimorum
3461 1067 3724 1138 consillo,
3749 1069 3848 1142 qui
3882 1073 4091 1124 nostra
4114 1067 4228 1124 dis
4243 1099 4263 1109 -

2582 1159 2779 1215 cordia
2807 1161 3016 1230 putant
3041 1173 3102 1214 se
3139 1157 3521 1230 apostolicam
3573 1173 3883 1213 censuram
3941 1157 4211 1214 evadere
4239 1171 4259 1211 :

2582 1251 2892 1318 caveatque
2920 1245 3104 1303 sacris
3134 1245 3476 1316 canonibus,
3504 1245 3622 1302 imo
3651 1246 3820 1302 beato
3859 1245 4028 1301 Petro
4086 1243 4262 1301 resi-

2581 1338 2752 1402 stere,
2781 1351 3023 1406 nosque,
3054 1333 3154 1406 qui
3201 1351 3336 1390 eum
3393 1334 3548 1390 sicut
3603 1332 3888 1406 pupillam
3946 1331 4258 1390 volumus

2581 1439 2775 1479 amare
2803 1421 2975 1488 oculi,
3007 1426 3207 1478 contra
3235 1439 3298 1478 se
3325 1438 3573 1478 movere.
3602 1421 3756 1478 Satis
3801 1421 3958 1478 enim
4017 1420 4257 1476 mirari

2580 1515 2786 1584 potest,
2819 1509 2867 1566 si
2899 1527 3002 1582 pro
3033 1509 3226 1582 aliquo
3254 1509 3454 1578 stulto,
3487 1509 3639 1565 sicut
3667 1513 3776 1576 est,
3828 1525 4006 1582 quem
4035 1507 4254 1566 voluit

2579 1598 2852 1666 ordinari,
2889 1597 3333 1654 Matisconensis
3362 1597 3692 1670 episcOpus,
3743 1596 3870 1653 vult
3923 1597 4120 1654 Deum
4187 1599 4264 1654 et

2577 1692 2634 1742 et
2663 1691 2930 1744 sanctum
2958 1691 3193 1742 Petrum
3226 1686 3514 1742 offendere
3538 1703 3552 1754 ;
3586 1689 3848 1742 nostram
3878 1684 4259 1742 obaritatem

2577 1779 2752 1847 atque
2783 1775 3068 1830 sinceram
3100 1773 3470 1830 dilectionem
3500 1773 3654 1829 circa
3683 1789 3746 1830 se
3775 1773 4254 1846 parvipendere.

2577 1870 2666 1918 An
2688 1867 2854 1936 putat
2872 1861 3087 1935 aliquis
3108 1861 3503 1918 membrorum
3521 1861 3888 1929 Antichristi,
3907 1861 4072 1934 quod
4093 1861 4258 1934 plus

2577 1969 2692 2007 non
2725 1949 2910 2022 possit
2938 1951 2988 2006 ei
3019 1951 3292 2022 prodesse
3313 1949 3498 2022 gratia
3526 1949 3680 2006 beati
3704 1949 3875 2018 Petri,
3901 1965 4088 2022 quam
4107 1966 4256 2006 om-

2577 2041 2740 2095 nium
2771 2039 3083 2111 impiorum
3117 2039 3340 2110 perﬁda
3365 2037 3614 2094 ﬁdelitas
3634 2037 3662 2092 ‘I
3689 2039 3840 2110 Agat
3867 2037 4072 2110 itaque
4103 2037 4254 2111 glo-

2575 2129 2765 2184 riosus
2795 2144 2912 2192 rex,
2944 2132 3009 2182 ut
3038 2126 3200 2194 libet,
3231 2129 3432 2182 contra
3457 2142 3584 2194 nos,
3619 2125 3758 2198 quia
3795 2142 3904 2182 nos
3961 2142 4070 2198 pro
4129 2125 4252 2184 illo

2573 2218 2816 2288 ejusque
2846 2215 3099 2272 exercitu
3128 2215 3312 2271 Deum
3343 2231 3572 2286 semper
3597 2213 3819 2288 precari
3868 2214 4062 2287 parati
4123 2232 4258 2272 su—

2575 2322 2727 2360 mus.
2757 2309 2830 2360 De
2859 2305 3005 2360 duce
3024 2320 3155 2359 vero
3185 2302 3467 2359 Gotifrido
3491 2319 3662 2360 nemo
3691 2319 3794 2360 vos
3822 2306 4065 2371 terreat,
4089 2321 4252 2362 cum

2573 2394 2746 2450 fuerit
2776 2410 2923 2465 opus
2951 2409 3052 2448 vos
3082 2391 3276 2448 venire
3304 2391 3568 2458 Romam,
3621 2391 3759 2462 quia
3813 2408 3933 2448 non
3985 2395 4250 2449 tantum

2571 2482 2734 2538 vobis
2761 2482 3245 2554 impedimentum
3278 2496 3394 2536 non
3414 2479 3602 2548 faciet,
3627 2480 3729 2536 sed
3758 2480 3936 2536 etiam
3959 2479 4248 2538 ﬁdeliter

2573 2571 2872 2627 servitium
2904 2569 3218 2643 impendet.
3244 2567 3510 2624 Salutant
3534 2584 3636 2623 vos
3653 2567 4252 2633 charissimifratres

2531 2690 2535 2696 -
2572 2659 2755 2715 nostri
2785 2656 3108 2714 cardinales
3137 2655 3416 2729 episcopi,
3482 2671 3706 2712 necnon
3751 2655 4062 2714 humilitas
4119 2658 4252 2715 ﬁlii

2573 2747 2757 2804 nostri
2790 2745 3186 2802 Hildebrandi.

3279 2833 3498 2888 XXVII.

3279 2837 3324 2887 X
3381 2833 3426 2886 V
3487 2875 3498 2888 .

2570 2927 2819 2982 Nicotaus
2892 2925 2944 2978 II
3023 2923 3238 2976 Annam
3290 2833 3535 2992 reginam
3592 2921 3784 2978 Galliae
3837 2920 4099 2978 hortatur
4163 2931 4244 2981 ut

2642 3013 2823 3065 regem
2845 2995 2914 3049 ad
2959 2995 3178 3064 pietatis
3231 2995 3612 3065 aequitatisque
3670 2993 4050 3065 gubernacula
4101 3011 4250 3052 mc-

2641 3063 2899 3133 deranda,
2921 3063 3228 3136 statu-mque
3257 3063 3509 3120 Ecclesiae
3522 3063 3874 3119 retinendum
3892 3065 4114 3122 incitet.

3135 3154 3322 3224 (Anno
3353 3151 3636 3225 1059-61.)

1865 3272 2082 3328 devotis
2112 3273 2326 3328 animis
2355 3241 2456 3328 οὗ·
2487 3260 2530 3326 C
2570 3244 2741 3315 Hujus
2795 3241 3040 3328 ῗΡῗδίθίᾷ
3103 3245 3305 3328 θξνῖιῗς.
3331 3241 3633 3328 DaTiam.“
3656 3243 3760 3328 ,θδί
3805 3245 4019 3328 ίξῖξςίρν·
4091 3243 4244 3301 Vide

2805 3311 2948 3368 inter
2973 3313 3089 3380 eius
3117 3311 3386 3383 epistolas,
3413 3311 3545 3384 Opp.
3577 3315 3620 3368 t.
3655 3311 3698 3382 Ι,
3721 3328 3780 3383 p.
3813 3312 3963 3382 124.]

3261 3417 3501 3474 XXVIII.

2569 3509 2822 3564 Nicotaus
2880 3508 2931 3579 Π
2985 3505 3238 3579 Gervasio
3284 3505 3680 3579 archiepiscopo
3737 3505 4010 3579 Remensi,
4073 3523 4246 3579 prae-

2641 3581 2772 3662 cipit
2790 3587 2840 3662 et
2867 3577 3069 3634 damna
3121 3577 3376 3633 Ecclesia
3432 3576 3758 3634 Virdunensi
3813 3577 3978 3633 illata
4023 3576 4245 3636 recon-

2641 3654 2842 3706 cinnet.

3136 3718 3324 3787 (Anno
3357 3716 3641 3784 1059-61.)

2753 3808 3096 3876 [DUCHESNE,
3127 3808 3269 3862 Hist.
3300 3807 3493 3862 Franc.
3517 3804 3714 3877 Script.
3747 3805 3840 3875 IV,
3877 3804 4029 3878 199.]

2644 3897 2925 3952 NICOLAUS
2955 3896 3283 3968 episcopus,
3316 3910 3516 3951 servus
3547 3910 3849 3950 servorum
3877 3893 4006 3966 Dei,
4067 3895 4250 3954 GER-

2573 4001 2734 4042 vasm
2765 3982 3068 4040 Remensis
3097 3981 3361 4038 Ecclesia:
3392 3981 3850 4054 archiepiscopo,
3882 3981 4154 4043 salutem
4177 3991 4255 4044 et

2575 4073 2951 4146 apostolicam
2981 4069 3462 4126 benedictionem.

2645 4160 2926 4228 Quoniam
2957 4159 3126 4215 nobis
3159 4158 3542 4215 commissum
3589 4162 3701 4227 est,
3757 4162 3820 4215 et
3870 4159 4263 4222 auctoritate

2575 4250 2726 4306 beati
2761 4248 2912 4304 Petri
2943 4246 3244 4314 traditum,
3293 4263 3472 4320 supra
3529 4263 3705 4318 quem
3763 4245 4258 4310 fundamentum

2576 4334 2924 4395 universalis
2953 4333 3220 4391 Ecclesiae
3251 4333 3566 4391 solidatam
3587 4339 3695 4404 est,
3721 4339 4021 4407 quatenus
4051 4341 4118 4393 et
4143 4354 4265 4396 er-

2574 4429 2700 4482 rata
2728 4423 3109 4496 corrigamus,
3139 4425 3197 4478 et
3227 4423 3491 4479 membra
3508 4425 3707 4479 nostro
3736 4423 3914 4496 capiti
3935 4419 4272 4485 cohaeren-

2574 4515 2679 4582 tia,
2710 4530 2783 4570 ne
2810 4512 3133 4578 dissonent,
3165 4510 3507 4567 studeamus
3531 4527 3545 4566 :
3571 4510 3700 4580 tibi,
3731 4515 3934 4584 utpote
3962 4511 4138 4570 velut
4171 4517 4267 4575 de

2577 4601 2794 4659 nostris
2822 4605 2880 4656 et
2908 4603 3120 4656 sanctae
3149 4599 3420 4656 Romana
3451 4597 3719 4656 Ecclesia
3749 4599 4063 4668 membris,
4135 4620 4265 4676 pa-

2574 4695 2737 4746 terne
2753 4689 3077 4744 intimando
3099 4687 3490 4760 praecipimus,
3507 4691 3799 4760 quatenus
3818 4703 3923 4760 per
3943 4693 4022 4756 te,
4047 4705 4269 4761 quem

2577 4779 2637 4834 in
2668 4775 2886 4850 gremio
2901 4777 3106 4832 matris
3126 4779 3262 4845 tuae,
3283 4775 3630 4833 universalis
3642 4775 3910 4834 videlicet
3928 4776 4270 4855 Ecclesia,

2577 4863 2918 4921 conclusum
2933 4880 3059 4920 esse
3077 4881 3412 4937 speramus;
3432 4881 3537 4922 nec
3546 4863 3903 4920 Virdunensi
3925 4863 4272 4944 Ecclesiae,

2575 4969 2700 5024 quae
2732 4951 2899 5008 nobis
2930 4953 3244 5010 commissa
3271 4957 3364 5010 est
3393 4969 3525 5008 cum
3559 4952 3862 5019 fratribus,
3894 4951 4272 5026 quidquam

2577 5093 2638 5166 ip
2669 5091 2898 5166 archivp
2930 5091 3634 5166 Forcalqueriensi,_nunc
3685 5107 3841 5166 vero,
3878 5090 4272 5166 desiderari.

2575 5165 2828 5244 Tempus
2859 5163 3248 5244 habitinhujus
3294 5163 3543 5244 co_ncilii_
3578 5165 3944 5244 nonnpotest
4000 5163 4276 5244 differri

2578 5232 2738 5308 ultra
2753 5235 3122 5308 annum‘1061
3137 5232 3291 5308 {quo
3310 5233 3684 5308 viveredesiit
3702 5232 3977 5308 Nicolaus
4009 5235 4090 5308 II,
4119 5241 4270 5299 sub

2577 5306 2743 5376 cujus
2798 5299 3146 5376 pontiﬁcatu
3193 5299 3304 5360 I’uit
3371 5305 3748 5361 celebratum.
3809 5299 3979 5376 (σαιι.
4018 5299 4272 5370 Christ,

2576 5375 2722 5442 nota,
2754 5375 2894 5432 tom.
2931 5377 2973 5444 Ι,
3005 5375 3114 5431 col.
3147 5377 3295 5444 483.)

2649 5447 2724 5517 (5)
2755 5446 2883 5502 Haec
2921 5447 3209 5502 redditum
3269 5445 3522 5517 ecclesiae
3560 5445 3788 5517 divisio
3848 5449 4122 5517 quatuor
4193 5452 4278 5512 in

2580 5515 2773 5599 partes
2801 5522 2891 5599 est
2919 5518 2976 5572 S.
3009 5517 3269 5599 Gregorii
3297 5515 3708 5599 scribentisnad
3736 5517 3792 5573 S.
3820 5515 4278 5599 Augustinum

2578 5585 3048 5662 Cantuariensem
3067 5585 3568 5660 archiepiscopum
3586 5585 3712 5662 (lib.
3737 5603 3818 5659 χι,
3839 5585 4016 5662 epist.
4040 5589 4158 5652 64.
4185 5585 4280 5645 -ς

2579 5658 2724 5758 Gell.
2759 5657 3005 5734 Christ).
