4630 6392
542 454 553 461 -
596 414 771 479 ’1349

1785 420 2188 485 EPISTOLE
2230 420 2335 486 ET
2376 420 2453 486 DI
2463 422 2853 488 PLOMATA.

3853 426 4016 494 1350

612 547 843 619 injuria:
875 552 992 604 tam
1026 567 1129 623 per
1159 557 1212 606 te
1244 570 1418 625 quam
1470 570 1569 625 per
1616 560 1749 608 tuos
1805 556 2011 610 inferre
2044 557 2258 611 amodo
2289 558 2343 623 Α
2377 558 2559 612 torica
2580 530 2699 613 arte
2728 557 2998 613 charitati
3021 563 3225 615 vestrae
3256 560 3547 617 mittimus
3576 559 3920 619 edocendos.
3942 565 4017 621 Ut

614 637 879 710 patiaris.
904 640 1065 703 Quod
1090 646 1285 697 autem
1310 647 1511 697 contra
1548 644 1812 713 ejusdem
1855 643 2117 699 Ecclesiae
2142 646 2259 699 fra-

613 733 736 783 tres
772 744 927 783 nunc
958 730 1201 797 noviter,
1237 736 1292 785 et
1322 736 1407 799 tu,
1438 736 1493 785 et
1534 731 1637 795 tui,
1685 732 1885 786 damni
1928 738 1984 787 et
2032 732 2260 803 injuria:

617 815 922 882 intulistis,
948 819 1339 874 communiter
1358 824 1415 874 et
1445 826 1659 875 sanctae
1691 820 1954 875 Ecclesia;
1988 822 2261 876 Romanae

618 921 725 961 cau
746 922 829 973 sa,
863 911 917 961 et
934 908 1112 962 nostri
1139 924 1332 963 amore
1355 910 1666 964 emendare
1684 915 1757 975 te,
1781 910 1938 965 omni
1959 910 2265 965 occasione

620 999 865 1057 remota,
897 996 1265 1051 admonendo
1291 997 1591 1065 jubemus,
1626 998 1734 1052 hoc
1773 1002 1861 1053 est
1908 1000 2159 1069 predam
2195 1000 2266 1054 de

620 1082 945 1149 Postviller,
978 1100 1104 1155 qua:
1138 1087 1404 1156 potestati
1442 1093 1550 1141 tua:
1582 1086 1846 1158 contigit,
1878 1092 1936 1142 et
1964 1088 2034 1143 de
2062 1088 2263 1153 Mecla,

622 1187 801 1243 quam
835 1173 1259 1243 Engobrandus
1289 1176 1659 1246 depraedatus
1691 1182 1796 1241 est,
1841 1178 2066 1247 praedas,
2100 1179 2268 1247 cujus

625 1276 907 1315 numerus
931 1263 1078 1316 infra
1106 1263 1358 1334 scriptus
1381 1269 1489 1327 est,
1518 1266 1771 1319 ducenta
1794 1266 2095 1337 sexaginta
2124 1282 2267 1336 qua-

626 1354 760 1404 tuor
783 1350 1081 1405 animalia.
1113 1352 1364 1407 Clericos
1396 1360 1592 1407 autem
1646 1354 1717 1408 de
1765 1354 1967 1408 eadem
2016 1353 2271 1408 Ecclesia

623 1438 937 1493 canonicos
971 1440 1131 1494 nulla
1164 1442 1575 1497 interveniente
1621 1460 1806 1509 mora,
1858 1442 2076 1497 recludi
2108 1460 2142 1497 a
2171 1459 2271 1497 ca-

622 1533 795 1600 ptura
828 1530 1149 1600 praecipias,
1180 1536 1239 1583 ut
1275 1548 1377 1601 pro
1409 1531 1516 1585 hac
1547 1538 1602 1585 et
1634 1532 1923 1603 praedictis
1947 1533 2120 1587 rebus
2146 1540 2268 1587 slu-

623 1617 791 1673 diose
814 1618 1083 1689 peractis,
1108 1623 1165 1673 et
1196 1621 1443 1689 gratiam
1476 1620 1874 1691 apostolorum
1906 1620 2187 1693 principis
2216 1624 2274 1675 et

626 1711 890 1761 nostram
922 1706 1134 1762 habere
1166 1708 1573 1778 promerearis.

1361 1814 1549 1869 XXIX.

2377 647 2530 701 sicut
2551 652 2605 702 te
2627 651 2742 702 Deo
2781 647 2999 720 gratias
3031 648 3392 721 singularem
3434 651 3494 705 in
3528 651 3637 707 hoc
3675 652 3830 708 bivio
3852 653 4017 709 audi-

2370 735 2584 800 vimus,
2608 736 2691 789 sic
2712 735 2856 790 istos
2877 736 3206 809 singulares
3228 744 3422 794 tecum
3452 756 3631 811 quam
3671 741 3784 797 cito
3807 742 4019 813 poteris

2374 824 2573 879 Romae
2597 824 2684 879 vel
2716 824 2861 880 forte
2890 842 3024 881 eum
3070 828 3226 898 apud
3279 845 3383 884 vos
3426 830 3542 884 cito
3587 846 3800 886 venero
3829 830 4019 886 videa-

2376 929 2530 967 mus.
2556 913 2614 968 Si
2637 929 2771 968 vero
2792 914 3004 981 divina,
3033 920 3099 970 ut
3116 917 3469 985 audivimus,
3495 918 3707 990 pagina
3728 919 3803 974 ab
3827 920 4022 990 hujus-

2375 1000 2533 1055 modi
2566 1002 2760 1056 studio
2791 1019 2893 1057 vos
2936 1003 3164 1070 retinet,
3213 1022 3281 1060 ex
3330 1011 3493 1077 parte
3540 1008 3727 1063 sancti
3780 1008 3937 1064 Petri
3969 1015 4025 1064 et

2376 1095 2579 1144 nostra
2606 1090 2770 1145 vobis
2800 1092 3189 1163 praecipimus,
3223 1099 3278 1149 et
3297 1111 3365 1149 ex
3384 1112 3516 1150 vera
3536 1095 3871 1152 obedientia
3891 1096 4024 1153 illos

2376 1169 2703 1225 edocendos
2725 1170 2890 1226 vobis
2910 1174 3279 1237 mandamus,
3302 1191 3449 1246 quos
3473 1175 3664 1230 adhuc
3694 1181 3903 1233 vestras
3933 1178 4023 1233 di-

2377 1256 2615 1312 lectioni
2649 1259 2956 1325 mittimus,
2987 1264 3044 1315 et
3088 1268 3291 1316 vestras
3336 1262 3603 1318 charitati
3647 1262 3706 1319 in
3738 1265 4020 1322 omnibus

2380 1346 2814 1401 subveniendos
2827 1347 3233 1420 relinquimus.
3256 1351 3533 1407 Comitem
3548 1358 3741 1410 autem
3755 1358 4021 1410 vestrum

2380 1434 2572 1489 amicu
2585 1452 2639 1489 m
2665 1440 2956 1507 nostrum,
2985 1454 3159 1508 quem
3176 1439 3380 1495 vestris
3392 1442 3721 1497 audivimus
3737 1444 3883 1499 satis
3901 1443 4018 1499 Deo

2379 1524 2598 1593 gratias
2620 1526 2991 1595 acquiescere
3011 1526 3290 1595 consiliis,
3314 1529 3395 1583 ita
3430 1532 3792 1598 custodiatis,
3825 1537 3892 1587 ut
3927 1533 4023 1589 hic

2380 1617 2440 1668 et
2470 1612 2526 1666 in
2558 1614 2791 1669 Christo
2823 1615 3013 1670 valere
3043 1617 3248 1687 possit.
3298 1617 3537 1674 Conﬁdo
3578 1620 3730 1676 enim
3780 1623 3928 1679 bene
3956 1623 4026 1679 de

2380 1700 2505 1763 illo,
2538 1702 2708 1771 cujus
2739 1702 3053 1758 concilium
3094 1711 3151 1759 et
3194 1709 3695 1765 conversationem
3726 1712 4028 1767 vobiscum

2383 1790 2576 1844 audio.
2612 1790 2674 1844 In
2706 1790 2859 1846 clero
2890 1797 3084 1847 autem
3116 1799 3172 1848 et
3201 1795 3320 1850 fere
3352 1795 3452 1852 illo
3474 1797 3690 1870 populo
3708 1799 3755 1854 si
3782 1783 4030 1871 potestis

627 1900 853 1956 Νίσοιαί
883 1903 930 1958 ll
978 1906 1205 1973 epistola
1258 1904 1327 1958 ad
1372 1906 1697 1985 Geraestum
1734 1907 2045 1960 chmisem
2092 1908 2272 1960 archi-
2306 1928 2352 1992 Β
2386 1878 2755 1992 Et’fpficafe’
2791 1885 2857 1935 ut
2885 1883 2959 1992 dﬁ
2987 1881 3206 1992 ίδιθξίο
3255 1884 3417 1940 νοδίθ
3446 1887 3761 1992 “immisso
3811 1904 4028 1946 mare”

1290 1978 1620 2046 episcopum.

1194 2068 1387 2134 (Anno
1422 2065 1714 2133 40439-64.)

808 2152 1163 2224 (Ducusssn,
1205 2157 1328 2209 Hist
1360 2156 1553 2209 Franc.
1590 2155 1787 2225 Script.
1823 2155 1916 2223 IV,
1949 2158 2098 2227 199.)

700 2242 1008 2309 Nicouws,
1041 2260 1245 2298 servus
1291 2260 1589 2298 servorum
1623 2243 1742 2313 Dei,
1785 2244 2065 2299 ϐεηνΑειο
2113 2263 2276 2302 vene-

627 2331 799 2387 rabili
832 2331 1287 2403 archiepisCOpo,
1322 2332 1570 2387 salutem
1603 2337 1657 2387 et
1689 2333 2066 2404 apostolicam
2101 2335 2276 2390 bene-

626 2420 965 2475 dictionem.

703 2510 849 2572 Quia
877 2510 1153 2563 relerente
1188 2509 1306 2564 ﬁlio
1341 2516 1539 2565 nostro
1568 2514 1633 2565 G.
1668 2517 1723 2565 te
1746 2511 1802 2567 in
1830 2512 2103 2567 ﬁdelitate
2126 2513 2277 2568 beati

631 2598 786 2653 Petri
812 2598 1144 2669 persistere,
1165 2599 1407 2670 ejusque
1431 2601 1760 2654 auctoritati
1786 2618 1886 2672 per
1907 2602 2105 2655 omnia
2128 2619 2280 2657 reve-

634 2692 830 2743 renter
871 2703 1179 2757 assurgere
1232 2688 1649 2759 comperimus,
1715 2695 1952 2760 paterna
1998 2691 2279 2747 cbaritate

633 2777 787 2831 sicut
818 2776 1233 2831 charissimum
1267 2776 1452 2831 tilium
1503 2777 1934 2848 amplectimur,
1973 2784 2029 2833 et
2060 2780 2277 2852 ample-

633 2868 843 2922 ctende
867 2871 986 2922 toto
1012 2869 1223 2922 mentis
1242 2870 1448 2923 aﬁectu
1473 2869 1794 2939 diligimus.
1816 2870 2076 2941 Denique
2099 2887 2279 2941 quan-

633 2957 736 3011 diu
770 2962 823 3011 te
856 2956 1086 3011 ﬁdelem
1122 2956 1305 3011 ﬁlium
1334 2958 1657 3024 exhibebis,
1707 2965 1908 3014 nostra
1958 2960 2281 3031 paternitas

634 3045 741 3102 tibi
783 3063 1041 3116 nuquam
1094 3046 1309 3101 deerit:
1337 3047 1454 3102 imo
1476 3049 1673 3104 debita
1710 3048 1990 3103 charitate
2014 3049 2285 3120 saﬁ‘raga—

637 3136 817 3201 bitur,
851 3141 1163 3206 nostraque
1209 3138 1554 3192 auctoritate
1602 3138 1964 3193 incessanter
2004 3138 2283 3193 tuebitur.

635 3222 798 3285 Quod
834 3223 906 3277 de
923 3224 1195 3294 episcopo
1218 3224 1630 3280 Silvanectensi
1656 3227 1824 3281 nobis
1846 3242 1948 3297 per
1969 3226 2154 3280 ﬁlium
2181 3243 2283 3281 no-

2386 1966 2526 2021 mini
2560 1970 2793 2023 tandem
2826 1970 3064 2026 audire:
3100 1971 3274 2044 Euge,
3308 1990 3469 2029 serve
3504 1976 3671 2045 bone,
3704 1994 3897 2034 amen.

3109 2078 3291 2134 XXXI.

2387 2164 2545 2218 Bulla
2576 2166 2793 2221 Νίσοιαί
2820 2166 2867 2221 ll
2890 2182 3053 2293 ραρῖ
3074 2167 3169 2293 (ad
3211 2168 3549 2299 Grimtgldum
3589 2175 3851 2231 Joannem
3877 2194 4025 2249 pres-

3038 2256 3070 2299 u
3096 2256 3271 2299 erum.
3303 2259 3333 2296 e
3400 2285 3411 2296 .

3037 2256 3271 2311 ylerum,
3303 2256 3411 2299 etc.

3005 2330 3192 2394 (Anno
3224 2331 3405 2402 1061.)

2711 2418 3076 2486 [Spsmxmm
3114 2420 3323 2475 Sabina
3349 2437 3529 2491 sagra,
3559 2426 3709 2495 272.]

2458 2502 2711 2559 Joassss
2753 2506 3088 2577 episcopus,
3140 2524 3342 2564 servus
3392 2527 3690 2569 servorum
3733 2514 3855 2583 Dei,
3907 2518 4032 2574 Gai-

2390 2594 2804 2648 MALDOJOANNI
2833 2596 3188 2668 presbytsro,
3207 2597 3742 2671 Bsnsnicrojudici.
3768 2605 4031 2664 Maamvo

2389 2682 2508 2737 ﬁlio
2541 2682 2762 2751 Sabini,
2792 2687 3006 2739 Riccno
3036 2702 3106 2739 ns
3136 2685 3448 2755 Rarusmo,
3470 2692 3677 2746 Joanni
3702 2710 3771 2748 ns
3794 2701 4028 2766 Amzsa,

2391 2772 2639 2827 Martino
2670 2789 2741 2827 ns:
2768 2772 3011 2841 Joanne,
3047 2772 3213 2829 Petro
3246 2791 3316 2829 ns
3348 2776 3522 2846 Uaso,
3559 2782 3726 2835 Leoni
3750 2798 3821 2836 DE
3846 2784 4027 2853 ano,

2391 2861 2555 2917 Petro
2588 2879 2657 2917 ns
2688 2862 2903 2928 Hanno,
2940 2862 3123 2918 Homo
3155 2881 3225 2919 DE
3242 2864 3529 2937 Manrmo,
3554 2885 3655 2924 seu
3678 2870 3815 2928 ﬁliis
3829 2877 3889 2929 et
3914 2874 4030 2930 hae-

2392 2951 2629 3006 redibus
2650 2968 2872 3017 eorum,
2897 2956 3071 3023 atque
3090 2955 3461 3011 consortibus
3485 2958 3940 3034 quibuscunque
3961 2966 4032 3021 ab

2394 3040 2479 3095 eis
2509 3039 2801 3095 advocatis
2825 3039 2886 3094 in
2917 3057 2979 3095 re
3009 3041 3255 3098 inferius
3287 3042 3535 3116 legenda
3576 3047 3635 3102 in
3667 3056 4033 3122 perpetuum.

2468 3130 2610 3184 Cum
2645 3128 2818 3184 ofﬁcii
2850 3131 3035 3185 nostri
3076 3132 3156 3186 sit
3204 3132 3469 3189 omnium
3518 3136 3906 3196 Ecclesiarum
3937 3142 4036 3199 Dei

2399 3218 2753 3275 utilitatibus
2774 3218 3096 3291 invigilare,
3122 3220 3398 3278 Romanae
3420 3231 3611 3284 tamen
3633 3231 3692 3282 et
3710 3230 4036 3299 apostolica:

637 3318 825 3368 strum
861 3312 1175 3377 mandasti,
1208 3314 1347 3384 quia
1388 3315 1736 3369 canonicum
1768 3320 1876 3381 est,
1910 3330 2045 3371 cum
2077 3315 2279 3370 eodem
2313 3298 2357 3364 C
2397 3309 2576 3373 sedis,
2600 3308 2693 3363 cui
2718 3308 3081 3365 auctoreDeo
3099 3298 3860 3385 praesidemusmportetnos
3878 3335 4037 3376 eom-

637 3401 759 3456 ﬁlio
792 3407 989 3456 nostro
1020 3400 1122 3455 tibi
1151 3403 1547 3462 concedimus.
1604 3407 1803 3474 Neque
1843 3404 1998 3458 enim
2041 3402 2286 3474 justitiaa

637 3490 925 3547 contraire
955 3490 1247 3555 volumus,
1275 3508 1375 3562 pro
1399 3509 1514 3563 qua
1544 3492 1710 3559 mori,
1736 3492 1782 3547 si
1818 3508 2053 3548 necesse
2076 3492 2171 3557 sit,
2197 3492 2285 3546 lu-

636 3596 802 3635 crum
826 3584 1125 3650 putamus.
1150 3580 1433 3635 Craterum
1457 3582 1527 3636 de
1550 3587 1747 3637 nostro
1760 3582 2010 3636 adventu
2030 3580 2086 3634 in
2106 3581 2287 3637 Fran-

637 3669 812 3735 ciam,
830 3667 1052 3724 nullam
1069 3669 1138 3724 ad
1156 3686 1374 3741 praesen
1388 3687 1415 3725 s
1432 3670 1536 3724 tibi
1552 3669 2285 3726 scribimuscertitudinem

636 3759 783 3813 Cum
807 3762 1000 3813 autem
1025 3757 1098 3812 ad
1120 3762 1174 3813 te
1196 3765 1397 3815 noster
1435 3759 1593 3815 ﬁlius
1638 3759 1879 3825 venerit,
1920 3759 2043 3831 ipse
2064 3763 2184 3815 tam
2216 3760 2289 3815 de

638 3847 750 3902 hoc
779 3862 958 3918 quam
990 3847 1062 3901 de
1093 3848 1369 3903 omnibus
1399 3847 1530 3903 allis
1561 3853 1617 3903 te
1648 3848 2013 3904 certiﬁcabit.
2046 3848 2288 3904 Manda-

640 3953 777 3993 mus
806 3942 1001 3993 autem
1025 3940 1081 3992 et
1102 3938 1493 4009 prmeipimus,
1518 3943 1808 4011 quatenus
1829 3954 1963 3993 cum
1985 3938 2131 3993 duce
2150 3938 2285 3993 cha-

642 4024 880 4081 rissimo
912 4026 1034 4082 ﬁlio
1064 4032 1264 4081 nostro
1295 4044 1497 4098 pacem
1529 4027 1711 4091 ineas,
1742 4032 1810 4081 ut
1834 4026 1919 4081 tui
1953 4026 2023 4081 ad
2059 4043 2166 4082 nos
2197 4043 2285 4083 se-

639 4131 778 4171 cure
806 4114 1038 4170 valeant
1066 4116 1281 4184 venire,
1314 4133 1539 4187 nosque
1588 4132 1688 4171 eos
1732 4115 2030 4187 possimus
2059 4116 2283 4172 audire.

634 4202 922 4261 Nolumus
948 4205 1162 4261 etenim
1195 4205 1342 4261 duos
1372 4209 1491 4261 tam
1514 4204 1895 4261 charissimos
1919 4204 2070 4261 ﬁlios
2087 4206 2148 4260 in
2170 4206 2286 4261 dis-

633 4293 836 4349 cordia
867 4309 1124 4349 manere.

917 4473 1130 4529 Νίσοιαί
1156 4474 1207 4529 II
1232 4474 1461 4545 epistola
1493 4472 1563 4527 ad
1601 4474 1996 4544 Lanfrancum.

1206 4564 1397 4634 (Anno
1429 4562 1654 4618 1059-6!
1676 4565 1712 4629 .)

740 4653 1119 4724 [THEINERUS,
1155 4653 1571 4723 Dz'squisitiones
1604 4653 1832 4719 critica,
1866 4668 1994 4725 pag.
2025 4649 2177 4722 206.]

704 4741 992 4797 NICOLAUS
1022 4740 1352 4811 episcopus,
1387 4755 1588 4795 servus
1617 4755 1918 4795 servorum
1948 4738 2068 4805 Dei,
2116 4738 2279 4795 fratri

630 4832 998 4895 Lanmsco,
1031 4828 1282 4885 salutem
1306 4834 1365 4885 et
1386 4828 1764 4901 apostolicam
1790 4827 2273 4884 benedictionem.

702 4918 860 4974 Satis
891 4918 1280 4974 desideratam
1311 4924 1585 4985 vestram,
1617 4916 1964 4974 charissima
1994 4918 2186 4984 frater,
2216 4917 2280 4971 li-

626 5008 834 5063 benter
851 5008 1104 5063 viderem
1130 5008 1502 5079 praesentiam
1535 5008 1593 5062 in
1628 5006 2039 5063 ecclesiasticis
2061 5006 2280 5062 nostris

625 5096 789 5153 curis
822 5096 1071 5152 libenter
1099 5098 1308 5153 vestris
1339 5112 1629 5152 recrearer
1673 5095 1958 5164 consiliis,
2011 5112 2185 5167 quem
2217 5095 2278 5150 in

627 5185 913 5243 Romanis
948 5191 1005 5242 et
1033 5186 1368 5258 apostolicis
1408 5185 1660 5241 servitiis
1705 5185 1849 5241 satis
1878 5188 2278 5256 opportunum

624 5274 981 5331 audivimus.
1007 5275 1118 5331 Sed
1142 5276 1279 5348 quia
1299 5281 1420 5331 tam
1443 5275 1608 5331 facile
1626 5291 1780 5331 nunc
1803 5275 1997 5329 forsan
2016 5273 2139 5328 ﬁeri
2158 5290 2276 5330 non

623 5367 841 5436 potest,
883 5364 1156 5421 volumus
1203 5365 1392 5437 ipsam
1414 5370 1667 5420 vestram
1692 5362 2003 5420 stationem
2027 5361 2200 5418 nobis
2220 5366 2279 5418 et

622 5452 900 5509 Romanis
932 5453 1138 5508 matris
1190 5454 1453 5509 Ecclesiae
1501 5470 1629 5509 esse
1672 5453 2057 5515 fructuosam,
2111 5454 2177 5505 ut
2204 5467 2275 5506 ex

622 5540 820 5597 fructu
842 5545 1047 5597 vestrae
1074 5541 1345 5598 stationis
1385 5544 1768 5614 cognoscatur
1788 5544 1844 5595 et
1875 5538 2098 5593 fructus
2121 5538 2274 5594 desi-

2399 3397 2594 3451 modis
2659 3396 2943 3452 sollicitus
2991 3398 3244 3454 studere.
3297 3399 3661 3473 Quapropter
3703 3406 4036 3478 castellum,

2400 3486 2556 3556 quod
2589 3490 2965 3556 nuncupatur
2994 3485 3224 3541 Roccha
3251 3487 3322 3543 de
3364 3490 3641 3562 Antiquo,
3690 3496 3970 3564 quoniam
4003 3516 4038 3556 a

2394 3573 2695 3629 Grimaldo
2718 3574 2834 3631 ﬁlio
2854 3574 3147 3630 Benedicti
3169 3576 3458 3634 Teobaldo
3478 3595 3615 3635 eum
3634 3582 3909 3641 omnibus
3931 3604 4031 3660 ap-

2398 3661 2703 3734 pendiciis,
2726 3668 2782 3718 et
2802 3662 3175 3735 pertinenciis
3196 3665 3320 3721 suis
3345 3672 3545 3723 sancto
3565 3669 3732 3728 Petro
3762 3680 4036 3747 perpetuo

2388 3752 2525 3823 jure
2556 3752 2977 3823 acquisivimus
3004 3770 3017 3820 ;
3051 3753 3158 3807 tibi
3185 3758 3244 3810 et
3292 3753 3438 3827 ipsis
3468 3759 3839 3817 consortibus
3867 3767 3924 3818 et
3944 3764 4035 3820 his

2397 3845 2572 3911 atque
2602 3838 2719 3896 iliis
2750 3840 2809 3895 in
2838 3841 3039 3897 eadem
3071 3858 3134 3897 re
3165 3843 3459 3899 advocatis
3488 3861 3523 3900 a
3550 3847 3740 3915 vobis,
3771 3866 3873 3905 seu
3898 3850 4035 3908 ﬁliis

2395 3935 2454 3985 et
2484 3930 2813 3985 heredibus
2842 3931 3046 3995 vestris
3084 3948 3188 4003 per
3231 3931 3565 4003 hujusmodi
3616 3937 3801 3992 nostri
3851 3939 4036 4012 privi-

2395 4017 2531 4089 legii
2554 4020 2827 4091 paginam
2857 4020 3251 4087 concedimus,
3283 4026 3342 4077 et
3371 4023 3813 4095 conﬁrmamus,
3859 4032 4035 4101 atque

2394 4107 2454 4163 in
2485 4110 2833 4179 perpetuum
2861 4124 2928 4163 eo
2961 4110 3133 4165 modo
3163 4116 3219 4165 et
3246 4115 3443 4168 tenore
3475 4116 3941 4185 eorroboramus,
3973 4124 4038 4175 ut

2393 4212 2524 4252 eam
2554 4212 2688 4251 cum
2720 4197 3085 4269 appendieiis
3115 4199 3241 4269 ejus
3289 4200 3561 4258 domibus
3605 4205 3955 4274 raediﬁcatis,
3982 4212 4040 4264 et

2394 4284 2753 4343 habitatores
2769 4286 2850 4342 ibi
2871 4292 3125 4360 quantos
3146 4290 3388 4360 potestis
3410 4292 3703 4350 advocetis
3727 4312 3762 4351 a
3778 4296 3963 4363 vobis,
3982 4302 4039 4353 et

2395 4374 2647 4447 singulis
2680 4379 2936 4435 vestrum
2964 4393 3069 4448 per
3092 4377 3322 4449 domos,
3344 4384 3402 4435 et
3420 4380 3695 4450 familias,
3714 4385 3933 4457 quique
3955 4403 4038 4443 se-

2394 4466 2654 4522 cundum
2683 4464 3069 4537 quantitatem
3118 4467 3526 4538 possibilitatis
3573 4488 3694 4527 suae
3743 4474 4036 4532 annaliter

2394 4554 2737 4627 persolvatis
2757 4553 3055 4627 pensionis
3076 4555 3310 4611 nomine
3330 4555 3389 4611 in
3412 4557 3634 4616 Pascha
3654 4562 4032 4619 resurrectio-

2309 4667 2358 4732 D
2392 4645 2486 4701 nis
2517 4644 2747 4700 Domini
2781 4644 2944 4701 beato
2979 4644 3165 4713 Petro,
3194 4649 3251 4701 et
3289 4647 3458 4702 nobis
3491 4664 3558 4703 ac
3588 4651 4031 4708 successoribus

2389 4734 2612 4791 nostris
2642 4750 2761 4802 vos,
2796 4742 2853 4789 et
2880 4733 3157 4800 heredes,
3189 4751 3255 4790 ac
3285 4751 3650 4794 successores
3679 4741 3879 4808 vestri,
3913 4758 4033 4799 ma-

2382 4823 2539 4895 jores
2561 4822 2783 4879 scilicet
2803 4822 3091 4891 denarios,
3124 4823 3454 4891 duodecim,
3496 4826 3800 4885 inferiores
3831 4835 4029 4888 autem

2390 4912 2726 4985 retrogradn
2742 4916 2869 4967 octo
2890 4911 3358 4981 denarios,tertio
3376 4915 3646 4973 denarios
3668 4935 3791 4987 sex,
3823 4927 4030 4992 quarto

2387 5001 2660 5057 denarios
2690 5001 2866 5056 duos:
2900 5017 3005 5056 nec
3035 5017 3150 5058 non
3174 5005 3231 5056 et
3258 5001 3525 5060 foderum
3556 5006 3804 5076 facietis,
3837 5013 3895 5065 et
3914 5008 4031 5083 pla-

2387 5091 2503 5146 cita
2536 5089 2784 5145 ﬁdeliter
2811 5090 3130 5145 observetis
3161 5091 3331 5146 nobis
3373 5099 3432 5149 et
3472 5098 3932 5164 successoribus,
3965 5115 4031 5156 ac

2387 5180 2610 5236 nuntiis
2631 5179 2847 5235 nostris
2870 5196 2972 5251 pro
2995 5179 3086 5235 his
3114 5181 3285 5236 rebus
3305 5182 3435 5241 sitis
3466 5185 3524 5241 in
3545 5186 3834 5244 territorio
3864 5188 4028 5244 Sabi-

2387 5270 2575 5325 nensi.
2607 5269 2933 5324 Statuimus
2965 5287 3215 5342 quoque,
3249 5276 3307 5329 et
3336 5275 3650 5345 apostolica
3682 5276 4027 5334 auctoritate

2385 5359 2702 5424 sancimus,
2735 5362 2801 5412 ut
2829 5357 2958 5413 sitis
2999 5359 3109 5414 sub
3158 5362 3477 5433 apostolica
3506 5364 3856 5420 defensionis
3886 5382 4025 5438 pro-

2381 5448 2631 5503 tectione
2651 5447 2857 5518 quieti,
2896 5452 2954 5503 et
2982 5449 3054 5503 ab
3084 5450 3243 5505 omni
3278 5452 3675 5508 molestatione
3704 5458 3759 5508 et
3789 5452 4026 5512 infesta-

2378 5536 2536 5592 tione
2555 5535 2742 5591 securi
2770 5553 2784 5591 :
2809 5552 2915 5591 nec
2937 5535 3109 5592 alicui
3126 5537 3484 5611 imperatori,
3506 5539 4023 5618 duci.marchioni,

619 5625 2271 5704 derabilisadventus.Hosigiturnostraedilectionisﬁlios
2374 5624 2463 5681 vel
2493 5625 2714 5697 comiti,
2754 5624 2858 5681 sed
2907 5630 2974 5682 ut
3022 5628 3229 5682 amodo
3280 5628 3550 5684 Romanis
3598 5634 3658 5685 et
3686 5632 4020 5705 apostolicae

617 5719 993 5797 imperatoris
1012 5718 1346 5796 oapellanos
1383 5724 1442 5781 et
1460 5723 1692 5781 nostros
1720 5714 2025 5777 dialectica
2042 5718 2101 5776 et
2125 5715 2265 5777 rhe-
2373 5714 2519 5785 sedi,
2551 5729 2618 5776 ac
2648 5713 2884 5774 nunciis
2903 5715 3032 5790 ejus
3054 5716 3319 5794 subjecti.
3342 5718 3401 5776 Si
3422 5734 3547 5796 quas
3564 5717 3751 5796 igitur
3765 5737 4021 5800 persona
