4630 6432
843 417 995 483 1861

2187 408 2492 471 NICOLAI
2529 406 2588 472 ΙΙ
2629 407 2856 469 PAPE

4073 387 4274 464 {3'52

845 567 1061 624 magna
1103 553 1392 622 autparva
1423 551 1620 605 contra
1657 544 1992 616 liujusmodi
2017 541 2294 614 privilegii
2317 539 2476 612 pagi-
2501 543 2556 608 Α
2587 547 2934 611 peratorum,
2969 555 3068 596 seu
3103 555 3326 612 regum,
3351 535 3688 611 plenissime
3709 534 4072 624 continetur.
4105 533 4270 624 lianc

846 656 982 694 nam
1003 639 1192 694 venire
1207 634 1806 708 praesumpserit,sciat
1819 649 1877 688 se
1890 629 2476 686 anathematisvincu-

845 726 901 781 lo
915 727 1334 789 innodatarn,et
1347 725 1584 792 insuper
1597 722 1640 776 si
1659 721 1788 790 quis
1802 724 2060 774 nostrum
2076 723 2174 772 aut
2187 733 2476 772 successo-

845 831 976 868 rum
1009 819 1338 868 nostrorum
1367 816 1466 865 aut
1487 809 1696 880 aliquis
1725 813 1982 864 vestrum
2019 823 2120 862 seu
2155 806 2474 872 haeredum,

847 916 1363 970 successorumque
1425 901 1524 952 aut
1580 898 1937 952 consortium
1987 899 2308 949 vestrorum
2357 894 2476 948 hinc

857 989 1054 1044 omnia
1087 993 1212 1042 acta
1243 991 1298 1040 et
1345 989 1560 1040 statuta
1589 1002 1702 1039 non
1735 983 2142 1050 observaverit,
2165 983 2389 1037 noverit
2413 998 2476 1036 se

845 1078 1302 1146 composrturum
1337 1090 1434 1144 per
1467 1088 1940 1143 unamquamque
1971 1073 2232 1136 domum,
2264 1074 2364 1124 aut
2393 1070 2474 1124 fa-

845 1164 1085 1230 miliam,
1117 1162 1240 1216 auri
1269 1161 1473 1232 optimi
1501 1160 1709 1215 libram
1740 1176 1938 1216 unam.
1964 1159 2068 1224 Qui
2092 1175 2229 1214 vero
2249 1159 2343 1230 pia
2372 1159 2475 1213 de-

841 1252 1066 1306 votione
1083 1250 1415 1306 observator
1437 1265 1562 1304 esse
1585 1253 1674 1304 stu
1685 1249 2172 1319 duerit,precibus
2196 1245 2476 1319 apostolo-

843 1356 972 1393 rum
1005 1339 1358 1410 principium
1389 1337 1540 1392 Petri
1568 1342 1626 1392 et
1659 1337 1816 1392 Pauli
1839 1341 2208 1408 peccatorum
2233 1351 2474 1390 suorum

841 1427 1106 1482 omnium
1129 1427 1200 1484 ab
1223 1426 1604 1497 omnipotenti
1637 1425 1751 1481 Deo
1785 1426 2008 1480 veniam
2053 1429 2278 1480 aeternae
2309 1424 2474 1478 retri-

842 1514 1098 1570 butionis
1127 1517 1536 1585 consequatur,
1569 1517 1624 1569 et
1655 1513 1921 1584 gloriam.

912 1603 1204 1674 Scriptum
1245 1619 1345 1674 per
1377 1618 1614 1656 manum
1641 1601 1933 1656 Octaviani
1979 1600 2266 1656 scriniarii
2298 1605 2353 1655 et
2381 1617 2478 1654 no-

845 1691 1156 1750 tariisacri
1188 1690 1384 1762 palatii
1412 1689 1472 1744 in
1505 1706 1704 1744 mense
1735 1689 1963 1760 Aprilis,
2015 1688 2330 1743 indictione
2358 1705 2472 1742 xw.

915 1779 1124 1833 Datum
1151 1778 1340 1832 Romae
1381 1793 1475 1831 xxv
1500 1777 1789 1831 Kalendas
1817 1777 1971 1844 Maii,
2015 1793 2167 1831 anno
2189 1776 2260 1831 ab
2291 1775 2476 1830 incar-

846 1867 1075 1921 natione
1097 1865 1322 1920 Domini
1347 1865 1528 1920 nostri
1549 1865 1686 1918 Jesu
1727 1864 1938 1918 Christi
1965 1863 2278 1920 millesimo
2322 1881 2476 1919 sexa-
2506 1901 2555 1965 B

843 1954 1062 2025 gesimo
1077 1955 1282 2024 primo,
1307 1969 1408 2024 per
1432 1969 1642 2008 manus
1665 1953 1968 2008 Humberti
1986 1959 2196 2007 sanctae
2215 1953 2475 2008 Ecclesiae

845 2042 1008 2098 Silvae
1052 2041 1319 2097 Candida:
1376 2041 1631 2113 episcopi
1706 2046 1762 2095 et
1812 2041 2138 2112 apostolicae
2190 2042 2346 2097 sedis
2397 2042 2478 2096 bi-

843 2131 1226 2200 bliothecarii,
1282 2146 1432 2186 anno
1505 2130 1674 2186 tertio
1732 2130 1932 2186 domni
2002 2129 2241 2198 Nicolai,
2293 2130 2476 2186 indic-

844 2219 999 2274 tione
1029 2236 1145 2273 xw.

1561 2333 1774 2388 XXXII.

1561 2333 1728 2387 XXXI
1763 2377 1774 2388 .

850 2423 1012 2477 Bulla
1041 2423 1256 2479 Nicolai
1292 2423 1340 2477 II
1379 2437 1539 2493 papa?
1587 2333 1686 2492 11:0
1735 2335 2061 2477 Inonasterio
2108 2427 2160 2476 S.
2207 2424 2476 2493 Dionysii.

1452 2529 1633 2598 (Anno
1675 2527 1857 2598 106-I.)

848 2635 1154 2706 [DOUBLET,
1208 2637 1350 2688 Hist.
1401 2633 1464 2688 de
1524 2634 1767 2704 l’abbayc
1813 2633 1876 2688 de
1924 2634 2287 2703 Suint—Denis,
2333 2636 2480 2706 464.]

921 2751 1198 2805 NICOLAUS
1231 2749 1558 2821 cpiscopus,
1611 2765 1810 2804 servus
1860 2765 2154 2804 servorum
2206 2750 2326 2814 Dei,
2362 2765 2483 2804 om-

856 2839 1029 2894 nibus
1061 2837 1316 2908 regibus,
1337 2837 1622 2907 episcopis
1643 2841 1698 2892 et
1719 2836 2080 2907 principibus
2104 2837 2480 2907 przesentibus

857 2931 914 2981 et
953 2926 1160 2979 futuris
1191 2942 1344 2980 nunc
1374 2929 1430 2978 et
1457 2925 1714 2979 venturis
1746 2925 2126 2996 temporibus.

925 3012 1300 3068 Petitionibus
1320 3013 1593 3082 congruis
1613 3013 1990 3082 apostolicam
2013 3013 2352 3084 dignitatem
2383 3016 2482 3069 de-

853 3106 944 3156 cet
963 3117 1160 3156 aurem
1183 3101 1640 3166 accommodare,
1676 3105 1740 3155 ut
1757 3101 2104 3155 venerabilia
2123 3101 2247 3157 loca
2268 3104 2483 3158 nostris

855 3188 1295 3246 auctoritatibus
1318 3189 1364 3242 si
1394 3188 1606 3242 fuerint
1626 3188 1938 3244 sublimata
1957 3207 2112 3244 nunc
2129 3193 2184 3244 et
2199 3191 2324 3260 ejus
2344 3195 2484 3247 tem-

856 3277 1094 3348 poribus
1127 3281 1251 3331 rata
1281 3280 1453 3347 atque
1495 3275 1834 3331 inconvulsa
1873 3278 2224 3333 omnimodis
2255 3295 2480 3350 perma-
2513 3254 2556 3321 α

855 3370 1047 3421 neant.
1077 3365 1256 3436 Igitur
1276 3365 1538 3419 noverint
1560 3365 1822 3420 omnium
1855 3367 2218 3436 praesentium
2243 3375 2298 3420 et
2328 3369 2481 3422 futu-

857 3471 1052 3508 rorum
1085 3470 1306 3523 regum,
1332 3453 1756 3524 episcoporum,
1795 3454 2317 3524 universorumque
2347 3473 2482 3527 apo-

855 3543 1068 3598 stolicae
1086 3543 1241 3596 sedis
1255 3541 1512 3595 ﬁdelium
1527 3541 1902 3604 unanimitas.
1920 3542 2121 3596 fratres
2138 3544 2483 3600 venerabilis

859 3630 1424 3686 monasteriiChristi
1463 3631 1734 3701 martyris
1777 3629 2054 3698 Dionysii,
2098 3631 2197 3685 ubi
2227 3631 2350 3701 ipse
2383 3638 2484 3688 Do-

857 3719 1047 3773 minus
1076 3717 1134 3771 in
1167 3734 1404 3788 corpore
1455 3719 1784 3788 requiescit,
1837 3723 2095 3772 nostram
2147 3718 2486 3789 implorasse

857 3805 1310 3862 benevolentiam
1347 3810 1408 3860 ut
1437 3805 1799 3876 privilegium
1831 3806 2157 3876 apostolica)
2188 3807 2485 3879 dignitatis

858 3896 928 3948 de
953 3895 1202 3965 quadam
1237 3893 1490 3949 Praedicti
1529 3892 1636 3948 loci
1675 3894 1964 3948 abhatiola
2001 3895 2083 3948 eis
2115 3897 2282 3950 edere
2313 3897 2484 3954 debe-

860 4000 1075 4037 remus.
1111 3983 1208 4036 Est
1238 3987 1430 4036 autem
1464 3981 1754 4037 abbatiola
1785 3983 1842 4036 in
1897 3999 2043 4053 pago
2087 3983 2392 4040 Alsatiensi
2427 3988 2484 4042 in

859 4070 1010 4126 saltu
1043 4069 1280 4141 quidam
1301 4069 1512 4141 Vosagi
1553 4069 1683 4136 sita,
1736 4069 2173 4142 appellaturque
2205 4073 2483 4146 chroha,

861 4173 1040 4229 quam
1075 4155 1396 4213 Fuldradus
1423 4157 1600 4213 abbas
1631 4157 1688 4212 in
1723 4175 1827 4212 suo
1873 4159 2098 4228 proprio
2143 4162 2484 4218 munificen-

861 4247 944 4300 tia
973 4245 1167 4300 domni
1214 4245 1400 4300 Caroli
1447 4245 1814 4316 imperatoris
1855 4245 2244 4312 invictissimi,
2293 4251 2487 4306 condi-

861 4334 964 4398 dit,
1001 4337 1172 4404 atque
1201 4333 1619 4404 gloriosissimo
1651 4339 1890 4404 patrono
1929 4351 2034 4389 suo
2069 4336 2283 4391 domno
2331 4338 2484 4392 scili-

861 4426 950 4478 cet
1007 4422 1276 4494 Dionysio
1327 4422 1692 4477 contradidit.
1743 4423 1998 4486 Quorum
2055 4424 2487 4480 considerantes

861 4519 1030 4582 atque
1081 4515 1461 4582 agnoscentes
1501 4510 1724 4579 justam
1771 4525 1898 4564 esse
1947 4511 2302 4580 petitionem,
2356 4512 2485 4579 hoc,

2583 629 2780 701 itaque
2805 646 2931 700 quae
2953 628 3130 698 hujus
3157 629 3418 698 praecepti
3443 626 3774 697 decretique
3802 623 3988 680 nostri
4009 621 4276 694 pagina.

2583 719 2856 784 continet,
2881 722 3000 772 tam
3018 716 3180 772 vobis
3199 731 3376 786 quam
3399 715 3624 770 cunctis
3645 714 3742 785 qui
3769 714 3830 768 in
3853 727 3918 768 eo
3951 727 4078 784 quo
4099 709 4280 766 estis

2585 805 2788 860 ordine
2820 805 3058 874 locoque
3089 803 3494 869 successerint,
3523 803 3582 856 in
3615 805 3962 874 perpetuum
3995 815 4278 856 conser-

2583 894 2770 948 vanda
2783 893 3149 948 decernimus
3185 892 3522 947 auctoritate
3553 893 3608 945 et
3637 891 3854 946 honore
3875 893 4106 944 sanctas
4127 887 4276 942 Ro-

2585 997 2768 1035 manae
2815 981 3078 1036 Ecclesiae
3124 984 3180 1035 et
3221 981 3378 1036 sedis
3427 978 3748 1049 apostolica;
3793 976 4138 1050 privilegio.
4199 975 4276 1031 Si

2585 1070 2718 1140 quis
2746 1075 2938 1124 autem
2971 1070 3277 1124 temerario
3307 1085 3454 1124 ausu
3505 1083 3720 1140 magna
3769 1082 4072 1138 parvaque
4107 1079 4276 1136 per-

2585 1173 2732 1212 sona
2769 1162 2971 1213 contra
3021 1157 3131 1213 hoc
3176 1162 3444 1212 nostrum
3492 1156 3874 1228 apostolicum
3919 1155 4274 1210 decretum

2584 1261 2754 1317 agere
2781 1245 3236 1316 praesumpserit,
3271 1246 3419 1300 sciat
3459 1261 3519 1301 se
3565 1243 3960 1300 anathematis
3993 1240 4274 1298 vinculo

2584 1349 2709 1390 esse
2734 1333 3099 1398 innodatum,
3130 1338 3186 1389 et
3213 1351 3246 1389 a
3275 1349 3450 1406 regno
3495 1333 3594 1388 Dei
3647 1347 3889 1403 prorsus
3939 1330 4272 1398 alienum,

2583 1438 2716 1476 cum
2747 1421 3018 1476 omnibus
3049 1421 3243 1492 impiis
3274 1421 3470 1476 aeterni
3499 1419 3752 1477 incendii
3775 1419 4075 1492 supplicio
4110 1433 4296 1502 con;

2583 1511 2944 1565 damnatum.
2977 1514 3052 1564 At
3092 1526 3222 1565 vero
3253 1511 3354 1580 qui
3399 1511 3732 1566 observator
3777 1509 3960 1580 hujus
4009 1505 4276 1563 decreti

2583 1598 2882 1666 exstiterit,
2915 1599 3160 1670 gratiam
3191 1603 3365 1669 atque
3393 1597 3876 1662 misericordiam,
3922 1597 4274 1666 vitamque

2585 1692 2856 1743 aeternam
2887 1705 2920 1742 a
2949 1687 3371 1758 benignissimo
3407 1687 3645 1744 Domino
3669 1690 3813 1742 Jesu
3835 1685 4076 1742 Christo
4101 1699 4276 1740 con-

2585 1775 2748 1846 sequi
2773 1780 3078 1830 mereatur.
3114 1775 3264 1832 Bene
3295 1776 3496 1832 valete.

2659 1864 2802 1918 Data
2827 1880 2922 1918 xw
2953 1863 3073 1918 Kal.
3107 1863 3242 1919 Maii
3273 1881 3374 1934 per
3413 1880 3619 1919 manus
3661 1863 3968 1919 Humberti
4001 1860 4277 1918 cancel-

2587 1952 2711 2008 larii
2743 1957 2954 2007 sanctis
2985 1951 3312 2022 apostolicis
3344 1952 3519 2018 sedis,
3551 1952 3610 2006 in
3643 1951 4028 2008 Lateranensi
4075 1950 4276 2007 basi-

2586 2040 2716 2104 lica,
2750 2057 2899 2095 anno
2927 2057 2986 2094 ιιι
3019 2040 3239 2094 domini
3271 2040 3488 2096 Nicolai
3529 2040 3770 2096 secundi
3817 2055 4005 2111 papae,
4043 2040 4280 2096 indic-

2587 2130 2743 2184 tione
2773 2145 2872 2183 x11.

3283 2217 3529 2272 XXXIII.

2589 2306 2804 2361 Nicolai
2831 2307 2884 2361 II
2921 2321 3072 2378 papae
3112 2306 3468 2378 privilegium
3509 2321 3616 2376 pro
3659 2306 4001 2362 monasterio
4031 2305 4093 2361 S.
4135 2306 4286 2362 Tri-

3079 2378 3267 2431 nitatis
3303 2377 3724 2432 I’indocinemis.

3207 2465 3391 2534 (Anno
3424 2465 3550 2520 106l
3569 2465 3606 2536 .)

3026 2553 3283 2625 [Launoii
3316 2552 3480 2624 0pp.,
3519 2555 3615 2622 III,
3639 2553 3792 2624 354.]

2670 2659 2954 2714 NICOLAUS
2985 2659 3313 2729 episcopus,
3357 2675 3558 2714 servus
3593 2675 3894 2716 servorum
3943 2657 4056 2714 Dei
4089 2659 4288 2716 Om:-

2591 2765 2717 2803 mco
2749 2747 3017 2818 religioso
3049 2747 3241 2802 abbati
3271 2747 3616 2804 venerabilis
3650 2747 3991 2804 monasterii
4023 2747 4290 2804 Vindo-

2589 2837 2864 2901 cinensis,
2894 2834 3236 2906 cunctisque
3267 2837 3703 2892 successoribus
3733 2837 3862 2908 ejus
3891 2835 4136 2892 ibidem
4175 2853 4290 2892 re-

2589 2924 2868 2996 gulariter
2901 2924 3306 2993 promovendis
3334 2924 3390 2978 in
3433 2929 3798 2996 perpetuum.

2657 3013 2843 3068 Justis
2873 3012 3249 3083 petitionibus
3287 3016 3343 3067 et
3390 3011 3568 3084 quieti
3601 3029 3904 3068 servorum
3935 3013 4044 3069 Dei
4077 3029 4290 3085 pros-

2591 3100 2935 3171 picientibus
2967 3105 3300 3172 competens
3329 3105 3384 3156 et
3416 3100 3602 3156 facilis
3632 3102 3878 3158 debetur
3925 3117 4288 3160 assensus.

2591 3191 2948 3258 Quapropter
2977 3188 3314 3244 monasterii
3353 3193 3564 3244 sanctae
3595 3193 3651 3244 et
3697 3189 4014 3244 individua:
4047 3189 4288 3246 Trini-

2591 3278 2726 3331 tatis
2758 3277 2910 3345 apud
2943 3280 3197 3332 castrum
3239 3277 3626 3334 Vindocinum
3671 3277 3797 3348 siti,
3845 3278 4008 3349 quod
4053 3295 4092 3334 a
4131 3279 4292 3336 suis

2593 3364 3016 3429 fundatoribus,
3059 3364 3340 3419 Gaufredo
3387 3363 3608 3420 scilicet
3653 3365 4120 3438 Andegavorum
4157 3383 4284 3424 co-

2595 3453 2730 3508 mite
2760 3457 2816 3507 et
2845 3457 3063 3524 Agnete
3093 3451 3456 3507 nobilissima
3479 3452 3781 3508 comitissa
3801 3455 4062 3526 conjuge
4097 3456 4288 3526 ejus,

2591 3541 2848 3596 oblatum
2871 3543 2931 3595 B.
2967 3541 3149 3608 Petro,
3173 3545 3231 3596 et
3269 3541 3538 3597 Romanae
3577 3542 3836 3598 Ecclesiae
3877 3541 3940 3598 in
3970 3543 4284 3602 alodium

2593 3634 2649 3684 et
2679 3629 3094 3699 patrimonium
3128 3629 3414 3696 novimus,
3445 3634 3566 3684 tam
3594 3630 3756 3699 juxta
3783 3634 3987 3686 votum
4027 3631 4288 3689 funda-

2593 3716 2999 3788 torumjipsius
3028 3716 3159 3782 loci,
3211 3733 3386 3788 quam
3438 3717 3613 3773 etiam
3657 3720 3822 3788 juxta
3868 3719 4284 3778 desiderium

2593 3805 2918 3860 sanctitatis
2949 3811 3083 3871 tuze,
3129 3805 3470 3861 charissima
3523 3805 3605 3860 fili
3649 3807 3802 3862 abba
3853 3807 4138 3874 Oderice,
4193 3809 4294 3866 ita.

2595 3893 2888 3948 beatorum
2931 3892 3326 3961 apostolorum
3375 3893 3522 3948 Petri
3569 3898 3626 3948 et
3673 3895 3838 3950 Pauli
3889 3897 4294 3954 auctoritate

2594 3981 2913 4049 sancimus,
2947 3985 3231 4052 quatenus
3261 3982 3412 4037 inter
3441 3982 3768 4053 apostolicae
3801 3983 3962 4039 sedis
4001 3986 4290 4055 pontiﬁ-

2595 4085 2718 4124 cem
2751 4074 2808 4124 et
2837 4068 3104 4124 abbatem
3136 4068 3296 4124 illius
3323 4069 3670 4126 venerabilis
3697 4071 3835 4140 loci,
3879 4071 4056 4128 nulla
4089 4089 4296 4144 pror-

2596 4175 2696 4212 sus
2729 4173 2974 4227 persona
3004 4157 3196 4212 media
3223 4157 3526 4212 habeatur.
3563 4159 3896 4215 Statuimus
3943 4161 4142 4217 etiam
4183 4167 4291 4232 ut,

2595 4247 2863 4300 defuncto
2897 4245 3123 4313 abbate,
3156 4246 3340 4317 ipsius
3371 4247 3708 4302 monasterii
3731 4263 4054 4304 successor
4085 4251 4146 4304 ei
4175 4251 4298 4307 eli-

2595 4339 2767 4405 gatur
2807 4334 2878 4388 de
2919 4334 3118 4388 eadem
3166 4334 3632 4406 congregatione,
3679 4337 3728 4391 si
3775 4341 3980 4392 tamen
4029 4337 4304 4412 dignus

2597 4427 2757 4476 tanto
2783 4421 3064 4493 regimine
3087 4421 3432 4478 inveniatur.
3455 4422 3616 4485 Quod
3644 4425 3693 4479 si
3719 4424 3936 4496 dignus
3966 4428 4150 4496 apud
4175 4445 4296 4486 eos

2595 4527 2708 4564 non
2739 4510 2910 4564 fuerit
2941 4510 3229 4577 inventus,
3262 4511 3416 4582 quod
3449 4511 3602 4566 absit
3635 4511 3647 4565 l
3683 4529 3717 4567 a
3739 4512 4054 4582 Cluniaco,
4095 4531 4224 4572 seu
4253 4535 4296 4574 ιι

861 4597 1012 4654 beati
1046 4597 1196 4652 Petri
1225 4599 1615 4667 apostolorum
1651 4596 1929 4667 principis
1969 4599 2332 4664 auctoritate,
2363 4618 2492 4670 pro-
2525 4611 2570 4676 D
2604 4598 2804 4667 majori
2835 4599 3206 4664 monasterio,
3255 4597 3344 4653 vel
3393 4599 3780 4670 undecunque
3827 4599 4054 4657 melius
4107 4609 4298 4674 pote-

863 4685 1194 4756 mulgantes
1221 4684 1536 4750 sancimus,
1574 4689 1636 4738 ut
1674 4685 1910 4754 praedita
1940 4685 2228 4740 abbatiola
2264 4697 2492 4756 aposto-

863 4776 976 4828 lica
997 4773 1458 4829 corroboratione
1481 4771 1726 4826 subnixa
1741 4787 1910 4844 percn
1921 4773 1978 4826 ni
1995 4779 2102 4828 lem
2115 4791 2245 4842 pore
2267 4776 2490 4834 illibata

867 4863 990 4916 loco
1021 4860 1206 4915 sancti
1237 4859 1490 4930 Dionysii
1529 4861 1764 4930 profusa
1791 4866 2141 4931 permaneat.
2177 4864 2488 4920 Constitui-

867 4965 1000 5004 mus
1022 4963 1250 5018 quoque
1265 4948 1596 5002 auctoritate
1615 4947 1947 5014 beatiPetri,
1965 4952 2028 5002 ut
2053 4949 2250 5004 nullus
2267 4969 2488 5022 regum,

869 5053 1040 5092 nemo
1064 5035 1413 5100 antistitum,
1438 5036 1518 5091 vel
1545 5037 1840 5103 abbatum,
1865 5052 1962 5090 seu
1979 5035 2489 5109 quilibetquacun-

871 5141 982 5196 que
1031 5123 1304 5195 praeditus
1352 5125 1644 5196 dignitate,
1689 5125 1881 5196 ipsum
1933 5123 2122 5177 locum
2173 5125 2289 5180 ullo
2322 5131 2492 5184 modo

869 5213 1192 5284 inquietare
1224 5213 1450 5282 audeat,
1487 5230 1596 5267 non
1631 5217 1688 5266 in
1725 5211 1896 5273 villis,
1930 5227 2044 5264 non
2077 5213 2132 5267 in
2163 5216 2492 5287 mancipiis,

871 5319 986 5356 non
1017 5301 1076 5358 in
1108 5317 1266 5368 auro,
1307 5319 1418 5356 non
1452 5301 1508 5354 in
1539 5304 1795 5371 argento,
1829 5313 1942 5352 non
1975 5297 2033 5350 in
2065 5301 2342 5370 vestibus,
2377 5305 2494 5360 sive

873 5389 932 5442 in
960 5389 1404 5459 quibuscunque
1431 5389 1622 5452 rebus,
1655 5387 1804 5440 sicut
1831 5385 1889 5438 in
1937 5385 2248 5458 privilegiis
2279 5394 2494 5461 prinde-

877 5491 1172 5528 cessorum
1187 5479 1512 5528 nsstrorum
1527 5473 1720 5526 domni
1737 5471 1954 5525 scilicet
1967 5473 2496 5547 Stephani,Leonis,

880 5560 1230 5630 alteriusque
1257 5559 1493 5628 Nicolai,
1525 5557 1611 5614 vel
1639 5558 1812 5614 etiam
1845 5558 1902 5611 in
1925 5563 2220 5630 praeceptis
2239 5567 2498 5636 praedicti

881 5643 1064 5704 Caroli
1101 5649 1315 5722 magni,
1337 5645 1588 5706 Heiurici
1622 5661 1873 5722 quoque,
1913 5651 2366 5730 ceterorumque
2393 5655 2502 5714 im-

2604 4689 2760 4752 runt,
2807 4691 3114 4756 procurent
3161 4687 3431 4742 monachi
3481 4687 3592 4742 sibi
3647 4693 3869 4759 patrem
3915 4693 4302 4750 secundum

2599 4777 2775 4828 Deum
2803 4771 3033 4843 eligere,
3067 4789 3183 4828 non
3214 4777 3408 4828 tamen
3437 4775 3563 4829 sine
3585 4777 3764 4830 trium
3785 4776 4096 4834 abbatum
4123 4795 4300 4838 con—

2599 4860 2912 4930 silio,quos
2947 4860 3331 4932 religiosiores
3372 4863 3441 4916 de
3462 4863 3669 4918 vicinis
3691 4863 3836 4919 locis
3875 4867 4164 4935 potuerit
4199 4871 4306 4928 in-

2598 4949 2810 5003 venire.
2837 4947 3062 5003 Electus
3075 4955 3268 5005 autem
3293 4967 3364 5005 ne
3387 4951 3584 5006 statim
3604 4951 3854 5007 Romam
3871 4954 4088 5010 venire
4105 4971 4312 5031 coga-

2599 5041 2762 5102 tur,a
2793 5038 3691 5108 quocunquevolueritcatholico
3723 5041 4008 5112 episcopo
4063 5059 4320 5104 conse-

2601 5123 2914 5180 crationem
2937 5125 3450 5196 suscipiat.Electio
3464 5127 3549 5184 vel
3573 5129 3860 5184 ordinatio
3892 5129 4184 5200 qualiter
4209 5135 4314 5192 fa-

2601 5217 2694 5268 cta
2725 5211 2914 5278 fuerit,
2939 5214 3210 5269 studeant
3233 5215 3504 5269 monachi
3527 5233 3689 5288 papae
3713 5216 3928 5272 litteris
3963 5219 4318 5293 intimare,

2603 5305 2667 5355 ut
2693 5303 2792 5354 aut
2813 5301 3100 5367 emendet,
3131 5302 3178 5356 si
3209 5319 3355 5372 opus
3378 5303 3570 5372 fuerit,
3601 5305 4082 5376 emendandum,
4105 5317 4236 5368 aut.
4257 5313 4314 5369 si

2605 5388 2776 5443 fuerit
2807 5389 3130 5444 secundum
3161 5389 3343 5444 Deum
3374 5395 3430 5446 et
3471 5397 3736 5448 nostrum
3770 5393 4096 5454 decretum
4139 5400 4324 5458 facta

2604 5475 2804 5534 electio
2831 5477 2944 5530 sive
2975 5479 3354 5544 consecratio,
3387 5479 3540 5536 bono
3571 5481 3764 5536 studio
3789 5485 4322 5561 congratuletur,

2606 5565 2747 5620 etab
2777 5563 2903 5634 ipso
2927 5565 3320 5621 confirmetur.
3347 5567 3719 5640 Prmcipimus
3758 5571 3938 5626 etiam
3982 5581 4056 5629 ut
4093 5577 4319 5638 abbas

2607 5653 2752 5728 ipse,
2781 5651 2880 5726 qui
2910 5651 3228 5712 alodiarius
3259 5655 3538 5716 Romanis
3584 5658 3860 5720 Ecclesia
3893 5663 4208 5728 noscitur
4243 5670 4324 5736 ab
