3978 6370
198 420 367 509 1353

1386 414 1795 481 EPISTOLIE
1836 416 1938 480 ET
1984 416 2458 478 DJPLOMA’PA.

3469 422 3627 485 1354

205 557 337 627 ipso
362 554 660 627 episeopo,
693 554 782 610 vel
816 571 849 610 a
876 552 1137 627 quolibet
1170 552 1499 624 apostolicae
1535 552 1692 608 sedis
1711 552 1864 607 vica-
1896 550 1949 618 Α
1979 549 2513 606 Vindocinensibus
2535 555 2590 606 et
2612 550 2683 606 ab
2699 550 2985 606 universis
3004 549 3343 607 hominibus
3365 551 3628 624 ipsorum

211 643 404 709 rio,ad
431 642 747 700 concilium
772 661 886 700 non
921 647 1178 707 vocetur,
1212 658 1316 697 nec
1367 644 1604 698 coactus
1632 640 1829 696 veniat
1857 659 1869 708 ;

206 732 314 797 sed
340 732 666 789 Romanam
684 732 1003 790 Eeclesiam
1024 731 1150 804 ipse
1173 735 1275 787 aut
1298 748 1397 802 per
1416 729 1674 802 legatum
1697 747 1873 785 suum

206 822 449 878 studeat
465 821 725 879 visitare.
754 825 1006 878 Censum
1027 838 1160 876 vero
1195 820 1269 874 ad
1299 818 1646 875 memoriam
1677 818 1873 891 cogni-

204 909 551 983 tionemque
601 910 1024 984 sempiternam
1083 908 1396 965 duodecim
1444 907 1771 963 solidorum
1803 907 1876 962 de

209 1002 453 1055 moneta
482 1000 749 1071 ejusdem
781 999 984 1072 patriae
1015 1016 1135 1055 suae
1169 999 1457 1053 statutum
1493 1012 1526 1051 a
1557 994 1877 1050 fundatori-

205 1086 325 1143 bus
356 1085 468 1142 loci
500 1087 669 1143 beato
702 1087 868 1143 Petro
900 1085 1062 1142 reddi
1097 1101 1199 1158 per
1230 1100 1417 1139 unum
1451 1100 1745 1155 quemque
1778 1100 1876 1138 an-

206 1192 354 1232 num
390 1174 685 1232 volumus.
703 1176 864 1243 Quod
891 1176 938 1232 si
967 1176 1112 1231 forte
1134 1173 1361 1245 legatus
1389 1177 1661 1228 Romanae
1682 1171 1875 1226 Eccle-

212 1264 315 1321 siae
338 1282 404 1322 su
414 1264 744 1337 pradictum
767 1265 921 1322 beati
942 1265 1095 1321 Petri
1116 1264 1311 1319 locum
1342 1262 1580 1317 visitare
1610 1259 1872 1328 voluerit,

205 1354 289 1411 ibi
314 1371 448 1411 cum
482 1354 641 1411 omni
667 1355 951 1411 charitate
982 1353 1374 1425 suscipiatur,
1407 1357 1465 1407 et
1495 1368 1620 1423 quae
1652 1350 1878 1423 corpori

204 1447 384 1500 erunt
416 1442 830 1510 necessaria,ei
852 1460 886 1498 a
907 1441 1190 1498 fratribus
1218 1441 1531 1513 diligenter
1558 1442 1722 1511 juxta
1751 1456 1879 1511 pos-

207 1532 555 1590 sibilitatem
583 1532 695 1589 loci
742 1532 1174 1588 ministrentur.
1209 1531 1270 1603 1p
1284 1548 1345 1586 se
1365 1547 1498 1585 vero
1521 1528 1668 1583 nihil
1700 1529 1759 1583 in
1793 1544 1883 1583 eo-

207 1622 347 1678 dem
370 1621 497 1678 loco
516 1638 621 1696 per
662 1637 726 1677 se
768 1621 1056 1694 corrigere
1084 1637 1275 1692 neque
1305 1619 1609 1675 occasione
1639 1616 1879 1689 legatio-

210 1710 309 1766 nis
333 1714 620 1768 rectorem
652 1709 765 1766 loci
794 1709 886 1767 vel
926 1710 1141 1765 fratres
1187 1708 1499 1764 molestare
1540 1709 1877 1778 praesumat,

209 1799 316 1856 sed
343 1799 391 1857 si
425 1799 565 1872 quid
596 1798 805 1855 viderit
830 1798 1436 1871 eorrigendum,papae
1467 1796 1678 1851 litteris
1710 1795 1760 1850 ei
1792 1794 1879 1850 in-

209 1889 428 1945 timere
448 1887 666 1944 licebit.
704 1887 855 1944 Illud
887 1888 1063 1945 etiam
1114 1886 1560 1954 confirmamus,
1595 1891 1662 1939 ut
1711 1883 1878 1939 locus

213 1976 419 2035 Sancti
440 1976 759 2035 Salvatoris
781 1993 964 2050 prope
994 1994 1091 2032 mu
1106 1992 1202 2031 ros
1252 1974 1506 2030 civitatis
1540 1973 1883 2046 Andegaviae

208 2070 593 2125 constructus
624 2067 735 2123 sub
785 2050 1160 2123 monasterio
1208 2062 1623 2119 Vindocinensi
1655 2054 1886 2133 semper

205 2150 471 2225 maneat,
504 2171 610 2211 nec
641 2153 959 2227 aliquando
996 2153 1077 2209 ibi
1116 2152 1424 2210 ordinetur
1453 2149 1669 2222 aliquis
1698 2154 1885 2206 rector

213 2243 308 2302 vel
339 2243 713 2318 prapositus,
749 2243 862 2299 nisi
894 2242 1193 2299 voluntate
1234 2240 1464 2297 abbatis
1490 2234 1882 2295 Vindocinen-

219 2334 328 2391 sis.
360 2333 477 2389 Hoc
503 2333 704 2404 etiam,
729 2332 855 2388 freti
890 2332 1107 2388 fiducia
1136 2329 1467 2403 apostolicae
1499 2327 1883 2399 auctoritatis,

225 2421 634 2496 prohibemus,
662 2438 736 2477 ne
783 2421 841 2476 in
893 2419 1312 2476 Vindocinensi
1375 2417 1659 2485 coenobio,
1694 2434 1793 2472 seu
1825 2416 1884 2471 in

222 2510 505 2586 praedicta
534 2511 593 2567 S.
636 2510 953 2567 Salvatoris
1001 2509 1267 2578 ecclesia,
1300 2506 1405 2563 ulli
1461 2523 1723 2578 unquam
1757 2522 1887 2577 per-

213 2600 515 2669 sonamisi
541 2598 649 2656 soli
685 2599 1038 2674 papazliceat
1089 2602 1434 2671 potestatem
1476 2600 1576 2651 aut
1614 2595 1884 2651 domina-

210 2690 430 2747 tionem
462 2705 748 2758 exercere,
781 2692 883 2745 aut
945 2686 1473 2753 excommunicare,
1509 2702 1609 2741 seu
1641 2682 1883 2739 interdi-

218 2794 371 2846 cere,
402 2777 637 2835 etiamsi
668 2776 1046 2834 Carnotensis
1076 2774 1164 2831 vel
1221 2772 1659 2847 Andegavensis
1699 2769 1888 2844 patria

208 2866 619 2927 excommunic
636 2870 731 2943 ata
760 2865 937 2923 fuerit
967 2870 1071 2922 aut
1112 2864 1462 2930 interdicta;
1495 2859 1887 2918 excommuni-

214 2961 378 3014 catos
409 2961 609 3013 tamen
636 2973 753 3011 non
773 2954 1131 3027 suscipiant.
1157 2958 1274 3009 Nos
1296 2956 1490 3008 autem
1527 2951 1725 3007 omnia
1755 2966 1882 3021 quae

218 3047 296 3103 ab
316 3044 464 3119 ipsis
486 3042 1014 3115 fundatoribus,vel
1036 3043 1108 3098 ab
1132 3042 1263 3099 aliis
1285 3042 1594 3099 hominum
1618 3038 1883 3112 personis

206 3151 413 3208 usque
445 3135 516 3190 ad
549 3134 701 3191 hanc
742 3133 897 3189 diem
923 3133 1114 3190 eidem
1150 3131 1276 3189 loco
1293 3130 1489 3188 oblata
1516 3133 1881 3197 sunt,nostra

211 3223 567 3284 auctoritate
596 3222 906 3280 ﬁrmamus
931 3226 988 3278 et
1008 3222 1557 3286 corroboramus,ut
1585 3219 1643 3273 in
1677 3232 1879 3290 perpe-

203 3318 378 3369 tuum
402 3309 524 3382 juri
548 3310 814 3382 ejusdem
846 3309 958 3365 loci
991 3308 1118 3365 sine
1143 3307 1533 3363 diminutione
1562 3305 1652 3361 vel
1678 3289 1874 3377 quali-
1904 3289 1947 3357 C

205 3401 309 3457 bet
342 3399 750 3455 retractatione
781 3399 997 3470 persist
1008 3401 1125 3454 ant.
1138 3398 1197 3453 Si
1231 3398 1364 3468 quis
1384 3412 1516 3451 vero
1538 3399 1740 3450 contra
1762 3410 1879 3449 me-

215 3491 517 3546 moratum
550 3487 705 3544 beati
735 3488 889 3544 Petri
929 3487 1125 3543 locum
1184 3502 1290 3558 pro
1348 3483 1645 3557 aliquibus
1702 3483 1877 3538 rebus

217 3577 451 3635 causari
484 3575 753 3643 voluerit,
788 3594 902 3633 non
953 3574 1005 3631 ei
1058 3574 1241 3631 abbas
1268 3573 1358 3631 vel
1388 3574 1598 3629 fratres
1635 3587 1874 3645 respon-

211 3668 411 3736 deant,
452 3668 773 3737 antequam
809 3665 1138 3720 Romanum
1180 3661 1514 3736 pontiﬁcem
1546 3659 1874 3728 consulant,

212 3754 358 3829 quia
381 3754 673 3828 quidquid
709 3753 835 3810 sine
861 3757 1070 3810 nostro
1099 3752 1185 3808 vel
1222 3767 1628 3808 successorum
1658 3752 1882 3806 nostrO'

221 3860 357 3901 rum
382 3841 611 3916 judicio
639 3841 1103 3911 definitum,sive
1130 3841 1492 3897 diminutum
1526 3839 1718 3905 fuerit,
1746 3837 1876 3893 irri-

214 3937 348 3990 tum
380 3933 508 3990 erit.
536 3932 649 3989 Res
679 3948 823 3989 vero
859 3948 985 4005 quae
1017 3931 1088 3987 ad
1121 3930 1425 4003 praefatum
1458 3928 1880 3986 monasterium

210 4021 532 4096 pertinent,
565 4019 625 4077 in
656 4018 967 4094 praesentis
998 4017 1283 4093 privilegii
1307 4018 1522 4091 pagina
1540 4018 1754 4073 idcirco
1784 4034 1883 4073 no-

213 4108 431 4166 minari
446 4113 503 4165 et
526 4109 770 4182 exprimi
788 4108 1154 4191 volumus,ut
1168 4106 1331 4162 nulla
1342 4107 1615 4180 deinceps
1634 4123 1883 4180 persona

219 4198 447 4271 aliquid
470 4199 542 4254 de
562 4198 783 4254 eisdem
797 4198 971 4254 rebus
1001 4197 1190 4254 eidem
1210 4196 1565 4253 monasterio
1583 4195 1886 4251 subtrahe-

216 4304 304 4357 re,
328 4287 617 4356 minuere,
647 4291 749 4342 aut
779 4285 1045 4358 qualibet
1075 4287 1379 4342 occasione
1407 4285 1634 4341 auferre
1663 4302 1881 4357 praesu-

216 4379 365 4434 mat.
381 4376 511 4433 Haac
526 4379 810 4448 suntquae
822 4375 892 4430 ad
905 4375 1248 4447 praedictum
1267 4373 1692 4430 monasterium
1711 4373 1881 4446 perti-

215 4481 359 4522 nere
378 4469 711 4521 noscuntur
739 4482 751 4521 :
781 4464 840 4521 in
886 4480 1035 4536 pago
1084 4463 1501 4519 Vindocinensi
1534 4461 1787 4519 Ecclesia
1812 4462 1883 4516 de

216 4553 487 4611 Ferraria
508 4557 565 4609 et
604 4552 742 4609 villa
765 4553 835 4613 de
865 4554 1156 4621 Pruneto;
1189 4552 1445 4608 ecclesia:
1476 4568 1707 4625 quoque
1733 4568 1883 4623 quas

215 4642 622 4699 Theodericus
665 4642 1044 4699 Carnotensis
1099 4641 1408 4714 episcopus
1465 4640 1881 4697 Vindocinensi
1912 4661 1958 4728 Β

216 4730 582 4788 monasterio
633 4731 837 4799 dedit;
870 4730 1114 4786 ecclesia
1161 4729 1357 4786 Sancti
1405 4730 1605 4802 Beati;
1635 4728 1880 4786 ecclesia

208 4820 415 4879 Sancti
442 4820 684 4876 Joannis
736 4820 806 4876 de
847 4819 1344 4887 Castrodunensi;
1375 4818 1621 4875 ecclesia
1652 4818 1721 4873 de
1749 4818 1878 4874 Bal-

205 4909 396 4967 neolis
422 4928 435 4975 ;
473 4908 721 4965 ecclesia
749 4909 822 4966 de
850 4908 1012 4964 Valle
1042 4908 1260 4974 Rebla;
1294 4908 1540 4964 ecclesia
1573 4907 1824 4962 Autheni
1854 4923 1870 4963 :

211 5001 276 5056 In
307 4999 647 5071 episcopatu
670 4996 1383 5065 Cenomanensi,ecclesia
1413 4997 1604 5053 Sancti
1627 4995 1875 5052 Joannis

211 5087 287 5144 de
308 5085 684 5158 Villa-Dei,et
697 5085 838 5143 villa
876 5087 1005 5159 ipsa
1027 5102 1160 5145 cum
1184 5085 1712 5142 consuetudinibus
1740 5085 1876 5139 uni-

210 5175 442 5245 versis;
475 5174 724 5232 ecclesia
751 5174 946 5231 Sancti
997 5174 1300 5230 Michaelis
1337 5174 1410 5229 de
1453 5173 1705 5239 Hulleto,
1738 5189 1874 5228 cum

212 5262 574 5321 molendinis
602 5267 659 5320 et
685 5264 902 5331 boseis,
925 5268 982 5319 et
1013 5279 1149 5319 cum
1180 5262 1459 5318 omnibus
1489 5261 1871 5317 consuetudi-

213 5354 395 5411 nibus
426 5352 574 5409 suis.
610 5354 673 5408 In
705 5354 917 5409 foreste
946 5352 1229 5408 Wastinze
1278 5354 1465 5407 totum
1514 5350 1874 5423 pannagium

210 5443 283 5499 de
315 5442 577 5514 propriis
616 5442 811 5514 porcis
852 5441 1118 5498 omnium
1178 5438 1599 5495 monachorum
1661 5442 1877 5494 sancta:

214 5530 550 5595 Trinitatis,
578 5535 636 5586 et
666 5530 949 5586 medietas
980 5531 1051 5585 de
1084 5527 1375 5601 pannagio
1408 5526 1653 5583 aliorum
1689 5526 1877 5582 homi-

212 5635 382 5687 num,
416 5621 476 5674 et
522 5617 639 5673 mel
698 5622 755 5674 et
803 5635 934 5675 cera
988 5618 1253 5691 ejusdem
1320 5615 1497 5685 silvae,
1550 5616 1877 5687 assumptio

220 5708 403 5773 etiam
458 5704 723 5764 omnium
774 5706 1049 5763 arborum
1107 5705 1179 5763 ab
1237 5703 1512 5765 omnibus
1571 5703 1876 5767 monachis

552 5831 815 5903 ΡΑτιιοτ..
859 5831 1122 5901 CXLIII.

803 6071 826 6088 ι

1984 639 2054 694 ad
2084 656 2286 695 omnes
2329 639 2609 696 utilitates
2654 656 2794 695 suas
2839 640 2898 695 in
2931 640 3102 695 terris
3132 640 3473 697 monasterii
3505 643 3633 700 sine

1984 726 2216 782 licentia
2246 728 2706 784 ferestariorum.
2740 729 2803 783 In
2836 727 3178 800 episcopatu
3226 729 3632 802 Andegavensi

1982 816 2229 872 ecclesia
2258 818 2315 872 S.
2348 816 2664 873 Salvatoris
2704 818 2874 889 juxta
2921 820 3342 890 Andegavum;
3389 819 3636 877 ecclesia

1982 906 2180 962 Sancti
2199 906 2633 979 Joannissuper
2654 907 3111 979 Ligerim,super
3131 909 3331 963 decem
3354 911 3412 963 et
3427 925 3633 965 novem

1983 1011 2274 1067 arpennos
2323 994 2650 1063 vinearum,
2698 999 2754 1051 et
2802 997 2917 1052 duo
2977 995 3336 1065 molendini;
3391 997 3637 1055 ecclesia

1984 1083 2181 1139 Sancti
2236 1084 2534 1142 Saturnini
2589 1088 2645 1140 et
2695 1086 2969 1157 parochia
3018 1090 3158 1151 tota,
3210 1088 3266 1140 et
3309 1085 3455 1143 silva
3508 1105 3635 1159 quae

1984 1173 2200 1228 dicitur
2228 1174 2414 1241 Later,
2448 1178 2505 1228 et
2548 1177 2703 1229 terra
2734 1173 2909 1243 silvae,
2945 1175 2993 1230 si
3024 1174 3169 1230 silva
3222 1175 3400 1230 fuerit
3425 1177 3633 1232 exstir-

1986 1266 2123 1333 pata
2146 1263 2318 1333 ;apud
2347 1267 2607 1318 castrum
2630 1263 2998 1320 Credonense
3022 1263 3372 1334 parochialis
3394 1265 3641 1322 ecclesia

1988 1351 2044 1406 S.
2079 1350 2394 1406 Clementis
2421 1370 2433 1420 ;
2469 1352 2539 1407 de
2566 1351 2674 1406 hac
2701 1352 2853 1407 inter
2895 1352 3352 1410 Vindocinenses
3402 1358 3460 1411 et
3482 1355 3640 1412 beati

1984 1438 2181 1494 Albini
2210 1440 2529 1495 monachos
2562 1440 2619 1494 in
2668 1441 2977 1512 prccsentia
3017 1446 3215 1496 nostra
3272 1443 3641 1514 querimonia

1987 1532 2114 1584 orta
2142 1528 2268 1599 fuit,
2302 1533 2357 1583 et
2390 1528 2719 1600 apostolicae
2753 1530 2910 1585 sedis
2950 1530 3173 1600 judicio
3222 1531 3638 1589 Vindocinensi

1989 1617 2345 1672 monasterio
2377 1618 2748 1689 adjudicata;
2785 1617 3032 1675 ecclesia
3066 1619 3237 1691 burgi
3267 1621 3640 1693 Meduanilis,

1988 1712 2045 1762 et
2076 1707 2299 1778 burgus
2326 1711 2484 1763 totus
2515 1724 2650 1763 cum
2682 1707 3015 1780 integritate
3046 1726 3192 1773 sua;
3217 1709 3462 1767 ecclesia
3490 1710 3644 1768 beati

1990 1796 2138 1851 Petri
2173 1797 2242 1850 de
2274 1796 2526 1851 Maziaco
2559 1799 2716 1865 tota;
2749 1797 2807 1851 in
2841 1814 2990 1869 pago
3022 1798 3373 1855 Pictaviensi
3399 1799 3645 1858 ecclesia

1990 1885 2061 1939 de
2092 1883 2293 1952 Olona,
2324 1888 2381 1939 et
2409 1884 2656 1941 ecclesia
2704 1885 2857 1940 beati
2908 1886 3144 1941 Martini
3196 1887 3267 1943 de
3314 1888 3550 1958 Avalia;
3583 1889 3644 1945 in

1992 1990 2140 2046 pago
2174 1973 2418 2030 Seonico
2440 1974 2499 2028 in
2545 1974 2791 2029 Olerone
2814 1974 3060 2031 ecclesia
3083 1976 3277 2032 Sancti
3302 1977 3553 2050 Georgii,
3587 1982 3646 2034 et

1992 2062 2162 2117 tertia
2189 2080 2322 2134 pars
2362 2062 2616 2117 ecclesiae
2663 2062 2871 2118 insulae
2922 2080 3055 2118 cum
3115 2065 3646 2123 consuetudinibus

1995 2151 2404 2219 universis;in
2447 2156 2637 2207 castro
2688 2152 2956 2208 Oleronis
3007 2153 3254 2210 ecclesia
3290 2154 3645 2227 parochialis

1994 2240 2217 2296 Sancta:
2251 2240 2464 2307 Mariae,
2497 2242 2743 2296 ecclesia
2774 2241 2943 2297 Rodii
2993 2242 3249 2310 rebellis,
3297 2242 3544 2300 ecclesia
3574 2245 3648 2302 de

1998 2328 2667 2398 Blasnceriaco,ecclesia
2698 2330 2894 2385 Sancti
2926 2331 3253 2401 Saturnini,
3272 2335 3428 2388 terra
3449 2334 3645 2390 Sancti

1995 2419 2318 2481 Saturnini,
2353 2422 2409 2474 et
2440 2423 2595 2475 terra
2643 2419 2839 2473 Sancti
2896 2419 3107 2474 Aniani
3166 2437 3303 2476 cum
3358 2422 3565 2479 salinis
3590 2426 3649 2479 et

1993 2507 2421 2580 piscationibus
2446 2513 2502 2564 et
2518 2509 2809 2563 universis
2828 2509 3195 2579 pertinentiis
3222 2510 3431 2566 suis.Si
3448 2514 3647 2568 autem

1995 2597 2176 2653 abbas
2208 2596 2467 2669 praedicti
2502 2596 2611 2652 loci
2635 2598 2915 2653 adversus
2943 2598 3219 2655 comitem
3252 2600 3646 2657 Vindocinen-

1995 2702 2139 2753 sem,
2167 2685 2256 2741 vel
2290 2685 2613 2757 quemlibet
2660 2686 2961 2741 hominem
3019 2704 3193 2743 suum
3242 2689 3649 2761 cujuscunque

1993 2774 2230 2830 honoris
2262 2775 2349 2829 vir
2378 2774 2474 2829 ille
2506 2774 2703 2841 fuerit,
2738 2775 3039 2846 querelam
3086 2776 3380 2847 habuerit,
3416 2777 3646 2836 incuria

1995 2862 2333 2919 monasterii
2361 2862 2831 2932 Vindocinensis,
2866 2880 2967 2935 pro
3002 2863 3286 2936 dignitate
3316 2871 3373 2921 et
3403 2883 3645 2924 venera-

1993 2952 2150 3007 tione
2197 2951 2307 3007 loci
2366 2952 2733 3023 querimonia
2782 2953 2910 3023 ipsa
2960 2953 3221 3021 finiatur,
3255 2970 3360 3009 nec
3400 2955 3459 3009 in
3514 2956 3648 3028 ipsa

1992 3042 2155 3097 curia
2185 3041 2527 3097 monasterii
2576 3040 2824 3096 dimidia
2877 3059 3012 3113 pars
3063 3043 3379 3113 cujuslibet
3416 3044 3644 3103 forfaeti

1992 3134 2287 3201 quaeratur
2317 3131 2388 3186 ab
2422 3131 2621 3203 aliquo
2653 3130 2739 3186 vel
2801 3132 3068 3187 donetur.
3112 3132 3397 3189 Praeterea
3438 3136 3643 3191 notum

1990 3233 2118 3275 esse
2142 3218 2414 3274 volumus
2446 3224 2658 3275 sanctae
2690 3219 2792 3276 Dei
2825 3220 3086 3276 Ecclesia:
3108 3220 3397 3287 ﬁdelibus,
3417 3226 3473 3276 et
3501 3222 3642 3278 huic

1987 3310 2196 3362 nostrae
2228 3307 2658 3363 conﬁrmationi
2700 3308 3152 3377 adnectendum,
3185 3310 3338 3379 quod
3374 3309 3632 3366 Theode-

1986 3395 2145 3452 ricus
2175 3396 2550 3451 Carnotensis
2581 3396 2914 3467 episcopus,
2944 3396 3003 3449 in
3055 3396 3226 3465 cujus
3275 3396 3508 3453 dimcesi
3539 3414 3635 3454 su-

1986 3482 2316 3557 pradictum
2349 3483 2770 3540 monasterium
2791 3483 2896 3539 Vin
2907 3484 3217 3540 docinense
3240 3484 3417 3540 situm
3440 3486 3635 3543 nosci-

1984 3577 2102 3642 tur,
2135 3571 2451 3628 Clementis
2483 3589 2645 3644 papae
2677 3570 2995 3643 praesentiae
3037 3589 3209 3628 suam
3239 3574 3638 3631 transmiserit

1986 3660 2316 3733 epistolam,
2377 3678 2591 3733 rogans
2648 3677 2805 3728 eum,
2864 3664 3155 3732 quatenus
3208 3663 3634 3721 monasterium

1987 3750 2183 3821 ipsum
2215 3749 2297 3805 sic
2332 3766 2441 3805 sua
2470 3749 2774 3805 roboretur
2826 3750 3193 3818 auctoritate,
3222 3755 3287 3806 ut
3322 3751 3467 3808 nulli
3500 3769 3634 3809 suc-

1989 3856 2286 3895 cessorum
2319 3856 2562 3894 suorum
2595 3843 2727 3911 post
2757 3855 2892 3894 eum
2925 3856 3016 3895 res
3057 3839 3236 3911 hujus
3267 3839 3376 3896 loci
3408 3841 3635 3900 auferre

1988 3928 2078 3983 vel
2108 3929 2391 3993 minuere,
2423 3928 2510 3983 vel
2537 3928 3062 3995 excommunicare,
3097 3929 3215 3984 sive
3263 3928 3631 4001 interdicere,

1987 4016 2075 4073 vel
2100 4021 2447 4089 potestatem
2472 4021 2574 4072 aut
2595 4017 3054 4073 dominationem
3075 4018 3135 4072 in
3168 4018 3295 4091 ipso
3315 4017 3440 4075 loco
3471 4036 3637 4076 exer-

1990 4122 2119 4161 cere
2150 4105 2365 4173 liceret,
2400 4123 2499 4162 seu
2534 4104 2794 4177 quolibet
2841 4106 3013 4162 modo
3066 4110 3349 4164 rectorem
3373 4093 3376 4095 Α
3400 4107 3512 4164 loci
3549 4107 3638 4165 vel

1990 4195 2546 4267 fratresinquietare
2578 4196 2836 4263 auderet,
2871 4196 3028 4267 quod
3079 4197 3330 4271 benigne
3373 4196 3639 4255 Clemens

1990 4301 2143 4357 papa
2166 4284 2394 4349 annuit,
2426 4289 2482 4339 ct
2511 4301 2618 4341 nos
2650 4288 2850 4341 nostra
2884 4285 3227 4342 auctoritate
3258 4287 3504 4360 dignum
3535 4303 3639 4342 an-

1991 4389 2172 4428 nuere
2222 4372 2584 4428 censuimus.
2621 4373 2678 4428 Si
2734 4373 2868 4444 quis
2914 4378 3109 4429 autem
3169 4374 3413 4430 violator
3459 4375 3640 4448 hujus

1991 4461 2175 4516 nostri
2209 4460 2479 4532 prazcepti
2520 4458 2827 4528 exstiterit,
2860 4461 2973 4516 nisi
3021 4463 3353 4534 resipuerit,
3385 4480 3489 4519 nec
3523 4479 3639 4518 non

1992 4549 2261 4605 Ecclesiae
2290 4549 2657 4617 satisfecerit,
2674 4549 2821 4604 sciat
2853 4568 2914 4605 se
2942 4550 3259 4621 apostolica
3289 4551 3640 4607 auctoritate

1993 4644 2270 4712 perpetuo
2302 4638 2676 4696 anathemate
2728 4654 3102 4709 percussum,
3130 4644 3306 4710 atque
3336 4656 3370 4695 a
3399 4655 3639 4712 corpore

1990 4728 2273 4800 praedictae
2304 4727 2574 4784 Ecclesia:
2608 4727 3242 4799 divisum,diaboloque
3267 4745 3401 4785 cum
3434 4728 3636 4801 impiis

1984 4818 2282 4874 traditum.
2316 4816 2424 4883 Qui
2472 4833 2604 4872 vero
2656 4820 3025 4872 conservator
3071 4821 3127 4873 et
3170 4806 3451 4874 obedien’s
3495 4817 3637 4875 huic

1986 4910 2196 4963 nostrae
2219 4905 2714 4962 conlirmationiet
2728 4904 3057 4977 apostolicae
3081 4905 3414 4962 auctoritati
3438 4907 3633 4964 fuerit.

1982 4994 2385 5051 benedictione
2415 4999 2471 5050 et
2498 4994 2687 5067 gratia
2719 4995 3138 5066 omnipotentis
3160 4996 3255 5052 Dei
3277 4996 3638 5068 perfruatur,

1984 5087 2042 5139 et
2068 5083 2220 5138 inter
2250 5098 2530 5155 prospera
2558 5082 2824 5152 humilis,
2858 5087 2914 5138 et
2944 5083 3096 5139 inter
3130 5084 3375 5141 adversa
3406 5090 3643 5144 maneat

1986 5189 2249 5241 securus,
2275 5176 2338 5227 ut
2368 5171 2565 5228 divina
2596 5172 2996 5229 misericordia
3026 5174 3295 5231 munitus
3327 5175 3516 5232 valeat
3533 5192 3644 5248 per

1986 5263 2225 5318 beatum
2275 5261 2511 5316 Petrum
2573 5260 2831 5317 ccelestia
2888 5279 3068 5335 regna
3124 5264 3343 5320 intrare
3399 5272 3453 5319 et
3503 5279 3638 5319 cum

1985 5350 2216 5406 Christo
2243 5349 2302 5404 in
2334 5354 2616 5405 aeternum
2649 5351 2925 5423 gaudere.

2059 5438 2354 5510 Scriptum
2386 5456 2488 5512 per
2519 5456 2729 5497 manus
2779 5440 3076 5497 Octaviani
3121 5439 3414 5497 scriniarii
3445 5441 3499 5495 et
3533 5456 3639 5496 no-

1986 5527 2116 5583 tarii
2148 5527 2296 5581 sacri
2326 5527 2525 5598 palatii
2562 5529 2619 5584 in
2653 5545 2853 5584 mense
2897 5528 3101 5600 Aprili,
3132 5526 3452 5584 indictione
3486 5546 3561 5584 Iv.

2060 5616 2272 5672 Datum
2294 5614 2332 5672 v
2353 5617 2742 5673 Kalcnd.Maii
2767 5618 2959 5672 Roma:
2981 5633 3084 5688 per
3105 5617 3640 5676 manusilumberti

1988 5704 2146 5767 card.
2181 5704 2442 5781 episc0pi
2488 5712 2701 5767 sanctae
2756 5704 3010 5766 BCOIBSitD
3058 5703 3223 5762 Silvae
3253 5705 3548 5780 Candidas,
3582 5710 3642 5776 et

3242 5832 3323 5919 ιδ

3614 5902 3651 5931 ,με

3596 5962 3599 5967 .
3634 5946 3643 5967 3
