3978 6378
111 467 144 530 1
158 467 285 531 357

1306 466 1713 533 EPISTOLAE
1754 463 1854 531 ET
1898 466 2191 532 DIPLOM
2202 468 2378 531 ATA.

3391 440 3545 539 135s

111 605 263 678 priaa
291 602 570 659 utilitatis
601 599 897 676 stipendia
927 608 1384 676 consequantur;
1409 606 1536 661 ideo
1560 621 1773 661 conve-
1806 602 1853 670 Α
1891 601 2035 658 mini
2066 603 2229 668 2051,
2258 619 2409 658 anno
2439 600 2609 658 tertio
2662 601 3041 693 pontificatus
3099 601 3318 660 Nicolai
3381 607 3544 682 Papae

110 694 212 750 nit
239 709 350 751 nos
378 696 498 749 tota
517 693 734 748 mentis
756 692 1090 766 integritate
1111 692 1331 749 eisdem
1345 693 1779 751 venerabilibus

105 782 266 840 locis
293 785 362 837 ut
389 798 458 838 ea
486 798 616 854 qua:
648 799 755 839 sua
787 785 927 838 sunt
957 780 1219 838 stabilita
1248 787 1632 855 permaneant
1654 800 1779 856 pro~

104 871 335 928 videre.
375 870 557 945 Igitur
581 871 723 944 quia
752 870 950 943 petisti
983 889 1017 927 a
1037 871 1226 938 nobis,
1278 871 1625 929 charissime
1672 870 1777 939 ﬁli,

107 976 253 1017 cum
286 960 565 1017 Edwardi
598 961 751 1034 regis
810 960 1046 1033 legatis,
1096 965 1270 1033 atque
1328 961 1535 1018 litteris
1594 961 1780 1018 nostri

104 1048 385 1106 videlicet
414 1048 611 1116 amici,
644 1053 712 1104 ut
760 1066 863 1122 pa'
908 1049 1094 1106 nostri
1152 1049 1443 1122 privilegii
1500 1050 1780 1123 paginam

105 1142 232 1195 tua:
263 1136 552 1210 Ecclesiae,
580 1138 830 1211 tibique,
863 1155 968 1195 nec
999 1155 1114 1194 non
1148 1139 1589 1195 successoribus
1635 1139 1778 1207 tuis,

108 1226 320 1284 omnia
349 1226 771 1299 perpetualiter
814 1227 1304 1283 conﬁrmaremus
1351 1243 1479 1298 quae
1530 1228 1778 1299 praefatae

107 1314 393 1372 Ecclesiae
414 1316 578 1387 juste
609 1320 665 1371 et
694 1314 960 1389 legaliter
988 1319 1331 1388 competunt
1356 1334 1370 1383 ;
1417 1315 1778 1389 suggestioni

106 1410 234 1462 tum
273 1406 574 1477 gratanter
602 1408 948 1473 annuentes,
978 1421 1082 1477 per
1109 1405 1291 1474 hujus
1335 1408 1549 1461 nostrae
1609 1422 1777 1462 cons-

105 1492 415 1549 titutionis
460 1494 763 1550 decretum
813 1498 871 1549 et
925 1492 1264 1566 apostolica:
1324 1494 1480 1550 sedis
1539 1493 1781 1551 liberale

109 1582 378 1643 edictum
410 1583 812 1650 concedimus,
861 1585 920 1638 et
980 1583 1402 1639 confirmamus
1449 1583 1577 1650 tibi,
1630 1583 1782 1639 sicut

108 1687 299 1744 supra
326 1671 562 1745 legitur,
599 1671 838 1744 tuisque
895 1671 1341 1729 successoribus
1402 1672 1626 1728 ibidem
1684 1689 1779 1729 ca-

106 1760 328 1817 nonice
357 1760 769 1834 promovendis
802 1760 861 1816 in
893 1765 1271 1834 perpetuum,
1322 1778 1575 1834 quaeque
1626 1779 1779 1835 prae-

106 1850 247 1907 fata:
271 1849 537 1906 Ecclesiae
569 1849 885 1923 pertinent,
919 1853 1040 1906 tam
1072 1867 1200 1924 quae
1247 1850 1782 1923 impraesentiarum

1891 706 1956 760 II,
1989 690 2193 747 indict.
2225 709 2341 747 xxv.

2586 806 2830 863 XXXVI.

1888 897 2133 983 Epgsotola
2154 897 2374 983 Illico-lat
2401 897 2454 979 Il
2505 895 2577 983 ad
2602 894 2938 983 gdjwardum
2977 896 3291 983 'Anglorum
3317 915 3542 983 regem.

1961 969 2090 1037 Ejus
2120 970 2379 1037 pietatem
2410 969 2469 1022 in
2500 969 2561 1022 B.
2594 969 2819 1022 Petrum
2855 968 3065 1036 laudat,
3118 968 3546 1044 mo-nasteriique

1961 1041 2022 1093 Β.
2058 1041 2217 1112 Petri,
2246 1040 2833 1094 Westmonasteriensis
2859 1040 3157 1110 privilegia
3186 1050 3237 1097 et
3249 1045 3545 1112 possessio-

1959 1126 2056 1166 nes
2086 1111 2394 1181 conﬁrmat.

2516 1201 2699 1268 (Anno
2731 1199 2916 1269 4061.)

2284 1288 2516 1359 [ΜΑΝεῐ,
2552 1288 2756 1343 Concil.
2790 1287 2930 1355 XIX,
2962 1289 3146 1359 1054.)

1920 1424 1931 1431 ’
1960 1406 2250 1461 NICOLAUS
2283 1404 2617 1476 episcopus,
2652 1421 2855 1460 servus
2902 1404 3200 1461 servorum
3231 1407 3353 1475 Dei,
3412 1408 3557 1482 glo-‘

1889 1492 2215 1551 riosissimo
2248 1510 2315 1550 ac
2343 1493 2921 1565 piissimo,omnique
2949 1493 3171 1550 honore
3192 1495 3541 1568 dignissimo

1889 1582 2184 1657 spirituali
2216 1599 2449 1655 quoque
2479 1581 2599 1638 ﬁlio
2631 1585 2851 1649 nostro,
2892 1583 3183 1651 EDV'ARDO,
3217 1585 3542 1658 Anglorum

1888 1671 2428 1745 regi,visitationem
2460 1671 2885 1740 omnimodam,
2919 1672 3168 1729 salutem
3201 1673 3545 1733 mellifluam

1889 1766 1948 1818 et
1977 1760 2437 1818 benedictionem
2475 1759 2876 1833 apostolicam.

1962 1849 2361 1922 Omnipotenti
2392 1850 2508 1905 Deo
2540 1847 2850 1905 referimus
2881 1853 3097 1921 grates,
3137 1850 3237 1921 qui
3288 1855 3542 1910 vestram

108 1938 406 2012 possidet,
433 1937 522 1995 vel
553 1938 834 2012 possedit,
863 1943 920 1994 et
950 1939 1205 1995 maxime
1245 1939 1585 2012 parochiam
1646 1939 1778 1995 Lin-
1808 1976 1856 2041 B
1891 1939 2417 2012 prudentissimam
2445 1937 2846 1994 excellentiam
2879 1936 2937 1992 in
2982 1938 3260 1995 omnibus
3316 1941 3545 1999 ornavit

109 2027 254 2096 disi,
289 2026 714 2100 ecclesiamque
769 2029 927 2084 Stov.
987 2044 1121 2084 cum
1153 2029 1433 2084 Newerca
1464 2032 1521 2085 et
1550 2045 1775 2100 appen-

109 2115 314 2184 diciis,
347 2132 498 2188 quas
527 2116 749 2187 injuste
788 2115 1049 2172 Alvricus
1095 2117 1573 2190 archiepiscopus
1624 2118 1772 2174 Ebo-

109 2204 381 2263 racensis
410 2205 646 2276 invasit,
679 2205 766 2261 uti
797 2222 903 2278 per
929 2204 1251 2279 legatorum
1287 2210 1621 2262 nostrorum
1652 2206 1774 2262 dic-

106 2300 199 2363 ta,
254 2299 312 2350 et
368 2311 473 2367 per
544 2298 982 2351 antecessorum
1054 2294 1393 2351 testimonia
1448 2300 1505 2350 et
1558 2294 1776 2368 scripta

111 2384 491 2457 agnovimus,
532 2400 712 2456 quam
741 2401 868 2456 quas
902 2383 960 2439 in
996 2385 1195 2439 futuro
1223 2400 1576 2456 quocunque
1600 2384 1773 2440 modo

110 2471 335 2529 divinis
366 2476 423 2529 et
450 2472 729 2529 humanis
761 2472 990 2545 legibus
1020 2473 1321 2546 acquirere
1351 2473 1583 2544 poterit,
1619 2472 1773 2529 scili-

109 2566 211 2619 cet
237 2561 662 2635 praanominata
691 2559 961 2630 Ecclesia,
994 2578 1127 2617 cum
1169 2561 1442 2617 omnibus
1493 2561 1670 2617 rebus
1721 2564 1779 2616 et

115 2650 602 2724 possessionibus
616 2650 738 2706 suis
762 2667 827 2706 ac
852 2650 1220 2722 pertinentiis
1248 2650 1565 2706 mobilibus
1586 2654 1643 2706 et
1663 2650 1773 2706 im-

115 2737 466 2807 mobilibus,
493 2753 738 2813 seseque
768 2740 1160 2807 moventibus,
1194 2739 1397 2795 castris
1429 2739 1670 2811 scilicet,
1688 2757 1778 2795 ca-

114 2829 228 2898 sis,
258 2827 433 2897 villis,
461 2828 792 2896 territoriis,
839 2827 1125 2896 ecclesiis,
1177 2845 1311 2884 cum
1370 2829 1669 2900 primitiis,
1719 2832 1779 2885 et

115 2916 781 2984 decimationibus,cum
813 2917 1090 2973 omnibus
1121 2933 1357 2988 quoque
1389 2933 1517 2988 quae
1549 2917 1645 2989 pia
1676 2917 1775 2973 de-

113 3006 278 3063 votio
307 3005 573 3063 ﬁdelium
624 3005 809 3063 sacris
858 3006 1106 3062 contulit
1147 3006 1285 3073 sibi,
1329 3004 1419 3062 vel
1469 3004 1781 3067 contulerit

116 3094 542 3163 oblationibus,
574 3111 676 3168 pro
707 3094 897 3151 salute
920 3094 1184 3150 vivorum
1218 3099 1392 3166 atque
1413 3094 1589 3150 etiam
1624 3112 1776 3151 mor-

115 3184 727 3241 tuorum.Statuentes
759 3200 862 3256 per
891 3184 1070 3257 hujus
1098 3187 1307 3240 nostrae
1341 3183 1671 3256 apostolicze
1697 3201 1780 3240 se-

115 3272 239 3339 dis,
265 3272 381 3341 cui,
413 3273 530 3328 Deo
574 3275 828 3338 auctore,
880 3271 1285 3344 praesidemus,
1343 3271 1775 3340 auctoritatem,

1886 2033 1943 2085 et
1973 2028 2265 2084 decoravit
2292 2043 2431 2100 erga
2453 2027 2691 2083 beatum
2712 2027 2951 2083 Petrum
2966 2027 3362 2099 apostolorum
3383 2030 3543 2101 prin-

1884 2118 2093 2188 cipem,
2127 2119 2184 2172 et
2206 2116 2516 2172 nobiscum
2547 2115 2763 2172 habere
2791 2115 3251 2184 dilectionem,et
3273 2118 3331 2172 in
3355 2118 3540 2174 omni-

1884 2206 1997 2262 bus
2028 2205 2310 2278 apostolis
2340 2204 2667 2262 conscntire
2718 2204 3002 2260 censuris.
3060 2204 3303 2263 Litteras
3362 2206 3542 2280 igitur

1880 2297 2083 2351 vestrae
2124 2293 2411 2350 nobilitati
2444 2293 2926 2362 transmittimus,
2959 2298 3015 2349 et
3045 2311 3146 2366 per
3175 2311 3272 2351 cas
3292 2296 3543 2352 societa-

1882 2387 2000 2440 tem
2030 2388 2373 2439 sanctorum
2416 2382 2815 2454 apostolorum
2849 2386 2905 2438 et
2936 2388 3195 2439 nostram
3226 2384 3390 2440 vobis
3440 2386 3543 2441 da-

1883 2490 2037 2539 mus,
2074 2476 2314 2528 orantes
2346 2471 2811 2528 misericordiam
2839 2471 3003 2528 illius
3028 2472 3126 2544 qui
3151 2477 3238 2528 est
3258 2473 3544 2531 Dominus

1887 2560 2244 2627 omnium,et
2275 2577 2374 2616 rex
2405 2578 2580 2632 super
2610 2559 2808 2615 omnia
2839 2558 3021 2625 solus,
3042 2565 3107 2616 ut
3136 2560 3263 2633 ipse
3291 2580 3393 2619 vos
3416 2579 3546 2636 par-

1885 2649 2126 2722 ticipem
2160 2650 2333 2705 faciat
2365 2667 2432 2706 ex
2464 2648 2816 2715 omnibus,si
2849 2666 2967 2721 qua
2999 2654 3141 2705 sunt
3172 2668 3369 2707 coram
3400 2652 3538 2721 Deo,

1884 2739 2059 2794 bonis
2089 2738 2366 2811 operibus
2398 2738 2645 2794 nostris:
2678 2741 2735 2792 et
2763 2737 2971 2793 fratres
3003 2755 3131 2806 nos,
3165 2757 3233 2794 ac
3263 2740 3452 2797 socios
3480 2740 3542 2795 in

1886 2845 1994 2883 sua
2029 2827 2340 2884 dilectione
2372 2826 2692 2882 constituat
2720 2825 2778 2880 in
2811 2824 2971 2882 omni
3004 2830 3263 2899 tempore
3285 2827 3542 2901 amplius

1887 2933 1955 2973 ac
1986 2933 2103 2972 non
2136 2916 2422 2972 minorem
2456 2919 2679 2988 partem
2717 2915 2902 2970 nostri
2952 2915 3215 2989 obsequii
3254 2917 3420 2974 vobis
3450 2935 3543 2975 re-

1888 3006 2192 3079 consignet
2222 3004 2280 3059 in
2313 3022 2419 3060 suo
2450 3020 2835 3077 regno,quam
2868 3004 3309 3076 nobismetipsis
3339 3023 3552 3079 prove-5

1887 3095 2014 3150 nire
2037 3094 2571 3168 optamus.Erimus
2595 3093 2766 3149 etiam
2792 3093 3068 3165 deinceps
3100 3111 3204 3165 pro
3226 3094 3390 3151 vobis
3412 3095 3540 3152 sine

1889 3184 2067 3240 dubio
2099 3188 2332 3240 orantes
2365 3183 2621 3250 assidue,
2647 3187 2713 3236 ut
2734 3182 2859 3254 ipsc
2888 3180 3046 3237 Deus
3070 3183 3234 3239 vobis
3265 3176 3543 3256 subjiciat

1886 3272 2087 3330 hostes
2118 3277 2173 3329 et
2197 3271 2469 3328 inimicos
2501 3270 2601 3343 qui
2634 3274 2833 3327 contra
2862 3287 2964 3326 vos
2995 3270 3287 3328 voluerint
3343 3273 3539 3329 insur-

114 3365 182 3419 et
211 3361 397 3418 nostri
427 3360 601 3418 edicti
629 3360 1027 3417 inviolabilem
1061 3360 1559 3442 constitutionem,
1593 3364 1659 3415 ut
1679 3376 1773 3416 ne-
1803 3345 1847 3412 C
1884 3377 2040 3434 gere,
2078 3366 2135 3416 et
2168 3362 2473 3417 confirmet
2499 3376 2601 3415 vos
2631 3360 2689 3415 in
2722 3362 2960 3432 paterno
2999 3358 3145 3415 solio
3193 3364 3249 3415 et
3305 3361 3542 3433 propria

112 3465 236 3526 que
264 3467 383 3519 rex,
416 3465 607 3523 neque
634 3449 1133 3522 archiepiscopus,
1157 3448 1277 3505 sive
1307 3449 1444 3517 dux,
1466 3449 1585 3504 sive
1618 3463 1786 3504 mar-

111 3539 297 3608 chio,-
316 3555 429 3595 seu
461 3542 787 3609 comes,aut
814 3538 1268 3605 vicecomes,nec
1291 3535 1405 3593 alia
1434 3537 1553 3592 sive
1574 3552 1789 3610 magna

111 3629 244 3688 sive
265 3645 443 3702 parva
473 3644 725 3700 persona
746 3628 1150 3700 cujuscunque
1166 3626 1471 3699 dignitatis
1502 3625 1591 3681 vel
1630 3626 1787 3682 ordi-

112 3718 240 3785 nis,
265 3722 470 3774 contra
490 3716 596 3773 hoc
619 3721 885 3773 nostrum
910 3715 1276 3790 privilegium
1311 3718 1628 3788 praesumat
1642 3732 1791 3787 prae-

112 3810 305 3865 fatam
325 3805 668 3874 Ecclesium,
717 3810 819 3862 aut
838 3814 915 3875 te,
936 3804 1284 3862 charissima
1305 3805 1787 3871 confrater,tuos-

115 3910 243 3969 que
271 3894 333 3951 in
364 3898 714 3968 perpetuum
745 3909 1113 3951 successores
1143 3893 1215 3949 de
1258 3893 1428 3949 bonis
1461 3893 1586 3948 suis
1621 3892 1785 3948 dein-

122 3983 473 4051 vestire,aut
504 3982 957 4056 inquietare,aut
979 3981 1203 4055 aliquid
1227 3982 1307 4037 ibi
1331 3986 1531 4038 contra
1553 3986 1790 4038 sanctos

134 4089 395 4130 canones
425 4071 892 4139 constituere,vel
923 4071 1196 4127 ordinare
1220 4071 1339 4137 ;sed
1374 4071 1455 4126 ita
1484 4071 1639 4126 sicut
1653 4088 1791 4143 prae-

129 4163 295 4219 dicta
336 4161 619 4231 Ecclesia,
650 4178 776 4234 quae
816 4161 1012 4218 omnia
1064 4159 1519 4233 praalibavimus,
1580 4159 1792 4216 melius

128 4251 440 4308 ﬁrmiuSve
469 4268 504 4307 a
533 4267 649 4307 sua:
683 4250 1121 4307 constitutionis
1155 4248 1322 4305 initio
1344 4249 1790 4319 tenuit,teneas,

135 4339 713 4415 possideasque,tam
742 4344 807 4395 tu
831 4355 1009 4411 quam
1031 4354 1401 4395 successores
1422 4337 1510 4394 tui
1531 4339 1642 4395 sub
1664 4354 1794 4394 con—

133 4428 464 4486 stitutionis
493 4428 672 4500 hujus
701 4428 918 4502 pagina
946 4434 1003 4484 et
1036 4427 1356 4501 apostolica
1385 4428 1708 4485 sanctione.
1734 4426 1793 4484 Si

134 4518 274 4592 quis
302 4516 505 4591 igitur,
539 4517 695 4590 quod
728 4533 844 4573 non
875 4522 1147 4589 optamus
1174 4516 1186 4571 l
1220 4521 1424 4572 contra
1469 4516 1577 4573 hoc
1610 4516 1793 4572 nostri

129 4605 714 4680 privilegiumvenire
746 4605 1075 4676 tentaverit,
1093 4610 1151 4662 et
1173 4605 1345 4661 sicuti
1373 4605 1444 4659 ab
1475 4604 1797 4677 apostolica

135 4693 489 4753 auctoritate
518 4698 873 4767 preceptum
899 4710 966 4751 ac
989 4695 1426 4750 corroboratum
1451 4699 1541 4750 est
1566 4710 1795 4767 perma-

134 4800 278 4841 nere
310 4799 426 4840 non
458 4783 775 4853 dimiserit,
818 4783 965 4840 sciat
1012 4800 1074 4840 se
1129 4783 1522 4840 anathematis
1563 4782 1796 4839 vinculo

138 4873 515 4940 innodatum,
546 4876 604 4930 et
632 4889 767 4929 cum
794 4873 951 4931 Juda
1000 4872 1300 4941 traditore,
1355 4876 1411 4928 et
1462 4872 1684 4933 Dathau
1741 4877 1806 4928 et

136 4963 359 5020 Abiron
390 4966 617 5035 partem
646 4962 1011 5033 babere,nisi
1032 4961 1178 5017 forte
1209 4962 1604 5034 resipuerit,et
1627 4961 1804 5033 digne

134 5050 622 5116 satisfecerit.Qui
653 5066 785 5107 vero
817 5050 913 5124 pio
943 5050 1162 5105 intuitu
1194 5050 1255 5104 in
1287 5049 1565 5106 omnibus
1595 5053 1792 5106 obser-

135 5144 309 5197 vator
337 5139 651 5209 exstiterit,
718 5140 1058 5196 custodiens
1087 5138 1267 5210 hujus
1310 5138 1595 5211 privilegii
1628 5137 1809 5194 nostri

142 5229 570 5297 constituta,ad
593 5227 818 5285 cultum
849 5228 949 5284 Dei
982 5225 1810 5300 respicientis,benedictionis

142 5318 400 5392 gratiam
430 5335 466 5374 a
516 5316 1070 5374 misericordissimo
1128 5314 1379 5373 Domino
1438 5315 1555 5372 Deo
1611 5318 1810 5371 nostro

145 5410 569 5481 consequatur,
603 5410 661 5462 et
686 5405 815 5462 vitae
845 5410 1069 5462 aeternae
1102 5405 1395 5479 particeps
1426 5404 1550 5459 fieri
1588 5420 1809 5459 merea-

145 5502 274 5557 tur.

225 5676 359 5734 Dat.
393 5692 429 5730 v
457 5672 583 5731 Non
614 5672 749 5731 Maii
780 5688 885 5747 per
934 5689 1146 5730 manus
1193 5670 1493 5735 Bernardi,
1529 5670 1811 5763 episcppi

149 5767 214 5831 8.
239 5761 510 5824 Ecclesia
544 5762 916 5835 Peuestrinw,
949 5778 1103 5823 anno
1133 5762 1207 5821 ab
1254 5758 1657 5820 Incarnatione
1698 5758 1811 5819 Do-

1894 3450 2251 3505 haereditate.
2284 3452 2360 3503 At
2388 3449 2594 3503 beatus
2623 3448 2829 3502 Petrus
2860 3447 2935 3502 sit
2949 3446 3112 3502 vobis
3145 3453 3343 3504 custos
3374 3450 3544 3506 etad-

1888 3539 2052 3610 jutor
2081 3555 2312 3610 semper
2340 3537 2399 3591 in
2430 3537 2589 3592 omni
2612 3534 3204 3592 tribulatione.Claret
3234 3537 3389 3594 enim
3421 3543 3544 3596 An-

1896 3626 2126 3701 glorum
2159 3643 2322 3699 reges
2354 3642 2457 3698 pro
2505 3623 2826 3681 reverentia
2848 3626 2903 3679 et
2925 3624 3225 3682 devotione
3249 3644 3428 3699 quam
3446 3644 3544 3685 ex-

1896 3717 2217 3773 hibuerunt
2246 3716 2412 3771 beato
2444 3713 2824 3787 Petro,gloria
2853 3717 2910 3769 et
2938 3712 3160 3770 honore
3183 3714 3548 3788 floruisse,ac

1897 3805 2086 3879 ipsius
2130 3803 2448 3877 patrocinio
2500 3804 2757 3859 famosos
2804 3802 3138 3876 triumphos
3186 3805 3547 3865 obtinuisse:

1898 3895 2070 3966 cujus
2096 3893 2253 3950 beati
2284 3891 2531 3966 apostoli
2563 3892 2810 3961 meritis,
2836 3894 3029 3948 vestro
3051 3892 3343 3950 desiderio
3374 3899 3430 3950 et
3449 3911 3548 3951 vo-

1897 3982 2107 4040 luntati
2136 3982 2506 4055 omnipotens
2535 3982 2690 4038 Deus
2714 3966 2947 4054 prrestet
2964 3982 3320 4052 ell'ectum,et
3339 3984 3551 4040 confir-

1902 4076 2023 4129 met
2051 4072 2215 4128 vobis
2247 4071 2471 4144 paterni
2504 4069 2664 4143 regni
2702 4070 3037 4144 imperium,
3070 4074 3127 4126 et
3148 4071 3371 4129 tribuat
3390 4071 3551 4147 pacis

1901 4163 2361 4218 incrementum:
2398 4164 2454 4215 et
2502 4164 2634 4233 post
2682 4159 2986 4232 praesentis
3040 4160 3168 4215 vita:
3210 4161 3552 4221 decursum.

1903 4251 2183 4324 perducat
2202 4250 2273 4305 ad
2288 4253 2573 4306 zeternurn
2597 4249 2995 4322 permanentis
3024 4248 3553 4324 gloriaeimperium

1901 4346 2272 4397 Renovamus
2301 4355 2459 4411 ergo,
2490 4343 2550 4395 et
2574 4341 3019 4408 conﬁrmamus,
3050 4357 3117 4396 ac
3147 4358 3434 4415 augemus
3454 4334 3565 4400 vo-i

1905 4431 1994 4485 bis
2028 4427 2332 4502 privilegia
2376 4432 2588 4495 vestra,
2646 4429 2867 4484 scilicet
2900 4433 2963 4483 ut
3003 4429 3255 4486 absoluti
3311 4431 3441 4487 sitis
3482 4433 3555 4489 ab

1903 4518 2003 4574 illo
2031 4522 2164 4574 voto
2194 4517 2349 4589 quod
2381 4516 2702 4583 timebatis,
2736 4520 2792 4573 et
2820 4517 2893 4572 ab
2925 4517 3213 4591 ,omnibus
3244 4518 3374 4575 aliis
3422 4536 3555 4591 pec-

1905 4607 2050 4664 catis
2079 4611 2136 4662 et
2164 4606 2575 4679 iniquitatibus
2605 4605 2833 4673 vestris,
2866 4606 3214 4661 auctoritate
3264 4606 3424 4663 illius
3454 4607 3558 4680 qui

1825 4715 1873 4781 D
1906 4713 2021 4764 me,
2054 4694 2190 4751 licet
2218 4694 2553 4767 indignum,
2587 4711 2705 4749 sum
2740 4697 2942 4749 sancta
2969 4710 3219 4765 praeesse
3241 4693 3429 4750 voluit
3455 4696 3556 4751 Ec-

1908 4784 2117 4841 clesia).
2149 4783 2434 4840 Praeterea
2464 4782 2550 4837 illi
2580 4781 2726 4849 loco,
2761 4799 2936 4854 quem
2969 4782 3079 4837 sub
3110 4783 3345 4839 nomine
3389 4801 3563 4841 sanc-

1914 4879 1984 4931 tae
2010 4873 2362 4947 paenitentiae
2393 4870 2869 4927 constituendum
2895 4875 2953 4926 et
2982 4870 3410 4929 meliorandum
3439 4890 3568 4930 sus-

1918 4963 2178 5036 cepistis,
2209 4961 2508 5033 quoniam,
2542 4964 2606 5015 ut
2636 4960 3035 5031 fertur,primo
3069 4960 3397 5033 antiquitus
3428 4980 3567 5020 con-

1919 5051 2302 5110 secrationem
2332 5067 2367 5105 a
2394 5050 2563 5106 beato
2585 5048 2751 5105 Petro
2783 5049 3023 5122 accepit,
3056 5050 3393 5121 cujus,licet
3420 5053 3573 5109 indi-

1920 5142 2041 5215 gni,
2072 5139 2269 5195 vicarii
2307 5154 2536 5208 sumus,
2571 5141 2627 5193 et
2661 5136 2801 5210 quia
2830 5138 2991 5211 regia
3040 5140 3371 5212 antiquitus
3401 5142 3573 5199 sedes

1919 5235 2028 5299 est,
2060 5246 2130 5287 ex
2156 5227 2498 5303 auctoritate
2525 5226 2627 5282 Dei
2659 5231 2716 5282 et
2770 5231 3110 5283 sanctorum
3144 5229 3568 5301 apostolorum,

1921 5324 2098 5392 atque
2125 5317 2304 5387 hujus
2336 5321 2609 5372 Romanae
2642 5314 2822 5385 sedis,
2856 5320 2914 5372 et
2946 5317 3570 5385 nostra,concedimus,

1920 5404 3572 5482 permittimus,etsolidissimeconfirmamus,utamplius

1923 5499 1982 5553 in
2013 5499 2362 5569 perpetuum
2395 5494 2563 5568 regiae
2585 5494 3025 5551 constitutionis
3048 5493 3603 5557 etconsecratiouim

1920 5584 2087 5641 locus
2112 5582 2209 5647 sit,
2242 5586 2420 5654 atque
2449 5579 2859 5654 repositorium
2911 5578 3193 5653 regalium
3227 5578 3575 5652 insignium,

1924 5679 1982 5730 et
2004 5670 2283 5727 habitatio
2306 5676 2583 5743 perpetua
2608 5667 3149 5738 monach‘orum,qui
3178 5667 3578 5727 nulliomnino

1926 5775 2188 5843 personas
2213 5757 2330 5819 nisi
2360 5757 2483 5839 regi
2515 5757 2867 5829 subdantur,
2917 5755 3288 5832 habeantque
3316 5758 3580 5831 potesta.

1898 5892 1906 5922 ι

3592 6069 3650 6107 Γι-
