4630 6384
1129 448 1289 518 1359
2466 439 2775 522 NICQLAI
2818 437 2871 499 ιι
2912 435 2957 496 p

2751 440 2775 499 Ι
2818 437 2871 499 II
2912 434 3167 500 ΡΔΡΛΞ.
4391 420 4579 483 1360

1129 585 1272 650 tem,
1303 580 1629 637 secundum
1661 579 1919 652 regulam
1951 577 2136 632 sancti
2169 573 2483 638 Benedicti,
2515 590 2616 645 per
2635 588 2763 626 suc-
2791 574 2856 635 A‘
2877 584 3062 638 neque
3093 582 3222 621 cum
3256 565 3339 620 eis
3371 565 3493 620 sine
3522 564 3856 620 testimonio
3899 561 4160 652 legitimo
4223 556 4576 652 habitent,

1131 669 1426 728 cessiones
1454 666 1666 740 eligere
1695 649 1762 722 ei
1781 683 1840 721 se
1872 666 2108 720 idoneos
2139 664 2414 719 abbales:
2449 677 2635 732 neque
2666 660 2758 714 in-
2873 661 2973 720 aut
3003 655 3316 712 Ecclesium
3351 671 3482 708 cum
3515 653 3820 708 ordinibus
3851 650 3976 707 suis
3998 649 4313 745 amittant.
4406 733 4422 745 .

1130 759 1473 816 traducatur
1500 737 1605 828 per
1631 753 1960 810 violentiam
1992 756 2262 807 extranea
2309 765 2579 822 persona,
2645 746 2757 802 nisi
2944 744 3030 799 IV.
3067 743 3138 798 Ut
3173 741 3511 814 presbyteri,
3544 746 3600 796 et
3625 740 3874 806 diaconi,
3924 744 3980 794 et
4036 737 4454 828 subdiaconi,

1133 861 1309 920 quam
1341 821 1580 901 concors
1610 841 1976 914 congregatio
2007 857 2134 896 esse
2156 821 2526 912 praeelegerit.
2551 835 2758 892 Absol-
2868 848 3070 888 omnes
3103 831 3200 903 qui
3233 830 3492 885 canonici
3523 833 3684 895 sunt,
3717 845 3924 884 uxores
3968 845 4083 883 non
4134 825 4460 882 habeant.

1130 911 1326 991 vimus
1351 931 1523 988 etiam
1555 945 1688 986 eum
1713 911 1904 985 locum
1937 928 2008 984 ab
2039 911 2196 984 omni
2230 926 2463 982 servitio
2496 929 2552 980 et
2581 923 2762 980 domi~
2869 921 2916 976 si
2949 921 3607 992 duxerint,deponantur
3635 923 3692 973 et
3720 916 4190 974 aeanonicorum
4225 911 4574 968 consortio

1134 1021 1366 1078 natione
1393 1016 1728 1090 episcopali,
1763 1021 1826 1072 ut
1844 1015 2040 1074 nullus
2071 1015 2378 1088 episcopus
2409 1011 2546 1069 illuc
2575 1011 2760 1067 intro-
2871 1013 3238 1080 separentur.
3913 1001 3918 1006 ’

1131 1112 1226 1166 eat
1253 1107 1644 1171 ordinaturus,
1672 1109 1772 1160 aut
1800 1108 2195 1176 prazcepturus
2236 1102 2479 1174 aliquid,
2527 1100 2640 1156 nisi
2693 1116 2761 1155 ex

1132 1196 1412 1270 petitione
1439 1197 1498 1249 et
1543 1208 1826 1250 consensu
1859 1191 2090 1247 abbatis
2139 1194 2194 1246 et
2225 1189 2661 1246 monachorum.
2694 1187 2762 1241 Et

1131 1283 1342 1340 habeat
1369 1283 1523 1338 idem
1543 1281 1704 1339 locus
1727 1280 1976 1336 liberum
2001 1278 2450 1352 procinctum,id
2476 1282 2563 1332 est
2584 1274 2762 1331 ambi-

1131 1377 1258 1436 tum
1287 1375 1346 1427 et
1373 1369 1766 1428 eoemeterium
1805 1374 2162 1424 mortuorum
2215 1367 2366 1422 circa
2413 1383 2492 1431 se,
2544 1366 2762 1434 absque

1132 1457 1443 1534 episcopali
1467 1457 1556 1514 vel
1586 1455 1901 1528 cujuslibet
1929 1459 2192 1528 respectu
2223 1455 2310 1510 vel
2359 1453 2677 1516 exactione,
2709 1455 2764 1504 et

1133 1547 1330 1605 omnia
1357 1562 1486 1618 quae
1516 1546 1587 1600 ad
1618 1545 1944 1600 libertatem
1967 1549 2023 1599 et
2041 1543 2445 1599 exultationem
2477 1539 2634 1595 illius
2653 1537 2762 1592 loci

1135 1635 1210 1692 ad
1237 1633 1518 1689 honorem
1549 1632 1649 1688 Dei
1681 1631 2030 1704 pertinentia
2059 1647 2160 1702 per
2180 1635 2436 1685 nostram
2461 1627 2762 1682 auctorita-

1137 1727 1255 1780 tem
1285 1723 1553 1778 accedere
1585 1724 1850 1792 possunt,
1882 1719 2050 1774 hilari
2103 1724 2276 1790 atque
2329 1715 2766 1789 promptissima

2937 1097 3006 1152 V.
3041 1097 3111 1152 Ut
3140 1096 3394 1151 ecclesiae
3417 1100 3472 1150 et
3495 1094 3699 1150 altaria
3720 1111 3825 1150 nec
3846 1094 4178 1150 vendantur
4193 1109 4316 1149 nec
4343 1107 4575 1148 eman-

2869 1185 3094 1250 tur.Qui
3127 1190 3323 1240 autem
3355 1183 3558 1238 amodo
3589 1183 3944 1238 vindiderint
3974 1187 4075 1238 aut
4097 1182 4573 1248 emcrint,ana-

2867 1272 3109 1327 themati
3139 1267 3546 1342 subiacebu'nt.

2940 1360 3030 1414 VI.
3065 1361 3134 1415 Ut
3165 1360 3416 1432 episcopi
3453 1367 3506 1416 et
3535 1360 3726 1416 clerici
3777 1378 3940 1416 arma
3965 1377 4080 1416 non
4106 1360 4575 1430 ferant,neque

2870 1449 3100 1504 venatui
3135 1465 3320 1520 neque
3359 1449 3606 1520 aucupio
3639 1449 4130 1520 studeant,neque
4161 1445 4422 1504 tabulis
4461 1451 4574 1502 aut

2868 1536 3106 1592 tesseris
3139 1536 3366 1591 ludant.

2943 1625 3061 1679 VII.
3097 1625 3167 1678 Ut
3199 1625 3455 1696 episcopi
3476 1627 3786 1680 canonicos
3809 1625 4102 1681 velol‘ﬁcia
4123 1625 4574 1681 ecclesiastica

2873 1730 2985 1767 non
3020 1714 3293 1781 vendant,
3324 1717 3380 1768 et
3409 1713 3478 1767 de
3529 1714 4063 1770 consecrationibus
4112 1715 4571 1780 ecclesiarum,

1137 1811 1432 1868 voluntate
1477 1809 1870 1864 concedimus.
1915 1807 2318 1863 Posscssiones
2369 1809 2560 1860 autem
2621 1819 2765 1874 quas
2874 1808 2974 1856 aut
3012 1801 3480 1856 ordinationibus
3505 1802 3986 1874 clericorum,ipsi
4017 1807 4074 1858 et
4095 1803 4306 1858 clerici
4333 1819 4572 1860 eorum

1139 1897 1364 1972 antiqui
1395 1912 1560 1970 reges
1591 1912 1690 1951 seu
1722 1895 2056 1966 quicunque
2085 1895 2180 1949 alii
2210 1894 2603 1958 homines,vos
2625 1908 2764 1962 quo-
2799 1934 2845 1998 B
2878 1889 3023 1943 nihil
3056 1890 3306 1960 exigant.

1340 1989 1350 1998 .
1491 1985 1560 1998 ..
1592 1985 1606 1998 .
1945 1984 1960 1998 .
2161 1983 2175 1998 .
2329 1983 2338 1998 .
2946 1977 3066 1998 mn
3121 1978 3186 1998 ττ.

1139 2003 1272 2060 que,
1303 1989 1360 2042 et
1388 1985 1561 2044 vestri
1592 1985 1858 2050 barones,
1892 1984 1964 2039 ad
2004 1983 2274 2038 eumdem
2325 1983 2515 2037 locum
2562 1985 2768 2034 eontu-
2800 1977 2845 1998 ”
2946 1977 3087 2032 VIII.
3121 1978 3194 2033 Ut
3223 1979 3474 2034 ecclesia:
3510 1997 3608 2050 per
3638 1981 3886 2052 pretium
3919 1999 3952 2036 a
3982 1980 4356 2044 Simoniacis
4417 1997 4573 2036 con-

1137 2074 1312 2142 listis,
1343 2077 1400 2130 et
1428 2073 1659 2130 chartas
1689 2089 1813 2145 quae
1843 2088 1911 2128 ex
1940 2072 2024 2128 eis
2057 2071 2216 2127 factae
2265 2075 2421 2135 sunt,
2473 2067 2666 2124 divina
2713 2070 2769 2122 et
2878 2070 3110 2122 secratze
3141 2067 3330 2121 denuo
3361 2074 3792 2124 consecrentur.

1140 2167 1338 2225 nostra
1365 2161 1708 2218 auctoritate
1735 2161 2096 2228 roboramus,
2127 2165 2183 2214 et
2213 2163 2368 2215 ratas
2416 2175 2481 2214 ac
2529 2155 2768 2212 stabiles

1140 2266 1268 2309 esse
1296 2248 1664 2308 decernimus
1689 2267 1703 2317 ;
1737 2252 1793 2304 et
1823 2248 2167 2304 infractores
2195 2245 2508 2312 earum,vel
2541 2244 2766 2298 invaso-

1143 2355 1256 2407 res,
1285 2337 1374 2394 vel
1403 2337 1808 2404 diminutores,
1860 2340 1960 2392 aut
2011 2337 2387 2408 dispersores,
2447 2333 2770 2390 venditores

1145 2425 1975 2494 etlam,a3ternamaledictione
1989 2441 2118 2478 cum
2133 2424 2286 2479 Juda
2300 2421 2588 2494 proditore
2610 2421 2770 2474 dam-

1149 2531 1378 2584 namus,
1409 2517 1474 2568 ut
1502 2513 1560 2568 in
1590 2517 1754 2568 beata
1782 2516 2003 2584 partem
2031 2529 2145 2566 non
2185 2511 2434 2566 habeant
2488 2524 2770 2564 resurrcc«

1148 2603 1323 2669 tione,
1355 2601 1455 2657 sed
1487 2618 1520 2656 a
1567 2600 1734 2656 beato
1781 2601 1945 2656 Petro
1999 2599 2256 2672 apostolo
2317 2615 2376 2653 se
2428 2596 2772 2668 judicandos

2950 2154 3039 2208 1X.
3075 2153 3145 2208 Ut
3175 2157 3492 2227 presbyteri
3525 2161 3581 2212 et
3601 2173 3804 2213 omnes
3831 2162 4088 2230 tempore
4110 2157 4355 2216 Nicolai
4385 2175 4569 2231 papa

2879 2259 3064 2313 usque
3097 2259 3247 2296 nunc
3278 2249 3333 2298 et
3363 2244 3632 2316 deinceps
3663 2245 3914 2302 scienter
3943 2245 4198 2302 oriinati
4251 2263 4293 2302 a
4350 2247 4568 2304 Simo-

2880 2329 3062 2385 niacis
3093 2331 3280 2385 sciant
3313 2349 3372 2386 se
3404 2349 3515 2386 non
3576 2349 3704 2388 esse
3751 2334 4076 2403 ordinatos,
4130 2340 4190 2390 et
4249 2335 4570 2410 deinceps

2883 2433 2994 2471 non
3027 2417 3186 2471 flant.

2954 2505 3016 2558 X.
3055 2506 3122 2559 lit
3151 2506 3467 2562 Dominicis
3499 2508 3704 2562 diebus
3738 2515 3992 2566 mercata
4036 2529 4152 2566 non
4215 2512 4405 2578 fiant,
4468 2529 4569 2568 ex-

2882 2593 3062 2664 ceptis
3095 2595 3306 2649 annuis
3343 2595 3516 2665 feriis,
3550 2601 3606 2652 et
3636 2615 3759 2669 qum
3791 2600 3861 2653 ad
3888 2600 4104 2654 victum
4135 2602 4494 2672 pertinent.

1148 2691 1356 2758 sciant,
1390 2689 1622 2762 quando
1651 2689 1872 2744 sedebit
1901 2704 2033 2743 cum
2067 2689 2191 2742 suis
2243 2685 2589 2758 coapostolis
2611 2683 2775 2754 judi-

1147 2795 1287 2840 cans
1318 2776 1622 2832 duodecim
1653 2775 1840 2833 tribus
1873 2775 2252 2832 lsrael.Vohis
2281 2791 2412 2828 vero
2445 2779 2501 2829 et
2533 2771 2774 2845 posteris

1145 2865 1356 2929 vestris
1371 2864 1606 2938 regibus
1623 2863 1902 2922 committi
1914 2880 2044 2918 mus
2057 2863 2487 2918 advocationem
2501 2865 2556 2916 et
2578 2859 2776 2914 tuitio-

1149 2969 1284 3012 nem
1313 2953 1572 3026 ejusdem
1601 2951 1733 3020 loci,
1765 2955 1822 3008 et
1851 2952 2114 3008 omnium
2138 2951 2314 3006 totius
2355 2949 2572 3021 Anglia:
2599 2947 2776 3004 eccle-

1153 3040 1399 3106 siarum,
1425 3042 1490 3094 ut
1518 3039 1638 3094 vice
1669 3040 2030 3093 nostra-cum
2079 3036 2318 3092 consilio
2374 3035 2776 3107 episcoporum

1153 3131 1210 3186 et
1239 3127 1518 3190 abbatum
1549 3125 1914 3181 constituatis
1961 3125 2177 3195 ubique
2235 3141 2359 3196 quae
2411 3124 2574 3194 justa
2621 3125 2780 3188 sunt,

1156 3216 1372 3275 sciente
1401 3231 1503 3288 pro
1533 3215 1609 3285 [al
1638 3213 1759 3286 per]
1790 3213 1897 3268 hoc
1925 3230 2026 3269 vos
2074 3218 2407 3284 recepturos
2455 3210 2780 3266 mercedem

2954 2683 3282 2737 XLScimus
3314 2685 3547 2755 quidem
3583 2685 3746 2741 laicis
3779 2685 4056 2742 ecclesias
4107 2688 4372 2745 omnino
4445 2707 4571 2746 non

2885 2776 3225 2842 competere.
3257 2772 3365 2826 Sed
3399 2773 3494 2826 ubi
3529 2773 3608 2827 illi
3643 2791 3709 2828 ex
3743 2779 3860 2830 toto
3893 2776 4106 2830 auferri
4139 2793 4258 2832 non
4285 2785 4573 2849 possunt

2885 2857 3088 2913 saltem
3121 2860 3442 2914 oblationes
3476 2863 3788 2918 missarum
3820 2868 3878 2918 et
3907 2863 4182 2922 altarium
4215 2865 4408 2923 laicis
4443 2885 4576 2924 om-

2889 2945 3028 3000 nino
3059 2947 3456 3018 prohibemus.

2961 3034 3080 3090 ΧἸΙ.
3113 3035 3190 3090 De
3221 3038 3564 3093 CGJIllClel‘llS
3595 3043 3788 3096 autem
3821 3044 3877 3095 et
3905 3041 4210 3113 sepultura
4241 3047 4304 3103 et
4349 3045 4572 3118 bapti-

2889 3123 3082 3179 steriis
3113 3125 3466 3181 exactionem
3501 3127 3622 3183 ﬁeri
3647 3129 3884 3186 omnino
3907 3129 4322 3200 prohibemus.

2962 3211 3106 3266 XIII.
3135 3213 3190 3266 Si
3215 3213 3345 3284 quis
3368 3214 3422 3267 in
3437 3217 3514 3268 ira
3531 3215 3842 3286 septimum
3859 3219 4420 3290 consanguinitatis
4435 3239 4575 3296 gra-

1157 3304 1232 3360 ab
1257 3319 1324 3360 eo
1355 3303 1524 3376 cujus
1557 3317 1800 3373 regnum
1831 3305 1887 3356 et
1913 3300 2222 3373 imperium
2253 3317 2369 3356 non
2410 3299 2633 3356 desinet
2679 3314 2783 3353 nec
2816 3293 2857 3360 C
2895 3301 3035 3354 dum
3070 3317 3304 3356 uxorem
3337 3301 3527 3372 habet,
3561 3309 3664 3358 aut
3694 3303 3966 3376 deinceps
4015 3305 4270 3376 duxerit,
4307 3310 4396 3366 ab
4434 3293 4572 3384 ἐρί-

1151 3391 1452 3450 minuetur
1470 3389 1530 3445 in
1561 3387 1860 3446 saeculum.
1895 3388 2109 3445 Valete.

1844 3495 2082 3551 XXXVI.

1147 3583 1375 3652 Νίσοιαί
1403 3585 1456 3642 II
1475 3599 1637 3657 papae
1658 3585 2011 3658 privilegium
2063 3599 2160 3656 pro
2207 3583 2432 3640 Aldredo
2461 3583 2783 3638 Eboracensi

1749 3656 2170 3727 archiepiscopo.

1635 3743 1886 3816 fragm.
1919 3747 2084 3798 Anno
2115 3743 2296 3814 4061.)

1149 3830 1428 3906 [Stubbs,
1459 3832 1589 3888 Acta
1615 3832 1814 3902 pontif.
1846 3831 2016 3886 Ebor.
2044 3847 2136 3904 ap.
2167 3834 2466 3897 vasoes,
2501 3832 2642 3885 Hist.
2673 3830 2779 3884 An-

1321 3922 1454 3994 glic.
1495 3920 1692 3992 Script.
1727 3917 1989 3987 Londini,
2023 3919 2182 3986 4652,
2213 3919 2310 3976 fol.
2345 3921 2386 3987 Ι,
2422 3918 2603 3993 170l.]

1213 4009 1503 4066 NIGOLAUS
1530 4007 2070 4082 episcopus,servus
2101 4023 2399 4063 servorum
2431 4008 2551 4077 Dei,
2571 4006 2777 4062 dilecto
2852 4019 2862 4027 '

1147 4096 1422 4154 confratri
1445 4100 1503 4153 et
1525 4095 1862 4168 coepiscopo
1894 4100 2185 4164 Amm-mo,
2209 4095 2555 4151 Eboracensi
2587 4095 2776 4150 archi-

1146 4184 1416 4258 episcopo
1440 4183 1764 4257 apostolicae
1786 4182 2205 4240 benedictionis
2225 4183 2589 4258 privilegium
2611 4189 2659 4240 cl
2687 4202 2776 4240 sa-

1147 4271 1418 4338 lutem,et
1445 4288 1546 4345 per
1574 4288 1704 4328 eum
1733 4288 1850 4328 suae
1881 4270 2144 4328 Ecclesia:
2167 4272 2408 4342 suisque
2429 4273 2776 4328 successori-

1146 4359 1259 4418 bus
1289 4359 1560 4418 canonice
1589 4359 1998 4434 promovendis
2026 4359 2084 4415 in
2116 4365 2478 4432 perpetuum.

1215 4447 1362 4516 Quia
1393 4449 1714 4506 divinitatis
1735 4447 1961 4504 occulta
1988 4448 2369 4522 dispensatio,
2391 4453 2500 4504 etc.

1684 4524 1688 4528 ’
1819 4535 2114 4591 XXXVIII.

1580 4626 1806 4681 Decreta
1833 4625 2044 4680 Nicolai
2057 4625 2109 4679 II
2131 4638 2310 4696 papae.

1559 4715 1778 4782 [tamen
1812 4711 2013 4767 Concil.
2046 4710 2191 4779 XIX,
2221 4711 2366 4780 875].

1213 4805 1382 4858 Anno
1410 4799 1599 4876 primo
1633 4799 1877 4871 Philippi
1926 4798 2098 4872 regis.
2132 4799 2260 4854 Haec
2307 4805 2445 4856 sunt
2489 4807 2775 4876 praecepta

1145 4888 1364 4946 Nicolai
1395 4905 1556 4963 papa
1587 4888 1644 4942 in
1677 4886 1996 4944 canonibus
2028 4887 2208 4944 sacris
2239 4887 2495 4945 vicissim
2527 4897 2772 4963 reperta,

1148 4987 1276 5048 que
1306 4979 1568 5032 Romana
1597 4975 1849 5030 Ecclesia
1877 4976 2163 5048 praecipue
2193 4979 2401 5034 asserit
2422 4983 2633 5035 tenere.

1218 5061 1262 5119 Ι.
1295 5062 1552 5118 Primum
1589 5063 1818 5136 quidem
1853 5069 2038 5136 utpax
2062 5070 2119 5120 et
2143 5081 2316 5138 regna
2341 5066 2570 5122 Domini
2591 5068 2778 5122 elide-

1144 5147 1304 5207 libus
1335 5149 1678 5208 Christianis
1707 5157 1932 5224 reperta
1958 5158 2014 5208 et
2043 5151 2456 5220 laudata,sieut
2483 5153 2782 5230 Scriptura

1143 5237 1458 5308 habentur,
1490 5240 1570 5296 ita
1599 5240 1842 5297 ﬁrmiter
1885 5245 2212 5311 teneantur,
2265 5243 2604 5298 infractores
2647 5261 2780 5300 vero

1145 5328 1516 5386 anathemate
1548 5329 1846 5386 feriantur.

1216 5415 1284 5472 ll.
1318 5415 1390 5472 Ut
1419 5416 1616 5473 nullus
1645 5419 1954 5490 epiSCOpus
1983 5417 2069 5472 vel
2104 5417 2403 5490 presbyter
2448 5435 2778 5478 excommu-

1148 5501 1341 5564 nicato
1371 5503 1611 5565 alterius
1641 5504 1728 5560 vel
1751 5522 1859 5561 suo
1891 5505 2141 5560 scienter
2178 5507 2584 5565 communicet.
2618 5511 2777 5574 Quod

1150 5587 1202 5644 si
1235 5588 1606 5656 fecerit,sciat
1621 5591 2069 5664 sibigradussui
2101 5591 2421 5662 periculum
2454 5595 2776 5656 imminere.

1223 5673 1323 5761 Ill.
1359 5675 1774 5759 Ut,presbyteri
1803 5676 2099 5752 conjugati
2123 5683 2224 5737 aut
2244 5697 2451 5742 uxores
2480 5686 2780 5746 dimittant

2891 3403 3063 3460 scopo
3095 3405 3198 3443 suo
3230 3406 3356 3443 eam
3406 3390 3698 3446 dimittere
3726 3393 4002 3450 canonice
4027 3395 4469 3468 compellatur.
4510 3400 4572 3457 Si

2889 3493 3021 3532 vero
3052 3477 3282 3533 obedire
3316 3479 3587 3547 noluerit,
3618 3483 4178 3539 excommunicetur.

2962 3565 3105 3620 XIV.
3139 3567 3210 3621 Ut
3241 3567 3437 3623 nullus
3466 3569 3647 3624 abbas
3687 3570 4052 3627 obedientias
4103 3589 4248 3630 suas
4301 3577 4564 3648 vendat,

2890 3671 3077 3726 neque
3109 3655 3302 3710 nullus
3333 3657 3654 3712 monachus
3687 3664 3843 3714 emat
3874 3661 4262 3720 obedientias.
4300 3665 4492 3729 Quod
4517 3669 4567 3724 si

2890 3745 3387 3816 przesumpserint,
3419 3747 3650 3818 utrique
3680 3747 3882 3803 ordine
3929 3749 4244 3822 ofﬁcioque
4277 3761 4564 3826 careant,

2890 3831 3027 3902 quia
3058 3832 3382 3917 Simoniace
3411 3839 3610 3904 agunt.
3645 3835 3712 3889 Et
3741 3835 4012 3892 monachi
4053 3841 4380 3911 pr0prium
4431 3861 4564 3902 om-

2891 3919 3025 3974 nino
3058 3938 3169 3976 non
3205 3921 3474 3977 habeant.

2959 4007 3072 4064 XV.
3106 4009 4262 4089 Abbatibus,prarsbyteris,ministrisque
4295 4022 4460 4092 quid
4493 4025 4565 4082 de

2889 4097 3061 4152 rebus
3101 4097 3508 4154 ecclesiasticis
3525 4099 3610 4154 vel
3629 4117 3791 4156 sacro
3813 4102 4138 4160 ministerio
4161 4105 4446 4170 alienare
4469 4114 4558 4169 vel

2887 4184 3142 4257 obligare
3156 4187 3374 4259 absque
3389 4188 3678 4259 permissu
3693 4195 3748 4244 et
3763 4191 4194 4264 subscriptione
4207 4205 4558 4260 conventus

2886 4273 2976 4328 sui
3011 4273 3151 4329 nihil
3180 4275 3537 4340 liceat.Quod
3570 4278 3667 4348 qui
3695 4281 4558 4358 prasumpserit,degradetur

2886 4365 3294 4420 communione
3315 4382 3590 4420 concessa
3614 4368 3854 4438 :etquod
3868 4371 4084 4425 temere
4097 4385 4558 4452 praisumptum

2885 4456 2974 4506 est
3001 4456 3055 4507 et
3085 4451 3399 4509 alienatum
3429 4453 3790 4511 ordinatione
3807 4456 3899 4512 sui
3921 4458 4182 4532 episcopi
4205 4451 4552 4527 revocetur.

3581 4541 3817 4598 XXXIX.

2801 4655 2848 4720 D
2890 4625 3133 4720 Geniiafii
3165 4631 3444 4720 nemora-r13
3469 4631 3860 4720 archiepistpi
3886 4637 4118 4720 epistola
4148 4638 4221 4720 {id
4245 4641 4558 4720 Nicolaum

2950 4699 3002 4752 11
3039 4714 3258 4784 papam:
3285 4733 3359 4784 ,τ-
3389 4704 3608 4784 (iratius
3653 4699 3768 4784 egit
3798 4699 4281 4784 deibcnignitalc
4344 4699 4555 4784 ιερἆὲῗὲ

2957 4771 3079 4846 suis
3095 4771 3368 4846 Aer/tilum.
3401 4775 3474 4846 De
3503 4773 3652 4828 obitu
3685 4771 3914 4829 chrz'm'
3934 4771 4090 4846 regi?
4105 4779 4294 4838 dolere
4347 4771 4431 4843 se"
4466 4771 4554 4844 63L

2950 4841 3143 4922 tendit,
3173 4859 3237 4895 ac
3263 4844 3592 4912 pontiﬁcem,
3623 4847 3674 4899 si
3698 4848 3756 4899 in
3791 4841 4040 4904 Galliam
4077 4855 4324 4922 venerit,
4359 4841 4554 4916 debito

2954 4925 3077 4964 cum
3105 4911 3304 4967 honore
3331 4911 3724 4984 sustepturum.

3160 5041 3168 5048 ,
3279 4984 3508 5054 [Manen
3545 4988 3753 5044 Concil.
3789 4987 3928 5054 XIX,
3959 4991 4112 5063 874.]

2963 5066 3451 5162 Excellentissimo
3475 5073 3626 5128 Patri
3650 5074 3884 5131 Patrum
3903 5083 3960 5132 et
3979 5080 4406 5154 episcoporum
4421 5091 4554 5162 epi-

2889 5172 3060 5226 scopo
3091 5157 3351 5228 Nicomo,
3381 5161 3706 5218 Gnmusms
3746 5165 3940 5220 dictus
3989 5169 4308 5244 episcopus
4362 5157 4552 5236 fidele

2889 5243 3186 5303 servitium
3217 5264 3350 5304 cum
3383 5251 3714 5322 exiguitatis
3745 5269 3884 5307 mea:
3917 5243 4312 5317 orationibus.

2959 5337 3184 5392 Gratias
3223 5354 3330 5408 ago
3370 5339 3573 5393 divinae
3607 5341 3860 5410 primum
3889 5345 4332 5416 pietati,vestrae
4359 5355 4548 5412 etiam

2889 5424 3104 5494 optime
3117 5425 3688 5493 Pater,mediocritati
3705 5431 3856 5500 quod
3878 5449 3989 5488 non
4007 5438 4241 5493 tantum
4257 5445 4432 5512 apud
4446 5459 4552 5501 vos

2889 5517 3286 5568 accusatorum
3312 5533 3570 5570 meorum
3599 5515 3776 5570 valuit
3797 5518 4102 5590 delatio,ut
4127 5543 4244 5581 non
4276 5533 4550 5589 veridica

2891 5599 3209 5672 legatorum
3244 5607 3574 5658 nostrorum
3606 5603 4012 5664 admitteretur
4057 5616 4399 5691 excusatio,
4446 5638 4548 5678 nec

2888 5688 3203 5762 apostolica
3232 5707 3479 5751 censura
3507 5691 3650 5749 mihi
3684 5701 3918 5768 negaret
3947 5688 4460 5786 misericordiam,
4491 5711 4548 5772 in
