3898 6430
186 437 308 498 269

1422 438 1827 501 exrosmo
1870 439 2381 503 PSALMORUM.
3226 418 3229 421 ’
3452 445 3550 506 -γι

187 578 259 630 22
336 572 586 641 Quantas
633 569 913 627 ostendisti
950 569 1093 626 mihi
1139 570 1518 628 tribulationes
1560 571 1760 628 multas
1796 578 1847 629 et
1872 573 1926 640 Α
1956 588 2169 646 semper
2196 571 2673 630 meditationibus
2713 572 3002 630 bonorum
3031 571 3365 633 insinuator
3392 586 3594 633 exerce

396 660 624 717 malas?
653 668 704 715 et
729 674 1016 715 conversus
1043 659 1333 731 viviﬁcasti
1362 675 1447 716 me
1467 678 1485 715 :

324 751 393 806 Et
420 750 491 807 de
518 751 730 823 abyssi:
757 756 922 805 terrae
950 750 1151 803 iterum
1179 748 1450 805 reduxisti
1477 766 1581 804 me.

252 840 294 895 Ο
325 840 614 907 Quantas,
645 838 756 894 sub
786 838 1169 894 admiratione
1198 836 1509 910 legendum
1540 841 1648 905 est,
1670 837 1839 909 quasi

181 926 653 986 innumerabiles
668 927 1002 1000 passiones;
1024 927 1162 998 quia
1178 925 1449 982 ﬁdelibus
1466 926 1537 982 ad
1559 941 1836 998 praesens,

181 1019 365 1074 duras
393 1015 808 1073 tribulationes
856 1015 1133 1070 ostendit.
1157 1014 1371 1071 Multas
1417 1031 1574 1087 ergo,
1607 1014 1837 1087 quanti-

180 1110 365 1162 tatem
392 1102 641 1170 :‘malas,
660 1101 878 1158 indicat
897 1101 1258 1174 qualitatem.
1273 1103 1615 1169 Conversus,
1638 1101 1695 1156 id
1726 1105 1834 1168 est,

181 1193 443 1251 converti
496 1208 592 1248 me
647 1192 865 1259 fecisti;
907 1192 1049 1263 quia
1091 1191 1371 1247 distortus
1429 1192 1653 1246 fueram
1710 1190 1835 1264 lege

180 1282 428 1355 peccati.
454 1274 772 1337 Sciendum
802 1280 1005 1352 utique
1036 1285 1142 1347 est,
1170 1280 1325 1335 idem
1352 1280 1561 1335 iterum
1593 1279 1833 1344 dictum,

178 1376 243 1426 ut
273 1369 575 1427 medicina
600 1368 840 1435 Christi,
872 1368 1230 1441 frequentior
1265 1369 1570 1430 indicetur.
1599 1369 1699 1440 qui
1731 1385 1837 1424 nos

175 1459 248 1516 de
275 1458 514 1533 abysso,
544 1458 605 1513 id
637 1461 745 1527 est,
778 1458 851 1513 de
893 1456 1287 1529 profunditate
1328 1462 1694 1529 peccatorum
1736 1473 1838 1528 per

179 1547 404 1604 multas
434 1547 816 1604 remissiones
848 1546 1067 1602 eduxit.

175 1651 248 1706 23
323 1651 703 1724 Huitipticasti
730 1651 1196 1722 magniﬁcentiam
1227 1659 1377 1706 tuam
1409 1670 1424 1704 :

321 1739 391 1795 Et
416 1753 708 1795 conversus
734 1739 1038 1795 consolatus
1064 1755 1119 1795 es
1145 1755 1248 1794 me.

250 1827 293 1883 C
324 1825 679 1901 Multiplicat
714 1827 1234 1899 magniﬁcentiam,
1263 1828 1496 1899 quando
1537 1827 1704 1883 nobis
1734 1842 1837 1899 per

180 1916 447 1973 diversas
491 1931 704 1972 causas
753 1915 1137 1972 ai‘ﬂictionum
1184 1902 1491 1971 subvenire
1540 1915 1900 2003 dignatur.B

177 2010 507 2061 Conversus
527 2003 865 2061 consolatus
889 2020 951 2060 es
978 2020 1091 2071 me,
1116 2004 1223 2060 hoc
1248 2009 1357 2070 est,
1387 2007 1639 2059 mentem
1662 2019 1836 2059 sanas

179 2093 431 2150 diversis
461 2091 845 2166 languoribus
885 2092 1207 2148 sauciatam
1244 2110 1256 2148 :
1290 2109 1465 2147 sanas
1496 2108 1626 2147 vero
1671 2108 1835 2147 men-

179 2186 297 2238 tem
329 2180 644 2238 revelando
674 2186 732 2238 et
759 2180 1089 2237 divinarum
1120 2182 1551 2253 Scripturarum
1582 2179 1835 2252 alloquio

180 2270 564 2328 consolando.

178 2379 247 2433 24
318 2378 461 2433 Nam
491 2384 545 2432 et
572 2392 667 2448 ego
697 2377 993 2449 conﬁtebor
1017 2379 1120 2432 tibi
1150 2378 1209 2431 in
1239 2378 1379 2431 vasis
1402 2377 1609 2448 psalmi
1634 2378 1833 2433 verita-

393 2474 506 2522 tem
530 2473 702 2533 tuam,
735 2466 875 2522 Deus
905 2486 924 2521 .-

320 2554 575 2610 Psallam
605 2553 710 2610 tibi
738 2556 796 2610 in
827 2556 1040 2610 cithara
1063 2558 1285 2611 sanctus
1314 2555 1501 2609 Israel.

251 2647 291 2699 C
321 2642 427 2699 Hic
451 2643 580 2715 jam
604 2642 809 2715 justus
838 2643 933 2697 iile
972 2642 1139 2698 laetus
1170 2641 1466 2697 veritatem
1499 2659 1559 2697 se
1589 2641 1837 2714 psallere

186 2731 520 2788 conﬁtetur.
544 2731 608 2788 In
631 2732 807 2799 vasis,
835 2731 881 2787 H
912 2731 1021 2787 hoc
1046 2736 1134 2787 est
1161 2732 1216 2785 in
1242 2730 1510 2786 fidelibus
1532 2729 1794 2785 Ecclesiae
1819 2747 1832 2786 :

184 2825 239 2877 et
266 2820 324 2876 in
355 2820 607 2888 cithara,
626 2808 671 2876 Ὀ
692 2820 749 2875 id
780 2825 869 2876 est
898 2821 1122 2876 actione
1153 2820 1367 2892 digna:
1398 2835 1499 2890 per
1518 2818 1833 2891 psalmum,

185 2914 339 2965 recta
368 2910 520 2964 ﬁdes
554 2926 568 2964 :
598 2924 703 2980 per
743 2908 1048 2977 citharam,
1084 2912 1241 2963 recta
1277 2906 1532 2979 Operatio
1563 2906 1835 2978 design‘a-

186 3001 309 3064 tur,-
342 2996 488 3071 quia
516 2996 783 3069 psalmus
812 2996 883 3052 de
912 2995 1332 3068 superioribus,
1354 2996 1425 3050 de
1463 2994 1836 3050 inferioribus

187 3085 426 3153 cithara,
480 3084 665 3141 melos
714 3086 785 3140 ad
837 3101 1091 3157 superna
1141 3084 1506 3140 transmittit.
1538 3083 1640 3138 Vel
1696 3100 1837 3138 vasa

184 3173 414 3247 psalmi,
437 3172 705 3247 psalmos
726 3173 866 3229 dicit
886 3173 1055 3245 quasi
1088 3170 1415 3245 spiritualia
1445 3171 1835 3240 dolia,vinum

185 3263 413 3318 Domini
446 3258 797 3333 incorrupto
826 3277 1031 3334 sapore
1062 3260 1370 3316 servantia.
1394 3260 1439 3314 Η
1468 3260 1570 3314 Vel
1598 3259 1726 3317 illos
1756 3258 1835 3314 si-

184 3351 438 3424 gniﬁcat,
455 3351 560 3422 qui
590 3350 662 3407 de
689 3351 847 3418 vino,
872 3349 1214 3422 evangelica
1254 3348 1695 3420 apostolicaeque
1723 3348 1830 3403 do-

184 3441 374 3495 ctrinae
411 3455 568 3495 novo
615 3438 841 3511 repleti,
889 3438 951 3494 in
998 3437 1244 3511 psalmis
1272 3436 1567 3493 Christum
1614 3436 1830 3492 intelli-

184 3533 326 3601 gunt
352 3532 779 3602 praeconatum.

182 3637 251 3690 25
322 3634 707 3691 Exsultabunt
735 3635 887 3690 labia
914 3650 1035 3691 mea
1066 3650 1189 3689 cum
1216 3637 1502 3689 cantavero
1533 3634 1636 3688 tibi
1664 3651 1683 3687 .-

322 3725 399 3779 Et
424 3725 621 3779 anima
649 3738 771 3778 mea
801 3739 965 3794 quam
989 3721 1284 3779 redemisti.

252 3817 292 3869 C
321 3813 531 3885 Labia,
554 3828 621 3869 os
649 3812 946 3868 interioris
976 3811 1232 3867 hominis
1275 3809 1413 3865 dicit
1437 3828 1448 3865 :
1476 3809 1652 3865 habet
1680 3809 1836 3865 enim

188 3906 239 3956 et
268 3917 437 3957 mens
466 3916 670 3956 vocem
703 3915 1038 3972 suam,qua
1073 3899 1244 3954 tacite
1274 3897 1487 3953 clamat
1527 3898 1599 3953 ad
1642 3896 1838 3953 Domi—

189 4008 326 4046 num
353 4005 558 4046 suum.
583 3988 813 4047 Gaudet
841 4004 978 4062 ergo
1009 3988 1205 4045 anima
1229 4002 1498 4059 sumque
1529 4003 1590 4043 se
1620 3987 1841 4042 redem-

189 4084 344 4151 ptam
376 4094 510 4135 esse
541 4076 878 4150 cognoscit:
903 4079 970 4132 ut
988 4076 1143 4133 enim
1167 4076 1237 4131 de
1258 4074 1430 4131 labiis
1451 4075 1656 4131 animae
1678 4073 1842 4130 intel-

180 4164 416 4237 ‘ligeres,
443 4165 663 4237 adjecit
693 4168 751 4219 et
781 4164 979 4220 anima
1009 4179 1159 4230 mea,
1192 4166 1299 4219 etc.

186 4271 257 4324 26
327 4270 434 4327 Sed
460 4275 515 4327 et
543 4271 741 4341 lingua
770 4286 893 4327 mea
924 4273 1036 4326 tota
1071 4268 1160 4325 die
1200 4268 1553 4327 meditabitur
1570 4269 1845 4340 justitiam

402 4368 560 4416 tuam
592 4378 612 4415 :

332 4450 468 4507 Cum
484 4450 710 4520 confusi
730 4452 783 4504 et
809 4448 1034 4504 νενενίιί
1059 4447 1272 4519 fuerint
1298 4449 1396 4519 qui
1414 4454 1669 4520 quaerunt
1696 4447 1846 4502 mala

399 4537 567 4594 mild.

261 4630 301 4681 C
331 4626 714 4683 Meditabitur
760 4630 900 4682 tunc
950 4624 1154 4699 lingua
1208 4623 1409 4681 laudes
1466 4624 1694 4681 Domini
1742 4640 1846 4696 per

196 4732 362 4772 omne
391 4720 653 4789 tempus,
669 4714 905 4789 quando
935 4730 1179 4788 regnum
1213 4716 1342 4786 ejus
1372 4713 1432 4769 in
1461 4712 1559 4769 illa
1583 4729 1842 4769 resurre-

197 4804 379 4861 ctione
420 4804 767 4879 perceperit.
801 4804 1043 4860 Duobus
1086 4803 1276 4860 modis
1321 4801 1761 4860 confunduntur
1788 4804 1846 4857 et

199 4898 533 4950 reverentur
588 4892 832 4960 inimici,
857 4892 1089 4965 quando
1146 4896 1248 4948 aut
1301 4890 1394 4947 hic
1450 4890 1845 4963 paenitentiam

198 4986 422 5054 gerunt,
448 4986 554 5038 aut
608 4985 760 5037 certe
816 4981 875 5036 in
928 4980 1177 5037 adventu
1226 4979 1350 5046 Dei,
1381 4980 1522 5035 dum
1574 4978 1675 5034 illa
1727 4978 1850 5034 suis

201 5068 378 5127 oculis
409 5068 731 5126 manifesta
775 5068 993 5133 vident,
1020 5085 1146 5141 quae
1180 5068 1301 5124 ﬁcri
1352 5085 1469 5124 non
1518 5067 1849 5123 credebant.

203 5156 359 5213 Tunc
388 5174 528 5233 ergo
561 5173 786 5214 securas
820 5155 1230 5213 exsultationis
1250 5160 1483 5228 tempus
1507 5160 1597 5213 est
1617 5154 1854 5225 sanctis,

210 5246 433 5317 quando
455 5248 588 5319 jam
621 5243 817 5302 locum
847 5244 1265 5301 dominationis
1295 5244 1458 5317 impii
1513 5261 1627 5301 non
1676 5243 1852 5300 habe-

212 5330 370 5390 bunt

687 5437 897 5479 ORATIO
931 5437 1002 5477 EX
1049 5437 1207 5477 PSAL.
1250 5437 1376 5476 LXX.

277 5524 490 5584 Excelsi
522 5527 683 5597 solii,
711 5531 986 5600 regnator
1009 5527 1315 5594 immense,
1338 5526 1437 5599 qui
1471 5529 1771 5599 sperantes
1792 5525 1852 5580 in

216 5615 286 5679 te.
307 5615 569 5673 damnari
609 5620 835 5672 reterns
869 5613 1209 5671 confusione
1238 5631 1354 5670 non
1384 5615 1598 5686 pateris
1630 5630 1643 5669 :
1674 5612 1851 5686 reple,

221 5716 567 5779 quesumus,
603 5704 766 5764 labia
812 5708 1011 5762 nostra
1060 5702 1232 5760 laude
1262 5707 1381 5776 tua,
1414 5706 1471 5760 et
1508 5702 1568 5758 in
1611 5702 1702 5758 his
1749 5718 1854 5760 nos

1947 660 2054 717 Per
2086 661 2392 717 Dominum
2424 665 2692 718 nostrum
2719 661 2924 718 Jesum
2953 660 3275 730 Christum,
3307 668 3413 719 etc.

2492 766 2819 823 PSALMUS
2856 766 3044 823 LXXI.

2376 854 2776 895 ARGUMENTUM
2816 854 2972 896 PSAL.
3013 850 3162 897 LXXI.

2016 929 2055 981 C
2083 926 2369 999 Propheta
2392 926 2608 983 Christi
2637 925 2951 984 adventum
2981 925 3303 999 pracinens
3330 944 3344 984 :
3377 926 3449 988 ab
3471 943 3590 987 οω-

1946 1014 2120 1071 nibus
2142 1015 2374 1088 regibus
2396 1032 2530 1072 eum
2547 1016 2689 1072 dicit
2708 1016 3246 1091 adorandum,quia
3261 1017 3587 1077 humanum

1945 1119 2129 1177 genus
2160 1121 2193 1159 a
2221 1104 2437 1160 diaboli
2466 1108 2750 1176 potestate
2780 1105 3044 1162 redemit.

2334 1194 2446 1249 TT.
2477 1194 2540 1249 1η
2571 1193 2913 1251 Salomonem
2936 1194 3202 1267 psalmus.

2014 1283 2053 1334 C
2083 1280 2355 1337 Salomon
2406 1281 2822 1354 interpretatur
2867 1282 3163 1356 paciﬁcus,
3195 1288 3253 1340 et
3298 1283 3589 1358 signiﬁcat

1944 1368 2346 1437 Christum,de
2364 1386 2478 1441 quo
2497 1369 2809 1442 Apostolus
2833 1370 2951 1427 ait:
2976 1371 3105 1443 Ipse
3134 1376 3223 1428 est
3250 1389 3361 1445 pax
3389 1378 3588 1430 nam

1944 1457 2044 1529 qui
2076 1457 2208 1513 fecit
2238 1462 2482 1530 utraque
2513 1475 2695 1514 unum
2724 1459 2936 1531 (Ephes.
2961 1460 3045 1532 ιι).
3073 1460 3264 1533 Ipsius
3297 1461 3473 1518 verba
3500 1466 3583 1519 te-

1944 1549 2176 1601 stantur
2194 1562 2328 1601 eum
2356 1563 2485 1602 esse
2510 1548 2837 1618 pacificum,
2855 1547 2956 1620 qui
2981 1548 3144 1618 dixit,
3168 1564 3369 1621 pacem
3393 1564 3585 1608 meam

1944 1634 2017 1690 do
2045 1634 2210 1691 vobis
2239 1635 2428 1707 (Joan.
2450 1637 2587 1705 xxv).

1981 1725 2006 1778 1
2084 1728 2246 1789 Deus,
2269 1723 2547 1795 judicium
2572 1731 2727 1779 tuum
2756 1725 2873 1795 regi
2899 1723 2969 1780 da
2999 1743 3018 1778 :

2081 1812 2147 1866 Et
2165 1813 2451 1883 justitiam
2480 1816 2631 1868 tuam
2659 1813 2776 1883 ﬁlio
2798 1814 2964 1884 regis.

2014 1902 2053 1951 C
2081 1898 2369 1971 Propheta
2410 1899 2697 1955 desiderio
2748 1900 3168 1969 inﬂammatus,
3191 1900 3393 1974 petita
3420 1901 3586 1958 Patre

1937 1986 2229 2058 judicium
2259 1988 2385 2043 dari
2434 1988 2598 2058 Filio,
2622 1990 2775 2061 quod
2807 1989 3029 2046 sciebat
3073 2004 3204 2048 esse
3249 1994 3582 2047 venturum.

1936 2074 2228 2145 judicium
2250 2076 2406 2132 enim
2429 2076 2650 2132 dictum
2674 2082 2782 2143 est,
2800 2076 2966 2150 quasi
2986 2076 3141 2149 juris
3159 2077 3398 2146 dictum,
3417 2078 3476 2135 id
3496 2082 3588 2136 est

1944 2164 2098 2236 quod
2139 2164 2198 2219 in
2230 2182 2295 2221 eo
2335 2165 2438 2236 jus
2467 2165 2714 2235 dicatur,
2743 2166 2828 2222 vel
2859 2166 3028 2237 quasi
3069 2166 3224 2238 juris
3251 2165 3534 2225 indicium
3564 2182 3579 2222 :

1943 2253 2097 2324 quod
2130 2253 2189 2309 in
2222 2270 2287 2309 eo
2320 2254 2422 2324 jus
2452 2253 2758 2310 indicetur.
2784 2255 2852 2310 Et
2881 2258 2948 2311 ut
2974 2253 3347 2311 veracissima
3374 2253 3581 2327 proba-

1944 2344 2103 2396 retur
2118 2357 2245 2397 esse
2266 2342 2486 2413 petitio,
2500 2341 2701 2398 eadem
2725 2342 2935 2399 iterum
2954 2342 3352 2415 ingeminavit,
3371 2340 3482 2398 hoc
3494 2345 3584 2399 est

1942 2429 2098 2503 enim
2129 2431 2282 2502 quod
2314 2430 2456 2485 dicit
2483 2434 2540 2486 et
2567 2430 2862 2502 justitiam
2902 2435 3065 2487 tuam
3096 2430 3212 2488 ﬁlio
3238 2430 3581 2503 regis,un

1944 2518 2212 2590 superius
2246 2518 2390 2573 dixit
2422 2536 2435 2574 :
2468 2519 2761 2590 judicium
2790 2523 2958 2575 tuum
2999 2519 3119 2591 regi
3148 2519 3244 2586 da,
3269 2523 3327 2575 et
3350 2517 3457 2574 hoc
3485 2533 3585 2574 se-

1944 2605 2200 2662 cundum
2232 2606 2552 2663 humanam
2583 2610 2851 2663 naturam
2882 2623 3001 2679 qua
3022 2607 3189 2663 Patre
3218 2606 3412 2665 minor
3437 2610 3545 2662 est.

1977 2698 2013 2748 2
2082 2694 2336 2750 Judicare
2362 2696 2624 2767 populum
2652 2700 2805 2751 tuum
2837 2696 2895 2749 in
2915 2696 3132 2767 justitia
3162 2712 3183 2752 :

2083 2786 2150 2839 Et
2175 2799 2435 2855 pauperes
2466 2788 2583 2840 tuos
2612 2785 2672 2840 in
2691 2783 2923 2856 judicio.

2014 2874 2054 2926 C
2084 2870 2329 2943 Exponit
2370 2888 2607 2928 causam
2640 2888 2820 2944 quare
2863 2872 3093 2944 petierit
3130 2871 3251 2930 ﬁlio
3290 2870 3581 2944 judicium

1944 2958 2089 3031 dari,
2118 2959 2338 3015 icilicet
2366 2964 2431 3015 ut
2451 2961 2680 3031 judicet
2707 2960 2907 3018 orbem
2936 2964 3225 3017 terrarum
3270 2976 3373 3032 per
3405 2959 3583 3032 justi-

1943 3047 2084 3103 tiam
2117 3048 2320 3104 Patris.
2344 3049 2632 3120 Pauperes
2653 3049 2751 3104 Dei
2775 3054 2931 3117 sunt,
2946 3050 3048 3122 qui
3070 3049 3369 3106 mundana
3386 3064 3586 3120 super.

1946 3136 2038 3193 bia
2053 3135 2416 3205 derelicta,se
2436 3136 2753 3194 humilitati
2769 3154 2872 3209 per
2890 3137 3089 3194 omnia
3107 3134 3586 3195 subdidere.Nam

1942 3228 2001 3279 et
2025 3223 2075 3280 si
2105 3240 2326 3295 pauper
2355 3224 2674 3296 superbiat,
2691 3241 2813 3284 non
2836 3228 2926 3281 est
2948 3224 3049 3281 Dei
3074 3239 3312 3296 pauper,
3339 3223 3468 3280 etsi
3497 3221 3588 3280 lo-

1866 3297 1909 3365 C
1947 3311 2145 3384 cuples
2168 3311 2558 3369 humilitatem
2579 3312 2800 3385 diligat,
2824 3329 2939 3368 non
2967 3315 3053 3369 est
3075 3310 3271 3369 saeculi
3290 3310 3471 3381 dives,
3494 3321 3587 3368 vo-

1937 3399 2191 3456 luntates
2212 3401 2366 3455 enim
2389 3400 2594 3457 talium
2619 3399 2991 3473 inspicienda:
3006 3404 3165 3471 sunt,
3189 3416 3304 3457 non
3326 3400 3581 3459 nomine.

1975 3490 2009 3543 3
2080 3488 2393 3559 Suscipiunt
2417 3492 2627 3545 montes
2650 3504 2842 3561 pacem
2867 3488 3067 3560 populo
3097 3506 3115 3543 :

2082 3579 2159 3632 Et
2187 3577 2347 3632 colles
2367 3577 2666 3648 justitiam.

2013 3670 2053 3720 C
2082 3666 2189 3721 Per
2217 3669 2443 3721 montes
2473 3665 2883 3737 signiﬁcantur
2910 3663 3158 3737 apostoli
3183 3668 3241 3722 et
3269 3662 3586 3741 prOphete,

1945 3755 2046 3826 qui
2068 3770 2291 3827 pacem,
2317 3754 2373 3809 id
2398 3757 2485 3809 est
2505 3752 2798 3810 Christum
2821 3753 3170 3826 suscipiunt,
3196 3751 3354 3809 ﬁdeli
3374 3749 3589 3825 populo

1945 3842 2403 3915 praedicandum.
2433 3841 2618 3898 Colles
2648 3842 2789 3898 dicit
2817 3847 3053 3899 caeteros
3083 3842 3302 3910 beatos,
3318 3841 3419 3913 qui
3438 3842 3591 3897 recte

1947 3930 2220 3987 videntur
2249 3930 2476 3987 Domini
2518 3931 2831 4003 pradicare
2879 3930 3175 3987 mandata.
3206 3929 3277 3986 Et
3322 3928 3590 3986 Christus

1941 4019 2176 4091 justitia
2220 4019 2453 4086 dicitur,
2480 4018 2758 4092 quoniam
2802 4017 3100 4074 diabolum
3147 4033 3252 4090 per
3295 4016 3591 4089 justitiam

1949 4106 2085 4163 vicit
2114 4107 2301 4179 magis
2326 4123 2503 4179 quam
2535 4121 2639 4177 per
2675 4106 3014 4179 potentiam,
3041 4109 3100 4161 et
3140 4104 3341 4161 orbem
3364 4102 3593 4175 judicst

1951 4195 2010 4251 in
2033 4194 2288 4267 justitia.

1989 4284 2019 4337 4
2091 4283 2375 4341 Judicabit
2396 4298 2664 4355 pauperes
2688 4282 2898 4355 populi.
2930 4286 3001 4340 Et
3043 4281 3221 4339 salvos
3259 4282 3425 4355 faciet
3448 4280 3591 4351 ﬁlios

2161 4387 2467 4445 pauperum
2493 4390 2511 4429 :

2094 4463 2159 4517 Et
2186 4461 2506 4517 humiliabit
2530 4462 3003 4518 calumniatorem.

2025 4553 2065 4605 C
2090 4550 2376 4623 Pauperes
2406 4549 2628 4623 populi,
2660 4549 2718 4605 id
2758 4554 2845 4606 est
2892 4547 3147 4605 humiles
3194 4546 3426 4621 spiritu,
3456 4550 3597 4604 sunt

1956 4638 2221 4712 apostoli.
2246 4638 2372 4695 Filii
2394 4655 2525 4696 vero
2548 4654 2892 4711 pauperum,
2908 4636 3011 4692 ﬁlii
3034 4640 3173 4693 sunt
3193 4634 3599 4709 Ecclesia,per

1953 4728 2353 4801 apostolorum
2397 4726 2864 4800 praedicationem
2896 4727 2953 4781 in
2984 4724 3209 4782 Christo
3251 4724 3596 4799 regenerati.

1952 4817 2368 4883 Calumniator,
2392 4815 2684 4885 diabolus,
2711 4815 2925 4872 Christi
2950 4814 3208 4888 potentia
3232 4812 3597 4871 humiliatus.

1955 4906 2351 4964 Calumniator
2379 4906 2592 4977 quippe
2620 4905 2834 4961 dicitur
2859 4908 2915 4961 et
2942 4908 3050 4974 est,
3075 4904 3174 4978 qui
3208 4902 3600 4969 innocentiam

1960 4994 2231 5061 alienam,
2259 4995 2318 5050 in
2348 4999 2576 5050 reatum
2610 4994 2814 5050 nititur
2850 4993 3138 5066 exquisita
3173 4992 3601 5049 machinatione

1961 5085 2294 5158 perducere,
2318 5083 2471 5155 quod
2514 5081 2815 5141 diabolum
2845 5083 2918 5139 ab
2968 5082 3135 5139 initio
3185 5081 3382 5139 saeculi
3416 5095 3602 5153 usque

1965 5173 2024 5229 in
2057 5174 2230 5229 ﬁnem
2262 5176 2488 5228 constat
2517 5173 2722 5229 facere.

1994 5263 2033 5318 5
2100 5263 2167 5318 Et
2192 5262 2535 5334 permanebit
2563 5278 2685 5331 cum
2720 5261 2832 5318 sole
2856 5268 2909 5317 et
2935 5268 3062 5318 ante
3090 5262 3283 5317 lunam
3309 5279 3333 5318 .·

2100 5351 2166 5409 In
2192 5351 2538 5420 generatione
2559 5358 2996 5422 generationem.

2031 5440 2073 5495 C
2101 5437 2195 5496 Sol
2227 5438 2443 5511 quippe
2484 5438 2697 5511 legitur
2724 5438 2964 5495 verbum
3008 5437 3218 5505 Patris,
3237 5435 3340 5510 qui
3368 5434 3523 5493 Deus
3546 5439 3610 5490 et

1960 5527 2157 5595 homo,
2173 5544 2329 5584 unus
2359 5544 2428 5584 ex
2455 5526 2686 5583 duabus
2711 5528 2938 5583 naturis
2964 5526 3258 5583 distinctis
3280 5528 3457 5597 atque
3471 5536 3607 5594 per-

1961 5615 2104 5688 ectis
2125 5618 2427 5688 permanet
2440 5613 2733 5671 Christus:
2762 5614 3100 5671 humanitas
3113 5612 3269 5668 enim
3312 5626 3446 5667 cum
3470 5608 3608 5674 sole,

1962 5687 2043 5762 fid
2070 5687 2491 5777 est,divinitate
2520 5718 2752 5780 semper
2780 5704 2944 5765 unita
2969 5703 3289 5778 permanet.
3314 5694 3614 5755 Permanet
