3978 6352
128 413 299 481 1361

1325 418 1731 483 EPISTOL/E
1774 417 1875 482 ΕΤ
1918 415 2399 483 DIPLOMATA.

3408 408 3571 485 136!

128 566 329 625 quem
357 566 474 609 non
506 550 635 611 sine
663 553 986 612 multorum
1017 553 1402 612 admiratione
1447 560 1677 612 tantum
1709 556 1796 611 in—
1829 558 1885 624 Α
1914 558 2254 627 cooperator
2273 554 2542 612 existam.
2563 553 2773 613 Dicant
2796 550 3113 613 adversarii
3135 551 3573 627 quantumlibet

127 641 481 699 horruerat.
512 641 742 700 Gratias
786 643 1175 700 nihilominus
1202 662 1309 717 ago
1331 649 1538 702 vestras
1569 645 1804 701 humili-

127 731 255 788 tati
288 731 492 803 [Fortc,
527 732 880 790 humanitati.
916 735 1154 805 Hnno]:
1204 752 1330 807 quae
1378 739 1600 809 quanta
1646 736 1803 808 prin-

129 820 190 876 ci
200 837 339 893 pem
372 826 431 877 et
460 826 756 893 pastorem
783 820 996 879 sanctae
1019 824 1293 879 Romamn
1317 824 1586 880 Ecclesiae
1609 825 1805 880 decuit

128 910 532 982 benignitate,
565 917 796 969 nostros
812 912 1034 985 legatos
1067 931 1242 969 sanos
1274 914 1516 985 accepit,
1540 914 1806 970 infirmos

126 999 424 1067 visitavit,
458 1005 723 1056 mortuos
771 1001 1057 1072 sepelivit.
1093 1002 1217 1057 Etsi
1250 1003 1404 1056 enim
1440 1002 1541 1057 uni
1573 1007 1803 1058 tantum

129 1088 303 1161 apud
331 1105 436 1144 vos
466 1089 761 1145 infirmato
782 1095 840 1145 et
863 1095 1093 1145 mortuo
1119 1090 1239 1145 haec
1262 1090 1614 1146 visitationis
1638 1094 1691 1146 et
1714 1107 1802 1147 se-

130 1175 396 1250 pultura:
429 1178 643 1233 solatia
671 1178 1068 1250 impendistis,
1101 1178 1159 1233 in
1193 1196 1308 1234 uno
1341 1183 1534 1234 tamen
1569 1184 1805 1235 caeteros

127 1265 453 1333 visitastis,
480 1271 720 1324 ceteros
752 1267 1067 1340 sepelistis.
1102 1266 1203 1322 Cui
1238 1286 1352 1324 non
1387 1285 1491 1341 ego
1522 1269 1621 1341 qui
1658 1268 1802 1324 nihil

131 1371 301 1424 sum,
324 1355 428 1412 sed
448 1359 571 1412 tota
600 1358 907 1413 Bernensis
929 1356 1193 1425 ecclesia,
1221 1358 1382 1412 bona:
1407 1358 1800 1413 conversatio-

131 1443 239 1500 nis
252 1445 662 1500 testimonium
678 1445 963 1517 perhibet.
979 1447 1157 1517 Gujus
1168 1446 1395 1501 obitum
1408 1451 1800 1514 ,c.nterorun1-

129 1547 280 1605 que,
313 1532 416 1604 qui
448 1549 595 1604 pene
626 1550 831 1589 omnes
863 1534 1153 1601 obierunt,
1182 1534 1447 1601 audiens,
1474 1535 1801 1590 incredibili

125 1620 388 1676 tristitia
412 1638 547 1676 sum
577 1621 838 1687 affectus,
874 1638 980 1678 nec
1001 1640 1259 1694 unquam
1286 1640 1399 1677 non
1421 1623 1615 1678 odisse
1639 1623 1800 1679 valeo

126 1708 317 1765 illum
347 1710 517 1779 cujus
548 1710 826 1782 superbia
867 1712 925 1766 id
968 1712 1157 1767 eti'ecit
1188 1718 1250 1766 ut
1281 1711 1377 1766 isti
1412 1713 1800 1767 mitterentur.

126 1798 205 1856 Si
236 1798 399 1854 enim
433 1798 664 1871 qualem
698 1799 1024 1855 existimavi
1058 1799 1314 1872 legatum
1350 1800 1668 1867 misissem,
1702 1801 1799 1857 isti

124 1901 253 1942 nec
272 1886 669 1954 mitterentur,
692 1905 798 1943 nec
821 1889 1068 1944 fortasse
1092 1893 1459 1944 morerentur
1486 1906 1497 1945 :
1533 1891 1684 1961 quod
1711 1907 1802 1946 ve-

126 1979 265 2032 stra
295 1976 612 2048 prudentia
642 1976 862 2048 optime
884 1978 1265 2049 recognoscit.
1302 1978 1585 2034 Praeterea
1615 1978 1800 2035 multo

125 2064 660 2138 graviorangitme
683 2064 926 2121 tristitia
946 2067 1017 2121 de
1031 2066 1192 2122 obitu
1218 2067 1440 2122 domini
1464 2067 1800 2140 regis,quod

126 2154 323 2210 etiam
351 2157 607 2209 vestram
640 2170 756 2210 non
806 2153 946 2209 latet
977 2156 1372 2226 prudentiam.
1424 2156 1599 2212 Scitis
1642 2157 1799 2212 enim

128 2245 436 2314 quantum
468 2242 727 2298 infrenes
751 2247 807 2297 et
838 2243 1111 2298 indomiti
1140 2249 1278 2298 sunt
1310 2248 1622 2312 nostrates,
1656 2262 1799 2317 quo-

127 2346 279 2387 rum
308 2330 657 2387 divisionem
706 2331 884 2387 timeo
917 2332 1080 2404 regni
1114 2333 1298 2388 nostri
1332 2334 1451 2388 fore
1486 2333 1799 2390 desolatio-

128 2437 301 2478 nem.
331 2420 421 2475 Ad
445 2436 622 2492 quam
651 2420 1004 2486 evitandam,
1031 2424 1291 2476 vestrum
1321 2422 1465 2477 mihi
1487 2422 1798 2479 consilium

128 2508 498 2566 etauxilium
512 2508 732 2580 ﬂagito,
757 2526 884 2580 quae
908 2508 1060 2564 nulli
1079 2527 1259 2583 regno
1276 2515 1470 2582 utpote
1495 2494 1800 2582 pater‘om-

128 2597 551 2670 nium,negare
566 2598 1182 2669 poteritis,praasertim
1201 2615 1335 2654 cum
1352 2603 1549 2654 nostro
1565 2617 1799 2672 semper

132 2685 406 2743 debeatis
435 2687 589 2758 quod
625 2686 830 2758 optimi
854 2686 960 2741 viri
983 2687 1182 2759 patria:
1203 2688 1396 2743 deberi
1422 2694 1794 2745 censuerunt.

132 2772 226 2834 De
253 2779 447 2831 vestro
478 2774 731 2831 adventu
764 2775 823 2829 in
846 2780 1107 2832 nostram
1138 2776 1387 2832 Galliam
1418 2777 1563 2849 quid
1615 2778 1796 2833 animi

132 2864 472 2932 habuerim,
496 2863 724 2921 vivente
747 2864 985 2921 domino
1013 2865 1307 2938 rege,licet
1327 2866 1665 2922 diffamatus
1686 2867 1798 2923 sim

131 2954 202 3010 id
233 2953 515 3022 noluisse,
548 2952 715 3022 satis,
751 2957 815 3008 ut
863 2957 1024 3025 puto,
1086 2954 1411 3025 significavi
1462 2956 1799 3028 paternitati

132 3046 382 3112 vestrae;
416 3047 476 3098 et
506 3058 661 3097 nunc
692 3043 753 3097 in
786 3059 851 3098 eo
883 3043 934 3099 is
968 3043 1113 3099 mihi
1147 3046 1383 3100 animus
1413 3048 1522 3112 est,
1566 3034 1683 3100 Deci
1714 3048 1798 3101 te-

135 3135 353 3201 stante,
377 3135 447 3187 ut
464 3148 579 3187 non
601 3134 833 3186 tantum
847 3148 982 3187 eum
1006 3133 1356 3200 desiderem,
1379 3134 1481 3189 sed
1508 3134 1798 3201 etsitiam,

136 3222 223 3279 ita
252 3226 318 3278 ut
344 3220 677 3277 venientem
723 3220 1131 3277 auctoritatem
1162 3226 1418 3278 vestram
1468 3239 1603 3277 cum
1633 3228 1795 3278 tanto

136 3310 354 3386 gaudio
385 3313 444 3366 et
472 3309 693 3365 honore
723 3309 1066 3380 suscipiam,
1096 3316 1314 3382 quanto
1346 3312 1512 3367 decet
1542 3311 1692 3367 Petri
1717 3313 1795 3366 vi-
1826 3309 1870 3375 ί]

134 3401 363 3459 carium
397 3398 642 3471 suscipi,
675 3403 730 3453 et
783 3398 1113 3470 apostolicae
1145 3416 1404 3455 censurae
1450 3417 1552 3471 per
1599 3400 1799 3455 omnia

1916 660 2008 701 me
2020 643 2315 701 infidelem
2329 649 2385 702 et
2404 643 2681 702 rebellem
2693 640 3067 718 magistratui
3078 646 3290 712 vestro;
3314 659 3422 717 ego
3432 642 3570 701 sub-

1905 733 2226 804 jectionem
2256 750 2447 790 meam
2468 734 2637 790 vobis
2657 735 2965 806 proﬁteor;
2989 736 3047 790 et
3075 733 3420 807 quicunque
3438 748 3570 792 eam

1913 822 2078 877 vobis
2110 824 2466 895 negaverint,
2502 823 2820 895 cujuslibet
2841 822 3065 878 ordinis
3083 823 3222 893 sint,
3248 822 3391 879 mihi
3418 836 3572 879 com-

1916 911 2217 968 municare
2251 928 2365 967 non
2400 916 2698 985 poterunt.
2723 911 3078 986 Obloquitur
3105 912 3283 968 etiam
3307 912 3573 970 adversa-

1913 999 2019 1055 riis
2040 998 2142 1055 illa
2162 1000 2700 1073 obedientia,quam
2723 1002 2850 1058 sine
2867 1001 3028 1057 omni
3045 1007 3313 1074 respectu
3326 1018 3572 1076 suspen-

1915 1088 2093 1145 sionis
2116 1089 2481 1146 etinterdicti
2493 1089 2670 1146 vestri
2684 1093 3047 1159 conservant,
3064 1107 3178 1146 non
3202 1091 3331 1147 sine
3352 1098 3567 1164 magno

1914 1178 2130 1233 damno
2158 1178 2551 1233 Ecclesiarum
2574 1183 2911 1234 nostrarum
2938 1183 2997 1234 et
3017 1182 3237 1235 nostro.
3261 1179 3569 1253 Impedivit

1913 1282 2147 1338 quoque
2180 1282 2377 1322 meum
2405 1283 2542 1338 erga
2568 1283 2669 1322 vos
2701 1266 3052 1324 famulatum
3082 1266 3184 1324 illa
3230 1268 3563 1342 suspensio.

1912 1355 1998 1410 Ad
2029 1355 2183 1426 quod
2211 1355 2685 1423 restaurandum,
2718 1356 2871 1412 sicut
2902 1373 3245 1429 recuperare
3286 1356 3567 1431 possibile

1913 1447 2022 1507 est,
2051 1443 2101 1499 si
2132 1444 2214 1498 ita
2244 1443 2316 1499 ad
2349 1448 2553 1500 caetera
2605 1443 3059 1516 redintegranda
3103 1443 3314 1501 saltem
3366 1445 3568 1519 aliqua

1914 1548 2048 1603 spes
2080 1536 2345 1599 restaret,
2370 1534 2441 1588 de
2461 1536 2623 1588 tanto
2648 1532 2865 1600 dolore,
2893 1533 3062 1605 quasi
3087 1533 3158 1590 de
3177 1534 3337 1607 gravi
3358 1546 3565 1593 somno

1912 1636 2304 1693 resurgerem.
2337 1621 2441 1676 Est
2461 1622 2621 1678 enim
2649 1620 2793 1678 mihi
2819 1621 3074 1691 animus,
3099 1634 3205 1678 nec
3235 1621 3478 1696 despero
3507 1618 3566 1680 id

1911 1709 2200 1777 futurum,
2234 1726 2368 1764 cum
2397 1710 2612 1781 gaudio
2653 1714 2828 1782 atque
2859 1710 3182 1768 reverentia
3211 1712 3569 1785 quandoque

1911 1798 2305 1870 apostolatum
2328 1804 2588 1855 vestrum
2607 1798 2929 1872 suscipere,
2952 1803 3305 1872 tantumque
3326 1799 3568 1858 honoris

1909 1887 2077 1943 vobis
2109 1887 2469 1959 impendere,
2489 1891 2777 1960 quantum
2800 1904 3063 1960 personis
3089 1893 3147 1943 et
3160 1888 3357 1945 ofﬁcio
3371 1892 3566 1946 vestro

1911 1977 2217 2032 convenire
2247 1977 2625 2033 manifestum
2658 1981 2765 2032 est.
2799 1976 2914 2034 Nec
2951 1975 3168 2034 nostris
3199 1976 3565 2051 temporibus

1910 2064 2113 2137 fuisse,
2147 2064 2233 2121 vel
2264 2066 2534 2121 futurum
2565 2082 2694 2123 esse
2742 2065 2803 2121 in
2860 2069 3055 2121 vestra
3112 2066 3251 2121 sede
3303 2064 3563 2138 aliquem

1909 2155 2103 2223 credo,
2137 2172 2310 2227 quem
2359 2154 2654 2227 copiosius
2698 2154 2984 2211 honorare
3015 2153 3366 2212 desiderem.
3411 2155 3562 2212 Nam

1909 2244 2009 2316 qui
2033 2260 2140 2300 nos
2162 2244 2246 2299 sic
2268 2244 2601 2301 honorastis
2623 2243 2934 2316 prudentia
2951 2247 3005 2300 et
3027 2228 3561 2314 sanctitatevestra,

1910 2337 1975 2388 ut
1996 2333 2068 2388 de
2090 2349 2266 2405 regno
2288 2336 2488 2389 nostro
2507 2333 2693 2388 Roma
2715 2331 3159 2405 eligeret,quem
3183 2329 3296 2389 sibi
3317 2335 3374 2388 et
3396 2340 3566 2388 mun-

1909 2422 1982 2477 do
2013 2427 2193 2493 caput
2223 2422 2553 2478 ordinaret:
2611 2437 2719 2477 nos
2757 2437 2994 2492 quoque
3022 2424 3186 2476 tanto
3213 2419 3434 2477 honore
3461 2437 3566 2478 vos

1910 2511 2249 2583 dignamur,
2284 2515 2503 2583 quanto
2532 2510 2819 2565 Dominus
2862 2514 3060 2566 noster
3095 2510 3271 2566 Jesus
3299 2508 3566 2569 Christus

1910 2600 2142 2655 Petrum
2163 2600 2475 2667 decoravit,
2502 2598 2599 2654 ubi
2622 2597 2894 2654 Ecclesiae
2916 2596 3248 2670 principatu
3270 2596 3438 2653 illum
3458 2612 3565 2655 su-

1908 2688 2193 2744 blimavit.
2210 2689 2497 2744 Dominus
2520 2687 2893 2759 omnipotens
2911 2686 3285 2742 sanctitatem
3308 2689 3562 2745 vestram

1909 2777 1981 2832 ad
2015 2776 2325 2833 utilitatem
2353 2779 2570 2832 sancta:
2593 2774 2860 2832 Ecclesiae
2882 2774 3217 2831 diutissime
3236 2778 3560 2845 conservet,

1909 2870 1966 2921 et
1986 2871 2205 2922 avertat
2225 2884 2259 2922 a
2274 2866 2587 2938 prudentia
2605 2869 2817 2931 vestra,
2843 2880 2916 2919 ne
2936 2863 3188 2936 alicujus
3208 2862 3352 2920 levis
3364 2879 3560 2920 sermo

1907 2955 2155 3029 gratiam
2185 2959 2437 3011 vestram
2463 2954 2629 3020 mihi,
2653 2970 2795 3011 neve
2815 2952 3119 3010 servitium
3141 2956 3199 3010 et
3218 2952 3558 3029 ﬁdelitatem

1908 3028 2101 3101 meam
2130 3045 2297 3101 vobis
2328 3036 2572 3101 auferat.
3516 3028 3521 3041 ³

2686 3160 2780 3216 XL

2050 3268 2305 3341 Epistolm
2333 3269 2391 3322 S.
2424 3268 2581 3323 Petri
2617 3267 2880 3323 Πανιτίαηὶ
2905 3265 2977 3322 ad
3002 3265 3297 3321 Nicolaum
3342 3262 3412 3319 II.

2080 3400 2247 3473 (Vide
2278 3398 2615 3471 Patrologiaz-
2645 3402 2788 3453 tom.
2822 3394 3059 3464 CXLIV,
3091 3394 3201 3451 col.
3231 3394 3387 3467 210.)

134 3517 3561 3554 —---—

1524 3638 2188 3748 APPENDIX.

691 3890 1032 3946 EPISTULA
1072 3890 1206 3947 SUB
1246 3890 1451 3946 FIGTO
1490 3889 1727 3945 ULRICI
1765 3889 2042 3946 NOMINE
2082 3890 2176 3946 AD
2215 3889 2587 3946 NICOLAUM
2629 3890 2675 3945 ll
2717 3887 2990 3944 PAPAM.

1177 4017 1266 4086 (D.
1301 4016 1600 4083 Maerens,
1633 4015 1984 4086 Ampiissz'ma
2024 4014 2266 4085 ϐοηθοίη
2300 4016 2345 4084 Ι,
2379 4015 2527 4086 449.)

1665 4248 2030 4305 MONITUM.

205 4368 339 4450 Haec
368 4370 617 4450 epistgla
645 4386 715 4428 ex
727 4372 932 4450 eodem
958 4372 1117 4450 fonte
1142 4371 1431 4450 prodiisse
1453 4373 1644 4450 potuit
1665 4390 1731 4428 ac
1748 4372 1853 4429 illa
1872 4390 2050 4450 quam
2065 4375 2430 4450 in_eumd_um
2453 4374 2632 4450 tinem
2655 4371 2941 4450 scriptam
2964 4366 3565 4450 edidimus_Tbesauri

130 4442 325 4516 nostri
352 4438 804 4516 Anecdotorum.
838 4449 979 4499 tom.
1018 4445 1059 4511 l,
1092 4438 1227 4516 pag.
1258 4438 1563 4516 2:30,cujus
1588 4438 2282 4502 auctorem'credidimus
2302 4444 2660 4502 Guenricum
2685 4438 3089 4516 Trévirensem
3117 4438 3564 4507 scholasticam,

132 4513 334 4592 virum
366 4513 1119 4592 impudentissimum.‘Eam
1152 4513 1347 4592 autem
1367 4513 1716 4592 bicidamus,
1751 4523 1816 4592 ut
1847 4534 2023 4592 quam
2056 4519 2311 4592 corrupti
2345 4517 2563 4592 fuerint
2591 4516 2690 4592 illo
2721 4530 2837 4592 aevo
2870 4513 3565 4592 presbyterorummores

134 4580 641 4663 demonstremus,
673 4590 939 4663 etquam
972 4588 1121 4663 bene
1152 4588 1231 4663 de
1256 4586 1512 4663 Ecclesia
1532 4580 1823 4663 meruerit
1851 4580 2167 4663 Gregorius
2206 4580 2358 4663 papa
2389 4590 2511 4657 VII,
2542 4588 2642 4660 qui
2674 4580 3145 4659 presbyterorum
3187 4580 3565 4638 matrimonia

131 4672 239 4714 seu
276 4657 474 4729 potius
503 4657 960 4715 concubinatum
993 4658 1321 4714 incredibili
1355 4675 1499 4729 pene
1531 4658 1726 4715 labore
1756 4657 2023 4716 abstulit.

130 4787 272 4839 Haec
325 4784 748 4864 estmrescriptio
806 4785 986 4864 sancti
1040 4782 1225 4864 nutrici
1256 4784 1535 4863 _cpiscopi,
1596 4784 1795 4864 in'qua
1823 4786 1870 4850 υ
1905 4789 2057 4841 stam
2078 4784 2487 4864 conculcantes
2507 4782 2707 4864 libere,
2734 4796 3003 4864 onerosa,
3028 4770 3564 4864 imoimport‘a'b‘ili,

195 4869 360 4925 papae
389 4854 612 4909 Nicolao
641 4854 705 4909 dc
744 4857 1083 4910 continentia
1127 4855 1451 4908 clericorum
1495 4871 1606 4909 non
1647 4856 1795 4925 justc

203 4923 298 4980 Sed
330 4926 520 5053 tingit},
550 4942 662 4982 non
694 4929 957 4983 canonice
986 4925 1078 4982 sed
1110 4926 1403 4980 indiscrete
1434 4923 1701 4981 tractanti
1723 4928 1796 4982 ita

206 5011 404 5053 reason
504 5038 517 5050 .

206 5011 517 5065 respondet.

162 5110 175 5119 ο
208 5084 464 5157 Νεαρωο
495 5085 732 5142 domino
759 5090 816 5142 et
860 5086 1039 5157 Patri,
1092 5084 1356 5157 pervigili
1407 5090 1464 5140 S.
1518 5087 1792 5142 Romanae

132 5155 408 5212 Ecclesia:
428 5158 731 5229 provisori,
757 5156 997 5223 U.,'solo
1020 5155 1612 5229 noininevepiscOpus,
1636 5175 1797 5213 amo-

136 5244 263 5284 rem
296 5233 363 5285 ut
396 5229 575 5295 ﬁlius,
611 5231 884 5285 timorem
918 5234 983 5285 ut
1014 5246 1236 5284 servust
1433 5252 1445 5261 -

209 5300 357 5372 cum
385 5304 510 5368 tua,
569 5318 601 5355 ο
632 5301 801 5357 Pater
828 5306 887 5357 et
933 5300 1193 5367 domino,
1232 5300 1462 5372 decreta
1493 5301 1572 5372 ((3)
1622 5316 1800 5370 super

136 5370 488 5444 clericorum
509 5373 883 5444 continentia
913 5389 1101 5444 nuper
1127 5369 1560 5444 transmissae
1580 5369 1796 5444 discre-

131 5442 296 5498 tione
326 5443 650 5499 invenirem
681 5443 897 5512 aliena,
928 5442 1106 5500 timor
1136 5460 1229 5498 me
1270 5443 1632 5513 perturbavit
1662 5459 1796 5497 cum

135 5513 626 5587 tristitia.rTimor
654 5516 892 5587 quidem
925 5514 1302 5587 propter‘hoc
1335 5515 1490 5583 quod
1544 5513 1795 5587 dicitur:

141 5607 165 5636 α
195 5586 456 5641 Pastoris
481 5584 772 5647 sententia
797 5584 1107 5654 sive'jus‘ta
1138 5584 1256 5641 sive
1288 5584 1509 5653 injusta
1538 5586 1801 5639 timenda

135 5660 247 5713 est.
274 5678 303 5707 ››
338 5656 644 5711 Timebam
676 5659 832 5713 enim
866 5658 1120 5712 infirmis
1151 5657 1462 5727 Scriptura)
1515 5657 1796 5710 auditori-

135 5729 273 5797 bus,
308 5730 411 5800 qui
441 5727 529 5783 vel
555 5728 734 5798 justas
761 5728 857 5783 vix
889 5730 1173 5786 obediunt
1195 5726 1516 5793 sententiae,
1548 5744 1618 5782 ne
1648 5726 1801 5798 inju-

213 5852 288 5924 (6)
318 5852 630 5924 Decretum
688 5850 844 5924 istud
877 5855 1066 5909 exstat
1122 5851 1180 5906 in
1226 5848 1486 5924 concilio
1538 5851 1798 5924 Romano

140 5920 379 5981 centum
410 5920 686 5979 tredecim
719 5920 1129 5997 episcoporum
1152 5922 1262 5979 sub
1283 5921 1518 5979 Nicolao
1541 5921 1799 5994 llponti-

1907 4856 2157 4931 pastoris
2190 4855 2658 4931 prmv‘aricatione
2679 4844 2959 4931 praecepti
2990 4844 3052 4907 ee
3072 4844 3560 4931 obligarent.'l:ri-

1909 4917 2068 4985 stitia
2097 4917 2231 4984 vero
2263 4928 2351 4983 vel
2401 4917 2750 4998 compassio,
2787 4940 2859 4980 ne
2878 4917 3011 4996 'qua
3040 4917 3565 4998 ratione-membra

1907 5006 2373 5078 possent_ca_rere
2405 4989 2592 5078 capite
2625 4989 2745 5078 suo
2788 4989 3101 5078 tam‘gravi
3126 4989 3355 5078 "mor-b3
3399 4989 3562 5078 labo-

1909 5061 2121 5146 rante._
2151 5072 2299 5146 Quid
2329 5061 2506 5146 enim:
2543 5069 2802 5142 gravius,
2848 5061 3002 5146 quid
3059 5063 3242 5121 totius
3276 5061 3567 5146 Ecclesia:

1909 5134 2317 5215 compa'ssione
2348 5134 2608 5215 dignius,
2640 5156 2820 5215 quam
2924 5152 3179 5215 summie
3195 5134 3353 5194 sedis
3372 5134 3585 5209 pontis-

1911 5210 2076 5271 ficem
2110 5216 2391 5289 adquam
2413 5210 2615 5268 'totius
2647 5210 2913 5289 Ecclesiae
2964 5212 3500 5289 spectatexameg,
3532 5220 3567 5261 a

1909 5292 2114 5343 sancta
2145 5274 2497 5341 discretione
2526 5289 2613 5339 vel
2658 5283 2973 5338 minimum
2998 5274 3351 5337 -exorbitare
3376 5280 3399 5332 Ρ
3437 5274 3566 5331 Non

1909 5376 2117 5431 parum
2149 5359 2369 5431 quippe
2386 5357 2458 5413 ab
2478 5356 2592 5431 bac
2606 5354 2882 5431 deviasti,
2907 5369 3043 5431 cum
3065 5349 3289 5408 clericis
3309 5363 3459 5431 quos
3479 5344 3554 5402 ad

1908 5416 2326 5487 abstinentiam
2360 5427 2617 5498 conjugii
2654 5416 3248 5499 moneredebueras,
3294 5416 3377 5499 ad.
3402 5416 3565 5499 .banc

1907 5502 2227 5573 imperiosa
2254 5487 2786 5574 violentia-cogere
2834 5497 3091 5574 volebas.
3142 5487 3566 5574 Nunquidnam

1909 5558 2117 5629 me‘rito
2141 5571 2438 5644 communi
2472 5558 2738 5627 omnium
2773 5566 3125 5644 sapientium
3171 5558 3391 5632 iudieio
3443 5558 3565 5614 haec

1911 5663 2025 5700 non
2059 5649 2147 5699 est
2167 5642 2464 5703 violentia,
2489 5659 2622 5697 cum
2647 5637 3301 5713 contra'institutionem
3319 5645 3567 5713 evange-

1910 5718 2085 5772 licam
2116 5732 2182 5771 ac
2215 5714 2400 5770 sancti
2433 5715 2689 5787 Spiritus
2710 5710 3087 5768 dictationem
3109 5703 3182 5759 ad
3214 5703 3441 5775 privata
3460 5703 3567 5758 ali-

1910 5842 2016 5897 ﬁce
2048 5838 2335 5896 celebrato
2372 5854 2525 5894 anno
2561 5837 2719 5903 1039,
2750 5850 2887 5905 cap.
2905 5831 2959 5899 3,
2992 5820 3573 5899 renovatquesimilc‘
3650 5872 3665 5891 ,

1913 5917 2202 5971 statutum
2237 5928 2271 5967 a
2301 5911 2487 5967 Leone
2517 5926 2670 5982 papa
2700 5906 2770 5962 IX
2801 5904 3043 5961 editum.
