4630 6406
511 426 671 494 I373

892 427 1333 494 FRANGONIS
1367 428 1638 492 SCHOL.
1673 426 1901 491 LEOD.
1934 427 2034 489 EX
2065 424 2323 489 OPERE
2357 427 2454 488 DE
2488 427 2722 501 QUAD.
2764 431 3077 495 ClllCULI
3110 430 3524 495 SPECIMEN.

3755 435 3911 498 1374

511 563 713 633 matis,
748 569 1095 631 moreretur,
1126 564 1333 638 quinta
1363 564 1476 632 die,
1499 580 1625 636 qua:
1657 563 1713 618 S.
1743 561 1998 619 Matthazi
2029 577 2162 633 apo-
2188 562 2244 629 Α
2272 562 2458 633 ptistaa
2508 562 2928 631 celebritatem,
2974 582 3104 637 quae
3154 581 3345 638 nuper
3392 566 3678 625 celebrata
3714 581 3821 639 est,
3852 572 3911 628 in

511 652 648 710 stoIi
679 657 737 709 et
772 653 1142 723 evangelista:
1175 659 1313 709 tunc
1344 652 1625 724 temporis
1649 650 1919 723 passione
1948 667 2158 705 verna-

513 741 637 810 bat,
663 743 951 815 quidquid
979 744 1185 814 praeda:
1214 742 1431 797 invenit
1455 741 1695 795 abduxit
1720 758 1732 795 :
1756 756 2010 810 cumque
2031 756 2162 794 sau-

2269 650 2449 707 altera
2472 648 2607 708 villa
2666 670 2795 725 quae
2837 654 3123 721 Erchaua,
3167 660 3406 712 centum
3455 656 3775 715 solidorum
3806 676 3915 733 prie

2270 741 2401 795 dam
2431 746 2488 796 et
2517 758 2582 796 eo
2614 742 2866 811 amplius
2898 742 3202 800 meliorem
3236 745 3421 801 servis
3471 751 3529 801 et
3569 748 3799 804 ancillis
3829 768 3915 806 ec-

514 831 593 888 cti
626 830 811 888 Patris
844 832 1026 889 nostri
1059 848 1270 903 corpus
1316 834 1676 903 opponentes
1725 828 1857 894 sibi,
1890 829 2159 883 timorem
2271 828 2458 885 clesize
2483 835 2690 886 nostrae
2718 832 2985 903 arripuit,
3013 838 3072 888 et
3095 832 3340 905 insuper
3360 835 3463 890 uni
3501 838 3916 896 monachorum

514 920 620 978 Dei
648 921 989 992 regiamque
1033 920 1359 975 libertatem
1396 918 1873 984 reclamaremus,
1916 917 2161 988 quidam

513 1025 758 1067 suorum
775 1016 1300 1075 uostros,sanctum
1322 1025 1533 1079 corpus
1552 1012 1969 1067 sustentautes,
1986 1005 2164 1059 tantis

516 1099 858 1155 verberibus
900 1100 1239 1165 affecerunt,
1273 1104 1333 1151 ut
1368 1096 1593 1152 loculus
1642 1095 1829 1150 sancti
1880 1094 2166 1165 sanguine

514 1187 959 1246 vulneratorum
987 1188 1361 1258 pollueretur.
1389 1186 1509 1242 Heu
1534 1186 1546 1241 !
1574 1190 1928 1255 quotservos
1947 1188 2003 1238 et
2026 1183 2166 1237 lide-

517 1277 604 1334 les
628 1276 883 1333 ecclesia:
927 1283 1134 1331 nostrte
1182 1275 1493 1347 plageariis
1537 1274 1666 1328 suis
1692 1274 1952 1345 captivos
1987 1272 2163 1327 tradi-

517 1377 625 1442 dit,
644 1381 699 1431 et
725 1376 923 1431 omnia
945 1375 1096 1429 bona
1119 1374 1351 1428 illorum
1375 1373 1642 1444 diripuit!
1674 1371 1794 1426 lleu
1823 1371 1834 1423 l
1863 1375 2005 1441 quot
2028 1387 2168 1442 prce-

519 1466 626 1522 das
650 1482 764 1519 non
788 1463 978 1519 solum
1002 1463 1355 1517 familiarum
1383 1467 1736 1525 nostrarum,
1754 1460 1852 1514 sed
1877 1477 1944 1514 ex
1967 1464 2167 1513 nostro

518 1553 747 1627 peculio
774 1552 1043 1607 ducentis
1067 1551 1232 1607 libris
1256 1558 1309 1606 et
1332 1568 1397 1605 eo
1429 1548 1681 1621 amplius
1707 1548 1974 1603 meliores
2000 1547 2167 1602 nobis

517 1641 802 1714 arripuit!
838 1643 972 1705 Quae
1000 1640 1198 1695 omnia
1219 1639 1469 1711 qualiter
1489 1637 1844 1703 distraxerit,
1876 1653 1945 1691 ne
1978 1637 2166 1707 regias

518 1748 693 1788 aures
724 1731 1111 1795 olleuxlamus,
1146 1729 1336 1783 dicere
1386 1729 1687 1783 timemus.
1726 1728 1786 1780 In
1836 1726 1943 1781 hoc
1977 1726 2169 1781 adhuc

520 1821 791 1894 praesenti
814 1836 965 1874 anno
981 1819 1167 1890 ipsius
1184 1834 1447 1888 rapacem
1468 1818 1722 1871 furorem
1742 1832 1979 1886 quoquo
1997 1815 2166 1869 modo

2273 924 2605 974 uestrorum
2636 936 2875 990 equum,
2908 938 3025 992 quo
3057 922 3114 976 in
3160 923 3379 979 nostris
3417 928 3765 984 necessariis
3799 935 3920 986 ute-

2274 1007 2466 1075 batur,
2500 1008 2761 1064 abstulit.
2794 1010 2958 1064 Nuuc
2980 1010 3131 1081 jam,
3164 1027 3396 1067 summe
3423 1015 3635 1083 Caesar,
3668 1017 3923 1087 gloriose

2275 1114 2371 1151 rex
2401 1113 2466 1150 ac
2496 1097 2748 1167 domine,
2780 1098 3057 1169 quoniam
3081 1098 3266 1154 honor
3292 1101 3754 1173 regisjudicium
3787 1107 3921 1163 dili-

2276 1186 2379 1256 git,
2411 1190 2488 1251 et,
2519 1190 2663 1241 teste
2693 1187 2988 1258 Apostolo,
3011 1204 3124 1243 nou
3150 1189 3275 1246 sine
3298 1206 3479 1247 causa
3498 1192 3761 1264 gladium
3784 1214 3918 1269 por-

2276 1282 2498 1345 tas,pro
2515 1274 2939 1331 animadomini
2953 1277 3136 1332 nostri
3153 1278 3294 1332 divae
3317 1282 3611 1336 memorias
3627 1285 3817 1340 Patris
3831 1286 3916 1341 tui

2277 1364 2448 1434 cujus
2470 1364 2625 1435 regia
2645 1365 2921 1435 majestas
2941 1382 3048 1421 nos
3083 1364 3330 1423 libertati
3352 1370 3718 1439 condonavit,
3742 1390 3915 1431 aures

2277 1452 2511 1525 pietatis
2534 1454 2605 1508 ad
2621 1452 2935 1510 clamorem
2949 1458 3217 1511 nostrum
3233 1457 3412 1528 aperi,
3431 1459 3722 1517 dexteram
3739 1464 3916 1534 justi-

2278 1542 2370 1597 tiae
2396 1542 2638 1598 viriliter
2667 1560 2886 1611 exsere,
2914 1544 2987 1600 ad
3016 1544 3202 1602 instar
3230 1547 3545 1619 evangelici
3585 1552 3736 1623 regis
3767 1570 3919 1609 mor-

2280 1636 2397 1687 tem
2432 1632 2535 1687 ﬁlii
2564 1632 2749 1688 vidua:
2788 1634 3164 1703 viudicantis,
3210 1636 3441 1691 vindica
3488 1654 3595 1694 uos
3625 1640 3696 1695 de
3724 1642 3920 1698 adver-

2280 1722 2432 1775 sario
2464 1727 2700 1778 nostro:
2734 1739 2805 1778 ne
2838 1727 3039 1779 sancta
3068 1729 3256 1780 mater
3296 1725 3557 1783 Ecclesia
3602 1730 3926 1788 reclamans

2279 1810 2627 1865 invindicaia
2648 1812 2897 1867 venienti
2921 1813 2980 1868 in
2995 1813 3220 1884 judicio
3242 1814 3518 1887 suggillet
3536 1820 3609 1873 te.
3642 1818 3818 1892 Regis
3840 1839 3924 1877 re-

518 1910 725 1967 sedere
754 1910 1091 1981 gestientes,
1125 1908 1324 1961 decem
1360 1922 1586 1961 marcas
1620 1904 1842 1975 argenti
1872 1920 1939 1959 ex
1971 1910 2171 1959 nostra
2202 1932 2250 1997 Β
2281 1916 2420 1972 gum
2446 1900 2845 1956 misericordia
2866 1906 2921 1958 et
2945 1902 3648 1971 Dominidominantium,
3672 1907 3732 1963 in
3751 1912 3921 1982 cujus

521 2001 865 2070 paupertate
923 2012 1024 2067 pro
1095 1995 1263 2050 nobis
1310 1995 1610 2065 uotrisque
1659 1992 1951 2059 dedimus,
2001 1993 2169 2064 quasi
2202 1991 2242 1997 ”
2283 2006 2458 2043 manu
2494 1994 2635 2044 sunt
2675 1991 2849 2045 corda
2870 2007 3074 2063 regum
3108 1992 3193 2047 vel
3216 1997 3707 2065 tempora,vestra
3736 1997 3923 2072 impe-

520 2086 683 2160 pacis
713 2102 779 2141 ac
824 2084 1266 2155 tranquillitatis
1316 2082 1571 2138 obsides.
1622 2082 1847 2147 Quibus
1900 2082 2169 2153 receptis,
2282 2078 2368 2132 ria
2398 2077 2480 2133 sic
2512 2079 2739 2135 ordinet
2768 2084 2823 2134 et
2856 2080 3129 2152 disponat
3157 2086 3221 2137 ut
3257 2087 3315 2137 et
3360 2082 3558 2140 hostes
3591 2093 3832 2156 pacatos
3865 2094 3923 2144 et

520 2192 659 2233 mox
706 2174 935 2230 cuidam
982 2174 1128 2228 villae
1178 2178 1408 2238 nostras,
1452 2188 1580 2243 qua:
1629 2170 1867 2235 Villare,
1922 2169 2168 2239 insiluit,
2281 2167 2573 2238 subjectos
2597 2168 2795 2235 facias,
2822 2168 3021 2225 ﬁdeles
3051 2174 3109 2225 et
3127 2171 3345 2227 amicos
3365 2172 3717 2246 multiplicat
3740 2181 3797 2233 et
3818 2195 3921 2234 cu-

521 2280 748 2322 necuou
780 2263 931 2318 inter
959 2262 1176 2317 atrium
1217 2260 1472 2316 ecclesia:
1507 2259 1685 2314 totius
1734 2257 1879 2312 villa:
1913 2258 2170 2329 praedam
2282 2256 2517 2311 stodiat.
2553 2255 2709 2325 Vale,
2743 2257 2930 2315 ducus
2971 2258 3220 2331 imperii.

523 2351 810 2425 diripiens
842 2350 1146 2407 abscessit.
1184 2349 1316 2405 Post
1349 2349 1498 2404 hanc
1542 2348 1729 2403 sancti
1776 2347 2023 2403 Joannis
2052 2346 2161 2402 Ba-

527 2522 3932 2570 ω

1926 2676 2074 2715 ANNO
2115 2675 2323 2715 DOMINI
2366 2674 2539 2714 MLXV.

1629 2812 2838 2986 FBANCO

1330 3080 2274 3178 SCHOLASTICUS
2344 3079 3130 3175 LEODIENSIS.

1908 3399 2554 3490 FRANCONIS

796 3603 955 3715 EX
1018 3600 1399 3717 OPEBE
1465 3605 1616 3714 DE
1685 3602 2462 3733 QUADRATURA
2537 3599 2992 3715 CIRCULI
3058 3600 3664 3719 SPECIMEN.

1716 3819 1875 3891 (MAI,
1907 3819 2138 3878 Classici
2167 3824 2438 3886 auctores,
2471 3818 2571 3890 III,
2603 3818 2757 3891 346.)

597 4096 865 4170 Diximus
895 4094 1041 4170 falso
1072 4095 1562 4170 videriBertium
1610 4096 1823 4170 referre
1871 4095 1944 4151 ad
1990 4094 2308 4170 Boethium
2349 4094 2600 4170 opusde
2631 4093 2834 4170 circuli
2873 4094 3253 4170 quadratura,
3286 4096 3443 4170 quod
3472 4100 3563 4155 est
3591 4097 3928 4154 Franconis.

517 4169 687 4253 _Nunc
708 4167 897 4253 placet
916 4183 985 4251 ex
1006 4168 1114 4224 hoc
1142 4168 1359 4253 inedita
1380 4184 1587 4253 opere"
1599 4168 1754 4253 quod
1778 4168 1836 4253 in
1863 4183 1964 4223 sex
1990 4166 2218 4223 libellos
2255 4166 2652 4253 distribuitur,
2679 4166 2977 4253 specimen
3016 4166 3416 4253 proferre—itii.
3441 4172 3653 4253 tamet;
3668 4174 3735 4253 ut
3762 4176 3934 4253 antea

511 4236 774 4297 hominis
804 4240 1116 4312 operisque
1146 4236 1513 4296 notitiam—ex
1553 4236 1853 4312 Sigeberto
1895 4255 2203 4311 ponamus.
2255 4238 2348 4312 S_ic
2378 4236 2557 4312 igitur
2596 4236 2958 4310 Sigébertus,
2991 4236 3122 4312 cap.
3155 4236 3287 4297 164.
3317 4262 3345 4292 ‹‹
3366 4241 3586 4298 France
3618 4241 3931 4299 Scholasti-

512 4308 1317 4391 ουδ’,ωοάὶᾱηβὶεςιιθιὶεἱοηθ
1348 4317 1406 4391 et
1436 4308 1683 4391 utraque
1718 4308 2046 4391 litterarum
2077 4309 2328 4391 scientia
2377 4308 2735 4391 nominatus,
2762 4308 3082 4391 quantum
3101 4312 3703 4391 valueritscribendo
3744 4314 3935 4371 notiti-

508 4381 664 4466 gairit
694 4384 961 4466 posteris.
992 4380 1295 4465 Amatores
1326 4380 1911 4466 scientiafsaicularis
1944 4387 2145 4466 tegent
2170 4382 2299 4452 ejus
2328 4380 2635 4466 scientiam
2666 4396 2735 4438 ex
2762 4380 3119 4466 libronquem
3150 4383 3386 4466 scripsit
3422 4384 3929 4466 adnHermauuum

508 4451 765 4527 colonia:
791 4455 1296 4527 archiepiscopum
1332 4455 1408 4510 De
1438 4455 1799 4527 quadratura
1830 4451 2335 4527 circuli“;__de’qua
2360 4451 2705 4527 Aristoteles
2751 4452 2865 4508 ait:
2916 4451 3286 4527 Quadratura
3332 4454 3537 4511 circuli
3566 4461 3674 4527 est
3702 4457 3929 4524 scibile,

508 4524 759 4600 scientia
788 4523 1030 4600 quidem
1062 4523 1325 4582 nondum
1350 4523 1754 4600 estC‘Obuillud
1785 4523 2154 4600 veroscibile
2183 4523 2602 4600 conferantrvel
2633 4524 2811 4600 etiam
2856 4525 3170 4600 praferaut
3215 4542 3351 4600 eum
3408 4526 3716 4600 saeculares
3742 4523 3932 4600 phile-

508 4596 714 4682 sophi;
746 4594 855 4654 nos
883 4596 1194 4679 laudamus
1223 4613 1358 4653 eum
1391 4596 1529 4670 quia
1565 4596 1771 4678 digium
1824 4596 2143 4668 Scriptura
2193 4595 2334 4667 iuvi;

506 4669 729 4727 librum
762 4686 969 4727 unum.
1000 4674 1057 4725 et
1094 4670 1209 4727 alia
1264 4686 1390 4727 quae
1422 4670 1493 4725 ab
1561 4668 1691 4725 alus
1752 4667 2067 4723 habentur.
2102 4691 2128 4717 ››
2187 4668 2334 4724 Eade

2098 4613 2143 4653 te
2193 4594 2518 4667 iuvigilavit
2565 4600 2623 4652 et
2669 4594 3144 4668 plura'scripsit,
3189 4602 3257 4653 ut
3302 4597 3374 4653 de
3416 4597 3640 4655 ratione
3667 4594 3795 4654 eoin
3844 4600 3926 4655 uti

2102 4691 2128 4717 ››
2187 4668 2405 4724 Eadem
2466 4670 2671 4723 narrat
2730 4668 2802 4723 de
2862 4668 3158 4725 Fraueeue
3193 4668 3553 4725 Trithemius
3612 4686 3740 4727 cau.
3797 4616 3925 4727 ἕως.

513 4686 729 4727 uorum
762 4686 969 4738 unum,
1000 4686 1057 4725 et
1094 4686 1209 4727 aua
1264 4686 1390 4741 quae
1422 4686 1493 4725 an
1561 4686 1691 4725 auis
1752 4686 2067 4723 uaneutur.
2102 4691 2128 4717 ››
2188 4686 2405 4724 nauem
2466 4686 2671 4723 narrat
2730 4686 2802 4723 ue
2862 4686 3158 4725 r'raueone
3194 4686 3553 4725 arituemius
3612 4686 3740 4742 cap.
3797 4686 3925 4735 54h,

513 4738 801 4812 additque
830 4739 1114 4798 claruisse
1144 4756 1279 4797 eum
1313 4741 1423 4797 sub
1463 4737 2088 4812 Henricoiimperatore
2120 4738 2336 4812 _tertio,
2399 4754 2551 4812 anno
2608 4738 2832 4812 domini
2892 4739 3047 4812 1060.
3108 4740 3267 4796 Idem
3325 4739 3646 4797 Tritemius
3688 4741 3929 4797 adnotat

510 4809 888 4870 Macenatem
920 4811 1090 4869 illum
1125 4811 1442 4869 Franconis
1473 4812 1654 4869 fuisse
1684 4809 2085 4867 Hermanuum
2118 4809 2187 4878 Il,
2220 4826 2394 4881 quem
2424 4809 2830 4866 Coloniensem
2863 4811 3061 4867 sedem
3100 4812 3173 4867 ab
3203 4827 3355 4867 anno
3385 4812 3525 4867 1036
3573 4812 3645 4868 ad
3675 4814 3815 4868 1055
3848 4822 3926 4867 te-

509 4883 717 4963 nuisse
744 4883 1004 4963 scimus;
1038 4884 1366 4963 unde_sa_tis
1397 4882 1579 4963 liquet
1632 4882 1952 4963 grancouis
2005 4880 2339 4963 opus‘in’tra
2377 4880 2501 4963 hoc.
2533 4881 3121 4963 temporis-spatium
3150 4883 3345 4963 fuisse
3395 4883 3811 4963 conscriptum.
3844 4885 3924 4940 Eu

507 4958 710 5038 autem
734 4959 962 5038 partem
994 4951 1216 5038 prologi
1234 4956 1306 5037 ad
1340 4951 1598 5038 primum
1629 4951 2306 5038 librum,_item:initium
2327 4951 2557 5038 operis,
2608 4951 2849 5038 etitertii
2880 4951 3352 5038 libriprologum
3385 4971 3564 5038 prope
3595 4951 3921 5029 integrum:

508 5027 623 5085 hos
654 5022 811 5084 enim
842 5022 1013 5084 locos'
1028 5028 1102 5085 ad
1132 5022 1430 5099 specimen
1459 5027 1841 5100 prabendum
1870 5025 2080 5098 delegi,
2114 5024 2255 5097 quia
2279 5022 2586 5081 historicas
2614 5023 2839 5097 aliquot
2868 5022 3107 5082 notitias
3146 5022 3465 5082 continent.

840 5195 1097 5253 INCIPIT
1126 5194 1504 5253 PROLOGUS
1534 5195 1607 5251 IN
1642 5193 1931 5252 PRIMUM
1962 5194 2194 5251 DOMNI
2225 5193 2622 5251 FRANCONIS
2652 5193 2744 5250 DE
2770 5194 3263 5262 QUADRATURA
3292 5196 3604 5255 CIRCULI.

587 5335 667 5392 Ex
696 5354 834 5410 quo,
867 5338 945 5395 mi
978 5356 1129 5412 papa
1160 5336 1477 5412 praasulum
1508 5338 1706 5404 decus,
1739 5353 1953 5394 corona
1982 5338 2166 5394 totius
2196 5339 2240 5409 α
2280 5337 2423 5393 tiam
2439 5337 2791 5409 promerceri
2813 5337 3108 5395 deberem.
3137 5340 3363 5415 Quippe
3378 5338 3756 5413 pecuniarum
3776 5339 3921 5394 nihil

508 5442 617 5501 per
640 5427 840 5484 orbem
862 5427 1026 5498 cleri,
1050 5427 1270 5484 nullius
1283 5445 1547 5501 unquam
1562 5427 1871 5484 immemor
1889 5427 2159 5484 honesta-
2268 5428 2411 5494 erat,
2443 5442 2559 5482 non
2590 5442 2726 5482 cava
2754 5427 2993 5500 superbi
3014 5429 3347 5502 cornipedis
3396 5425 3628 5499 ungula,
3654 5444 3767 5483 non
3809 5428 3917 5483 Mi-

509 5515 614 5584 tis,
637 5530 703 5572 ex
727 5532 843 5589 quo
862 5514 1273 5575 liberalitatem
1292 5520 1458 5576 tuam
1483 5517 1735 5590 gratuito
1757 5515 1815 5572 in
1840 5532 1931 5572 me
1954 5516 2162 5573 conﬁr-
2269 5512 2497 5571 nervale
2518 5513 2775 5586 pretium
2800 5532 3055 5588 operosa;
3099 5522 3335 5590 arteque
3372 5516 3677 5573 elaboratae
3717 5518 3917 5583 vestis,

510 5604 690 5662 masti
719 5623 732 5674 ;
766 5621 834 5662 ex
862 5606 1066 5662 eodem
1090 5606 1216 5678 jam
1250 5610 1511 5680 tempore
1532 5603 1692 5661 nulla
1712 5604 1855 5661 hora
1870 5604 2160 5663 sollicitus
2269 5622 2385 5661 non
2406 5602 2600 5659 fusilis
2616 5603 3216 5663 metalliadmirandis
3230 5607 3429 5677 ﬁguris
3450 5622 3599 5678 opus
3619 5606 3912 5673 incusum,

507 5710 643 5751 esse
668 5711 784 5752 non
806 5694 990 5768 potui,
1014 5694 1325 5768 cujusdam
1347 5693 1521 5753 officii
1543 5694 1997 5752 rationetantam
2018 5711 2154 5768 gra-
2268 5711 2384 5753 non
2432 5693 2730 5767 peregrini
2744 5693 2957 5768 lapidis
2974 5694 3274 5769 multiplex
3291 5712 3356 5754 ac
3368 5693 3507 5752 varii
3528 5694 3743 5767 coloris
3758 5712 3916 5776 aspe~
