3978 6372
381 429 549 520 ,ιθ-ιδ
641 405 646 410 ’

1385 429 1455 492 Β.
1505 427 1860 492 MAURILII
1903 423 2268 488 ARCHIEP.
2313 425 2775 490 ROTHOMAG.

3657 419 3805 488 i376

391 565 1036 637 otus.Quanquamego,
1057 560 1108 620 si
1139 561 1428 634 ejusmodi
1457 576 1652 616 rerum
1666 558 2025 616 abundantia
2055 561 2110 626 Α
2139 559 2296 615 niam
2317 561 2572 616 edictum
2593 564 2701 628 est,
2728 564 2786 617 te
2811 557 2883 616 ad
2917 557 3120 617 studia
3157 568 3270 616 nos
3312 553 3641 616 beneﬂciis
3661 557 3803 614 invi-

392 652 692 725 pollerem,
723 652 879 709 haud
912 668 1169 724 unquam
1201 649 1258 704 in
1292 649 1553 705 animum
1585 649 1896 720 subrepere
1921 665 2024 702 au-

391 741 553 798 deret
573 746 744 797 tantm
767 741 1051 796 nobilitati
1074 742 1361 808 tantaeque
1403 736 1670 808 dignitati
1703 752 1770 790 ex
1802 737 2021 790 eisdem

393 829 746 885 munuscula
765 830 988 883 offerre.
1012 827 1140 881 Haec
1161 825 1314 880 enim
1339 841 1472 880 cum
1502 825 1828 895 principum
1852 823 2022 895 largi-

393 918 546 973 tione
571 914 1069 972 distribuunturin
1097 913 1320 985 vulgus,
1342 912 1668 980 indigentiae
1691 916 1748 967 et
1770 913 2024 967 necessi-

389 1011 490 1060 tati
515 1003 885 1070 subvenitur;
907 1015 1036 1056 cum
1063 1018 1188 1056 vero
1221 1017 1421 1056 eorum
1445 1001 1734 1056 oblatione
1757 1001 2022 1071 ipsorum
2059 1061 2064 1075 ι

389 1093 718 1164 principum
779 1089 1163 1161 benivolentia
1200 1093 1587 1158 comparatur,
1620 1087 1818 1160 procul
1843 1088 2021 1142 dubio

386 1181 625 1235 avaritia
651 1179 888 1236 illorum
920 1177 1144 1234 occulto
1177 1179 1432 1250 quodam
1479 1177 1662 1248 elogio
1717 1176 2022 1247 exprobra-

389 1274 508 1335 tur;
530 1283 710 1337 neque
732 1267 888 1322 enim
925 1265 1134 1320 redimi
1169 1265 1512 1320 muneribus
1551 1269 1808 1336 possent,
1833 1263 1880 1318 si
1905 1280 2020 1318 non

387 1373 505 1421 eos,
530 1356 686 1427 quod
704 1355 981 1408 nimirum
1005 1354 1231 1418 accidit,
1257 1371 1324 1408 ex
1347 1353 1445 1408 illo
1483 1353 1736 1408 avaritiae
1761 1357 2020 1408 monstro

387 1445 514 1514 ipsa
548 1459 785 1498 munera
807 1442 1181 1510 delectarent,
1215 1447 1322 1496 etc.
1358 1443 1560 1512 Itaque
1597 1441 1704 1496 hac
1724 1441 1813 1494 via
1837 1440 2020 1496 addu-

387 1537 516 1586 ctus
556 1547 687 1586 sum
739 1534 802 1584 ut
817 1527 1322 1585 ederemlibellum
1342 1529 1413 1582 de
1435 1528 2022 1600 circuliquadratura,

385 1617 678 1689 imperitia
706 1617 1024 1689 plurimum
1061 1617 1363 1682 renitente,
1413 1617 1512 1671 sed
1562 1617 1633 1671 ad
1686 1614 2023 1671 temerarios

387 1723 567 1762 ausus
601 1709 942 1778 perurgente
972 1703 1296 1760 devotione.
1359 1703 1476 1759 Hoc
1507 1704 1682 1774 igitur
1709 1719 1855 1776 opus
1886 1718 2024 1774 quo-

2133 651 2294 704 tante
2331 648 2575 704 alterius
2623 664 2770 721 opus
2817 648 2930 705 nisi
2981 651 3151 717 tuum
3201 663 3333 704 esse
3387 662 3516 702 non
3573 646 3800 720 poterit.

2131 735 2520 800 Quamobrem
2553 741 2746 794 certus
2776 741 2901 793 esto
2933 753 3168 792 omnem
3218 737 3352 808 ejus
3401 734 3801 808 diligentiam,

2131 824 2250 880 sive
2280 825 2514 896 penitus
2545 826 2979 898 reprobandum
3010 825 3107 888 sit,
3143 825 3266 880 sive
3299 823 3360 878 in
3419 829 3598 896 parte
3630 823 3800 880 corri-

2130 912 2406 983 gendum,
2439 913 2559 968 sive
2590 929 2656 968 ex
2688 917 2808 968 toto
2839 912 3307 986 provehendum,
3333 910 3396 966 id
3418 916 3532 966 tua
3554 911 3800 982 maxime

2131 998 2429 1054 interesse.
2465 999 2654 1054 Habes
2687 1001 2841 1054 enim
2875 999 3258 1072 quamplures
3289 1003 3348 1053 et
3365 998 3608 1054 Tuccas
3631 1003 3689 1054 et
3707 997 3805 1053 Va-

2131 1103 2245 1152 ros,
2281 1086 2498 1158 quibus
2530 1087 2772 1143 minime
2803 1088 2880 1144 sit
2911 1087 3094 1143 moris
3144 1087 3362 1142 alienis
3402 1086 3630 1143 studiis
3660 1087 3800 1142 invi-

2131 1174 2284 1229 dere.
2309 1175 2527 1230 Horum
2553 1175 2925 1243 ﬂdei,horum
2941 1175 3213 1232 charitati
3233 1174 3511 1230 laborem
3535 1178 3801 1232 nostrum

2131 1262 2481 1328 committas,
2515 1265 2580 1318 ut
2609 1275 2725 1318 non
2768 1266 2996 1319 tantum
3047 1263 3352 1336 superflua
3374 1266 3668 1329 resecent,
3701 1263 3797 1319 sed

2130 1349 2335 1404 erratis
2366 1365 2597 1421 quoque
2628 1350 2964 1417 adhibeant,
2997 1357 3054 1407 te
3105 1351 3425 1422 probante,
3485 1351 3798 1407 correctio-

2131 1453 2284 1492 nem.
2312 1439 2510 1509 Itaque
2528 1438 2636 1493 hoc
2658 1455 2805 1512 opus
2833 1456 2954 1494 suae
2975 1438 3414 1494 emendationis
3433 1455 3619 1511 opera
3638 1438 3801 1494 casti-

2129 1530 2287 1598 gent,
2321 1530 2387 1580 ut
2419 1542 2531 1582 non
2567 1527 2642 1582 sit
2671 1527 2982 1600 indignum
3015 1531 3171 1599 quod
3197 1532 3302 1584 tuo
3329 1527 3597 1594 nomini,
3627 1526 3799 1584 veluti

2131 1614 2364 1669 cuidam
2398 1613 2648 1683 numini,
2677 1615 2885 1671 debeat
2915 1616 3269 1672 consecrari.

840 1801 1071 1857 DOMNI
1101 1800 1496 1856 FRANCONIS
1529 1801 1738 1856 LIBER
1768 1799 2036 1856 PRIMUS
2075 1798 2339 1854 INCIPIT
2367 1798 2457 1854 DE
2496 1798 2982 1863 QUADRATURA
3013 1799 3329 1858 CIRCULI.

457 1891 817 1956 Quadratum
845 1887 1045 1944 circuli
1105 1889 1258 1943 inter
1286 1888 1543 1944 occultas
1568 1904 1759 1944 rerum
1779 1890 1918 1944 adeo
1935 1891 2024 1944 est
2053 1895 2102 1960 Β
2131 1885 2466 1951 Gerbertus,
2515 1885 2797 1958 multique
2845 1885 2944 1942 alii
2995 1887 3262 1944 studiose
3313 1887 3754 1961 investigarunt
3780 1903 3793 1955 ;

387 1979 658 2033 abstrusa
676 1981 913 2031 naturas
935 1980 1000 2031 ut
1031 1977 1100 2032 de
1135 1977 1261 2047 ejus
1300 1977 1520 2032 ratione
1542 1993 1712 2032 nemo
1733 1976 1904 2032 hodie
1934 1975 2022 2032 vel

386 2066 694 2133 dubitaret,
725 2065 836 2120 nisi
858 2063 1216 2133 Aristoteles,
1241 2081 1414 2136 quem
1445 2065 1622 2120 etiam
1661 2065 2021 2120 inventorem

389 2153 802 2224 ferunt,ipsius
829 2152 1181 2208 mentionem
1205 2153 1672 2224 praedicamentis
1711 2152 1835 2208 suis
1875 2150 2022 2206 indi-

387 2242 586 2297 disset.
621 2242 760 2312 Ejus
782 2239 982 2312 itaque
1014 2239 1320 2295 scientiam
1351 2241 1505 2295 haud
1557 2241 1797 2296 dubiam
1829 2241 2024 2296 ferunt

387 2347 574 2401 usque
595 2330 664 2384 ad
689 2328 994 2384 Boethium
1013 2329 1356 2398 perdurasse
1381 2345 1394 2395 ;
1427 2328 1523 2382 illo
1546 2333 1739 2383 autem
1767 2327 2019 2393 sublato,

388 2418 516 2488 ipsa
535 2433 764 2490 quoque
782 2415 974 2470 omnis
996 2415 1171 2470 simul
1194 2415 1432 2484 interiit,
1464 2420 1670 2488 praeter
1693 2415 1877 2470 solam
1911 2415 2021 2469 du-

389 2505 730 2560 bitationem
761 2520 884 2574 quae
915 2502 1048 2557 talis
1079 2519 1144 2557 ac
1192 2508 1353 2558 tanta
1399 2509 1486 2558 est
1533 2508 1598 2558 ut
1624 2503 1685 2557 in
1717 2519 1784 2558 ea
1817 2519 2022 2558 omnes

393 2591 813 2658 Italizn,(}allize,
837 2603 1010 2661 atque
1031 2590 1352 2646 Germania;
1367 2591 1682 2646 defecerint
1707 2590 2020 2662 sapientes.

390 2681 688 2752 Siquidem
721 2679 868 2734 hanc
901 2683 1096 2734 noster
1123 2677 1502 2744 Adelboldus,
1548 2678 1698 2734 hanc
1730 2679 2023 2734 maximus

390 2769 690 2824 doctorum
735 2767 927 2835 Wazo,
977 2767 1126 2822 hanc
1173 2766 1300 2838 ipse
1347 2767 1678 2822 studiorum
1727 2771 2025 2839 reparator

2129 1975 2229 2046 qui
2263 1975 2312 2030 si
2342 1975 2548 2030 effectu
2581 1975 2749 2046 potiti
2780 1973 3054 2042 fuissent,
3090 1991 3235 2032 num
3287 1977 3349 2032 id
3403 1977 3483 2034 ab
3517 1976 3637 2032 illis
3668 1991 3797 2049 pro-

2129 2062 2330 2130 fectos,
2364 2078 2614 2134 quorum
2645 2061 2827 2134 aliqui
2858 2063 3052 2119 adhuc
3101 2067 3461 2136 supersunt,
3493 2065 3796 2122 universos

2129 2149 2379 2206 lateret?
2407 2151 2477 2205 Et
2505 2149 2766 2206 Gerberti
2817 2152 3054 2224 quidem
3105 2153 3512 2224 geometricus
3566 2151 3790 2209 libellus

2129 2237 2378 2292 habetur
2409 2235 2507 2308 (-l),
2546 2237 2744 2309 aliqua
2775 2239 3042 2308 ejusdem
3075 2240 3319 2314 scripta,
3375 2258 3414 2296 a
3464 2241 3704 2314 quibus,
3734 2239 3789 2294 ni

2131 2321 2318 2390 fallor,
2344 2338 2648 2395 nunquam
2675 2325 3038 2395 exclusisset,
3077 2327 3382 2399 siquidem
3403 2329 3539 2399 ejus
3557 2327 3794 2400 diligen-

2129 2412 2219 2467 tia:
2243 2429 2419 2484 super
2438 2412 2548 2468 hac
2567 2413 2810 2468 scientia
2827 2420 3195 2488 compertum
3218 2415 3457 2472 fuisset.
3483 2415 3644 2472 Nihil
3665 2431 3792 2488 ergo

2129 2499 2400 2556 volumus
2432 2500 2793 2571 promittere,
2826 2507 3036 2573 praeter
3082 2503 3353 2560 studium
3404 2507 3464 2560 et
3512 2503 3792 2568 laborem,

2131 2587 2231 2660 qui
2253 2588 2443 2660 primo
2465 2587 2709 2644 sudabit
2727 2588 2787 2643 in
2807 2588 2908 2645 illa
2928 2589 3270 2662 quaestione,
3307 2605 3443 2664 qua:
3472 2589 3787 2664 plurimum

2129 2676 2301 2732 etiam
2336 2675 2597 2748 fatigavit
2627 2678 2882 2748 majores
2913 2683 3169 2746 nostros,
3215 2680 3289 2734 de
3341 2679 3788 2753 comparatione

2131 2764 2400 2820 videlicet
2427 2763 2804 2836 angulorum,
2837 2770 2949 2821 etc.

1645 2861 2016 2920 PROLOGUS
2047 2860 2287 2917 TERTII
2316 2861 2528 2916 LIBRI.

461 2955 520 3011 Si
553 2959 609 3007 tu
642 2953 694 3008 is
721 2952 888 3019 isses,
921 2952 1133 3023 praesul
1174 2951 1402 3018 eximie,
1441 2953 1614 3022 cujus
1667 2969 1784 3008 suae
1816 2951 2020 3007 laudes
2051 2953 2093 3018 ρ
2131 2965 2265 3004 mus
2297 2949 2590 3021 regnavit;
2624 2949 2783 3006 filius
2809 2951 2964 3024 apud
2995 2950 3157 3024 ipsos
3197 2952 3436 3025 primus
3463 2950 3784 3026 imperavit.

393 3041 655 3097 animum
693 3039 1044 3094 delectarent
1085 3044 1142 3095 et
1180 3044 1504 3109 pascerent,
1559 3039 1722 3096 nulla
1749 3040 2026 3096 facundia

391 3129 535 3186 satis
561 3131 713 3183 esset
740 3126 834 3180 his
863 3143 990 3198 quae
1020 3130 1146 3180 tum
1177 3127 1248 3180 de
1279 3130 1334 3181 te
1365 3126 1512 3198 ipso,
1548 3131 1676 3182 tum
1708 3128 1780 3182 de
1811 3127 1932 3182 avis
1954 3128 2026 3183 de

394 3217 616 3290 preavis
645 3217 833 3287 deque
861 3214 1147 3270 universis
1179 3215 1500 3284 majoribus
1529 3216 1668 3283 tuis,
1704 3231 1818 3270 non
1851 3217 2026 3272 modo

394 3309 784 3363 Romanorum
815 3303 916 3358 sed
945 3302 1274 3358 Graiorium
1305 3318 1536 3374 quoque
1577 3303 1929 3374 principium
1957 3303 2029 3358 il-

345 3449 350 3456 _
392 3392 787 3460 lustrissimis,
819 3393 890 3446 de
920 3391 1126 3446 horum
1159 3390 1483 3457 nobilitate,
1509 3392 1580 3446 de
1619 3391 1926 3463 dignitate,
1959 3393 2029 3446 de

392 3483 595 3556 gloria,
629 3481 700 3536 de
730 3479 1007 3552 potentia,
1038 3479 1110 3534 de
1149 3479 1350 3550 copiis,
1401 3479 1472 3534 de
1521 3479 1905 3551 amplitudine
1935 3497 2030 3536 re-

393 3587 546 3634 rum,
569 3570 638 3624 de
659 3567 1124 3640 praeclarissimis
1146 3567 1334 3636 factis,
1355 3567 1428 3622 de
1449 3567 1680 3638 virtute,
1703 3570 1776 3624 de
1796 3569 2028 3642 sapien-

317 3665 338 3676 ‘
393 3657 492 3725 tia,
524 3659 595 3712 de
628 3655 848 3712 meritis
879 3655 1139 3726 ipsorum
1161 3655 1373 3724 jactari
1423 3655 1698 3712 valerent.
1749 3656 2028 3728 Virgilius

391 3746 631 3818 cupiens
659 3762 694 3800 a
709 3743 1052 3816 parentibus
1067 3742 1443 3815 magnificare
1463 3746 1816 3814 Augustum,
1842 3745 2027 3801 dinei-

391 3837 465 3891 da
518 3835 614 3889 XII
659 3833 824 3888 libris
873 3830 1254 3904 conscripsit;
1307 3835 1524 3902 quanto
1581 3831 1850 3904 pluribus
1880 3851 2028 3906 opus

389 3929 564 3988 esset,
597 3921 646 3977 si
673 3920 806 3992 quis
833 3919 1005 3976 vellet
1033 3918 1302 3991 colligere
1333 3935 1460 3990 quae
1491 3919 1740 3990 primus,
1773 3936 1900 3992 quae
1931 3937 2026 3977 se-

389 4011 638 4078 cundus,
669 4025 794 4079 qua:
822 4008 1028 4064 tertius
1047 4007 1232 4078 gessit
1257 4007 1545 4063 Octonum
1566 4008 1594 4062 ?
1626 4023 1880 4081 quorum
1911 4010 2027 4082 pri-

392 4115 524 4153 mus
555 4098 629 4152 ab
657 4095 901 4176 Henrico
952 4099 1115 4166 patre
1160 4111 1267 4150 suo
1314 4095 1578 4166 suscepit
1624 4112 1892 4170 regnum,
1924 4099 2026 4155 sed

393 4185 512 4240 filio
541 4182 1110 4258 reliquitimperium
1137 4197 1152 4250 ;
1177 4186 1341 4254 pater
1367 4183 1522 4254 apud
1551 4183 1886 4242 Theutones
1918 4186 2030 4257 pri-

462 4326 538 4394 (1)
571 4323 824 4398 Cerberti
853 4323 1092 4398 quidem
1121 4326 1179 4378 et
1207 4322 1510 4398 Adelbpldi
1541 4323 1792 4397 legimus
1813 4327 2030 4398 scripta

353 4459 360 4466 ,
395 4393 922 4468 εθογωειινὶααλεριὶά
955 4393 1202 4468 Pe_zipm_
1231 4395 1498 4468 anecd'ot.
1544 4393 1724 4468 ιξιη,
1759 4403 1907 4468 part.
1930 4393 2044 4466 'm,’

395 4465 449 4537 ᾖ.
481 4467 540 4531 6,
556 4473 624 4538 *ξι
653 4482 710 4538 p.
741 4465 821 4519 82
840 4483 930 4538 sq.
965 4465 1271 4538 Adelboldﬁi
1311 4470 1503 4522 autem
1544 4467 1624 4538 de
1673 4465 2030 4538 quadratura

395 4533 593 4592 circuli
619 4533 970 4609 opusculum
999 4541 1088 4592 est
1107 4537 1262 4609 apud
1290 4553 1383 4592 me
1404 4553 1514 4593 ms.
1539 4533 1800 4610 Denique
1819 4538 2030 4595 Wazo-

399 4623 3156 4680 M

2136 3037 2202 3092 Et
2249 3037 2466 3108 quibus
2515 3039 2633 3094 nisi
2683 3039 2826 3109 illis,
2875 3039 3187 3098 Germania
3234 3043 3437 3114 debet,
3492 3043 3646 3116 quod
3673 3039 3782 3096 sibi

2137 3141 2270 3180 cum
2293 3129 2503 3181 cuncto
2525 3127 2664 3183 orbe
2685 3129 2814 3200 ipsa
2833 3128 3077 3185 exsolvit
3112 3129 3417 3188 tributum
3454 3129 3623 3188 Italia
3640 3129 3668 3184 *Τ
3687 3129 3784 3184 Per

2137 3229 2284 3284 quos
2309 3211 2454 3268 alios
2489 3215 2675 3270 nostri
2719 3215 3097 3288 imperatores
3136 3217 3393 3274 Romani
3416 3217 3631 3290 sceptri
3655 3213 3784 3282 facti

2137 3306 2274 3357 sunt
2321 3302 2742 3358 successores?
2787 3304 3008 3360 Vellem
3059 3305 3207 3360 mihi
3255 3307 3490 3364 diceres
3535 3324 3568 3362 ο
3617 3305 3781 3370 Maro,

2138 3389 2277 3460 quid
2309 3386 2423 3444 tale
2452 3391 2702 3446 contulit
2730 3397 2920 3448 vestro
2951 3393 3110 3450 Latio
3152 3393 3252 3450 ille
3297 3400 3465 3465 tuus,
3514 3394 3610 3451 ille
3637 3393 3782 3464 pius.

2136 3476 2238 3534 ille
2259 3493 2530 3550 magnus,
2555 3477 2654 3536 ille
2675 3481 2786 3537 dea
2814 3485 2990 3538 natus
3011 3483 3242 3540 Encas.
3273 3488 3571 3558 Agnosco,
3603 3488 3786 3553 Augu-

2137 3571 2248 3633 ste,
2272 3569 2490 3638 quanto
2513 3567 2592 3622 sit
2614 3565 2768 3624 infra
2797 3573 2972 3625 tuum
3006 3585 3215 3644 genus,
3251 3572 3376 3645 piis
3413 3577 3475 3630 et
3498 3566 3782 3644 praeclaris

2137 3654 2454 3710 Octonibus
2480 3663 2906 3726 comparatum.
2941 3659 3054 3714 Sed
3076 3663 3202 3715 esto
3224 3659 3406 3717 fuerit
3429 3659 3565 3716 talis
3585 3659 3782 3715 Encas

2135 3741 2257 3809 ille,
2289 3741 2430 3814 quid
2459 3746 2564 3798 tua
2592 3743 2812 3800 refert?
2839 3747 2927 3801 Tu
2957 3746 3114 3802 enim
3160 3749 3408 3806 IEneam
3453 3748 3548 3804 vix
3601 3742 3776 3802 mille-

2137 3831 2325 3886 simus
2337 3830 2590 3903 attingas
2601 3833 3066 3904 nepos.Putasne
3078 3834 3264 3908 igitur
3276 3837 3572 3894 Octonum
3587 3846 3778 3904 nepos,

2135 3919 2186 3975 si
2207 3916 2442 3990 qualem
2465 3921 2529 3974 tu
2547 3917 2858 3992 Virgilium
2879 3921 3142 3990 haberet,
3185 3925 3290 3996 qui
3325 3941 3463 3982 eum
3495 3920 3777 3980 extolleret

2113 4024 2172 4062 .a
2197 4005 2368 4062 laude
2397 4009 2727 4077 parentum,
2761 4011 2935 4081 putas
2981 4026 3054 4068 ne
3102 4014 3270 4069 tuam
3319 4014 3540 4072 famam
3571 4007 3774 4082 quanta

2135 4093 2322 4168 gloria
2348 4093 2710 4151 offuscaret?
2737 4100 2848 4153 etc.

2139 4328 2234 4383 nis
2255 4333 2380 4398 (seu
2405 4330 2704 4401 Wasonis)
2727 4329 2828 4401 qui
2854 4329 2967 4401 fuit
2986 4329 3306 4401 Franconis
3331 4333 3670 4401 coetaneus,
3687 4333 3775 4401 ϐξ·

2119 4388 2486 4474 κεισεῃζηοιῃία
2506 4388 3020 4474 iapud'F'abricum
3059 4400 3215 4474 sibi,
3232 4388 3390 4474 Lar,
3415 4399 3566 4474 med.
3589 4399 3640 4452 et
3653 4388 3778 4453 int.

2138 4473 2180 4524 t.
2217 4471 2305 4538 VI,
2338 4472 2476 4528 edit.
2504 4470 2702 4529 Patav.
2736 4488 2872 4528 cum
2909 4471 3120 4528 Mansii
3147 4470 3582 4534 additamentis.

3160 4619 3778 4682 ___.-—-._-='-_._—"‘l"—'—'

1765 4742 1916 4782 ANNO
1955 4741 2152 4784 ῡΟΜΙΝΙ
2191 4743 2410 4784 κιχνιι.

1093 4855 1880 5020 BEATUS
2002 4855 3116 5024 MAURILIUS

1461 5067 2054 5128 ARCHIEPISCOPUS
2081 5071 2707 5130 ROTHOMAGENSIS.

1886 5171 2293 5184 ~———

1401 5238 1687 5330 VITA
1756 5239 2124 5334 BEATI
2192 5241 2798 5336 MAUBILII.

1217 5385 1478 5454 (MABILL.
1511 5389 1660 5442 Acta.
1692 5387 1787 5444 SS.
1819 5391 2054 5461 Bened.,
2086 5394 2224 5448 Saec.
2257 5391 2351 5458 VI,
2383 5395 2532 5464 part.
2569 5409 2632 5462 ιι,
2664 5407 2795 5464 pag.
2828 5393 2982 5460 222.)

1881 5492 2294 5506 .——_—

483 5534 1160 5633 i-1‘10"In't-lift’:er1tisaeculo
1176 5547 1703 5620 Rothomagensem
1727 5553 2039 5610 Ecelesiam
2069 5561 2116 5623 D
2148 5557 2316 5614 rilius
2345 5561 2591 5616 antistes
2624 5535 2948 5633 piissimus,
2981 5561 3152 5632 cujus
3200 5560 3408 5620 laudes
3437 5531 3762 5633 nobilissimi

407 5615 814 5680 Lugdunensis
842 5632 1108 5686 secundae
1140 5615 1506 5706 metropolim
1539 5637 1851 5696 illustravit
1881 5643 2039 5698 Mau-

2145 5647 2365 5719 quique
2387 5651 2514 5720 ejus
2536 5631 2642 5704 aevi
2675 5647 2988 5721 scriptores
3029 5631 3406 5708 celebrarunt
3431 5666 3443 5715 ;
3477 5635 3660 5698 nullus
3687 5631 3761 5681 ta-
