3978 6378
229 430 386 506 1377

1835 430 2056 500 VITA.

3500 447 3529 507 ί
3540 445 3662 509 3η

231 584 387 638 men,
421 567 576 642 quod
612 567 850 640 quidem
885 568 1090 635 sciam,
1119 567 1306 623 Vitam
1337 570 1466 640 ejus
1488 568 1699 625 litteris
1728 585 1891 624 man-
1923 565 1982 634 Α
2011 570 2319 626 educatum
2353 574 2538 629 fuisse
2592 591 2707 631 non
2766 574 2956 632 solum
3014 577 3364 632 recentiores
3395 577 3661 636 historici

233 655 413 714 davit.
444 655 563 714 Nec
593 657 794 717 obstat
813 657 1118 712 Trithemii
1151 655 1492 723 auctoritas,
1523 657 1623 728 qui
1655 657 1710 712 in
1747 675 1897 714 nova

228 745 503 804 Ch-ronici
545 745 994 818 Hirsaugiensis
1015 745 1378 818 Sangallensi
1413 745 1664 802 editione
1684 747 1758 802 ad
1788 765 1888 802 an-

227 851 373 895 num
398 834 537 892 1064
567 833 722 890 beati
753 835 1011 892 Maurilii
1036 838 1201 892 Gesta
1257 837 1570 906 conscripta
1623 852 1752 890 esse
1801 851 1890 891 re-

228 923 359 980 fert.
391 923 618 988 Quibus
657 923 854 979 verbis
904 921 1053 980 nihil
1093 922 1252 979 aliud
1285 923 1533 980 fortasse
1587 924 1894 995 designare

224 1011 412 1078 voluit
442 1011 542 1079 ille
572 1015 794 1080 auctor,
820 1017 1029 1084 praeter
1045 1012 1207 1067 varia
1237 1011 1427 1084 elogia
1485 1012 1739 1070 Maurilii
1788 1030 1890 1068 no-

227 1101 360 1168 stri,
393 1118 522 1174 quas
552 1101 611 1156 in
665 1100 841 1158 istius
886 1101 1168 1179 temporis
1227 1101 1614 1173 scriptoribus
1669 1102 1892 1174 passim

227 1194 560 1248 occurrant.
584 1189 734 1246 Huic
765 1191 1109 1261 conjecturae
1141 1191 1295 1247 favet
1349 1190 1475 1263 ipse
1533 1190 1892 1246 Trithemius

225 1279 290 1337 in
321 1279 502 1337 altera
522 1279 788 1352 ejusdem
811 1278 1083 1336 Chronici
1105 1279 1376 1347 editione,
1412 1279 1513 1334 ubi
1545 1265 1693 1335 facta
1725 1280 1892 1336 Mau-

225 1367 343 1426 rilii
375 1367 612 1444 egregia
639 1368 958 1434 mentione,
989 1367 1110 1422 haec
1180 1368 1356 1422 verba
1413 1367 1756 1439 subjungit:
1814 1369 1892 1423 De

223 1459 384 1530 cujus
411 1461 605 1512 sancta
627 1458 1038 1513 couversatioue
1057 1457 1329 1528 praecelsa
1390 1457 1618 1512 laudum
1669 1472 1887 1528 praeoc-

225 1548 329 1602 nia
361 1547 648 1618 feruntur.
673 1547 740 1599 Et
781 1544 930 1602 libro
983 1549 1191 1617 quarto
1254 1546 1329 1602 De
1376 1545 1517 1600 viris
1558 1543 1890 1601 illustribus

227 1634 454 1694 ordinis
482 1633 701 1691 nostris
719 1650 847 1706 cap.
891 1635 1005 1688 :20.
1039 1633 1398 1690 Maurilius...
1433 1635 1499 1689 de
1549 1650 1654 1706 quo
1709 1635 1890 1690 multa

227 1725 373 1780 bona
395 1723 865 1782 aarrantur.Sed
898 1726 956 1777 ct
986 1721 1206 1778 frustra
1225 1723 1294 1778 de
1325 1722 1432 1777 hac
1463 1739 1524 1778 re
1557 1723 1745 1777 fusius
1769 1723 1885 1778 dis-

225 1829 514 1878 seremus,
547 1829 683 1868 cum
717 1810 973 1868 Maurilii
1001 1811 1150 1880 Vila,
1187 1811 1234 1866 si
1271 1829 1530 1883 unquam
1577 1811 1882 1877 exstiterit,

2003 659 2593 730 scripserunt,verum
2617 664 2797 720 etiam
2820 665 2975 720 idem
2996 669 3310 722 attestatur
3329 682 3661 738 anonymus

2001 752 2199 803 noster
2227 767 2407 822 supra
2436 751 2731 816 laudatus,
2763 768 2832 808 ex
2854 771 2970 825 quo
2992 755 3168 810 etiam
3212 755 3502 810 discimus
3523 772 3656 811 cum

1999 839 2132 906 post
2153 843 2422 893 navatam
2447 839 2828 912 philosophia:
2851 841 3174 896 ediscenda:
3201 842 3358 914 apud
3371 844 3651 898 Leodium

2001 927 2762 996 operam,Halberstatensis
2795 929 3060 985 Ecclesiae
3093 929 3428 986 scholastici
3461 931 3654 1004 digni-

2000 1017 2178 1070 tatem
2211 1015 2554 1073 obtinuisse.
2577 1018 2686 1072 Sed
2721 1017 2841 1073 haec
2858 1019 3058 1074 omnia
3080 1017 3334 1074 Maurilii
3362 1019 3654 1086 animum,

2001 1103 2098 1172 qui
2153 1105 2496 1174 perfectiora
2553 1106 2911 1162 charismata
2967 1107 3340 1175 aemulantur,
3397 1107 3656 1163 detinere

1999 1208 2114 1246 non
2149 1196 2482 1263 potuerunt.
2515 1194 2701 1256 Quare
2731 1193 2788 1251 in
2847 1195 3260 1250 Fiscamnense
3291 1196 3649 1258 emnobium.

2000 1279 2113 1344 cui,
2147 1284 2212 1334 ut
2241 1281 2478 1352 quidem
2507 1283 2651 1337 mihi
2699 1283 2944 1352 videtur,
2991 1291 3234 1354 precerat
3265 1287 3404 1340 tunc
3436 1285 3648 1340 beatus

2001 1367 2601 1434 Willelmus,secessit
2624 1389 2637 1437 ;
2663 1387 2918 1442 cumque
2940 1371 3158 1426 multos
3191 1372 3272 1426 ibi
3303 1389 3489 1428 annos
3521 1389 3650 1428 exe-
3708 1422 3715 1428 .

1997 1457 2200 1530 gisset,
2236 1459 2474 1524 obtenta
2495 1458 2741 1513 exeundi
2765 1459 3094 1525 licentia,in
3121 1459 3346 1514 italiam
3371 1459 3536 1526 abiit,
3553 1453 3650 1516 ubi

1999 1563 2133 1602 cum
2167 1547 2449 1602 Gerberto
2483 1564 2590 1603 suo
2643 1548 2822 1613 socio,
2883 1547 2984 1618 qui
3042 1549 3424 1619 postmodum
3472 1549 3656 1604 abbas

1995 1635 2181 1692 sancti
2213 1635 2637 1707 Wandregesili
2667 1637 2908 1694 effectus
2939 1640 3047 1702 est,
3073 1636 3539 1692 anachoreticam
3573 1639 3655 1691 vi-

1997 1729 2120 1791 tam
2153 1725 2664 1796 duxit.Utriusque
2684 1733 2949 1780 sanctam
2984 1725 3039 1780 in
3072 1724 3189 1780 illis
3221 1727 3488 1798 partibus
3521 1744 3658 1782 con-

1994 1813 2386 1868 versationem
2446 1813 2776 1885 magnilicis
2808 1813 2998 1868 verbis
3049 1813 3655 1872 extollitGuillelmus

201 1903 350 1974 .jam
379 1900 552 1975 plane
581 1900 662 1958 sit
685 1900 902 1996 ignota:
938 1902 1126 1966 Quare
1157 1900 1326 1956 breve
1357 1901 1484 1970 ejus
1535 1897 1890 1972 elogium,cx
1918 1933 1966 1998 Β
2001 1901 2403 1968 Pictaviensis,
2427 1908 2630 1957 auctor
2649 1901 2912 1973 aequalis,
2933 1901 2991 1956 in
3016 1901 3164 1957 libro
3185 1901 3266 1958 De
3287 1902 3469 1975 gestis
3491 1903 3654 1959 Guil-

224 1991 410 2048 variis
431 1991 531 2064 qui
553 1991 624 2046 de
645 2005 713 2046 eo
735 1980 983 2061 egerunt
1003 2005 1106 2060 pro
1134 1989 1273 2045 data
1304 1988 1608 2044 occasione
1639 1989 1890 2045 auctori-

225 2083 364 2145 bus,
397 2096 501 2153 pro
534 2095 696 2136 more
725 2082 926 2134 nostro
958 2077 1361 2134 conficiemus.

299 2172 356 2224 2.
385 2167 723 2226 Maurilium
755 2166 954 2222 Remis
972 2171 1175 2224 natum
1209 2167 1560 2222 difﬁteretur
1589 2183 1783 2234 nemo,
1841 2167 1894 2222 si

228 2256 540 2316 Ordericus
566 2254 775 2312 Vitalis
805 2255 919 2311 sibi
949 2255 1059 2328 ipsi
1093 2255 1474 2312 constitisset.
1532 2257 1605 2310 At
1660 2271 1792 2312 cum
1825 2255 1895 2311 1i-

229 2347 336 2402 bro
370 2363 423 2401 IV
454 2343 721 2401 Historias
754 2361 874 2402 sua:
905 2342 1308 2400 ecclesiasticas
1365 2345 1600 2400 beatum
1661 2344 1894 2400 antisti-

229 2439 352 2492 tem
383 2435 585 2492 Remis
613 2437 812 2489 ortum
844 2449 912 2488 ex
943 2432 1130 2505 ipsius
1149 2431 1442 2505 epitaphio
1463 2433 1894 2497 dixerit,aliun-

230 2524 424 2596 deque
446 2522 596 2579 libro
617 2540 653 2579 γ
679 2521 980 2594 scripserit
1003 2522 1272 2578 eumdem
1295 2538 1492 2593 genere
1513 2523 1893 2593 Maguntinum

234 2613 419 2668 fuisse
445 2629 456 2667 :
487 2612 588 2684 qui
621 2610 996 2684 postmodum
1023 2610 1208 2664 secuti
1233 2615 1373 2666 sunt
1395 2615 1662 2667 auctores
1704 2612 1893 2668 varias

235 2702 297 2757 in
330 2701 652 2758 sententias
673 2699 963 2768 abierunt.
989 2699 1155 2756 Viam
1182 2701 1437 2756 mediam
1481 2701 1610 2756 iniit
1667 2703 1889 2758 Menar-

233 2792 348 2848 dus
369 2795 568 2848 noster
587 2791 645 2845 in
663 2789 814 2846 notis
831 2789 902 2844 ad
927 2789 1401 2862 Martyrologium
1427 2790 1888 2859 Benedictinum,

235 2881 336 2937 ubi
372 2879 714 2936 Maurilium
731 2877 936 2934 Remis
967 2877 1206 2950 quidem
1238 2883 1444 2934 natum
1496 2879 1730 2944 fatetur,
1790 2880 1892 2936 sed

235 2987 307 3027 ex
336 2968 679 3042 parentibus
706 2966 1068 3040 Maguntinis
1095 2985 1107 3022 :
1144 2984 1321 3039 quam
1356 2967 1592 3040 quidem
1618 2968 1893 3025 dirimen-

237 3059 324 3114 das
353 3057 475 3114 litis
496 3057 781 3114 rationem
813 3055 980 3130 multi
1011 3061 1146 3128 post
1175 3073 1244 3112 ea
1263 3055 1575 3128 amplexati
1606 3063 1892 3130 sunt.Ego

232 3163 368 3204 vero
393 3143 725 3204 deMaurilii
743 3128 1089 3218 parentibus
1104 3144 1250 3200 nihil
1275 3145 1462 3202 habeo
1485 3147 1641 3218 quod
1675 3128 1888 3216 dicam,

237 3253 376 3294 cum
407 3235 480 3292 ad
509 3235 567 3290 id
600 3233 764 3292 nulla
794 3237 1112 3306 suppetant
1145 3233 1561 3304 instrumenta,
1599 3235 1706 3292 nisi
1735 3237 1891 3308 quod

2003 1990 2163 2046 lelmi
2194 1991 2381 2059 ducis,
2419 1995 2619 2062 postea
2649 1989 2872 2062 Angliaa
2905 1990 3082 2062 regis,
3114 1990 3211 2044 ubi
3241 1991 3330 2046 sic
3358 1989 3654 2064 loquitur:

2003 2080 2168 2135 Ambo
2197 2081 2258 2135 hi
2286 2081 2344 2134 in
2374 2084 2538 2137 aetate
2567 2081 2956 2150 ﬂorentissima
3001 2079 3375 2146 divinitatem,
3405 2083 3458 2135 et
3489 2097 3658 2150 quam

2002 2169 2264 2225 divinitas
2293 2170 2534 2238 largitur
2584 2169 2975 2225 beatitudinem
3021 2169 3308 2240 speculati,
3365 2170 3478 2225 alio
3506 2171 3655 2224 mul-

2003 2266 2158 2330 toque
2177 2261 2564 2330 perspicaciori
2591 2261 2788 2314 mentis
2809 2260 3066 2314 acumine
3093 2275 3261 2328 quam
3289 2257 3476 2324 Plato,
3503 2259 3656 2313 nuda

1999 2349 2335 2418 professione
2365 2347 2748 2418 impedimenta
2781 2364 2964 2402 rerum
3002 2348 3391 2418 temporalium
3417 2363 3652 2412 evasere,

2003 2437 2337 2508 despicanles
2366 2437 2666 2492 mundana:
2688 2437 3048 2507 philosophim
3077 2437 3378 2492 vehementi
3409 2437 3652 2506 applica-

2003 2529 2150 2580 tione
2178 2543 2212 2580 a
2246 2542 2304 2579 se
2332 2529 2516 2579 amata
2573 2526 2884 2595 gymnasia,
2916 2527 3090 2596 patrii
3128 2525 3236 2580 soli
3263 2525 3479 2579 dulcem
3506 2525 3656 2579 arri-
3733 2533 3756 2541 '

1999 2632 2144 2678 sum,
2178 2617 2366 2685 apibus
2399 2632 2460 2668 ac
2489 2616 2848 2690 generositate
2876 2615 3088 2669 claram
3116 2615 3480 2682 parentelam,
3507 2629 3656 2684 spem

2000 2705 2323 2758 sublimium
2348 2711 2716 2774 provectuum.
2777 2702 2866 2758 Sic
2921 2705 3114 2757 auium
3163 2704 3363 2758 victore
3391 2701 3651 2774 expediti,

2001 2809 2150 2848 mine
2206 2792 2304 2846 sub
2353 2792 2490 2861 jago
2537 2792 2930 2852 carnobiorum,
2988 2806 3136 2844 nunc
3188 2793 3249 2844 in
3277 2791 3450 2844 eremi
3481 2790 3652 2855 lucta,

1999 2883 2223 2938 aemulis
2273 2879 2702 2935 illae/tabazorum
2771 2878 3152 2934 decertabant'
3185 2878 3494 2946 sudoribus,
3553 2892 3654 2948 pro

2003 2970 2408 3026 interminabili
2436 2971 2484 3024 et
2518 2968 2850 3022 liberalitate
2894 2975 2945 3022 et
2973 2969 3174 3040 quiete,
3225 2967 3651 3023 omnemzextre-

2000 3061 2268 3125 mitatem,
2300 3057 2518 3112 nullam
2544 3056 2940 3128 praelationem
2971 3058 3032 3110 in
3059 3057 3256 3112 exsilio
3284 3054 3482 3110 mundi
3505 3069 3653 3126 pra:-

2000 3149 2266 3204 tereunzis
2294 3147 2613 3202 ambientes.

2074 3239 2125 3292 4.
2159 3238 2346 3292 Tanta
2371 3234 2625 3290 Maurilli
2654 3235 2838 3290 virtus
2869 3233 3095 3296 diutius
3137 3231 3248 3287 sub
3279 3231 3474 3286 modio
3505 3230 3650 3288 deli-

234 3343 372 3384 eum
393 3326 612 3398 generis
639 3303 932 3381 nobilitate
949 3322 1343 3395 ριέεοοΙΙυίεεθ
1362 3327 1630 3380 asserant
1656 3303 1891 3382 Guillel-
1921 3303 1962 3368 θ
2005 3331 2225 3382 tescere
2257 3342 2372 3379 non
2391 3323 2614 3396 potuit.
2653 3321 2792 3378 llinc
2815 3326 2880 3376 ut
2909 3321 3040 3376 aliis
3069 3320 3245 3376 etiam
3280 3317 3442 3374 utilis
3473 3326 3648 3384 esset,

235 3431 372 3472 mus
401 3412 802 3479 Pictaviensis,
836 3417 894 3468 et
944 3411 1274 3469 monachus
1319 3429 1649 3485 anonymus
1707 3415 1894 3470 sancti

232 3503 504 3562 Audoeni
527 3501 1118 3574 Rothomagensis,au
1132 3506 1258 3558 ctor
1283 3503 1592 3557 Gestorum
1619 3502 1897 3576 archiepi-

235 3609 550 3665 scoporum
582 3589 1146 3662 Rothomagensium
1165 3590 1274 3662 ipsi
1289 3589 1554 3646 Maurilio
1568 3591 1813 3664 aequalis
1826 3609 1896 3648 ex

235 3679 602 3754 autographa
633 3679 826 3736 editus
853 3683 1006 3735 tomo
1026 3683 1076 3732 ll
1095 3677 1532 3746 Analectorum,
1559 3679 1659 3751 qui
1690 3681 1894 3752 paucis

231 3770 430 3827 verbis
460 3766 736 3842 praeclara
765 3768 836 3823 de
866 3772 1068 3824 sancto
1098 3767 1367 3823 Maurilio
1398 3766 1635 3840 scripsit
1663 3769 1720 3824 in
1765 3769 1895 3840 ejus

233 3859 380 3914 Vitas
410 3856 780 3931 compendio.
815 3856 919 3912 Hic
945 3861 1168 3922 autem,
1202 3857 1370 3926 cujus
1410 3855 1606 3912 locum
1649 3856 1894 3914 inferius

235 3949 536 4022 integrum
565 3945 1230 4014 exhibebimus,diserte
1288 3943 1500 4001 asserit
1555 3945 1895 4003 Maurilium

240 4037 422 4097 nobili
452 4034 728 4110 prosapia
757 4034 1118 4092 exilemensi
1155 4050 1304 4107 pago
1369 4022 1635 4091 exortum
1692 4036 1891 4093 fuisse.

237 4125 405 4186 Certe
430 4124 792 4196 huncipsum
825 4122 1022 4180 Remis
1044 4127 1248 4179 natum
1301 4123 1500 4194 negari
1555 4141 1670 4180 non
1724 4141 1898 4196 posse

233 4213 528 4281 existimo,
562 4229 696 4270 cum
730 4213 782 4269 id
817 4213 874 4268 in
901 4211 1199 4284 epitaphio
1232 4211 1500 4284 sepulcro
1533 4213 1660 4282 ejus
1717 4231 1895 4287 appo-

233 4305 346 4360 sito
379 4301 619 4360 disertis
645 4319 988 4374 expressum
1023 4301 1214 4357 verbis
1247 4300 1555 4358 habeatur.
1588 4301 1750 4365 Quod
1773 4303 1897 4376 qui-

229 4393 365 4452 dem
399 4390 768 4464 epitaphium
799 4407 914 4448 non
947 4391 1018 4446 ab
1054 4389 1294 4446 homine
1329 4389 1551 4461 ignoto,
1581 4396 1686 4447 aut
1717 4391 1892 4466 longo

231 4485 369 4556 post
397 4479 554 4538 beati
584 4479 866 4535 antistitis
896 4477 1122 4534 obitum
1181 4483 1444 4552 tempore
1498 4481 1894 4553 compositum

234 4569 476 4641 fuit,sed
499 4586 533 4626 .a
549 4569 670 4626 viro
697 4567 1432 4641 illustri,Rothomagensis
1453 4567 1718 4626 Ecclesia:
1731 4587 1900 4626 cano-

2005 3413 2358 3470 monasterio
2389 3411 2622 3467 cuidam
2657 3411 2715 3466 in
2735 3411 2936 3466 eadem
2962 3409 3196 3480 regione
3214 3405 3520 3479 prmfeotus
3542 3411 3650 3462 est.

2004 3505 2128 3569 Qua
2157 3502 2216 3556 in
2243 3501 2623 3573 dignitate,ut
2651 3498 2860 3554 asserit
2891 3497 3046 3552 idem
3077 3494 3450 3562 Guillelmus,
3481 3511 3654 3568 supra

2001 3597 2226 3649 caeteros
2253 3591 2473 3645 abbates
2502 3589 2741 3644 eximius
2772 3587 3015 3642 emicuit.
3073 3585 3517 3652 Monasterium,
3559 3585 3650 3641 cui

2004 3679 2312 3736 Maurilius
2325 3677 2641 3750 praefuit,in
2659 3677 2786 3748 ipsa
2804 3675 2946 3730 urbe
2959 3673 3252 3730 Florentia
3271 3673 3454 3729 situm
3473 3673 3654 3728 fuisse

2004 3769 2209 3826 scribit
2229 3767 2542 3823 Ordericus
2559 3765 2767 3820 Vitalis
2790 3764 2939 3820 libro
2961 3783 3022 3829 ν,
3049 3765 3148 3820 sed
3179 3778 3392 3818 nomen
3413 3763 3544 3834 ejus
3559 3780 3653 3817 cx-

2005 3858 2206 3931 primit
2225 3860 2424 3912 noster
2446 3871 2798 3928 anonymus,
2848 3853 2949 3926 qui
2983 3854 3160 3910 etiam
3191 3851 3394 3907 laudat
3423 3851 3654 3907 Bonifa-

2004 3947 2160 4004 cium
2193 3944 2616 4013 marchioncm,
2668 3961 2784 4016 quo
2835 3946 3044 4014 agente
3089 3939 3396 3998 Maurilius
3425 3939 3656 3996 abbatis

2005 4036 2350 4108 dignitatem
2383 4033 2658 4105 suscepit.
2723 4033 3011 4100 Defuncto,
3059 4029 3268 4103 inquit,
3302 4029 3498 4084 abbate
3528 4029 3649 4084 Flo-

2005 4127 2336 4182 rentinensis
2367 4123 2653 4189 Ecclesiae,
2687 4137 2810 4194 qua:
2842 4122 2898 4176 in
2941 4121 3142 4176 honore
3173 4119 3336 4175 beatae
3367 4118 3651 4175 Maria...

2004 4217 2310 4271 constructa
2355 4217 2453 4281 est,
2497 4213 2656 4283 elegit
2703 4229 2831 4268 eum
2883 4210 3122 4265 Marchio
3168 4209 3508 4279 Bonifacius,
3541 4211 3652 4263 etc.

2005 4301 2425 4360 Monasterium
2455 4301 2680 4357 Sancta:
2703 4299 2919 4368 Mariae,
2953 4298 3127 4371 vulgo
3158 4297 3420 4366 Lebadia,
3452 4296 3654 4352 hodie-

2006 4410 2119 4464 que
2162 4393 2492 4463 perseverat
2545 4389 2768 4446 celebre
2813 4389 2970 4460 apud
3029 4387 3405 4454 Florentiam,
3463 4384 3654 4441 ordini

2007 4485 2204 4538 nostro
2225 4479 2667 4542 addictum,sub
2694 4476 2999 4532 Casinensi
3021 4473 3650 4549 congregatione,haud

2005 4569 2208 4644 procul
2263 4585 2299 4622 a
2355 4565 2804 4639 metropolitana
2857 4563 3106 4620 ecclesia
3161 4563 3366 4628 situm,
3424 4562 3497 4617 de
3539 4578 3654 4633 quo

231 4659 384 4727 nico,
416 4663 483 4714 ut
512 4675 690 4730 super
731 4657 920 4730 ipsius
971 4673 1188 4729 corpus
1238 4662 1580 4729 poneretur,
1639 4659 1895 4731 ipsemet
1923 4671 1970 4738 ι)
1999 4656 2280 4732 Ughellus
2304 4656 2480 4712 Italiae
2502 4672 2678 4712 sacra:
2699 4659 2858 4709 tomo
2881 4653 2950 4719 II,
2979 4657 3036 4707 et
3059 4650 3322 4707 Lubinus
3352 4649 3410 4706 in
3432 4650 3653 4706 Notitia

235 4751 550 4810 attestante
579 4746 853 4802 Orderico
885 4744 1082 4803 Vitali.
1110 4745 1284 4802 Porro
1315 4746 1628 4803 Ordericus
1678 4747 1826 4804 libro
1856 4765 1894 4804 ν

229 4835 569 4896 Maurilium
601 4851 814 4909 genere
844 4835 1253 4908 Moguntiuum
1285 4835 1534 4892 fortasse
1563 4836 1892 4910 dixit,quod

231 4927 550 4985 Gerbertus
580 4925 707 4995 ejus
738 4924 934 4984 socius
967 4924 1276 4996 Moguntim
1307 4929 1471 4980 ortus
1502 4925 1699 4991 fuerit,
1733 4929 1798 4980 ut
1825 4943 1896 4982 ex

233 5017 364 5090 ejus
387 5013 684 5088 epitaphio
715 5017 896 5086 patet,
929 5011 1016 5068 vel
1049 5015 1223 5069 etiam
1255 5013 1412 5085 quod
1435 5011 1782 5085 aliquandiu
1831 5013 1892 5070 in

231 5103 576 5178 Moguntina
606 5102 905 5176 provincia
955 5107 1350 5158 commoratus
1410 5101 1534 5173 ipse
1588 5101 1892 5158 Maurilius

232 5193 430 5252 fuerit.
466 5193 584 5249 Hoc
605 5191 762 5248 enim
785 5195 954 5264 pacto
987 5191 1138 5247 idem
1172 5195 1375 5246 auctor
1403 5191 1690 5248 Joannem
1714 5191 1894 5246 abba-

229 5286 354 5340 tem
385 5281 884 5347 Fiscamnensem,
929 5297 1104 5353 quem
1157 5279 1369 5336 Italum
1429 5279 1610 5336 fuisse
1654 5299 1724 5336 ex
1761 5280 1894 5335 Vita

235 5371 394 5430 beati
427 5368 728 5427 Guillelmi
760 5373 985 5424 certum
1033 5373 1124 5425 est
1173 5368 1593 5440 compatriotam
1639 5368 1890 5424 Maurilii

232 5461 421 5518 nostri
453 5457 732 5532 appellat,
765 5458 920 5530 quod
941 5461 1000 5513 et
1021 5457 1147 5532 ipse
1176 5454 1477 5514 Maurilius
1503 5455 1564 5512 in
1597 5457 1766 5514 Italia
1789 5456 1894 5514 ali-

233 5548 497 5620 quandiu
529 5550 815 5612 versat-us,
846 5545 1045 5617 ibique
1076 5543 1302 5602 abbatis
1352 5560 1596 5602 munere
1656 5545 1891 5602 functus

233 5637 462 5694 fuisset.
1157 5677 1162 5682 .

307 5725 360 5788 3.
395 5725 554 5784 Inter
580 5719 884 5782 Remensis
928 5720 1199 5782 Ecclesia
1253 5718 1494 5781 clericos
1551 5721 1888 5785 Mamilium

2003 4745 2373 4804 abbatiarum
2408 4742 2582 4800 Italia:
2605 4743 3008 4798 disserunt.At
3037 4743 3174 4795 tunc
3196 4743 3386 4806 erant,
3419 4739 3653 4812 quando

2002 4839 2054 4892 ei
2085 4835 2396 4909 praefectus
2425 4838 2514 4889 est
2545 4829 2874 4897 Maurilius,
2923 4829 3054 4900 ejus
3085 4827 3195 4884 loci
3228 4827 3651 4884 monachorum

2002 4923 2258 4997 corrupti
2284 4938 2495 4989 mores,
2523 4921 2622 4993 qui
2646 4937 2711 4976 eo
2731 4917 3033 4975 devenisse
3053 4916 3350 4986 dicuntur,
3378 4920 3444 4972 ut
3465 4917 3655 4974 sancti

1999 5013 2107 5069 viri
2139 5011 2462 5084 disciplina:
2490 5011 2769 5066 fervorem
2794 5008 2941 5062 ferre
2959 5023 3073 5062 non
3095 5004 3359 5062 valentes
3381 5006 3655 5062 eumdem

2003 5118 2224 5158 veneno
2274 5117 2515 5156 enecare
2570 5097 2762 5153 conati
2821 5095 3059 5150 fuerint.
3119 5094 3252 5150 Haec
3284 5094 3400 5151 fuit
3431 5093 3658 5150 occasio

2001 5189 2272 5246 Maurilio
2303 5188 2362 5242 in
2395 5186 2611 5243 Gallias
2644 5183 2950 5252 redeundi,
3015 5188 3081 5238 ut
3111 5188 3314 5238 narrat
3341 5183 3653 5239 Ordericus

2003 5281 2064 5335 In
2092 5279 2246 5344 urbe,
2281 5277 2491 5349 inquit,
2525 5277 2808 5334 Florentia
2835 5273 3140 5328 monachili
3165 5273 3407 5327 cmnobio
3446 5271 3658 5326 abbatis

1991 5369 2122 5439 jure
2145 5368 2397 5439 praefuit,
2455 5374 2505 5421 et
2559 5380 2752 5421 exosus
2809 5360 3302 5433 transgressoribus
3341 5374 3444 5432 pro
3472 5359 3658 5427 rigore

1999 5455 2333 5526 disciplina,
2365 5470 2633 5510 venenum
2662 5455 2723 5508 in
2751 5460 2881 5524 potu
2909 5449 3020 5504 sibi
3041 5447 3333 5521 propinate
3361 5445 3655 5518 deprehen-

1999 5544 2098 5600 dit.
2139 5543 2284 5601 Uude
2306 5545 2713 5601 sanctissimum
2762 5543 3004 5601 Patrem,
3051 5537 3428 5606 .loctoremque
3481 5539 3652 5592 Bene-

1998 5632 2203 5688 dictum
2223 5636 2436 5688 secutus
2463 5631 2864 5704 ineorrigibilcs
2883 5626 3150 5689 deseruit,
3183 5626 3234 5680 et
3261 5624 3316 5679 in
3343 5625 3657 5682 Neustriam

1997 5737 2123 5782 cum
2157 5720 2410 5782 Gerberto
2437 5723 2678 5802 sapienti
2703 5724 2756 5780 et
2785 5715 3041 5787 religioso
3096 5711 3380 5786 monacho,
3414 5716 3654 5789 tempore
