3898 6416
289 432 402 492 271

1205 427 1271 488 s.
1318 420 1712 487 BRUNONIS
1755 415 2376 481 HERBIPOLENSIS
2421 377 2794 480 suscepi.

283 571 416 622 ante
447 562 678 630 lunam,
701 561 762 617 id
795 565 885 618 est
907 565 1040 617 ante
1072 564 1442 632 conspectum
1474 555 1937 626 Ecclesia',quem
1969 555 2022 621 Α
2057 553 2120 607 12
2197 555 2334 619 Quia
2368 554 2619 606 liberavit
2646 565 2940 622 pauperem
2969 564 3002 603 a
3028 551 3244 620 potente
3274 565 3292 602 :

282 653 477 710 cordis
498 651 832 708 luminibus
855 666 1088 722 semper
1106 653 1430 705 contuetur.
1455 646 1709 702 Ecclesia
1730 644 1885 698 enim
1911 661 1944 696 a

284 742 517 800 Christo
547 741 769 808 lumen,
796 739 946 795 sicut
977 738 1118 794 luna
1147 756 1178 792 a
1209 736 1347 803 sole,
1373 735 1597 808 recipit.

323 835 360 889 6
435 831 722 889 Descendit
748 831 890 886 sicut
911 829 1108 900 pluvia
1137 829 1195 883 in
1223 827 1396 881 vellus
1426 844 1445 880 .-

433 924 500 978 Et
527 922 670 977 sicut
697 918 986 976 stillicidia
1013 917 1284 972 stillantia
1310 931 1475 986 super
1503 919 1728 968 terram.

364 1013 405 1067 Ο
431 1008 679 1083 Exponit
723 1008 1066 1080 mysterium
1108 1005 1372 1078 gloriosae
1416 1003 1765 1060 Nativitatis.
1799 1002 1945 1058 Nam

293 1100 580 1158 Dominus
607 1097 910 1161 virtutum,
937 1100 1072 1151 ante
1101 1095 1272 1166 cujus
1311 1093 1519 1149 faciem
1552 1099 1707 1148 terra
1737 1097 1948 1146 treme-

294 1189 446 1245 facta
475 1186 822 1254 concutitur,
847 1184 1031 1241 voluit
1078 1183 1285 1240 leniter
1315 1183 1378 1238 in
1412 1188 1643 1237 uterum
1694 1181 1951 1252 virgina-

293 1277 428 1346 lem,
451 1277 577 1334 sine
605 1276 802 1348 aliquo
845 1275 1094 1347 strepitu
1133 1279 1416 1346 tanquam
1449 1272 1646 1345 pluvia
1675 1271 1734 1325 in
1765 1270 1952 1326 vellus

293 1383 472 1441 agnae,
505 1365 879 1422 descendere.
910 1364 958 1419 Η
1002 1363 1181 1418 Arida
1238 1364 1397 1418 enim
1451 1368 1576 1418 erat
1633 1367 1786 1416 terra
1843 1361 1952 1415 hu-

294 1455 448 1512 mani
479 1454 762 1528 corporis,
799 1469 937 1509 cum
997 1453 1250 1518 advenit,
1289 1468 1396 1507 nec
1452 1452 1638 1507 ullum
1697 1453 1950 1505 fructum

293 1544 562 1604 exhibere
592 1547 822 1616 poterat
851 1541 1206 1604 sanctitatis.
1234 1542 1337 1596 sed
1381 1541 1504 1613 ipse
1546 1559 1698 1604 eam,
1724 1540 1954 1595 stillici-

296 1633 410 1690 diis
439 1632 875 1706 predicationis
906 1647 1029 1686 suae
1068 1631 1460 1698 fecundatain,
1493 1629 1723 1684 mternis
1754 1627 1954 1684 fructi-

300 1723 412 1778 bus
434 1720 722 1794 implevit.

337 1814 372 1866 7
449 1811 672 1867 Orietur
727 1812 786 1865 in
841 1810 1032 1866 diebus
1086 1811 1202 1881 ejus
1248 1811 1468 1882 justilia
1521 1818 1572 1865 et
1622 1809 1958 1864 abundantia

519 1902 680 1972 pacis
701 1918 718 1954 :

453 1992 629 2046 Donec
655 1991 951 2060 auferatur
981 1989 1136 2044 luna.

381 2080 421 2133 C
461 2077 712 2145 Orietur,
764 2095 834 2134 ex
903 2083 1163 2150 tempore
1234 2083 1448 2134 sanctae
1516 2077 1960 2143 incarnationis,

289 2167 546 2241 .quando
576 2171 700 2224 erat
727 2172 900 2240 partu
935 2167 1175 2240 virginis
1198 2169 1510 2223 nascitura.
1537 2167 1776 2223 Justitia
1805 2168 1960 2222 enim

309 2257 548 2312 verbum
580 2261 671 2313 est
700 2256 904 2313 Patris.
932 2257 1306 2312 Abundantia
1333 2274 1464 2312 vero
1492 2257 1657 2329 pacis
1685 2262 1792 2318 est,
1818 2257 1960 2310 dum

305 2345 506 2418 religio
526 2345 988 2402 Christianorum
1013 2349 1132 2402 toto
1154 2348 1292 2402 orbe
1314 2346 1627 2402 dilatabur.
1653 2351 1841 2400 Donec
1865 2364 1964 2401 au-

304 2435 540 2504 feratur,
567 2434 625 2490 id
647 2439 754 2502 est,
777 2434 1090 2491 extollatur
1119 2435 1278 2502 luna,
1306 2437 1362 2490 id
1395 2443 1501 2501 est,
1531 2437 1792 2507 quamliu
1831 2452 1962 2507 pro-

303 2524 574 2580 tendatur
603 2528 663 2580 et
697 2530 986 2597 augeatur
1034 2525 1311 2593 Ecclesia,
1335 2525 1421 2580 vel
1465 2542 1774 2596 quousque
1817 2542 1962 2596 pra:-

311 2611 737 2668 destinatorum
767 2629 1053 2668 numerus
1081 2613 1464 2685 compleatur.

345 2701 379 2753 8
449 2702 515 2756 Et
544 2700 925 2756 dominabitur
950 2719 983 2756 a
1011 2703 1160 2756 mari
1187 2718 1358 2773 usque
1389 2703 1457 2756 ad
1487 2718 1681 2758 mare:

455 2791 522 2845 Et
550 2806 585 2843 α
619 2790 850 2859 ﬂumine
898 2806 1063 2863 usque
1111 2791 1179 2845 ad
1229 2792 1489 2846 terminos
1517 2797 1572 2856 ἑ-
1609 2793 1754 2846 orbis
1797 2797 1810 2855 ζ
1856 2801 1965 2846 ter-

531 2894 746 2934 rarum.
843 2891 849 2896 ’

291 3002 298 3008 -
390 2967 436 3022 Η
460 2967 886 3035 Dominabitur,
909 2973 1095 3024 totum
1120 2969 1273 3026 hunc
1302 2971 1587 3025 mundum
1612 2970 1968 3042 acquisitum

322 3073 430 3112 sua
457 3057 731 3130 passione
755 3062 930 3130 atque
961 3060 1289 3130 subjectum
1313 3061 1540 3115 Christo
1573 3059 1818 3114 Domino
1841 3059 1972 3115 Pro-

323 3147 495 3218 pheta
522 3151 791 3204 testatur.
814 3147 855 3203 C
883 3151 928 3203 A
955 3149 1216 3216 ﬂumine,
1255 3149 1477 3204 scilicet
1517 3150 1790 3213 Jordane,
1817 3149 1972 3204 unde

317 3251 418 3306 per
449 3239 638 3292 totum
661 3237 861 3293 orbem
885 3242 1172 3294 terrarum
1198 3239 1587 3294 saluberrima
1609 3239 1810 3309 regula
1835 3239 1972 3310 bap-

311 3325 564 3382 tismatis
609 3327 932 3394 emanavit;
967 3326 1217 3400 pulchra
1265 3329 1505 3399 quidem
1559 3329 1828 3396 brevitas,
1865 3328 1963 3382 sed

306 3413 565 3486 ingentia
596 3415 768 3470 nobis
797 3422 1168 3472 sacramenta
1198 3418 1473 3488 prot'udit.

339 3502 374 3555 9
449 3505 648 3559 Coram
674 3505 772 3559 illo
801 3505 1082 3576 prociderat
1111 3506 1384 3576 Althiopes
1417 3525 1434 3561 :

445 3590 511 3643 Et
540 3590 762 3644 inimici
793 3591 911 3660 ejus
941 3599 1146 3646 terram
1173 3592 1404 3660 lingent.

375 3679 416 3731 C
444 3675 764 3749 Ethiopes,
795 3678 1077 3733 debemus
1128 3687 1458 3752 peccatores
1508 3683 1826 3749 advertere,
1861 3683 1961 3754 qui

311 3769 446 3821 ante
474 3763 646 3822 illum
679 3767 1011 3838 procidunt,
1035 3769 1269 3840 quando
1317 3787 1376 3825 sc
1409 3772 1756 3842 poenitentia:
1779 3772 1964 3827 humi-

311 3853 474 3910 litate
490 3860 891 3927 prosternunt.
909 3857 1132 3914 Inimici
1152 3858 1465 3931 Judaei,qui
1486 3865 1698 3916 terram
1722 3861 1961 3933 lingent,

287 3985 292 3994 .
312 3942 370 3998 id
396 3946 505 4010 est,
521 3947 736 3999 terram
759 3945 1016 4018 sapiunt,
1036 3950 1092 4002 et
1115 3947 1409 4004 Christum
1436 3965 1550 4004 non
1574 3950 1834 4016 credunt,
1855 3950 1964 4007 hoc

312 4033 467 4089 enim
490 4033 647 4105 sapit
668 4035 1073 4108 unusquisque
1095 4037 1250 4109 quod
1277 4037 1464 4111 lingit.
1491 4038 1624 4094 Illos
1645 4044 1836 4095 autem
1858 4041 1963 4096 Ju-

309 4122 460 4179 daeos
492 4121 784 4196 intelligit,
810 4125 1000 4198 quiin
1033 4143 1141 4182 sua
1172 4126 1488 4198 pertinacia
1515 4130 1960 4201 permanebunt.

308 4212 376 4266 10
449 4215 610 4284 Reges
641 4213 855 4270 Tharsis
886 4223 938 4270 et
969 4215 1170 4272 insulw
1197 4233 1428 4273 munera
1459 4218 1709 4290 oﬁerent.

443 4301 610 4371 Reges
632 4303 873 4358 Arabum
900 4311 952 4359 et
978 4305 1125 4360 Saba
1154 4304 1294 4361 dona
1324 4306 1615 4362 adducent.

373 4388 414 4444 C
443 4389 630 4464 Reges
661 4407 798 4464 ergo
837 4392 1102 4460 Tharsis,
1137 4394 1193 4449 id
1235 4400 1342 4462 est,
1367 4395 1762 4452 dominatores
1793 4396 1964 4452 vitio-

1989 1930 2036 1995 B

2197 643 2260 695 Et
2290 657 2606 712 pauperem,
2637 641 2731 694 cui
2761 655 2865 694 non
2894 645 3013 693 erat
3041 635 3276 708 adjutor.

2123 731 2166 784 Ο
2197 729 2481 784 Liberavit
2513 746 2848 802 pauperem,
2875 728 2930 782 id
2955 732 3062 794 est,
3089 726 3320 782 ﬁdelem
3347 723 3655 800 populum,
3677 741 3715 782 a

2055 825 2288 893 potente
2319 819 2572 886 diabolo,
2598 824 2652 874 et
2683 815 3131 890 pauperem,cui
3165 832 3279 872 non
3312 819 3439 871 erat.
3457 815 3712 887 adjutor.

2056 910 2195 982 quia
2237 909 2563 963 humanum
2614 925 2799 978 genus
2848 908 2919 962 ad
2967 905 3258 962 idolorum
3307 904 3604 962 culturam
3653 920 3717 960 se

2056 998 2401 1053 contulerat.
2429 998 2494 1051 Et
2535 997 2677 1068 quid
2724 997 2795 1051 ab
2844 996 2929 1051 eis
2977 994 3238 1066 adjuvari
3289 997 3580 1067 poterant,
3612 992 3716 1065 qui

2056 1086 2143 1141 vel
2177 1102 2416 1141 sensum
2451 1086 2741 1156 pecudum
2777 1101 2890 1140 non
2924 1083 3262 1139 habebant?

2061 1176 2128 1230 13
2201 1175 2394 1229 Parcet
2425 1177 2657 1245 pauperi
2683 1178 2735 1228 et
2767 1175 2920 1244 inopi
2950 1189 2963 1228 :

2204 1264 2268 1318 ει
2295 1265 2511 1317 mn'mas
2540 1279 2842 1334 pauperum
2869 1263 3049 1317 salvas
3078 1263 3265 1332 faciet.

2131 1353 2172 1408 C
2202 1354 2346 1406 Cum
2379 1352 2520 1406 dicit
2561 1357 2775 1424 parcet,
2801 1351 3150 1421 generaliter
3194 1366 3398 1406 omnes
3448 1349 3718 1405 homines

2063 1447 2392 1514 peccatores
2422 1442 2701 1506 ostendit;
2735 1441 2850 1495 illis
2881 1442 3037 1495 enim
3084 1440 3361 1512 parcitur,
3385 1438 3484 1512 qui
3518 1439 3578 1492 in
3611 1436 3718 1494 ali-

2065 1548 2177 1603 quo
2209 1536 2372 1585 reatu
2419 1531 2773 1585 detinentur.
2808 1529 2922 1602 lpsi
2969 1535 3162 1586 autem
3221 1528 3363 1584 salvi
3423 1529 3592 1592 fiunt,
3616 1528 3716 1600 qui

2067 1636 2310 1692 regnum
2341 1620 2438 1674 Dei
2469 1620 2873 1692 possidebunt.

2069 1711 2134 1765 ili
2208 1711 2301 1764 Ea:
2334 1711 2515 1763 usuris
2555 1714 2605 1764 et
2653 1711 2942 1779 iniquitate
2971 1707 3197 1763 redimet
3222 1710 3440 1763 animus
3485 1724 3674 1762 eorum
3704 1725 3718 1762 :

2211 1801 2276 1854 Et
2305 1799 2626 1853 honorabile
2651 1814 2842 1852 nomen
2873 1814 3058 1852 eorum
3091 1813 3276 1852 coram
3306 1798 3423 1854 illo.

2141 1889 2182 1943 C
2213 1887 2401 1943 Usura
2435 1889 2506 1942 ab
2539 1905 2647 1942 usu
2683 1905 2894 1942 nomen
2938 1887 3180 1959 accepit,
3202 1903 3329 1959 quat
3363 1886 3594 1943 credita!
3626 1903 3723 1959 po-

2070 1978 2255 2032 cunia‘
2289 1983 2560 2050 procurat
2587 1993 2817 2048 semper
2835 1983 3240 2048 augmentum.
3265 1977 3357 2030 Sic
3387 1977 3444 2032 in
3473 1976 3726 2050 peccatis

2069 2067 2398 2121 viventibus
2430 2084 2609 2120 usura
2639 2067 2845 2121 crescit
2877 2066 3189 2131 milorum,
3223 2065 3458 2139 quando
3481 2065 3634 2138 quod
3669 2065 3726 2120 in

2069 2156 2375 2226 temporali
2406 2155 2844 2210 Conversatione
2867 2155 3236 2226 delinquunt.
3262 2156 3317 2210 in
3344 2159 3560 2210 aeterna
3578 2153 3729 2210 cala-

2070 2247 2272 2299 mitate
2307 2245 2610 2316 recipiunt.
2636 2245 2720 2298 Ab
2753 2245 2882 2298 istis
2913 2262 3048 2316 ergo
3077 2244 3272 2299 usuris
3305 2243 3627 2299 liberantur
3656 2243 3731 2298 fl-

2071 2334 2229 2388 delcs
2265 2334 2496 2400 animm,
2527 2334 2760 2404 quando
2809 2350 2912 2405 per
2961 2334 3358 2404 pmnitcntiam
3400 2333 3729 2388 redduntur

2073 2422 2376 2477 absoluta'.
2407 2424 2663 2485 Quorum
2698 2438 2908 2477 nomen
2944 2422 3312 2490 honorabile;
3357 2439 3553 2479 revera
3583 2439 3727 2495 pra)-

2073 2512 2299 2567 clarum
2324 2529 2558 2579 nomen,
2587 2519 2646 2567 ut
2670 2513 2986 2567 Christiani
3012 2513 3302 2580 dicantur,
3327 2519 3384 2568 et
3404 2529 3438 2569 a
3466 2529 3574 2569 suo
3597 2528 3729 2584 rege

2075 2600 2482 2673 resplendeant
2516 2602 2779 2656 vocabuli
2808 2602 3111 2674 dignitate.
3145 2601 3384 2657 Addidit
3410 2601 3611 2668 etiam,
3634 2618 3728 2656 co-

2077 2708 2200 2746 ram
2235 2690 2354 2756 illo,
2382 2691 2435 2744 id
2470 2696 2554 2745 est
2586 2707 2781 2746 coram
2819 2691 2929 2747 Deo
2969 2692 3246 2764 quoniam
3279 2697 3414 2747 ante
3443 2689 3641 2764 ipsum
3674 2696 3732 2747 et

2077 2780 2135 2834 in
2165 2780 2350 2852 ipsius
2383 2797 2559 2849 regno
2590 2781 2796 2835 victuri
2830 2786 2990 2836 sunt.

2081 2870 2148 2923 15
2219 2870 2284 2924 Et
2312 2872 2454 2923 vivet
2484 2878 2533 2924 et
2561 2870 2785 2924 dabitur
2821 2873 2873 2925 ei
2915 2869 2981 2924 de
3005 2869 3140 2924 duro
3184 2871 3409 2926 .4rabi.'e
3447 2878 3502 2926 et
3537 2868 3731 2925 adora-

2293 2959 2426 3013 bunt
2455 2960 2518 3012 de
2551 2961 2662 3028 ipso
2691 2976 2902 3030 semper
2935 2976 2948 3015 :

2224 3050 2350 3105 Tota
2381 3049 2468 3102 die
2501 3049 2813 3102 benedicent
2841 3051 2912 3103 ei.

2150 3142 2188 3192 C
2219 3139 2364 3193 Nam
2413 3155 2544 3192 cum
2579 3137 2738 3200 dicit.
2767 3143 2822 3192 et
2853 3139 3020 3204 vivet,
3049 3138 3304 3194 ostendit
3352 3139 3731 3194 aeternitatem

2083 3228 2316 3288 Christi,
2341 3244 2458 3298 qua
2490 3243 2603 3280 non
2635 3228 2753 3281 vita
2784 3232 2996 3290 creata,
3021 3228 3119 3282 sed
3154 3227 3508 3283 beatitudine
3531 3233 3736 3283 sancta

1998 3311 2041 3376 C
2075 3317 2331 3372 Trinitas
2383 3315 2538 3370 vivit.
2580 3318 2801 3371 Aurum
2853 3317 3097 3382 Arabia,
3149 3333 3263 3389 pra:
3309 3317 3515 3371 ceteris
3561 3317 3731 3372 terris

2075 3407 2257 3462 fertur
2288 3422 2417 3461 esse
2449 3405 2855 3477 purissimum,
2889 3406 3042 3478 quod
3084 3405 3154 3460 ad
3205 3405 3551 3477 sapientiam
3585 3404 3733 3460 bene

2075 3496 2339 3550 refertur.
2362 3495 2406 3550 ll
2431 3495 2771 3549 Uﬂ'eruntur
2795 3494 2949 3550 enim
2983 3494 3033 3549 ei
3069 3499 3292 3550 mentes
3321 3492 3571 3566 puritate
3603 3510 3736 3549 san-

2073 3589 2480 3656 cta,tanquam
2505 3601 2712 3638 aurum
2737 3584 3052 3638 Arabicum
3076 3583 3385 3656 splendore
3410 3581 3730 3655 pulcherri-

2075 3691 2170 3728 mo
2205 3674 2530 3729 rutilantes.
2555 3674 2622 3728 Et
2652 3673 2980 3728 adorabunt
3009 3674 3078 3728 de
3111 3674 3258 3745 ipso,
3282 3671 3390 3728 hoc
3411 3672 3482 3727 ad
3512 3671 3731 3728 huma-

2073 3764 2314 3817 nitatem
2351 3764 2540 3834 ipsius
2579 3767 2807 3817 constat
2852 3762 3074 3826 referri,
3099 3762 3332 3833 quando
3364 3779 3462 3816 ore
3493 3761 3728 3833 proprio

2073 3851 2573 3924 quemadmodum
2605 3857 2872 3907 oraretur
2921 3852 3195 3906 instituit.
3220 3851 3365 3907 Tota
3412 3850 3524 3916 die,
3547 3851 3728 3906 totius

2071 3943 2199 3995 vitia
2233 3946 2442 3996 nostra:
2475 3944 2707 4012 tempus
2740 3940 3016 3995 ostendit.

2075 4032 2142 4086 16
2215 4032 2343 4085 Erit
2372 4031 2784 4099 ﬁrmamentum
2817 4031 2874 4083 in
2905 4037 3050 4085 terra
3080 4045 3092 4085 :
3124 4031 3182 4085 in
3212 4032 3443 4085 summis
3461 4031 3730 4084 montium

2249 4120 2708 4190 uiperea-tolletur
2733 4135 2897 4190 super
2925 4120 3198 4174 Libanum
3311 4121 3522 4190 [metus
3542 4120 3658 4189 ejus
3701 4125 3716 4183 ζ

2213 4209 2277 4264 Et
2306 4211 2579 4279 ﬂorebunt
2609 4207 2675 4264 de
2701 4210 2920 4264 civitate
2948 4211 3090 4264 sient
3118 4211 3308 4280 fenum
3338 4219 3520 4266 terra.

2142 4297 2184 4352 C
2218 4297 2675 4353 Firmamentum
2725 4299 3015 4354 montium
3059 4298 3324 4353 Christus
3355 4302 3462 4354 est.
3485 4298 3730 4354 Summa

2074 4387 2360 4442 montium
2379 4387 2780 4442 excellentiam
2802 4387 3096 4460 signiﬁcat
3114 4387 3549 4460 prophetarum.
3563 4386 3609 4442 Η
3624 4387 3729 4442 Su-

203 5439 212 5444 _
299 5367 501 5443 ligere.
523 5370 742 5427 Omnes
771 5379 992 5444 gentes,
1033 5375 1256 5432 scilicet
1295 5393 1421 5448 quae
1471 5397 1573 5451 per
1613 5380 1953 5437 universum

302 4494 433 4534 rum
455 4479 610 4537 dona
639 4481 891 4538 oﬂ‘erunt
911 4484 1300 4556 Deo,quando
1333 4485 1381 4540 ei
1413 4485 1738 4558 probantur
1765 4487 1963 4542 animo
2071 4476 2504 4548 perextolletur,
2530 4476 2748 4531 scilicet
2779 4479 2964 4550 gratia
2998 4477 3492 4549 baptismi,super
3521 4491 3732 4532 omnes

299 4569 514 4626 servire
535 4570 757 4628 devoto.
785 4572 996 4628 Insula:
1027 4589 1161 4630 vero
1189 4575 1466 4646 sunt,qui
1495 4575 1966 4631 circumﬂuentia
2071 4582 2098 4620 8

2157 4565 2645 4632 ίίυίίἱηθδεενουιὶ,
2663 4582 2766 4638 per
2782 4584 2957 4638 quam
2979 4573 3215 4639 peccata
3233 4564 3583 4622 tolluntur.C
3605 4564 3732 4620 Flo-

300 4659 508 4716 mundi
538 4659 699 4730 vitia,
725 4678 759 4717 a
788 4663 914 4717 suis
961 4663 1304 4734 corporibus
1349 4662 1746 4720 excluserunt.
1779 4665 1963 4737 Reges
1993 4685 2039 4750 Ι)
2071 4671 2098 4707 ι·

2153 4659 2286 4709 mnt
2309 4673 2445 4726 ergo
2475 4655 2545 4710 de
2576 4656 2993 4728 civitatejusti,
3019 4657 3076 4711 id
3100 4662 3191 4712 est
3218 4656 3288 4711 de
3319 4654 3573 4712 Ecclesia
3603 4653 3726 4723 Dei,

273 4793 279 4800 .
297 4748 557 4804 Arabum
577 4754 736 4818 sunt,
753 4750 854 4822 qui
875 4751 1284 4807 blandimenta
1305 4768 1615 4825 corporum
1639 4754 1964 4825 subjiciunt
1993 4744 2031 4750 ’
2072 4744 2225 4799 sicut
2245 4744 2474 4810 Γεηυηις
2501 4745 2670 4815 Cujus
2685 4751 2823 4801 mtas
2844 4763 2957 4802 non
2977 4751 3351 4818 comparatur
3368 4744 3609 4810 sanctis.
3625 4744 3730 4800 sed

253 4837 500 4910 nrigidm
549 4839 898 4912 disciplina.
933 4840 1087 4896 Saba
1127 4841 1305 4913 (unde
1358 4840 1565 4912 sabaei)
1624 4842 1763 4898 dicti
1823 4848 1961 4900 sunt
2069 4833 2280 4887 decora
2313 4833 2592 4888 viriditas.
2618 4834 2687 4888 Et
2733 4835 2954 4906 inspice
3002 4833 3158 4907 quod
3200 4833 3359 4900 dicit,
3383 4833 3453 4889 de
3496 4833 3730 4888 civitate

299 4933 527 4996 omnes,
553 4929 653 5001 qui
697 4929 852 4986 dona
879 4929 1166 4988 virtutum
1208 4930 1457 4986 offerunt
1500 4930 1618 4986 Deo
1668 4934 1959 5004 suaviora,
2071 4922 2378 4989 ﬂorebunt,
2404 4940 2520 4978 non
2556 4924 2612 4977 in
2636 4923 2886 4988 civitate,
2913 4924 3053 4996 quia
3073 4924 3143 4979 dc
3165 4924 3278 4980 ista
3297 4921 3529 4978 civitate
3547 4922 3730 4994 hujus

298 5031 475 5086 quam
507 5033 633 5089 qum
663 5018 722 5074 in
755 5019 858 5075 illa
887 5023 1041 5077 terra
1070 5025 1214 5076 sunt
1243 5024 1506 5078 aromata,
1537 5020 1856 5079 redoleant,
2070 5011 2266 5067 szcculi
2292 5011 2633 5079 laborando,
2661 5013 2717 5068 in
2749 5011 2851 5069 illa
2877 5013 3167 5070 ﬂorebunt
3191 5011 3550 5068 beatitudine
3571 5027 3731 5068 sem-

300 5104 362 5158 11
441 5107 507 5160 Et
526 5107 832 5165 adorabunt
859 5126 982 5166 eum
1013 5127 1198 5167 omnes
1225 5127 1378 5181 reges
1411 5127 1428 5166 :
2069 5119 2098 5174 Ρ

2155 5118 2296 5156 erna
2321 5102 2677 5158 coronando.

443 5192 637 5250 Omnes
665 5205 845 5265 gentes
869 5203 1108 5256 servient
1133 5203 1206 5256 ei,
2071 5193 2138 5246 17
2211 5191 2294 5245 8ιί
2318 5209 2512 5247 nomen
2547 5192 2667 5263 ejus
2696 5197 2752 5256 αἱ-
2791 5191 3131 5248 benedictum
3173 5197 3187 5257 ζ
3223 5192 3279 5247 in
3310 5191 3514 5249 tacula
3549 5207 3563 5244 :

367 5285 409 5335 C
439 5281 545 5338 Per
574 5299 778 5341 omnes
808 5303 990 5360 reges,
1017 5294 1262 5344 cunctas
1283 5289 1464 5344 voluit
1495 5290 1761 5347 nationes
1784 5290 1953 5347 intel-

2213 5280 2347 5336 Ante
2375 5283 2540 5338 solem
2571 5289 2856 5352 permanet
2881 5296 3075 5336 nomen
3109 5282 3247 5352 ejus.

2136 5369 2178 5425 C
2205 5368 2291 5424 Sit
2322 5387 2535 5426 nomen
2569 5370 2721 5440 ejus,
2756 5387 2820 5425 ac
2855 5370 2901 5425 si
2936 5371 3177 5436 diceret,
3208 5368 3268 5424 in
3299 5374 3582 5424 aiternum
3611 5367 3737 5440 glo.

273 5459 594 5521 ,mundum
630 5463 690 5515 et
730 5459 948 5533 linguis
979 5463 1321 5519 dividuntur
1365 5471 1422 5520 et
1469 5469 1756 5538 partibus.
1783 5469 1957 5526 Nulla
2065 5476 2098 5514 Γ

2159 5463 2326 5514 cetur
2357 5459 2534 5529 Deus,
2558 5457 2838 5530 quoniam
2884 5463 3162 5514 (sternam
3208 5457 3457 5531 gloriam
3489 5461 3732 5531 praesta-

302 5561 446 5620 gens
477 5552 584 5621 est,
610 5565 739 5621 qua:
769 5550 829 5604 in
881 5556 1044 5624 parte
1096 5551 1292 5624 populi
1341 5555 1452 5620 sui,
1487 5557 1788 5629 proprium
1837 5569 1954 5614 ηοιι
2063 5553 2232 5604 turus
2255 5565 2383 5604 esse
2417 5549 2809 5622 cognoscitur.
2833 5549 2978 5604 Ante
3008 5563 3242 5603 omnem
3265 5549 3592 5604 creaturam
3623 5561 3731 5601 no-

303 5636 503 5694 adoret
531 5641 852 5695 auctorem.
876 5640 946 5696 Et
973 5640 1122 5707 vide,
1157 5641 1256 5713 qui
1303 5660 1467 5716 rcges
1497 5645 1641 5702 dicit
1682 5647 1953 5704 adorata-
2063 5654 2198 5693 men
2229 5637 2360 5707 ejus
2392 5653 2736 5711 permanere
2769 5639 3072 5710 professus
3101 5641 3190 5694 est
3219 5635 3396 5709 (sicut
3425 5635 3642 5692 dicitur
3669 5634 3731 5690 in

282 5741 418 5799 .t‘os,
451 5727 552 5804 qui
581 5727 946 5806 putabantur
973 5730 1278 5790 adorandi.
1467 5773 1477 5778 -
2061 5727 2373 5802 Evangelio
2400 5745 2412 5782 :
2441 5727 2504 5787 In
2539 5727 2829 5802 principio
2865 5733 2988 5786 erat
3023 5725 3324 5798 Verbum),
3359 5742 3430 5783 ne
3458 5731 3734 5800 sanctam
