4630 6396
480 477 630 542 1381

2078 478 2286 539 VITA.

3726 480 3879 544 1382

479 612 697 670 lebrior
719 612 829 668 fuit
852 612 1114 685 synodus
1139 629 1238 666 seu
1265 610 1785 684 potiusconventus
1806 611 2129 666 Carlomen-
2163 612 2217 677 Α
2247 612 2423 665 (Ριίριη
2456 628 2680 667 sacram
2716 611 2999 668 translata
3032 611 3233 679 fuisse,
3270 612 3368 683 qui
3404 612 3887 687 priorem,nempe

478 703 585 770 sis,
610 700 703 757 cui
738 718 849 757 non
889 701 1079 756 solum
1135 700 1391 772 episcopi
1442 705 1496 754 et
1528 702 1783 765 abbates,
1818 702 1915 755 sed
1950 702 2129 755 etiam

476 791 656 847 totius
674 791 983 861 provincim
1004 790 1502 860 optimatesjussu
1527 788 1819 843 Guillelmi
1845 789 2011 843 ducis
2042 790 2130 843 in-

478 880 807 936 terfuerunt
838 896 991 933 anno
1028 881 1155 932 10M
1197 884 1259 930 ut
1301 877 1543 947 publica:
1577 877 1871 930 securitati
1915 876 2132 932 utilita-

476 971 638 1041 tique
661 971 785 1023 tum
812 967 1214 1022 ecclesiasticm
1239 973 1363 1022 tum
1392 966 1653 1020 smculari
1674 968 1971 1021 communi
1996 983 2133 1021 con~

480 1057 613 1113 silio
642 1056 1065 1129 provideretur.
1114 1056 1233 1110 Huc
1266 1058 1439 1111 etiam
1491 1072 1558 1110 ex
1590 1056 1833 1110 diversis
1874 1055 2136 1111 ecclesiis

482 1162 659 1201 sacris
680 1145 937 1217 reliquis:
955 1150 1271 1218 apportata)
1294 1144 1784 1213 suntjuxtaducis
1800 1145 2132 1216 imperium,

482 1236 657 1307 idque
685 1240 749 1289 ut
780 1236 967 1303 major
988 1252 1051 1289 ex
1085 1234 1362 1303 religione
1386 1234 1690 1287 celebritas
1717 1232 2025 1287 conventui
2051 1249 2136 1288 ac-

482 1325 729 1388 cederet,
766 1323 1211 1394 religiosiusque
1244 1324 1473 1377 decreta
1518 1339 1551 1376 a
1591 1322 1839 1391 singulis
1865 1323 2133 1377 observa~

483 1418 838 1484 rentur,qme
864 1412 919 1466 in
945 1418 1279 1466 sanctorum
1302 1411 1609 1483 provincia:
1630 1412 1970 1465 tutelarium
1992 1429 2134 1483 prte-

488 1502 678 1557 sentia
709 1502 934 1556 sancita
966 1502 1233 1557 fuissent.
1266 1501 1763 1569 Rothomagenses
1795 1506 2135 1555 sanctorum

486 1591 734 1647 Romani
770 1595 827 1645 et
856 1591 1117 1645 Audconi
1169 1607 1432 1662 corpora,
1486 1590 1580 1644 alii
1625 1590 1767 1645 alias
1798 1594 2134 1645 sanctorum

487 1679 748 1736 detulere
779 1679 1077 1751 reliquias.
1110 1680 1283 1734 Porro
1335 1679 1411 1734 ibi
1464 1679 1757 1733 indultum
1798 1684 1885 1733 est
1916 1697 1948 1734 a
1980 1680 2135 1751 prin-

487 1769 710 1841 cipe,ut
740 1768 985 1823 inducite
1006 1768 1243 1823 cuilibet
1259 1769 1539 1823 darentur
1555 1767 1805 1835 singulis
1823 1768 2138 1823 hebdoma-

486 1858 663 1913 dibus
692 1874 726 1914 a
755 1873 997 1929 vespera
1028 1858 1179 1912 ferire
1230 1863 1451 1927 quartae
1478 1858 1545 1911 ad
1596 1857 1795 1911 feriam
1821 1858 2137 1912 secundam

487 1946 866 2001 hebdomadis
892 1947 1212 2017 sequentis,
1239 1962 1365 2016 qua)
1415 1945 1659 1999 inducim
1695 1946 2010 2000 Treviri-Dei
2039 1963 2137 2018 ap~
2174 1985 2218 2048 Β

482 2034 709 2107 ρθιιαίω
743 2035 1015 2089 fuerunt:
1048 2034 1201 2106 quod
1236 2038 1531 2089 decretum
1569 2039 1633 2087 ut
1665 2035 1894 2088 firmius
1937 2040 2133 2101 staret,

480 2122 741 2195 episc0pi
767 2123 822 2177 in
845 2123 1067 2177 violata:
1099 2124 1255 2194 pacis
1294 2139 1420 2177 reos
1460 2123 1771 2177 anathema
1796 2125 2134 2194 pronuntia-

483 2217 642 2266 runt.
680 2212 835 2267 Inter
860 2210 978 2266 ulia
1015 2212 1220 2275 multa,
1268 2228 1517 2282 quorum
1553 2213 1866 2266 maximam
1912 2216 2133 2284 partem

482 2300 733 2356 abolevit
764 2306 1093 2372 temporum
1121 2301 1652 2371 injuria,sancitum
1684 2307 1770 2355 est
1800 2306 1865 2355 ut
1896 2302 2135 2357 ahbates

480 2394 538 2444 et
569 2389 663 2445 alii
702 2390 918 2462 prmlati
958 2391 1064 2444 huc
1090 2392 1329 2460 illucque
1362 2408 1465 2443 non
1516 2400 1846 2458 vagarentur
1874 2409 1997 2444 cum
2027 2409 2135 2461 ru-

480 2480 623 2533 blica
652 2480 1139 2549 o/[i'nsimie.ltem,
1168 2489 1221 2533 ut
1248 2481 1488 2550 quotidie
1516 2496 1631 2532 sero
1672 2497 1771 2550 per
1814 2482 1964 2545 signi
2008 2482 2134 2551 pul-

475 2585 603 2623 sum
631 2568 699 2622 ad
717 2583 900 2639 preces
934 2569 1034 2623 Dt’n
1056 2569 1366 2637 fundendus
1390 2572 1613 2638 quisque
1659 2571 2012 2629 invitaretur.
2056 2577 2137 2623 at-

480 2674 586 2728 que
614 2658 841 2712 occlusis
871 2659 1082 2727 foribus
1130 2658 1413 2711 doricorum
1464 2658 1613 2712 ultra
1666 2660 1856 2724 vagari
1894 2659 2137 2729 amplius

478 2748 707 2801 velitum
730 2745 1140 2800 admoneretur.

550 2838 606 2891 8.
642 2834 803 2890 Haud
840 2836 1035 2889 minus
1061 2836 1283 2890 celebre
1309 2835 1415 2890 fuit
1440 2835 1752 2889 concilium
1788 2835 2133 2906 Rothomagi

481 2923 749 2979 habitum
776 2925 845 2979 ad
872 2924 1259 2979 dedicandam
1285 2926 1565 2993 majorem
1601 2924 1925 2989 ecclesiam,
1959 2941 2136 2995 quam

478 3013 609 3083 ipse
643 3013 943 3068 Maurilius
977 3014 1411 3068 absolveratﬂa
1442 3015 1511 3067 de
1542 3030 1599 3068 re
1632 3014 1715 3067 sic
1747 3012 2005 3084 loquitur
2035 3013 2138 3069 Or-

481 3102 719 3156 dericus
748 3102 960 3157 Vitalis
992 3102 1137 3156 libro
1170 3119 1241 3156 v:
1276 3105 1452 3168 Anno,
1486 3103 1700 3172 inquit,
1726 3103 2027 3159 Dmninicw
2057 3105 2140 3158 ln-

479 3194 828 3249 carnalionis
862 3192 1019 3255 4063,
1056 3192 1352 3245 indictione
1382 3208 1441 3259 ll,
1483 3193 1964 3262 metrolmlztanam
1996 3192 2138 3247 basi-

482 3281 653 3334 licam
686 3282 743 3335 in
768 3282 902 3335 urbe
934 3281 1535 3352 Rolhonzagensi,quam
1570 3280 1885 3335 Ilotdbcrtus
1916 3280 2139 3335 inchoa-

2242 717 2404 771 prOpe
2432 709 2680 756 austrum
2728 701 3001 772 australe,
3034 700 3417 757 Guillelmum
3464 719 3598 757 vero
3627 719 3777 758 secus
3802 720 3889 760 os-

2241 791 2379 843 tium
2412 791 2736 861 aquilonare
2764 792 3075 851 tumulavit.
3110 799 3161 845 et
3187 793 3472 863 epitaphia
3502 808 3691 847 eorum
3731 809 3893 864 super

2246 878 2365 931 illos
2398 879 2591 933 litteris
2621 882 2805 934 aureis
2853 880 3152 935 adnotavit.
3205 880 3337 934 Haec
3388 881 3691 954 epitaphia
3719 884 3893 939 refert

2243 967 2717 1039 Ordericus,quce
2750 968 2999 1025 Maurilii
3031 986 3179 1041 opus
3210 984 3339 1024 esse
3356 969 3626 1025 nonnulli
3659 975 3889 1042 putant.

2246 1056 2507 1111 Sufﬁciat
2538 1058 2759 1129 aliquot
2806 1074 2874 1114 ex
2902 1058 2987 1113 eis
3017 1074 3221 1113 versus
3251 1058 3365 1113 huc
3397 1058 3655 1130 proferre
3682 1061 3785 1131 qui
3818 1062 3889 1116 ad

2248 1145 2431 1199 nostri
2464 1146 2683 1199 ordinis
2699 1146 3000 1201 historiam
3016 1147 3475 1219 pertinent.Inde
3506 1147 3660 1203 enim
3709 1148 3888 1204 disci-

2247 1250 2379 1288 mus
2409 1233 2786 1290 Guillolmum
2820 1236 2899 1290 ita
2937 1252 3075 1305 erga
3124 1237 3510 1291 monasticam
3543 1236 3720 1292 vitam
3753 1255 3884 1311 pro-

2246 1339 2495 1394 pensum
2529 1322 2728 1389 fuisse,
2766 1328 2831 1378 ut
2860 1340 2986 1378 eam
3019 1324 3200 1379 fuisse
3230 1324 3531 1396 amplexus
3561 1326 3619 1380 in
3654 1343 3886 1384 monas-

2246 1412 2391 1466 terio
2423 1412 2831 1480 Gemeticensi,
2865 1413 2913 1469 si
2945 1413 2995 1468 ei
3029 1430 3129 1485 per
3168 1414 3434 1469 abbatem
3483 1415 3791 1473 Martinum
3824 1417 3885 1474 li-

2246 1501 2486 1555 cuisset.

2465 1590 2781 1645 Canobium
2812 1591 3039 1662 pulchre
3067 1592 3341 1659 reparavit
3374 1592 3788 1652 Gemmelicense

2534 1683 2599 1734 Et
2627 1680 2866 1735 decrevit
2894 1680 2975 1734 ibi
3001 1682 3147 1749 ferre
3177 1682 3368 1751 iugum
3400 1682 3671 1739 monachi.

2461 1768 2703 1822 Fcrvidis
2733 1771 2925 1824 invicti
2949 1770 3120 1824 coluit
3146 1785 3400 1824 normam
3430 1772 3727 1830 Benedicti.

2536 1856 2638 1911 Cui
2662 1859 2817 1927 petiit
2847 1859 3035 1927 subdi,
3065 1860 3261 1930 plenus
3289 1875 3475 1915 amore
3502 1862 3618 1916 Dei.

2462 1947 2688 2000 Distulit
2717 1946 2814 2000 hoc
2833 1947 2997 2002 abbas
3026 1949 3323 2014 Martinus,
3356 1948 3485 2003 diva
3511 1958 3751 2021 potestas

2532 2033 2687 2089 Sa’va
2708 2052 2806 2105 per
2835 2052 2993 2089 arma
3022 2037 3165 2090 mori
3188 2038 3443 2108 praetulit
3471 2053 3635 2094 omen
3665 2042 3735 2096 ei.

2248 2123 2328 2177 De
2358 2122 2466 2177 hoc
2499 2122 2808 2178 Guillelmo
2827 2129 2881 2178 et
2902 2125 3029 2194 ejus
3054 2124 3353 2179 monastici
3375 2128 3653 2198 propositi
3676 2130 3890 2201 ample-

2248 2212 2438 2266 ctendi
2472 2212 2780 2277 desiderio,
2834 2211 3003 2284 plura
3052 2212 3225 2267 habet
3255 2213 3607 2272 Guillelmus
3638 2217 3890 2274 Gemeti-

2250 2300 2440 2354 censis
2473 2300 2820 2365 monachus,
2854 2318 2979 2371 quae
3011 2300 3123 2355 huc
3157 2301 3368 2358 referre
3401 2320 3516 2358 non
3546 2311 3728 2361 vacat.

2320 2390 2407 2443 in.
2440 2388 2724 2443 Caeterum
2760 2389 2958 2443 habita
2991 2393 3080 2445 est
3111 2391 3247 2445 item
3292 2392 3539 2447 celebris
3586 2395 3892 2453 Nortman-

2252 2478 2358 2531 nim
2391 2478 2798 2549 episcOporum
2834 2479 3090 2549 synodus
3124 2497 3274 2535 anno
3310 2481 3447 2535 1067
3480 2484 3783 2541 occasione
3824 2486 3901 2542 al-

2248 2567 2431 2620 terius
2464 2567 2868 2621 dedicationis.
2918 2567 3138 2622 scilicet
3185 2567 3439 2623 ecclesizr
3488 2571 3666 2626 beatae
3707 2573 3898 2630 Mariae

2247 2654 2687 2710 Gemeticensis.
2722 2672 2897 2726 quam
2949 2655 3253 2711 Maurilius
3279 2673 3412 2712 cum
3461 2658 3587 2714 suis
3616 2661 3898 2737 suffraga-

2249 2745 2395 2805 neis,
2430 2749 2713 2815 praesente
2745 2744 3202 2815 Guillelmo.jam
3234 2750 3371 2800 tunc
3392 2747 3611 2819 Anglia:
3634 2754 3893 2824 rege,lm-

2248 2834 2457 2887 militer
2476 2841 2525 2887 et
2555 2832 2737 2887 devote
2763 2836 3099 2904 perpetravit
3130 2833 3405 2890 Kalendis
3425 2835 3565 2891 Julii
3575 2843 3661 2905 ,ut
3683 2844 3896 2897 testan-

2250 2925 2344 2974 tur
2392 2920 2744 2975 Guillelmus
2793 2921 3211 2978 Gemeticensis
3257 2923 3585 2981 monachus
3615 2926 3763 2984 libro
3791 2946 3893 2999 vn,

2249 3025 2375 3081 cap.
2410 3010 2501 3074 37,
2533 3009 2847 3065 Ordericus
2872 3010 3078 3066 Vitalis
3126 3010 3275 3067 libro
3327 3030 3383 3068 iv
3412 3018 3469 3068 et
3507 3014 3626 3070 alii.
3663 3017 3897 3075 Dedica-

2250 3098 2425 3153 tionis
2456 3097 2634 3170 hujus
2666 3097 2947 3154 memoria
2994 3100 3050 3155 in
3086 3100 3497 3175 Martyrologio
3528 3107 3901 3165 Benedictino

2251 3187 2583 3243 celebratur
2607 3188 2753 3260 ipsis
2780 3188 3055 3245 Kalendis
3076 3190 3241 3247 Julii.
3270 3194 3343 3246 At
3372 3210 3525 3248 anno
3556 3197 3901 3266 praecedenti

2254 3277 2430 3331 iidem
2464 3276 2759 3333 antistites
2792 3295 2925 3333 cum
2973 3278 3278 3350 provincia:
3309 3281 3660 3352 primatibus
3691 3301 3725 3338 a
3752 3286 3899 3342 duce

480 3371 588 3432 vit,
620 3367 912 3424 Maurilius
969 3350 1403 3440 archiepiscopus
1453 3371 1510 3423 in
1570 3368 1777 3424 honore
1812 3378 2014 3423 sancta:
2046 3372 2144 3425 Dei
2170 3350 2213 3418 C
2250 3365 2416 3421 acciti
2465 3366 2618 3437 apud
2665 3366 3039 3423 Juliobonam
3092 3374 3497 3439 convenerant,
3547 3372 3619 3427 de
3665 3373 3895 3445 expedi-

482 3460 774 3527 genitrieis
805 3460 994 3515 Navim
1014 3475 1135 3513 cum
1162 3462 1378 3528 ingenti
1408 3458 1648 3529 tripudio
1698 3474 1877 3513 mense
1927 3458 2147 3514 Octobri

481 3546 1051 3603 dedieavitEcclesize
1089 3547 1485 3618 Rothomagen
1497 3546 1579 3601 sis
1610 3547 2031 3601 dedicationem
2048 3564 2146 3619 pa-

483 3636 632 3690 riter
660 3652 813 3691 anno
848 3636 984 3690 1063
1010 3635 1604 3707 consignatlaudatus
1628 3636 2143 3707 anonymus.Certe

483 3724 600 3779 hoc
628 3725 753 3796 ipso
787 3742 940 3780 anno
990 3725 1144 3780 locat
1194 3730 1393 3779 noster
1440 3725 1791 3798 Pomerayus
1831 3725 2142 3782 concilium

482 3812 981 3886 Rothomagense,
1006 3814 1076 3869 ad
1109 3815 1260 3885 quod
1292 3814 1491 3870 referri
1520 3814 1729 3869 debere
1760 3819 1956 3870 censet
1985 3815 2141 3887 quod

482 3901 825 3958 Willelmus
870 3903 1289 3959 Gemeticensis
1324 3910 1379 3958 et
1408 3903 1718 3959 Ordericus
1748 3902 1894 3959 libro
1928 3920 1987 3959 III
2016 3921 2144 3960 nar-

486 3995 627 4047 rant
656 3990 726 4046 de
756 3991 1040 4055 Osberno,
1093 3992 1189 4062 qui
1224 3998 1353 4063 post
1404 3992 1634 4047 Roberti
1686 3991 1916 4047 abbatis
1946 3993 2140 4049 deser—

476 4082 703 4135 tionem
738 4081 1093 4135 monasterio
1126 4080 1379 4135 Uticensi
1416 4081 1719 4152 praefectus
1760 4081 1891 4148 fuit,
1928 4082 2142 4138 tradita

476 4169 596 4224 sibi
630 4185 663 4224 a
694 4169 957 4225 Maurilio
990 4170 1427 4242 archiepiscopo
1459 4171 1711 4224 eambuta
1740 4171 2038 4242 pastorali.
2066 4176 2140 4228 At

472 4257 772 4314 Robertus
786 4258 1069 4314 Uticensis
1089 4260 1269 4315 abbas
1287 4260 1484 4329 fugam
1510 4259 1723 4316 inierat
1739 4261 2043 4317 occasione
2057 4261 2141 4317 di-

467 4347 821 4403 sensionum
855 4364 982 4420 qua:
1014 4348 1167 4404 inter
1194 4348 1572 4404 Guillelmum
1625 4354 1681 4404 et
1738 4350 2135 4406 Nortmannia:

471 4452 750 4509 proceres
774 4437 1005 4492 fuerant
1034 4441 1240 4492 exortze
1276 4453 1423 4509 quas
1464 4438 1700 4509 quidem
1738 4438 2137 4496 dissensiones

470 4524 674 4581 fusius
704 4526 942 4597 exponit
971 4526 1282 4583 Ordericus
1314 4526 1383 4581 ad
1417 4543 1638 4581 annum
1671 4526 1830 4595 4063,
1857 4545 1986 4600 quae
2018 4546 2138 4586 om-

472 4614 580 4670 nia
611 4614 755 4671 satis
788 4630 1078 4687 superqus
1110 4616 1355 4688 probare
1394 4614 1665 4670 videntur
1706 4617 2133 4676 dedicationem

470 4701 750 4759 Ecclesiae
793 4702 1284 4775 Rothomagensis
1318 4721 1470 4760 anno
1501 4705 1641 4759 1063
1669 4706 2130 4779 consignandam
2165 4723 2214 4789 D

470 4807 632 4859 esse,
666 4793 936 4864 quamvis
970 4793 1208 4849 indictio
1234 4811 1272 4850 ιι
1300 4793 1373 4849 ab
1400 4794 1673 4851 Orderico
1696 4796 2135 4867 assignataloco

464 4895 660 4952 supra
689 4879 928 4936 laudato
952 4898 1172 4937 annum
1192 4887 1531 4954 sequentem
1551 4882 1823 4938 videatur
1851 4884 2129 4942 indicare.

469 4970 697 5025 Verum
712 4985 845 5025 cum
869 4969 990 5025 hzec
1007 4971 1293 5027 dedicatio
1312 4972 1405 5026 die
1435 4988 1448 5025 ι
1486 4971 1771 5039 Octobris,
1791 4976 1856 5027 ut
1883 4989 1951 5028 ex
1981 4974 2134 5030 Mar-

466 5056 765 5131 tyrologio
796 5059 1060 5129 ejusdem
1101 5059 1369 5115 Ecclesiae
1419 5059 1726 5128 discimus,
1772 5067 2007 5133 peracta
2035 5063 2132 5133 sit,

469 5147 629 5203 forte
650 5146 1074 5204 hicOrdericus
1097 5149 1475 5204 indictionem
1502 5164 1754 5204 amense
1782 5150 2131 5221 Septembri,

465 5239 544 5291 ut
577 5234 845 5291 nonnulli
877 5235 1062 5292 facere
1110 5237 1395 5304 solebant,
1451 5237 1763 5293 inchoavit.
1794 5238 1940 5295 Nam
1975 5240 2130 5296 idem

466 5324 603 5395 ipse
634 5329 839 5380 auctor
866 5323 979 5381 alio
1010 5325 1068 5380 in
1101 5325 1245 5393 loco,
1278 5325 1426 5380 libro
1454 5325 1677 5382 scilicet
1709 5342 1779 5391 iv,
1812 5326 2129 5384 dedicatio-

467 5428 614 5469 nem
648 5413 1134 5487 Rothomagensis
1158 5414 1422 5470 Ecclesiae
1448 5431 1602 5470 anno
1634 5414 2129 5484 4063,indictione

461 5519 512 5570 ι,
549 5505 849 5574 peractam
881 5502 1064 5559 fuisse
1097 5503 1320 5559 scribit.

543 5591 600 5645 9.
634 5593 811 5646 Porro
841 5592 994 5648 idem
1027 5592 1337 5649 Ordericus
1388 5593 1536 5649 libro
1585 5610 1622 5648 v
1672 5597 1916 5650 testatur
1944 5593 2127 5667 hujus

455 5679 857 5739 dedicationis
884 5680 1186 5737 occasione
1218 5698 1460 5754 corpora
1514 5682 1732 5738 ducum
1776 5680 2037 5741 Rollonis
2066 5689 2125 5741 et

453 5767 788 5841 Guillelmi,
820 5774 1207 5846 cognomento
1238 5770 1650 5849 Langa-Spata,
1696 5788 1731 5834 a
1760 5770 2028 5833 Maurilio
2057 5773 2119 5834 in

2250 3455 2407 3510 tione
2427 3453 2749 3526 Anglicana
2778 3454 3117 3511 collocuturi
3142 3457 3269 3523 ;sed
3292 3475 3423 3512 cum
3447 3459 3738 3528 ejusmodi
3762 3479 3893 3518 con-

2250 3548 2457 3598 ventus
2491 3542 2683 3614 potius
2714 3543 2949 3599 comitia
2978 3546 3283 3616 provinciae
3302 3546 3552 3603 debeant
3590 3548 3891 3622 appellari,

2250 3648 2427 3703 quam
2459 3631 2724 3698 concilia,
2754 3633 2824 3687 de
2850 3631 2942 3687 his
2972 3632 3162 3688 dicere
3202 3636 3679 3707 supersedemus.
3710 3641 3770 3695 In
3800 3639 3895 3696 his

2250 3720 2407 3777 enim
2440 3738 2747 3793 procerum
2782 3720 3112 3793 colloquiis,
3146 3723 3216 3779 de
3246 3724 3626 3783 sazcularibus
3657 3729 3896 3801 potissi-

2251 3826 2415 3865 mum
2448 3810 2695 3882 negotiis
2726 3811 3024 3883 agebatur,
3049 3828 3175 3883 qua
3192 3817 3329 3869 tunc
3360 3816 3640 3887 temporis
3672 3818 3896 3890 absque

2249 3899 2655 3972 episcoporum
2681 3899 3263 3973 consilio,utquidem
3295 3904 3489 3976 magni
3516 3904 3892 3963 fuissentmo-

2250 3988 2454 4059 menti,
2486 3989 2728 4044 minime
2761 3990 3181 4046 tractabantur.

2320 4078 2406 4133 41.
2441 4081 2657 4133 Verum
2688 4095 2755 4133 ex
2785 4083 2902 4133 tam
2939 4078 3226 4151 frequenti
3249 4081 3626 4139 conciliorum
3647 4084 3893 4143 celebra-

2246 4166 2403 4223 tione
2434 4165 2704 4239 coiligere
2736 4166 2870 4223 licet
2899 4167 3683 4244 Mauriliumvigilantissimi
3707 4180 3896 4248 pasto-

2246 4255 2329 4312 ris
2360 4260 2551 4327 partes
2583 4260 2819 4312 strenue
2852 4257 3626 4333 adimplevisse,meritoque
3646 4264 3772 4333 ejus
3793 4265 3894 4320 aevi

2247 4346 2559 4417 scriptores
2589 4344 2958 4418 negligentia:
2988 4348 3272 4415 accusari,
3307 4348 3406 4421 qui
3438 4351 3741 4407 decretain
3763 4352 3894 4410 istis

2246 4435 2487 4507 synodis
2520 4433 2742 4490 sancite
2775 4434 3103 4506 posteritati
3127 4453 3239 4492 non
3260 4439 3895 4498 transfuderunt.Certe

2244 4528 2465 4596 quanta
2491 4524 2569 4579 sit
2593 4523 2715 4578 haec
2740 4525 2971 4595 jactura
3003 4525 3287 4596 conjicere
3317 4543 3635 4599 possumus
3656 4545 3723 4585 ex
3753 4547 3889 4602 pro-

2244 4612 2496 4667 fessione
2528 4612 2659 4668 ﬁdei
2691 4612 2762 4668 de
2806 4611 3179 4668 Eucharistiaa
3224 4620 3610 4682 sacramento,
3642 4633 3769 4689 quas
3813 4619 3886 4674 ad

2246 4717 2352 4757 nos
2383 4701 2659 4773 pervenit,
2692 4701 2749 4756 in
2782 4718 2898 4773 qua
2924 4704 3044 4756 tam
3076 4702 3373 4758 evidenter
3401 4708 3457 4759 et
3487 4703 3668 4760 nitide
3692 4706 3887 4763 catho-

2244 4789 2357 4846 lica
2386 4791 2597 4846 veritas
2626 4790 2955 4862 exponitur,
2988 4795 3053 4847 ut
3079 4790 3279 4846 nullus
3310 4792 3504 4866 eﬁ'ugii
3522 4792 3684 4850 locus
3704 4793 3887 4853 haere-

2245 4877 2376 4934 ticis
2408 4875 2643 4934 relictus
2673 4878 2935 4934 sit.Hanc
2966 4878 3095 4935 ideo
3120 4880 3405 4952 integram
3439 4882 3889 4954 proferimus,ex

2244 4967 2419 5023 veteri
2452 4966 2772 5024 Pontiﬁcali
2806 4967 3072 5023 Ecclesiae
3108 4969 3596 5043 Rothomagensis
3625 4989 3659 5027 a
3687 4978 3887 5032 nostro

2243 5057 2621 5129 Pommerayo
2652 5055 3089 5128 descriptam,in
3118 5073 3232 5129 quo
3255 5058 3409 5114 inter
3439 5059 3585 5116 alias
3616 5061 3891 5135 ﬁdeipro-

2244 5146 2527 5202 fessiones
2548 5145 2799 5201 habetur
2818 5145 2877 5201 in
2908 5145 3110 5202 ordine
3132 5148 3338 5219 synodi
3372 5149 3886 5209 celebrandas.Mos

2241 5234 2398 5289 enim
2430 5233 2634 5290 exinde
2657 5234 2857 5300 fuit,ut
2873 5234 2944 5289 ab
2976 5251 3331 5307 unoquoque
3352 5239 3625 5311 episcopo
3646 5240 3703 5295 in
3721 5240 3885 5296 Nort-

2240 5324 2491 5379 manniaa
2522 5323 2819 5395 provincia
2848 5325 3242 5380 consecrando
3282 5325 3406 5382 haec
3437 5327 3569 5383 ﬁdei
3598 5328 3879 5400 professio

2238 5412 2584 5485 exigeretur.
2618 5413 2752 5478 Qua:
2785 5412 2869 5467 sic
2918 5412 3133 5470 habet:
3182 5413 3400 5486 Oportet
3440 5416 3627 5483 etiam,
3677 5416 3879 5487 fratres

2233 5502 2568 5568 eharisszmi,
2597 5508 2660 5556 ut
2685 5500 2819 5572 ﬁdes
2848 5504 3027 5558 vestra
3054 5502 3120 5559 de
3146 5519 3365 5575 corpore
3390 5512 3442 5559 et
3466 5505 3736 5573 sanguine
3766 5508 3877 5561 Do-

2233 5594 2394 5657 mini,
2428 5607 2592 5663 quam
2622 5591 2956 5659 prazsidente
2990 5591 3120 5649 huic
3145 5601 3349 5648 sancte
3400 5592 3518 5647 sedi
3547 5593 3877 5650 venerabilis

2230 5681 2514 5738 memoria:
2540 5680 2818 5745 Maurilio,
2850 5682 3125 5738 communi
3150 5696 3372 5736 assensu
3399 5683 3587 5737 contra
3636 5684 3875 5754 spurcis-

2228 5772 2399 5832 simas
2426 5771 2753 5848 Bersngarii
2778 5771 2997 5847 ejusque
3021 5784 3386 5830 successorum
3411 5785 3561 5831 voces
3598 5770 3872 5847 cli/ﬁnivi-
