4630 6444
1106 465 1261 524 1383

2093 462 2163 520 Β.
2209 458 2570 522 MAURILII
2615 457 2980 520 ARCHIEP.
3031 457 3485 520 llOTHOMAG.

4367 445 4548 522 1384

1099 596 1221 657 stis,
1251 594 1452 648 iterum
1475 593 1752 648 recitetur.
1787 591 1952 647 Corde
1979 590 2247 644 credimus
2289 593 2338 643 et
2369 605 2468 644 ore
2507 589 2735 660 proﬁte-
2764 590 2818 655 Α
2847 591 3134 659 corrigere.
3171 588 3320 656 Quod
3346 590 3396 643 si
3425 589 3564 642 utile
3587 594 3637 642 et
3664 591 3846 642 ratum
3883 592 3980 644 tua
4006 583 4380 642 auctoritate
4405 597 4546 637 cen-

1098 697 1248 746 mur,
1273 697 1474 752 panem
1503 682 1561 735 in
1589 697 1778 735 mensa
1823 680 2101 734 Dominica
2145 679 2504 749 propositum,
2532 692 2734 748 panem

1099 767 1468 824 tantummodo
1500 785 1608 824 esse
1649 775 1776 822 ante
1827 767 2316 822 consecrationem:
2364 765 2458 820 sed
2505 767 2563 818 in
2612 765 2734 836 ipsa

1098 859 1496 912 consecratione
1551 855 1827 924 ineﬁ‘abili
1872 855 2116 925 potentia
2160 854 2468 908 divinitatis
2495 854 2734 908 converti

1100 949 1359 999 naturam
1377 947 1428 999 et
1453 943 1810 998 substantiam
1837 943 1998 1012 panis
2029 943 2088 996 in
2115 949 2373 996 naturam
2402 945 2451 996 et
2479 941 2732 996 substan-

1099 1035 1236 1087 tiam
1262 1033 1482 1093 carnis;
1511 1031 1694 1086 carnis
1722 1046 1848 1085 vero
1876 1045 1987 1084 non
2017 1031 2209 1096 ullius,
2243 1031 2491 1096 alterius,
2536 1029 2631 1084 sed
2656 1029 2730 1083 il-

1099 1122 1207 1176 lius
1235 1137 1350 1190 qua:
1379 1125 1632 1189 concepta
1661 1127 1736 1172 est
1755 1117 1820 1174 de
1849 1118 2060 1187 Spiritu
2099 1127 2304 1183 sancto,
2353 1120 2487 1172 nata
2523 1133 2590 1171 ea:
2621 1116 2730 1171 Ma-

1097 1211 1183 1262 ria
1211 1210 1582 1279 virgine,qu
1610 1209 1775 1262 etiam
1802 1209 2022 1279 propter
2051 1223 2146 1262 nos
2177 1210 2226 1260 et
2252 1214 2474 1277 propter
2492 1209 2734 1261 nostram

1095 1297 1323 1350 salutem
1353 1297 1588 1365 ﬂagellis
1616 1309 1779 1358 caesa,
1815 1297 1862 1348 et
1894 1296 1952 1347 in
1985 1295 2140 1366 ligno
2171 1309 2450 1364 suspensa,
2475 1295 2652 1364 jacuit
2674 1295 2733 1347 in

1093 1385 1358 1455 sepulcro,
1391 1385 1553 1438 tertia
1579 1383 1670 1437 die
1695 1385 2000 1438 resurrexit
2029 1399 2063 1436 a
2089 1383 2340 1446 mortuis,
2381 1390 2432 1436 et
2473 1381 2617 1436 sedet
2663 1382 2733 1435 ad

1093 1473 1372 1526 dexteram
1407 1472 1504 1525 Dei
1551 1472 1754 1524 Patris.
1805 1469 2079 1523 Similiter
2125 1471 2336 1537 vinum,
2391 1468 2528 1538 quod
2573 1483 2733 1538 aqua?

1093 1563 1317 1614 mistum
1344 1560 1404 1612 in
1432 1558 1602 1613 calice
1628 1557 2080 1626 sanctiﬁcandum
2127 1559 2476 1628 proponitur,
2530 1573 2652 1611 vere
2681 1561 2733 1611 et

1096 1647 1455 1702 essentialiter
1481 1647 1722 1701 converti
1752 1647 1812 1700 in
1857 1661 1982 1700 eum
2009 1647 2333 1714 sanguinem
2361 1648 2455 1715 qui
2480 1661 2580 1716 per
2607 1645 2732 1699 lan—

1095 1751 1245 1789 ccam
1272 1735 1468 1789 militis
1495 1733 1560 1788 de
1584 1735 1802 1788 vulnere
1847 1734 2119 1788 Dominici
2163 1733 2351 1788 lateris
2409 1735 2468 1786 in
2516 1733 2730 1787 redem—

1095 1826 1334 1893 ptionem
1364 1821 1558 1876 mundi
1584 1821 1821 1892 feliciter
1848 1823 2142 1876 emanavit.
2192 1821 2732 1876 Anathematizamus

1096 1919 1276 1966 autem
1302 1912 1490 1966 contra
1519 1908 1660 1964 hanc
1686 1917 1929 1964 sanctam
1967 1913 2014 1962 et
2045 1910 2393 1979 apostolicam
2439 1909 2598 1977 ﬁdem
2641 1925 2730 1962 su-

1092 1999 1255 2070 perbe
1283 2003 1444 2068 atque
1485 1997 1738 2054 haeretice
1787 1997 2099 2064 sentientes,
2151 2002 2202 2052 et
2229 1999 2398 2068 impia
2425 1997 2730 2052 temeritate

1095 2089 1411 2156 garrientes.
1449 2087 1601 2141 Hanc
1633 2085 1765 2140 ﬁdei
1796 2085 2234 2156 prot'essionem,
2255 2102 2382 2156 quae
2405 2085 2463 2140 in
2484 2084 2728 2140 concilio

1098 2192 1248 2230 anno
1281 2175 1417 2230 1063
1446 2173 1644 2229 habito
1674 2173 1902 2228 decreta
1932 2172 2110 2228 fuisse
2139 2172 2595 2238 videtur,contra
2625 2177 2726 2226 Be-

1097 2263 1345 2334 rengarii
1369 2277 1592 2318 errores
1613 2261 1872 2316 ediderat
1897 2261 2223 2329 Maurilius,
2254 2277 2326 2316 ne
2357 2262 2490 2332 quis
2539 2277 2569 2316 e
2617 2259 2730 2316 sibi

1099 2349 1410 2405 commisso
1441 2364 1611 2420 grege
1633 2348 2011 2404 heresiarchte
2038 2347 2262 2419 laqueis
2293 2365 2418 2403 sese
2458 2348 2726 2402 irretiret.

1098 2436 1480 2509 Bercngarius
1502 2437 1716 2507 quippe
1729 2437 2118 2490 Nortmannos
2143 2453 2250 2490 sua
2271 2435 2473 2490 haeresi
2497 2436 2730 2492 inﬁcere

1101 2532 1340 2578 conatus
1374 2523 1578 2584 fuerat,
1611 2529 1676 2576 ut
1706 2540 1772 2577 ex
1822 2523 1914 2577 his
1963 2527 2118 2594 patet
2161 2539 2286 2593 quas
2336 2523 2406 2577 de
2447 2527 2728 2578 conventu

1104 2611 1392 2666 llrinncnsi
1425 2612 1576 2682 apud
1609 2611 1945 2666 Durandum
1990 2615 2408 2667 Troarncnsem
2443 2611 2731 2666 habentur

1101 2700 1153 2752 in
1188 2699 1312 2765 ejus
1343 2696 1491 2753 libro
1522 2698 1601 2753 De
1632 2714 1868 2769 corpore
1900 2704 1955 2753 et
1985 2699 2268 2769 sanguine
2299 2699 2550 2754 Domini.

1169 2790 1252 2848 12,
1289 2788 1580 2851 Quantum
1613 2803 1743 2841 vero
1776 2786 1948 2842 fuerit
1997 2787 2250 2842 Maurilii
2302 2787 2565 2842 studium
2592 2802 2731 2858 erga

1099 2892 1188 2929 res
1219 2873 1801 2946 divinas,intelligere
1818 2891 2132 2945 possumus
2161 2891 2228 2929 ex
2256 2875 2498 2930 Joannis
2529 2875 2731 2930 Abrin-

1097 2963 1286 3016 censis
1335 2961 1589 3033 episcopi
1638 2961 1882 3033 epistola
1940 2962 2087 3018 libro
2126 2967 2204 3018 De
2249 2962 2458 3017 divinis
2501 2961 2728 3027 ofﬁciis,

1098 3066 1274 3120 quem
1306 3049 1573 3104 Maurilio
1605 3051 1982 3120 nuncupavit,
2015 3050 2264 3120 praefixa.
2301 3051 2439 3104 Eam
2464 3049 2576 3104 huc
2593 3049 2732 3105 inte-

1097 3153 1266 3207 gram
1297 3137 1526 3198 damus,
1554 3141 1724 3207 prout
1753 3136 1926 3192 simul
1977 3153 2107 3192 cum
2157 3137 2282 3208 ipso
2329 3137 2476 3192 libro
2518 3153 2586 3192 ex
2617 3155 2730 3194 ms.

1097 3223 1290 3279 codice
1322 3223 1658 3279 monasterii
1697 3222 2014 3279 Saliconasi
2046 3224 2202 3278 edita
2248 3230 2336 3280 est
2363 3242 2395 3279 a
2432 3224 2728 3280 nonnullis

2837 684 3004 743 setur,
3032 683 3316 748 postquam
3363 675 3428 732 de
3454 674 3874 748 metropolitano
3919 673 4046 733 sede
4073 673 4324 732 stillare
4373 668 4550 727 uide-

2841 765 3034 830 bimus,
3067 781 3339 820 canonum
3367 767 3574 820 statuta
3611 769 3919 835 sequentes,
3959 763 4175 820 nostrae
4198 759 4550 834 propinare

2837 853 3196 908 studebimus.

2912 941 2996 996 13.
3050 941 3201 996 Loca
3247 939 3422 996 etiam
3468 955 3637 995 sacra
3684 937 3911 996 colebat
3955 937 4290 996 Maurilius
4327 953 4354 993 :
4387 952 4546 992 nam
4598 933 4608 944 ⁸

2839 1033 3046 1100 praeter
3073 1027 3380 1084 ecclesiam
3412 1026 4132 1100 metmpolitanam,quam
4165 1025 4248 1082 ab
4279 1041 4368 1084 eo
4397 1039 4548 1080 con-

2838 1120 3193 1170 summatam
3225 1120 3281 1171 et
3309 1113 3644 1171 solemniter
3672 1118 4074 1170 consecratam
4095 1101 4546 1184 dminus-8,110-

2837 1205 3040 1258 bertus
3071 1219 3264 1260 comes
3291 1202 3573 1260 Aucensis
3595 1203 3654 1258 in
3676 1202 3882 1258 charta
3901 1201 4286 1261 fundationis
4323 1200 4548 1258 sancti

2839 1291 3138 1348 Michaelis
3182 1293 3252 1348 de
3301 1289 3800 1364 Ulteriori-portu,
3851 1291 3962 1348 hoc
4001 1289 4480 1354 monasterium
4511 1307 4554 1346 a

2839 1397 2902 1436 se
2932 1381 3229 1436 conditum
3280 1379 3464 1435 fuisse
3501 1383 3752 1435 testatur
3799 1377 4064 1436 consiliis
4105 1378 4550 1452 potissimum

2841 1467 3090 1523 Maurilii
3106 1467 3526 1538 archiepiscopi
3547 1465 4236 1539 Rothomagensis.ldem
4253 1467 4553 1524 antistes

2839 1555 3052 1612 chartae
3085 1555 3319 1612 Roberti
3339 1553 3705 1611 Ebroicensis
3727 1551 3961 1610 comitis
3993 1555 4390 1627 subscripsit
4418 1571 4544 1630 pro

2839 1644 3193 1700 monasterio
3219 1643 3416 1700 Sancti
3433 1641 3746 1700 Salvatoris
3769 1642 4145 1701 Ebroicensis
4167 1643 4548 1700 sanctimo-

2839 1731 3080 1786 nialium
3113 1731 3336 1787 ordinis
3365 1731 3574 1798 nostri,
3623 1731 3778 1802 quod
3809 1731 3882 1788 ab
3913 1731 4122 1788 eodem
4152 1731 4402 1788 comite
4437 1748 4544 1789 se-

2838 1821 3008 1875 dente
3029 1819 3294 1875 Maurilio
3327 1819 3620 1875 conditum
3644 1819 4140 1878 est.Contendunt
4168 1819 4382 1878 etiam
4420 1837 4550 1877 no-

2837 1909 2942 1964 stri
2959 1909 3230 1964 Divenses
3245 1907 3581 1964 monasterii
3593 1907 3685 1962 sui
3698 1907 4270 1976 ecclesiam,sanotm
4281 1908 4553 1972 scilicet

2837 1997 3222 2068 Mariaesupra
3239 1995 3462 2062 Divam,
3487 1995 3560 2052 ab
3601 1995 3803 2076 eodem
3853 1995 4023 2052 beato
4057 1995 4296 2054 antiste
4331 1997 4551 2058 fuisse

2837 2089 3268 2140 consecratam:
3302 2083 3457 2156 quod
3513 2083 3756 2140 innuere
3783 2083 4016 2140 videtur
4041 2083 4400 2146 0rdericus
4433 2085 4545 2141 Vi-

2836 2173 2972 2228 talis
3002 2171 3148 2226 libro
3180 2171 3425 2226 1v.Idem
3454 2169 3666 2228 telonei
3707 2171 3862 2242 apud
3905 2170 4312 2242 Andaleium,
4359 2173 4546 2244 juris

2837 2261 2930 2315 sui
2970 2259 3319 2328 dominium,
3369 2258 3804 2315 immunitatem
3853 2260 4156 2320 concessit
4187 2262 4548 2320 monachis

2835 2348 3033 2404 Sancti
3065 2349 3212 2404 Petri
3243 2347 3717 2418 Carnotensibus,
3749 2351 3814 2402 ut
3843 2365 3913 2404 ex
3943 2349 4080 2420 ejus
4096 2348 4330 2407 charta
4359 2355 4550 2424 patet

2837 2437 2992 2507 apud
3024 2437 3155 2491 Sam
3166 2435 3506 2492 marthanos
3537 2435 3710 2492 edita.

2910 2525 2996 2580 ill.
3029 2525 3145 2580 Nec
3175 2524 3373 2579 minus
3403 2525 3645 2580 curabat
3675 2527 3739 2580 ut
3767 2524 3876 2580 viri
3905 2524 3989 2597 pii
4017 2528 4079 2580 at
4109 2525 4190 2586 ad
4225 2526 4548 2586 ministe-

2837 2614 2990 2668 rium
3021 2629 3252 2668 sacrum
3284 2613 3476 2668 idonei
3523 2611 3786 2669 ecclesiis
3831 2613 4318 2686 praeﬁcerentur.
4360 2616 4548 2674 Wal-

2839 2701 3097 2756 kelinum
3131 2717 3164 2755 a
3194 2699 3503 2755 Guillelmo
3550 2699 3874 2771 Anglorum
3923 2717 4059 2774 rege
4090 2702 4550 2764 Wintoniensi

2837 2789 2956 2844 sedi
2989 2790 3115 2859 ejus
3165 2803 3340 2858 opera
3383 2788 3720 2859 praefectum
3767 2788 3952 2844 fuisse
3977 2795 4303 2860 asserunt,
4341 2807 4547 2866 quem

2836 2877 3156 2932 antistitem
3181 2875 3325 2931 tanti
3342 2875 3449 2930 viri
3465 2877 3971 2934 commendatione
3992 2877 4159 2936 haud
4179 2878 4547 2954 indignum

2836 2965 3016 3034 fuisse
3041 2968 3290 3020 testatur
3321 2963 3652 3020 Willelmus
3687 2964 4251 3026 Malmesburiensis
4274 2967 4458 3027 libro
4475 2988 4547 3028 ιιι

2837 3051 2936 3108 ubi
2968 3053 3038 3108 de
3086 3068 3152 3107 eo
3209 3051 3328 3108 ait:
3397 3051 3746 3108 Wet/selinus.
3791 3093 3807 3108 .
3853 3093 3866 3108 .
3899 3053 4060 3128 cujus
4124 3054 4287 3112 bona
4353 3074 4548 3131 opera

2834 3143 3042 3212 famam
3091 3141 3387 3210 vincentia,
3439 3143 3752 3197 vetustatem
3807 3142 4103 3213 oblivioni,
4163 3159 4204 3199 α
4230 3160 4305 3201 se
4337 3150 4547 3222 repet-

2837 3228 3222 3300 tent,quandiu
3241 3227 3388 3284 sedes
3418 3229 3738 3300 episcopalis
3769 3229 4068 3288 Wintoniz
4097 3229 4386 3302 durabit,
4422 3239 4545 3292 etc.

1099 3311 1579 3384 Rothomagensis
1623 3311 1888 3367 Ecclesiae
1936 3313 2265 3368 canonicis:
2325 3314 2552 3368 Domino
2607 3329 2730 3368 uere
2759 3301 2802 3366 C
2841 3316 3258 3373 Theodericum:
3293 3332 3424 3372 vero
3465 3315 3796 3372 Uticensem
3831 3316 4134 3388 abbatem,
4171 3301 4379 3392 cujus
4412 3321 4547 3380 elo-

1094 3407 1275 3456 sancto
1327 3405 1381 3455 et
1434 3402 1648 3455 meritis
1704 3399 2016 3456 honorando
2075 3400 2348 3469 Mauritio,
2425 3402 2738 3456 venerabili

1093 3497 1292 3544 sanctae
1341 3489 1779 3560 Rothomagens‘s
1824 3490 2072 3545 Ecclesia:
2123 3490 2522 3561 archiepiscopo
2569 3491 2736 3546 Joan-

1092 3593 1186 3632 nes
1214 3575 1618 3632 Abrincacensis
1655 3579 1905 3632 omnium
1967 3579 2334 3648 episcoporum
2365 3579 2576 3634 meritis
2605 3579 2735 3649 inﬁ-

1092 3681 1232 3732 mus,
1271 3681 1492 3736 corpore
1541 3673 1590 3720 et
1643 3667 1847 3736 spiritu
1907 3667 2072 3720 totius
2125 3667 2454 3722 obedientize
2510 3683 2732 3720 munus.

1097 3754 1371 3831 Quoniam
1423 3762 1532 3810 tuae
1565 3755 1914 3825 paternitatis
1977 3757 2321 3808 sanctitatem
2367 3754 2434 3809 de
2488 3755 2737 3810 ecclesia-

1091 3845 1244 3897 sticae
1269 3840 1567 3907 dignitatis
1593 3843 1839 3913 profectu
1879 3857 2092 3911 semper
2135 3842 2449 3908 sollicitam,
2499 3843 2614 3912 ejus
2663 3842 2740 3896 la-

1089 3946 1196 4000 psu
1225 3931 1404 3984 nimio
1434 3945 1616 3984 errore
1647 3931 1816 4000 afﬁci,
1869 3931 2184 4000 siepissimis
2232 3931 2358 3985 inde
2400 3947 2612 3986 mecum
2639 3929 2738 3984 ha-

1094 4019 1224 4071 bitis
1282 4017 1677 4088 quwstionibus
1733 4019 2016 4089 comperi:
2080 4019 2281 4089 hocque
2342 4019 2577 4075 dolorem
2636 4019 2742 4082 tibi

1093 4107 1450 4171 augmentare
1477 4106 1592 4177 ejus
1632 4108 2034 4176 reparationem
2071 4107 2362 4176 ﬂagranti,
2414 4105 2554 4178 quod
2600 4108 2742 4161 vires

1093 4191 1164 4245 ad
1217 4191 1315 4246 hoc
1371 4195 1482 4248 tuae
1545 4193 1894 4248 subtraxerat
1953 4194 2299 4250 imbecillitas
2365 4194 2739 4265 aegritudinis.

1098 4281 1350 4334 Par-vitas
1403 4297 1525 4335 mea
1580 4285 1686 4336 tum
1741 4284 2104 4339 sanctissimae
2152 4285 2366 4354 optioni
2420 4283 2739 4353 suﬂ'ragari,

1102 4383 1212 4421 non
1243 4368 1431 4438 aliquo
1457 4369 1610 4439 fastu
1635 4385 1909 4434 succensa,
1938 4369 2028 4424 sed
2055 4371 2150 4441 pia
2177 4386 2367 4442 compa
2380 4372 2560 4425 ssione
2599 4385 2740 4424 com-

1099 4465 1244 4512 mota
1274 4457 1467 4528 apetiit
1491 4474 1504 4525 ;
1536 4467 1595 4513 ut
1623 4457 1760 4530 quod
1800 4459 2198 4529 negligentiam
2240 4463 2527 4530 pastorum
2555 4457 2744 4528 depra-

1092 4546 1252 4599 vatur
1279 4545 1519 4614 incuria,
1554 4549 1664 4603 tuae
1689 4550 1898 4603 sanctae
1929 4547 2208 4616 religionis
2261 4550 2550 4616 reparetur
2607 4547 2742 4615 vigi.

2841 3405 3003 3479 gium
3035 3403 3488 3476 supradedimus
3505 3404 3576 3458 ad
3595 3419 3816 3460 annum
3847 3405 3986 3460 1058
4021 3409 4410 3466 monasterii
4447 3429 4550 3468 rw

2841 3494 3036 3566 gimen
3067 3491 3357 3546 dimittere
3383 3489 3756 3562 cogitantem,
3791 3490 4147 3564 aliquandiu
4169 3494 4546 3570 impedivit.

2843 3582 2986 3637 Cum
3018 3579 3176 3635 enim
3207 3579 3340 3651 pius
3371 3577 3468 3634 ille
3496 3578 3677 3634 abbas
3705 3580 3778 3636 ob
3807 3579 4016 3638 turbas
4048 3581 4110 3638 in
4133 3590 4544 3645 monasterio

2844 3682 2945 3726 suo
2967 3671 3194 3724 exortae
3220 3665 3498 3722 baculum
3519 3667 3872 3738 pastoralem
3889 3669 4204 3728 Willelmo
4231 3673 4398 3733 duci
4413 3677 4546 3734 red-

2842 3756 3230 3822 didisset,dux
3249 3770 3488 3812 causam
3513 3754 3773 3812 scandali
3795 3755 4068 3814 Maurilio
4091 3757 4542 3834 indagandum

2845 3843 3158 3900 commisit.
3191 3845 3380 3908 Quare
3411 3859 3563 3898 anno
3613 3841 3774 3912 4056,
3823 3847 3890 3900 ut
3934 3851 4144 3902 narrat
4185 3847 4544 3912 0rdericus

2843 3932 2946 3989 lib.
3007 3949 3091 3997 ιιι,
3140 3929 3463 3998 Maurilius,
3513 3930 3678 4004 Hugo
3729 3932 4104 3990 Lsxoviensis
4162 3938 4546 4014 episcopus,

2845 4020 3154 4076 Ansl‘rinus
3201 4017 3574 4075 Pratellensis
3602 4019 3784 4075 abbas
3831 4023 3890 4078 et
3930 4021 4327 4085 Lanfrancus
4361 4032 4544 4088 Becci

2847 4109 3024 4181 prior,
3057 4106 3272 4179 aliique
3301 4106 3409 4162 viri
3439 4105 3697 4163 illustres
3725 4107 3959 4166 Uticum
4003 4126 4391 4187 convenere,
4426 4118 4543 4175 ibi-

2848 4215 2960 4269 que
2991 4195 3386 4268 apostolorum
3417 4195 3567 4251 Petri
3589 4199 3646 4252 et
3662 4194 3824 4254 Pauli
3843 4195 4240 4258 solemnitate
4261 4212 4550 4277 peracta,

2847 4285 3052 4340 auditis
3111 4287 3164 4338 et
3217 4284 3411 4338 solerte
3455 4282 3710 4340 discussis
3765 4285 4182 4346 dissensionum
4223 4294 4549 4366 famam},

2854 4371 3234 4428 Theodoricum
3280 4371 3524 4426 abbatem
3566 4386 3800 4443 praeesse
3841 4378 4159 4446 Jusserunt,
4209 4383 4415 4453 atque
4441 4385 4548 4442 ιζο-

2851 4459 3203 4516 bertumloci
3224 4458 3498 4530 priorem,
3547 4459 3649 4531 qui
3693 4461 3988 4522 tumultus
4043 4463 4106 4519 in
4141 4474 4551 4531 monasterio

2850 4547 3155 4614 excitabat,
3188 4554 3248 4602 ut
3267 4547 3424 4602 Patri
3451 4561 3548 4602 suo
3594 4547 3991 4621 obtemperaret
4037 4555 4282 4624 copiosa
4313 4575 4553 4618 sermo-

1095 4633 1294 4687 lantia.
1325 4634 1464 4688 Hinc
1490 4641 1584 4688 tua
1611 4635 1932 4722 auctoritate
1957 4636 2154 4705 fretus,
2187 4636 2482 4689 sententias
2511 4637 2735 4688 sancto-
2769 4654 2816 4718 D
2846 4637 3125 4692 cinatione
3154 4634 3691 4692 admonuerunt.Sed
3725 4637 3825 4692 diu
3857 4655 3974 4695 non
3997 4641 4176 4697 stetit
4228 4643 4358 4704 illa.
4387 4666 4550 4722 pax;

1095 4737 1216 4776 rum
1249 4723 1478 4776 Patrum
1527 4737 1832 4792 aggressus,
1881 4721 2328 4794 diuersorumque
2367 4723 2738 4777 Ecclesiarum

1095 4825 1270 4863 mores
1310 4813 1362 4864 et
1402 4808 1814 4864 consuetudines
1873 4819 2242 4881 prospectans,
2287 4819 2338 4865 et
2391 4826 2455 4866 ea
2501 4826 2620 4882 qum
2662 4809 2732 4864 ad

1096 4896 1275 4950 divini
1299 4896 1478 4950 cultus
1506 4897 1690 4966 ofﬁcia
1707 4897 2003 4967 pertinent,
2033 4898 2276 4969 quodque
2319 4900 2378 4952 in
2425 4914 2481 4953 se
2509 4899 2732 4970 mystice

1097 4985 1395 5050 continent,
1425 4981 1791 5038 nihilominus
1836 4985 2204 5050 considerans,
2232 4985 2528 5056 quamdam
2575 4986 2734 5054 quasi

1097 5069 1485 5141 coniectionem
1506 5085 1576 5124 ea:
1604 5086 1668 5125 ea
1695 5070 2010 5128 diversitate
2041 5074 2320 5144 composui
2339 5089 2357 5124 :
2407 5089 2572 5145 quam
2617 5089 2733 5129 om-

1099 5158 1260 5212 nibus
1315 5157 1492 5212 adhuc
1545 5160 1810 5214 occultam
1863 5169 1976 5218 tua:
2045 5162 2360 5231 sagacitatis
2407 5165 2734 5231 repraesento

1099 5246 1368 5315 examini,
1411 5253 1472 5301 ut
1517 5257 1815 5320 susceptum
1852 5248 2169 5320 opusculum
2229 5249 2511 5318 inspicias,
2566 5252 2615 5303 et
2648 5251 2736 5303 in-

1097 5333 1375 5408 spiciendo
1405 5349 1545 5402 eam,
1577 5353 1787 5408 precor,
1827 5337 2172 5408 diligentiam
2202 5335 2481 5401 adhibeas,
2530 5353 2637 5408 qua
2685 5341 2738 5392 te

1100 5424 1256 5478 nobis
1285 5439 1408 5477 eum
1435 5439 1548 5478 esse
1575 5424 1864 5494 signiﬁces,
1896 5440 2055 5497 quem
2080 5425 2139 5478 in
2183 5424 2510 5494 pater-nitate
2532 5441 2595 5479 ac
2622 5441 2738 5480 ma-

1103 5510 1320 5580 gisterio
1347 5517 1432 5562 sat
1472 5510 1719 5566 decenter
1761 5510 2000 5566 exhibes.
2057 5513 2163 5566 Tua
2207 5512 2408 5582 quippe
2454 5514 2640 5581 refert,
2681 5517 2741 5568 ut

1105 5597 1160 5650 si
1186 5595 1374 5666 aliqua
1401 5597 1510 5652 sint
1551 5613 1678 5670 quae
1727 5599 1942 5654 valeant
1983 5606 2210 5670 paterno
2243 5599 2438 5669 aﬂectu
2481 5601 2616 5656 velis
2645 5618 2744 5656 an-

1109 5695 1314 5754 nuerc;
1345 5682 1395 5742 si
1421 5697 1542 5744 vero
1572 5687 1811 5757 scentra,
1857 5685 2140 5764 vigilantis
2180 5687 2484 5762 magisterii
2512 5703 2744 5749 censura

2844 4723 2940 4779 vix
2967 4722 3122 4779 enim
3151 4739 3306 4778 unus
3325 4739 3516 4778 annus
3562 4723 3802 4796 abierat,
3833 4743 3970 4782 cum
3999 4727 4238 4788 iterum
4272 4749 4554 4796 emerse-

2841 4818 2976 4868 runt
3007 4827 3154 4866 nova
3181 4809 3445 4866 dissidia.
3477 4813 3665 4875 Quare
3693 4811 4114 4884 Theodericus,
4166 4836 4326 4880 vere
4373 4827 4554 4900 pacis

2838 4899 3170 4967 ﬁlius,onus
3184 4899 3482 4970 regiminis
3493 4916 3688 4956 coram
3700 4909 3903 4959 mustis
3921 4899 4558 4988 Prmsulibusﬁnquit

2839 4989 3116 5044 laudatus
3145 4991 3363 5054 auctor,
3421 4985 3568 5044 libro
3624 5005 3703 5057 vr,
3760 4991 4018 5050 Mauritio
4048 4985 4554 5074 Rothomageim',

2839 5081 2891 5130 et
2918 5077 3136 5146 Hugone
3164 5075 3480 5130 Lexoviensi
3499 5075 3770 5147 deposuit.

2915 5164 3000 5218 15.
3037 5161 3300 5219 Maurilio
3327 5179 3501 5220 suum
3535 5163 3710 5220 etiam
3740 5165 3914 5222 debet
3943 5167 4342 5236 Anselmum
4399 5179 4556 5236 ordo

2846 5248 3202 5306 monasticus
3230 5266 3244 5306 :
3269 5250 3486 5322 quippe
3514 5267 3647 5306 cum
3679 5251 3775 5308 ille
3806 5253 4006 5312 animo
4068 5255 4434 5322 ﬂuctuaret
4479 5266 4556 5323 de

2844 5338 3073 5395 vivendi
3107 5338 3292 5394 forma
3320 5354 3496 5410 quam
3537 5345 3903 5411 sequeretur,
3922 5341 4372 5410 Lanfrancnm
4403 5357 4554 5412 tunc

2846 5426 3122 5498 temporis
3151 5425 3314 5482 Becci
3335 5425 3587 5498 priorem
3629 5427 3929 5486 consuluit
3976 5432 4129 5504 quid
4169 5446 4364 5498 esset
4393 5443 4554 5502 facta

2849 5531 3016 5586 opus.
3051 5516 3418 5586 Lan/‘rancus,
3451 5514 3642 5586 inquit
3664 5516 4187 5580 Eadmerusinitio
4211 5525 4399 5588 libro
4431 5551 4450 5588 ι
4471 5531 4553 5590 De

2849 5601 3105 5658 Anselmi
3133 5601 3285 5692 Vita,
3317 5603 3856 5692 diﬂertsententiam
3877 5608 4049 5678 ferre,
4084 5613 4437 5692 suadetque
4463 5636 4556 5678 ne.

2851 5692 3060 5768 qotium
3107 5691 3178 5750 ad
3226 5689 3552 5751 venerabilis
3598 5691 3847 5753 Maurilii
3895 5689 4403 5780 Romam}.
4430 5711 4551 5792 φετ
4628 5731 4630 5754 ς
