4630 6358
537 341 698 403 1385

2140 345 2357 407 νιΤΑ.

3796 351 3955 413 1386

534 477 697 545 scopi
730 474 1071 529 audientiam
1128 492 1301 544 magis
1346 484 1565 545 referre.
1624 478 1952 547 Aequicscit
1998 478 2199 533 Auscl-
2228 485 2280 548 Α
2311 484 2539 551 Augusti
2569 486 2646 539 ad
2678 484 2867 537 Deum.
2902 484 2991 535 cui
3031 481 3127 535 diu
3148 484 3429 546 servierat,
3446 484 3721 552 migravit.
3746 484 3949 556 Corpus

536 563 885 631 mus,simul
913 563 1341 633 Rothomagum
1380 570 1647 635 pergunt,
1663 566 2195 638 archiepiscopum-

538 668 659 724 quc
686 654 901 707 adeunt
927 653 1046 717 ;cui
1074 654 1535 707 cumAnsclmus
1558 656 1735 708 animi
1759 656 1845 708 sui
1870 657 2195 711 anxietates

536 743 947 813 exposuisset:
983 743 1087 796 Nec
1143 760 1316 807 mora,
1379 743 1569 812 inquit
1629 743 1964 811 Eadmcrus,
2006 762 2196 800 mana-

534 831 731 886 chicus
760 830 889 885 ordo
918 845 1038 901 pra:
1092 833 1304 886 ca'teris
1363 830 1639 896 laudatur,
1699 833 1918 903 ejusque
1952 836 2196 904 proposi-

537 928 658 975 tum
688 921 943 975 omnibus
972 921 1102 973 aliis
1136 923 1462 987 antefertur.
1498 922 1656 974 Ansel
1666 938 1783 974 mus
1814 922 1934 977 lucc
1963 924 2195 977 audiens

535 1013 593 1065 et
623 1010 950 1080 approbans,
981 1012 1190 1062 omissis
1221 1010 1370 1071 aliis,
1402 1010 1598 1063 saeculo
1651 1011 1856 1075 relicto,
1892 1013 2046 1066 Becci
2087 1028 2197 1066 mo-

538 1099 749 1153 nachus
778 1100 956 1167 factus
981 1102 1057 1153 est
1089 1116 1234 1152 anno
1263 1100 1445 1152 .Ttatis
1476 1113 1596 1153 sua?
1645 1102 1900 1167 vigesimo
1948 1104 2193 1171 septimo.

537 1187 828 1243 Eumdem
858 1194 1079 1257 postea,
1112 1190 1361 1258 priorem
1398 1190 1735 1241 monasterii
1760 1188 2008 1243 electum
2052 1206 2085 1243 a
2114 1190 2196 1243 di-

540 1276 831 1332 mittenda
862 1278 1108 1331 fratrum
1168 1293 1411 1330 suorum
1466 1293 1606 1331 cura
1658 1278 1885 1344 avertit,
1929 1283 1991 1332 ut
2039 1279 2191 1333 idem

539 1366 866 1421 Eadmcrus
898 1370 1112 1420 narrat.
1141 1366 1388 1419 Sedcum
1435 1365 1649 1435 inquit,
1670 1365 2011 1422 Anselmum
2052 1370 2195 1423 inter

542 1454 663 1510 haec
686 1455 905 1510 diversa
936 1457 1275 1509 diversorum
1328 1458 1541 1521 negotia
1595 1457 1915 1524 fatigarent,
1966 1460 2015 1511 et
2064 1474 2188 1510 non-

540 1560 829 1614 nunquam
853 1544 1008 1597 illius
1030 1549 1259 1597 mentem
1282 1561 1311 1596 a
1334 1560 1435 1597 sua
1468 1548 1646 1613 quiete
1681 1547 1985 1615 turbarent,
2011 1548 2192 1600 consi-

540 1633 685 1687 lium
713 1648 873 1703 super
903 1632 988 1686 his
1015 1650 1045 1686 a
1077 1636 1388 1703 supradicto
1420 1638 1750 1692 venerandi:
1790 1638 2074 1691 memoria:
2102 1652 2193 1690 ai-

536 1721 879 1793 chiepiscopo
911 1722 1349 1793 ltothomuycnsis
1378 1728 1637 1781 Ecclesia?
1693 1725 1957 1781 Mam-ilio
2008 1730 2190 1793 postu-

541 1811 763 1865 laturus
814 1810 1201 1880 liothomagum
1257 1817 1418 1869 venit.
1483 1818 1723 1884 Cumun
1786 1814 1874 1865 sui
1927 1814 2189 1868 adventus

536 1914 765 1956 causam
786 1902 1031 1969 pontifici
1060 1912 1371 1969 exponeret,
1405 1921 1467 1957 ac
1499 1905 1644 1958 inter
1701 1903 1859 1955 verba
1906 1918 2006 1971 pro
2035 1905 2196 1956 amis-

535 2006 602 2044 sa
630 1992 717 2043 sui
740 1994 914 2043 status
944 1991 1350 2058 tranquillitate
1409 1994 1876 2045 vehcmentissime
1918 1994 2094 2059 ﬁeret,
2127 1991 2195 2044 ab

536 2094 705 2134 onere
726 2079 1092 2149 prrelatiouis,
1129 2082 1271 2149 quod
1337 2083 1447 2134 sibi
1502 2081 1780 2149 fatebatur
1828 2080 2193 2149 importabile,

538 2171 599 2221 ut
634 2167 865 2221 relcvari
920 2172 1221 2221 mereretur
1278 2186 1603 2239 magrwpere
1658 2172 1816 2237 ca'pit
1870 2184 2081 2235 rogare.
2132 2168 2194 2223 At

540 2256 663 2319 ille,
692 2258 857 2309 sicuti
889 2258 974 2308 vir
1020 2272 1239 2322 magum
1294 2262 1628 2311 sanctitatis:
1684 2258 1825 2322 Noli,
1874 2259 2075 2324 inquit,
2108 2257 2195 2324 ﬁli

537 2346 624 2399 mi
654 2344 1149 2415 charissimc,quml
1179 2350 1378 2415 qiueris
1434 2362 1700 2417 querere,
1761 2362 1857 2400 nec
1910 2350 1965 2399 te
2012 2363 2043 2399 a
2071 2346 2192 2399 sub-

538 2437 783 2489 uectione
807 2433 1050 2489 aliorum
1084 2436 1167 2488 tui
1190 2436 1361 2489 solius
1389 2452 1579 2491 cuiam
1611 2452 1800 2501 gerens
1848 2436 1977 2489 velis
2007 2440 2191 2489 retra-

535 2524 690 2579 here.
729 2524 855 2578 Vere
878 2528 1076 2577 etenim
1134 2524 1253 2579 dico
1301 2525 1401 2578 tibi
1454 2541 1539 2579 me
1592 2525 1655 2578 de
1710 2525 1897 2577 multis
1945 2524 2188 2591 audisse,

536 2613 844 2683 multosque
874 2614 1072 2666 vidisse
1102 2616 1215 2681 qui,
1248 2618 1535 2682 quoniam,
1591 2631 1759 2667 causa
1818 2628 1936 2668 sure
1965 2616 2187 2682 quietis,

532 2705 919 2774 proximorum
952 2703 1183 2756 utilitati
1222 2719 1320 2772 per
1363 2704 1687 2772 pastoralem
1744 2720 1935 2756 curam
1985 2704 2185 2770 invigi-

535 2792 662 2847 lare
690 2792 1002 2857 noluerunt,
1032 2807 1131 2861 per
1169 2792 1440 2845 desidiam
1491 2793 1834 2847 ambulantes
1875 2807 2085 2861 semper
2121 2792 2189 2845 de

535 2882 686 2935 malo
716 2883 773 2934 in
802 2883 955 2951 pejus
985 2881 1356 2952 pro/icerant.
1395 2882 1754 2951 Quapmpter,
1788 2898 1854 2935 ne
1894 2881 2015 2943 tibi,
2048 2880 2185 2951 quod

534 2970 681 3025 absit
695 2977 713 3024 .’
744 2971 840 3023 hoc
870 2971 1013 3023 idem
1042 2973 1341 3035 contingat,
1380 2988 1478 3040 per
1529 2979 1772 3025 sanctam
1823 2970 2185 3023 obedientiam

532 3062 798 3130 pracipio
844 3064 1110 3128 quatenus
1161 3061 1539 3129 pra'lationem
1591 3078 1759 3129 quam
1824 3076 1968 3113 nunc
2024 3060 2186 3114 habes

537 3152 798 3216 retineas,
820 3164 922 3202 nec
948 3165 1089 3211 eam,
1123 3151 1234 3201 nisi
1260 3152 1351 3203 tuo
1374 3150 1604 3217 jubente
1645 3150 1861 3215 abbate,
1892 3148 2186 3216 quomodo-

538 3237 671 3292 libet
699 3237 921 3291 deseras
942 3254 961 3295 ;
992 3240 1038 3289 et
1070 3240 1117 3290 si
1145 3237 1361 3308 quando
1386 3240 1557 3306 fueris
1600 3237 1670 3291 ad
1730 3240 1989 3301 majorem
2029 3254 2185 3291 voca-

536 3333 648 3391 tus,
697 3341 815 3380 eam
871 3330 1146 3395 suscipere
1202 3328 1520 3379 nullatenus
1571 3327 1801 3380 abnuas.
1860 3328 1980 3379 Scio
2037 3328 2185 3380 enim

534 3414 679 3486 quod
702 3416 759 3469 in
779 3420 880 3471 hac
899 3432 1059 3484 quam
1087 3420 1233 3469 tenes
1278 3433 1387 3469 non
1437 3417 1535 3469 diu
1588 3415 1848 3480 manebis,
1883 3431 2069 3468 verum
2115 3415 2184 3469 ad

536 3504 801 3558 altiorum
830 3504 1178 3573 pI'.'L'lali'onis
1204 3504 1436 3573 gradum
1470 3522 1572 3557 non
1604 3510 1719 3575 post
1747 3505 1977 3557 multum
1997 3520 2184 3573 prove-

534 3593 705 3648 heris.
740 3593 954 3662 Quibus
981 3592 1187 3645 auditis
1221 3609 1233 3645 :
1271 3594 1378 3657 Vm,
1412 3595 1609 3663 inquit,
1668 3596 1865 3647 misero
1912 3595 2083 3646 mihi!
2122 3594 2183 3647 In

535 3696 599 3736 eo
627 3679 767 3753 quod
795 3684 949 3751 porto
979 3679 1167 3748 deficio
1188 3697 1207 3741 ,°
1227 3686 1277 3735 et
1324 3684 1372 3735 si
1402 3684 1625 3751 gravius
1674 3684 1974 3751 imponitur
2019 3698 2183 3737 onus-

538 3771 765 3837 rejicere
794 3785 903 3823 non
946 3769 1142 3823 audeo.
1207 3772 1408 3838 Repetit
1452 3771 1665 3840 pra'sul
1719 3771 1976 3836 edictum,
2016 3779 2084 3837 et,
2127 3779 2186 3826 ut

536 3860 738 3929 primo,
754 3857 907 3928 jubet
933 3873 1003 3913 ne
1030 3858 1483 3927 transgrediaiur.

620 3948 703 4001 l6.
726 3946 947 4002 Meritis
982 3947 1177 4017 itaque
1200 3947 1409 4019 plenus
1433 3952 1489 4002 ct
1510 3948 1681 4003 annis
1702 3948 1949 4003 antistes
1972 3947 2186 4003 Mauri-

540 4034 661 4090 liur
687 4049 719 4089 θ
745 4034 892 4091 vivis
920 4036 1168 4091 excessit
1192 4053 1343 4090 anno
1366 4036 1523 4091 4067.
1551 4037 1676 4099 Qua
1724 4037 1782 4090 in
1836 4052 1897 4090 re
1940 4053 2187 4091 consen-

532 4123 693 4178 tiunt
722 4140 927 4179 omnes
955 4129 1178 4179 veteres
1211 4124 1385 4179 simul
1418 4130 1475 4180 ot
1509 4126 1858 4181 recentiores
1902 4125 2187 4193 historici,

531 4217 742 4286 praeter
799 4213 1041 4268 unicum
1103 4214 1582 4271 Fiscamncnsem
1650 4214 2186 4287 chronographum,

530 4307 694 4357 tomo
717 4300 737 4356 Ι
762 4301 1131 4357 Bibliotheca:
1166 4320 1323 4359 nova:
1360 4303 1595 4369 Labbei,
1628 4304 1684 4357 in
1736 4320 1851 4375 quo
1899 4304 2050 4359 beati
2082 4303 2189 4359 viri

530 4389 731 4445 obitus
762 4406 914 4445 anno
947 4392 1219 4461 sequenti
1272 4392 1551 4446 mendose
1609 4392 2007 4463 consignatur.
2043 4393 2189 4448 Eum

529 4493 681 4533 anno
712 4478 871 4545 4067,
905 4495 939 4535 v
998 4480 1121 4533 ldus
1174 4482 1404 4547 Augusti
1460 4497 1583 4534 cum
1640 4496 1737 4535 suo
1784 4498 1907 4550 rege
1973 4482 2187 4537 Christo

2310 586 2431 625 vero
2459 577 2574 639 ejus
2606 577 2659 627 in
2690 572 2985 641 episcopali
3015 573 3263 635 ecclesia,
3292 588 3455 641 quam
3484 574 3594 641 ipse
3630 580 3753 626 ante
3776 589 3941 630 annos

2305 664 2539 730 quinque
2566 664 2870 716 indictione
2898 677 2911 713 1
2939 669 3143 716 sancta:
3172 662 3272 715 Dei
3299 662 3561 729 genitrici
3583 662 3767 716 Maria
3796 663 3955 717 dedi-

2303 756 2534 818 caverat,
2570 753 2817 808 delatura
2864 758 2966 815 cst,
2997 758 3048 803 et
3097 754 3225 804 ante
3276 752 3609 819 cruci/trum
3667 751 3959 820 honoriﬁce

2305 840 2637 894 inmutatum
2668 845 2768 894 est.
2805 838 3169 909 Epitaphium
3228 842 3411 893 autem
3443 841 3559 909 ejus
3611 858 3644 895 a
3694 841 3957 897 Richardo

2303 925 2558 981 llerluini
2588 930 2701 996 filio
2730 928 2973 998 ejusdem
3019 928 3253 981 ecclesia:
3310 930 3574 983 canonico
3620 929 3831 985 editum
3858 934 3955 999 est,

2306 1017 2383 1069 ets
2414 1032 2543 1085 uper
2577 1020 2755 1088 ipsum
2784 1018 2843 1071 in
2872 1016 3031 1087 capri
3060 1013 3281 1070 laminis
3315 1033 3385 1071 ea:
3414 1033 3556 1072 auro
3584 1018 3664 1073 sic
3691 1020 3958 1091 scriptum

2303 1109 2381 1158 est
2400 1122 2413 1159 :

2518 1195 2756 1248 Humani
2784 1197 2944 1257 cives,
2981 1192 3287 1263 lacrymam
3315 1196 3483 1250 nolite
3513 1212 3709 1265 negare

2595 1284 2771 1337 Vestro
2799 1282 3070 1353 pontifici,
3094 1282 3347 1337 Maurilio
3379 1286 3659 1339 monacho.

2516 1374 2669 1425 [tunc
2708 1374 2884 1426 Remis
2912 1374 3116 1439 genuit,
3147 1372 3455 1427 studiorum
3484 1374 3647 1443 Legia
3668 1376 3859 1430 nutrix

2590 1463 2807 1515 Potavit
2836 1462 3024 1529 trifido
3053 1465 3198 1529 fonte
3225 1460 3614 1532 philosophica.

2539 1550 2693 1604 l’obis
2725 1552 2866 1603 hanc
2893 1551 3065 1606 autem
3090 1558 3313 1620 carptum
3335 1550 3591 1619 perduxit
3608 1552 3677 1607 ad
3698 1569 3949 1624 unguem,

2593 1640 2815 1694 La’titz'a
2854 1656 3053 1709 magna
3080 1638 3213 1710 fecit
3239 1642 3291 1693 et
3318 1656 3500 1694 encaan
3512 1642 3582 1695 ia.

2516 1730 2650 1781 Cum
2680 1730 2801 1794 tibi,
2827 1730 3111 1791 Laurenti,
3137 1729 3333 1797 vigilat
3344 1728 3499 1799 plebs
3526 1731 3711 1785 sobria
3735 1730 3955 1799 Christi,

2592 1819 2830 1881 Transit,
2864 1822 2913 1871 et
2945 1819 3000 1869 in
3032 1816 3179 1870 cirlis
3211 1817 3404 1871 laurea
3431 1820 3572 1887 festa
3602 1820 3749 1873 colit.

2378 1902 2463 1957 l7.
2500 1904 2830 1959 Monasticaa
2889 1905 3016 1958 vita:
3076 1905 3348 1959 exercitia
3406 1906 3743 1962 Maurilium
3775 1907 3952 1965 etiam

2304 1991 2806 2065 archiepiscopum
2839 1994 2995 2048 haud
3030 1993 3325 2048 dimisisse
3385 1999 3593 2065 praeter
3623 1994 3740 2052 alia
3770 2013 3948 2069 argu-

2304 2086 2501 2136 menta
2532 2098 2599 2137 ex
2631 2100 2697 2138 eo
2730 2083 2959 2155 probari
2988 2087 3177 2154 potest
3199 2082 3353 2153 quod
3374 2082 3464 2137 vix
3496 2101 3799 2155 nunquam
3819 2087 3947 2157 ejus

2302 2186 2510 2225 nomen
2546 2172 2698 2241 apud
2730 2188 2950 2226 coaavos
2978 2176 3242 2226 auctores
3282 2172 3500 2242 absque
3559 2173 3948 2230 monachatus

2302 2260 2595 2314 mentione
2627 2260 2875 2331 legatur.
2912 2260 3027 2314 Hoc
3061 2265 3219 2330 patet
3247 2276 3314 2314 ex
3336 2264 3465 2329 ejus
3486 2261 3892 2333 epitaphiohic
3914 2280 3949 2319 a

2301 2348 2469 2402 nobis
2492 2349 2694 2416 relato,
2711 2351 2863 2404 sicut
2883 2354 2941 2403 et
2969 2366 3037 2404 ex
3059 2349 3190 2404 aliis
3212 2348 3511 2404 Guillelmi
3532 2352 3948 2407 Gemeticensis

2300 2440 2355 2489 et
2386 2436 2643 2491 Ordcrici
2675 2437 2884 2491 Vitalis
2914 2437 3390 2508 quamplurimus
3421 2439 3797 2507 testimoniis,
3822 2456 3948 2510 qua:

2300 2525 2521 2595 passim
2548 2526 2603 2579 in
2628 2526 2735 2581 hoc
2756 2526 2940 2596 elogio
2959 2526 3333 2597 protulimus.
3358 2526 3424 2581 In
3448 2527 3732 2583 Chronico
3778 2529 3953 2584 Cado-

2301 2615 2489 2669 mensi
2520 2614 2769 2686 legitur:
2805 2633 2957 2670 anno
2996 2617 3128 2669 1067
3158 2616 3269 2670 obit
3317 2616 3609 2671 Maurilius
3664 2616 3947 2674 Itotlioma-

2295 2706 2474 2773 gcnsis
2500 2704 2884 2774 archiprwsul,
2914 2704 3216 2760 monachus
3258 2706 3678 2760 Fiscamneasis.
3731 2704 3944 2761 Eadem

2295 2792 2469 2847 verba
2506 2791 2680 2847 habet
2707 2793 3054 2847 Chronicum
3088 2792 3554 2865 Rothomagonse
3600 2794 3753 2866 apud
3788 2794 3940 2850 Lab-

2295 2880 2491 2946 beum,
2526 2883 2743 2936 tomoI
2801 2882 2965 2936 Novae
3025 2881 3409 2936 bibliothecas.
3463 2883 3534 2936 Et
3590 2881 3938 2939 Guillelmus

2296 2969 2673 3040 Conquastor
2706 2972 2873 3025 morti
2908 2971 3231 3042 proximus,
3260 2975 3324 3025 ut
3344 2972 3471 3041 jam
3503 2988 3686 3042 supra
3731 2988 3799 3027 ex
3838 2972 3942 3028 Or-

2295 3059 2485 3114 derico
2516 3060 2972 3125 observavimus,
3007 3061 3335 3115 Maurilium
3366 3062 3729 3115 venerabilem
3768 3076 3945 3117 cano-

2297 3149 2465 3202 bitam
2488 3148 2755 3203 Ecclesiic
2791 3148 3244 3220 Rothomagensi
3278 3148 3781 3221 archiepiscopum
3813 3165 3945 3221 pro-

2217 3221 2259 3287 C
2298 3253 2537 3291 curasse
2568 3237 2677 3291 sibi
2708 3238 3060 3308 gratulatur.

2364 3326 2452 3380 l8.
2485 3326 2588 3380 llic
2636 3343 2809 3396 porro
2860 3342 2980 3380 rem
3043 3327 3251 3380 miram
3311 3327 3577 3381 omittere
3624 3342 3739 3379 non
3778 3323 3934 3395 licet,

2293 3430 2493 3485 quam,
2514 3414 2793 3468 referente
2826 3413 3118 3468 Willclmo
3151 3413 3681 3480 Malmcsburiensi,
3703 3412 3936 3469 lihrom

2294 3502 2372 3558 De
2394 3502 2573 3573 gestis
2596 3518 2799 3573 regum
2817 3501 3054 3572 Anglize,
3075 3500 3247 3573 paulo
3270 3505 3402 3556 ante
3425 3500 3677 3556 Maurilii
3710 3502 3937 3557 obitum

2292 3590 2604 3662 contigisse
2634 3591 2942 3645 discimus.
2976 3592 3161 3655 Quam
3218 3590 3392 3645 etiam
3451 3606 3521 3645 ex
3580 3590 3775 3646 codice
3822 3607 3938 3648 ms.

2294 3680 2479 3735 sancti
2510 3679 2760 3734 Victoris
2792 3678 3133 3734 Parisionsis
3165 3683 3363 3734 noster
3410 3679 3577 3751 Hugo
3629 3680 3943 3737 Menardus

2295 3768 2351 3822 in
2384 3768 2715 3839 Appendice
2746 3768 2814 3822 ad
2865 3768 3298 3823 observationes
3353 3766 3411 3821 in
3460 3767 3943 3840 Martyrologium

2296 3856 2737 3912 Benedictinum
2769 3856 3099 3928 descripsit,
3123 3860 3178 3911 et
3209 3854 3543 3910 Pomeraius
3582 3856 3642 3910 in
3680 3856 3942 3913 Historia

2296 3944 2865 4017 archiepiscoporum
2893 3943 3448 4014 Rothomagcnsium
3498 3961 3566 3999 ex
3613 3942 3793 3999 altero
3824 3960 3938 3999 ms.

2296 4034 2515 4099 codice,
2547 4032 2767 4088 scilicet
2798 4048 2866 4087 ex
2894 4032 3244 4087 bibliotheca
3274 4031 3624 4087 cathedralis
3674 4030 3943 4088 Ecclesia

2298 4122 2803 4193 Rothomagensis,
2834 4121 3041 4193 gallico
3100 4121 3374 4176 idiomate
3414 4122 3636 4189 edidit;
3672 4121 3773 4176 scd
3814 4136 3945 4177 eam

2300 4211 2596 4277 Willelmi,
2645 4214 2845 4281 utpote
2932 4210 3187 4266 auctoris
3273 4210 3689 4282 antiquissimi,
3755 4209 3949 4266 verbis

2298 4301 2625 4357 referimus.
2680 4299 2774 4355 Sic
2850 4299 3048 4370 itaque
3124 4300 3338 4355 habet:
3388 4300 3643 4370 Malgerio
3697 4300 3949 4355 successit

2298 4391 2589 4446 Maurilius
2615 4390 3015 4443 Fiscamnensis
3044 4388 3363 4455 monachus,
3396 4391 3586 4445 multis
3634 4388 3946 4456 virtutibus,

2299 4480 2389 4536 sed
2418 4481 2657 4533 maxime
2715 4479 3047 4533 abstinentia
3097 4477 3371 4531 laudalus.
3432 4479 3481 4531 Is
3534 4481 3653 4548 post
3710 4477 3842 4531 bene
3898 4479 3949 4533 et

534 4569 654 4635 iam
684 4569 957 4620 victurum
986 4568 1219 4621 liberum
1249 4572 1295 4623 et
1326 4571 1652 4638 gaudentem
1671 4570 1959 4624 decessisse
1992 4570 2195 4625 scribit
2222 4587 2269 4652 Β
2298 4572 2483 4623 sancte
2514 4572 2693 4623 actam
2720 4569 2909 4632 vitam,
2940 4582 3063 4619 cum
3093 4564 3160 4618 ad
3191 4570 3518 4632 extremum,
3547 4570 3653 4620 Deo
3698 4568 3946 4631 vocante,

531 4654 891 4710 Guillelmus
913 4656 1530 4722 Gcmeticensis,libro
1583 4675 1683 4724 vn,
1718 4675 1843 4729 cap.
1886 4660 1973 4724 38,
2017 4674 2191 4729 quem

534 4746 706 4798 annis
735 4744 1021 4798 duodecim
1053 4752 1297 4814 tempore
1346 4748 1595 4816 Victoris,
1646 4747 1931 4816 Stephani,
1982 4746 2198 4801 Nicolai

532 4837 587 4889 et
623 4832 916 4887 Alexandri
938 4851 1210 4904 paparum
1236 4835 1500 4889 ﬂoruisse
1544 4836 1626 4889 ait
1657 4836 1967 4891 ()rdcricus
1989 4835 2197 4891 Vitalis

538 4920 690 4975 libro
718 4938 769 4989 v,
806 4922 1094 4993 breveque
1128 4922 1314 4994 ipsius
1346 4922 1600 4994 elogium
1630 4924 1717 4978 his
1748 4924 1980 4979 duobus
2011 4924 2194 4979 versi-

537 5010 655 5066 bus
684 5011 1152 5082 comprehendit.
2080 5022 2089 5027 '

720 5102 930 5155 Priesul
960 5102 1271 5167 Maurilius,
1304 5102 1565 5157 doctrinae
1599 5103 1715 5156 luce
1746 5105 2003 5171 refertus,

721 5188 959 5244 ﬂoribus
990 5194 1213 5246 eximiis
1233 5193 1532 5262 pra’fulsit,
1563 5200 1615 5246 et
1642 5193 1858 5245 actibus
1888 5194 2069 5246 almis.

540 5279 620 5331 At
650 5275 799 5333 libro
833 5296 888 5333 ιν
921 5280 989 5334 ad
1020 5296 1238 5335 annum
1272 5281 1409 5335 1007
1454 5281 1525 5335 de
1572 5281 1837 5347 ejusdem
1871 5280 2059 5334 sancti
2089 5280 2195 5334 viri

541 5365 707 5422 obitu
738 5367 911 5439 paulo
943 5368 1133 5423 fusius
1164 5370 1305 5441 agit,
1346 5370 1542 5440 ibique
1599 5370 1773 5423 refert
1830 5368 2194 5439 epitaphium

544 5456 732 5527 ipsius
764 5457 990 5511 tumulo
1018 5458 1373 5529 appositum.
1437 5458 1775 5521 Duodecimo,
1820 5457 2031 5527 inquit,
2083 5460 2197 5528 epi-

541 5550 793 5616 scopatus
820 5549 909 5600 sui
936 5563 1080 5601 anno
1114 5551 1171 5601 in
1202 5549 1396 5602 lcdum
1431 5548 1707 5603 decubuit.
1731 5547 1957 5600 Peracto
2011 5550 2193 5600 autem

543 5634 814 5712 quidquid
864 5636 1120 5704 religioso
1169 5636 1268 5691 Dei
1340 5636 1578 5692 vernqu
1651 5634 1923 5707 competit,
1974 5651 2008 5693 ν
2062 5633 2192 5692 Idus

870 5762 1133 5827 PATBOL.
1179 5761 1443 5828 CXLIII.

2302 4660 2550 4722 venisset,
2598 4657 2753 4710 vitali
2807 4657 3051 4725 privatus
3104 4653 3300 4719 halitu,
3350 4656 3521 4723 ferme
3566 4652 3797 4707 dimidia
3849 4651 3949 4707 die

2296 4748 2471 4817 jacuit
2501 4746 2806 4816 defunctus.
2848 4747 3224 4800 Verumtamen
3252 4760 3375 4797 cum
3395 4744 3517 4811 jam
3560 4745 3856 4813 pararetur
3887 4743 3950 4798 in

2303 4836 2583 4891 ecclesiam
2620 4837 2780 4905 ferri,
2811 4836 2998 4887 anima
3023 4842 3295 4901 resumpta
3326 4834 3738 4887 circumstantes
3773 4832 3953 4902 lacry-

2304 4926 2499 4978 mobili
2523 4923 2719 4991 gaudio
2744 4923 3011 4993 perfudit,
3044 4927 3319 4992 stupentes
3353 4921 3450 4975 hoc
3486 4938 3733 4976 sermone
3761 4936 3951 4975 corro-

2308 5015 2493 5068 borat:
2528 5014 2731 5068 Attenti
2788 5014 2973 5065 animo
3033 5019 3213 5080 estote,
3248 5013 3446 5066 ultima
3502 5014 3738 5083 pastoris
3790 5011 3957 5067 vestri

2306 5103 2467 5157 verba
2497 5102 2849 5172 excipientes.
2886 5101 3138 5154 Naturali
3194 5106 3366 5155 morte
3416 5102 3688 5155 resolutus
3732 5101 3839 5170 fui,
3864 5098 3957 5154 sed

2306 5196 2365 5246 ut
2396 5191 2545 5245 vobis
2596 5191 2911 5244 intimarem
2970 5204 3084 5259 quae
3142 5188 3253 5242 vidi
3324 5190 3577 5245 reductus
3640 5207 3761 5244 sum
3782 5205 3803 5247 .·
3857 5203 3956 5242 nec

2306 5282 2592 5350 aliquanto
2616 5280 2827 5333 diutius
2873 5279 3165 5331 subsistam
3205 5282 3337 5349 quia
3364 5282 3422 5333 in
3444 5281 3670 5335 Domino
3699 5276 3955 5347 soporari

2305 5370 2547 5423 delectat.
2586 5368 2833 5422 Ductores
2862 5369 3095 5438 spiritus
3152 5370 3261 5422 mei
3282 5369 3517 5422 vultibus
3546 5376 3597 5422 et
3628 5364 3853 5421 vestibus
3880 5362 3953 5418 ad

2305 5473 2513 5513 onmem
2544 5457 2873 5526 elegantiam
2906 5459 3065 5511 erant
3095 5458 3393 5527 compositi,
3440 5454 3795 5509 concordabat
3830 5469 3951 5507 ver-

2307 5548 2493 5601 borum
2526 5547 2724 5599 lenitas
2754 5562 2877 5598 cum
2910 5548 3084 5599 nitore
3116 5548 3360 5607 vestium,
3398 5547 3451 5597 ut
3498 5544 3641 5597 nihil
3679 5542 3952 5599 desidera-

2304 5651 2417 5694 rem
2432 5642 2647 5708 pra’ter
2666 5634 2867 5697 talium
2896 5636 3135 5692 virorum
3160 5633 3487 5705 obsequium.
3523 5633 3712 5708 Itaque
3739 5631 3954 5699 blandis

3548 5760 3633 5845 4⁵4
