4630 6470
1087 390 1242 454 4387

1537 395 1610 455 Β.
1658 396 2020 458 MAURILII
2067 398 2422 458 AltCHlEP.
2475 395 2930 458 ltO'l‘HOMAG.
2981 399 3222 458 EPIST.
3268 399 3370 460 AD
3414 397 3660 460 EPISC.
3704 397 4020 460 EBROIC.
4367 393 4390 451 1
4475 389 4516 450 ιθ

1083 527 1550 583 assentationibus
1577 529 2057 600 gavisus,ibam,ut
2085 546 2208 585 vere
2236 531 2376 584 mihi
2418 529 2722 596 videbatur,
2756 529 2810 595 Α
2840 532 2955 583 tum
2975 528 3164 584 decore
3185 534 3432 598 ornatus,
3463 531 3752 586 charitatis
3793 529 4285 598 abstinentiteque
4344 539 4394 579 c1

1081 631 1270 671 versus
1299 615 1588 672 Orientem.
1631 617 2054 672 Promittebatur
2111 617 2258 672 mihi
2303 616 2452 672 sedes
2495 617 2720 688 paradi-

1080 705 1230 758 siaca
1249 720 1358 759 non
1377 705 1546 760 multo
1565 713 1678 776 post
1699 706 1956 761 intranda
1973 722 1994 766 ,ο
2024 706 2084 760 in
2131 709 2398 760 momento
2443 707 2721 776 praeterita

1083 791 1320 864 Europa,
1352 793 1581 863 ingressi
1620 793 1825 859 Asiam,
1875 794 2118 848 venimus
2173 795 2599 864 Jerosolymam,
2645 793 2724 847 ibi

1082 882 1288 936 sanctis
1343 881 1582 936 odoratis
1633 881 1921 936 Jordanem
1969 881 2384 952 pertemlimus:
2451 883 2721 936 citeriosis

1083 970 1220 1039 ripae
1276 969 1790 1038 accolw,ductorum
1834 985 2080 1024 meorum
2137 970 2488 1024 contubernio
2545 969 2718 1034 misti,

1091 1056 1275 1111 laetum
1318 1059 1514 1112 coetum
1554 1057 1750 1125 fecere.
1792 1057 1898 1127 Ego
1968 1057 2176 1113 visendi
2229 1058 2494 1113 ulteriora
2547 1056 2722 1112 studio

1088 1145 1381 1200 transitum
1410 1144 1774 1200 maturabam.
1797 1145 1943 1200 Tunc
1969 1147 2188 1201 comites
2210 1146 2380 1200 Deum
2403 1146 2726 1216 prwcepisse

1085 1234 1269 1304 ferunt
1298 1235 1359 1287 ut
1387 1234 1514 1287 ante
1538 1231 1868 1288 daemonium
1895 1234 2101 1290 visione
2145 1233 2504 1304 terriﬁcarer,
2535 1242 2722 1305 quate-

1082 1337 1186 1376 nus
1213 1320 1658 1391 venialesculpee,
1691 1337 1825 1391 quas
1861 1320 2202 1394 confessione
2266 1337 2377 1376 non
2427 1320 2721 1388 dilueram,

1083 1425 1281 1480 pavore
1327 1407 1726 1464 horrendarum
1770 1407 2084 1482 formarum
2133 1416 2532 1481 purgarentur.
2593 1409 2728 1464 Cum

1087 1497 1230 1554 dicto
1259 1499 1440 1554 astitit
1468 1498 1630 1552 alteri
1655 1499 1804 1568 parti
1832 1501 1986 1552 tanta
2012 1497 2316 1552 (Lemonum
2358 1499 2440 1552 vis
2493 1497 2726 1552 hostilia

1089 1591 1256 1642 acuta
1300 1586 1656 1654 vibrantium,
1687 1587 1838 1656 ignes
1868 1587 2194 1656 ef/lantium,
2241 1589 2299 1640 ul
2337 1602 2466 1656 ager
2491 1588 2722 1656 ferreus,

1089 1691 1186 1731 aer
1211 1677 1494 1746 ﬂammeus
1524 1673 1813 1729 videretur.
1847 1677 2047 1729 Eorum
2077 1675 2300 1729 horrore
2329 1676 2406 1728 ita
2446 1691 2565 1729 sum
2594 1675 2723 1744 affe-

1091 1767 1229 1830 ctus,
1253 1771 1316 1818 ut
1341 1764 1394 1818 si
1419 1767 1570 1817 terra
1599 1761 1918 1827 dehisceret,
1949 1765 2000 1818 si
2027 1763 2222 1817 caelum
2263 1765 2580 1834 putesceret,
2612 1765 2725 1816 tuto

1090 1850 1232 1906 mihi
1288 1850 1571 1920 utrobique
1615 1849 1994 1922 refugiendum
2064 1866 2174 1906 non
2225 1851 2582 1907 aestimarem.
2645 1852 2726 1904 Ita

1091 1939 1462 2005 meticulosus,
1510 1937 1640 1993 dum
1694 1954 1797 2009 quo
1847 1937 2043 1994 vadum
2096 1938 2302 2008 dubito,
2361 1943 2595 2010 repente,
2663 1941 2724 1992 ut

1091 2027 1214 2098 [al.,
1247 2027 1339 2098 ad]
1371 2027 1488 2083 haec
1516 2026 1702 2082 dicens
1722 2035 1911 2083 vestra:
1939 2027 2110 2082 saluti
2137 2029 2252 2082 nisi
2278 2027 2558 2098 negligitis
2595 2043 2724 2082 con-

1090 2115 1346 2183 sulerem,
1375 2115 1611 2170 halitum
1638 2117 1818 2186 recepi
1876 2117 2162 2186 confestim
2215 2116 2513 2186 effusuras.
2547 2117 2720 2180 Dixit,

1090 2209 1145 2260 et
1173 2220 1298 2258 cum
1325 2205 1484 2259 verbo
1509 2219 1647 2275 pene
1674 2205 1933 2275 spiritum
1955 2205 2156 2258 emisit.
2189 2205 2394 2276 Corpus
2423 2211 2480 2258 in
2503 2205 2726 2259 ecclesia

1091 2293 1301 2348 Sancta
1356 2291 1539 2346 Mariae
1585 2296 1715 2346 tunc
1763 2293 1917 2346 humi
1965 2293 2261 2362 defossum,
2319 2293 2611 2360 miraculo,
2664 2296 2726 2346 ut

1093 2383 1269 2448 aiunt,
1301 2380 1507 2450 divino,
1539 2380 1708 2435 altius
1735 2379 1911 2434 tribus
1933 2380 2161 2451 pedibus
2184 2395 2347 2452 super
2369 2384 2578 2435 terram
2619 2381 2724 2436 ele-

1092 2473 1280 2525 vatum
1305 2473 1406 2523 est.

1165 2557 1253 2612 49.
1285 2558 1427 2612 Cum
1459 2572 1590 2612 vero
1646 2555 1898 2611 Maurilii
1955 2573 2114 2612 mors
2167 2557 2308 2612 adeo
2355 2557 2610 2629 pretiosa
2666 2555 2725 2610 in

1093 2650 1404 2718 conspectu
1437 2645 1537 2701 Dei
1572 2644 1762 2712 fuerit,
1796 2645 2008 2700 mirum
2041 2661 2156 2700 non
2206 2649 2294 2700 est
2340 2645 2387 2700 si
2437 2645 2563 2714 ejus
2601 2661 2730 2700 san-

1093 2737 1352 2792 ctitatem
1384 2732 1598 2806 posteri
1629 2733 1988 2805 agnoverint,
2014 2749 2186 2804 quem
2217 2733 2392 2787 etiam
2425 2733 2730 2797 sancti,aut

1094 2826 1238 2882 beati
1259 2822 1428 2878 titulo
1457 2823 1673 2878 donare
1703 2821 1863 2877 veriti
1898 2838 2009 2876 non
2043 2826 2199 2876 sunt.
2231 2821 2396 2876 Sacer
2442 2822 2728 2876 Maurilius

1096 2914 1170 2969 ab
1199 2911 1470 2968 0rderico
1495 2911 1728 2976 dicitur,
1759 2909 1909 2964 libro
1936 2927 2014 2965 xu.
2066 2909 2591 2981 Rothomagensem
2629 2911 2730 2965 Ec-

1095 3001 1330 3058 clesiam
1359 3006 1543 3055 sancto
1571 3015 1635 3053 ac
1677 2999 1978 3054 venerabili
2031 2997 2420 3069 archiprmsule
2471 2999 2728 3054 Maurilio

1093 3088 1392 3145 viduatam
1427 3086 1606 3140 fuisse
1635 3084 1835 3140 scribit
1861 3085 2018 3154 Milo,
2051 3101 2175 3156 cap.
2234 3086 2291 3150 5,
2345 3087 2545 3139 auctor
2586 3084 2728 3140 Vitas

1097 3175 1286 3234 sancti
1309 3173 1633 3240 Lanfranci,
1667 3171 1778 3244 ipsi
1809 3172 2188 3244 synchronus.
2209 3173 2352 3227 Eum
2373 3171 2727 3228 Trithemius

4475 540 4522 578 οι

2832 619 3096 685 insignis,
3125 617 3190 672 de
3217 619 3374 689 cujus
3403 626 3594 674 sancta
3625 620 4038 674 conversatione
4075 614 4389 689 praecelsa
4475 629 4527 666 u-

2833 704 2962 759 dum
2988 708 3268 776 praeconia
3293 707 3572 776 feruntur.
3624 708 3840 762 Eadem
3899 707 4020 762 fere
4076 701 4324 776 repetit
4379 699 4400 755 1
4475 717 4530 756 ro

2829 799 3037 864 quarto
3068 794 3147 849 De
3177 795 3315 850 viris
3343 793 3670 851 illustribus
3699 794 3926 850 ordinis
3957 793 4152 850 nostri
4204 808 4359 862 cap.
4475 791 4510 844 Ο

2829 883 2975 938 Hinc
3004 898 3213 938 nomen
3247 883 3374 952 ejus
3401 881 3460 937 in
3491 882 3666 938 variis
3695 879 4128 954 Martyrologiis
4163 877 4406 936 Gallic:
4475 877 4524 932 is

2830 975 2887 1025 et
2917 969 3257 1025 monasticis
3288 969 3635 1042 inscriptum
3667 971 3978 1042 reperitur,
4010 969 4108 1024 die
4143 969 4185 1022 9
4215 971 4408 1038 Auge
4475 965 4524 1033 :i,

2831 1075 2946 1130 quo
2977 1059 3285 1114 defunctus
3313 1062 3436 1114 est:
3469 1057 3736 1130 quamvis
3764 1057 3882 1125 alii,
3903 1058 4228 1113 occasione
4260 1054 4410 1110 alte]
4475 1071 4530 1109 1s

2829 1145 3100 1212 Maurilii,
3132 1145 3473 1201 memoriam
3504 1147 3632 1217 ejus
3662 1146 3758 1202 die
3792 1145 3860 1202 43
3906 1143 4296 1216 Septembris
4353 1157 4414 1198 re
4475 1158 4528 1198 o-

2831 1233 3154 1305 lant,atque
3176 1233 3282 1290 hac
3299 1234 3423 1306 ipsa
3445 1233 3538 1289 die
3563 1235 3714 1308 apud
3739 1233 4070 1290 Ferrarium
4095 1236 4416 1289 memorat
4479 1248 4529 1286 r.

2831 1322 3141 1378 Bucelinus
3169 1339 3302 1378 eum
3336 1326 3585 1394 utraque
3613 1321 3706 1378 die
3739 1321 4013 1391 celebrat,
4045 1321 4176 1377 imo
4211 1323 4281 1377 et
4315 1319 4420 1376 die
4475 1322 4532 1376 36

2833 1411 3130 1466 Februarii
3188 1409 3524 1466 Maurilium
3581 1409 3939 1466 monachum
3997 1409 4422 1466 Fiscamnens
4475 1425 4534 1465 m

2833 1505 3130 1563 memorat,
3159 1498 3324 1569 quasi
3381 1497 3431 1552 is
3480 1498 3628 1553 alius
3671 1501 3826 1554 esset
3880 1497 3954 1554 ab
3993 1497 4426 1570 archiepiscol
4475 1515 4530 1553 ιε

2831 1586 2923 1641 cui
2952 1587 3258 1651 visionem,
3285 1601 3460 1658 quam
3483 1602 3664 1658 supra
3688 1603 3756 1640 ex
3785 1584 4084 1642 Willelmo
4116 1585 4428 1642 Malmesl
4475 1603 4534 1641 1-

2831 1674 3005 1730 riensi
3037 1673 3476 1746 descripsimus,
3509 1673 3796 1729 attribuit.
3829 1674 3978 1730 Eum
4024 1673 4212 1730 etiam
4267 1673 4399 1729 hac
4477 1691 4537 1730 c-

2831 1763 3062 1818 casione
3087 1766 3369 1818 memorat
3400 1761 3716 1818 Bollandus
3743 1762 3898 1819 inter
3929 1761 4404 1835 praetermissos
4475 1764 4541 1819 lie

2831 1853 2902 1905 26
2924 1851 3241 1906 Feburarii.
3274 1851 3558 1906 Eumdem
3591 1855 3860 1906 sanctum
3910 1849 4254 1907 antistitem
4293 1851 4431 1907 frat
4475 1867 4537 1908 es

2830 1938 3261 1995 Sammarthani
3294 1943 3350 1993 et
3382 1944 3578 1994 noster
3607 1939 4010 1996 Pommeraius
4068 1938 4130 1994 in
4199 1939 4432 1996 archie
4475 1941 4540 1996 νὶ-

2832 2027 3022 2098 scOpis
3044 2026 3919 2098 Rothomageusibus,Marlotus
3949 2027 4010 2082 in
4034 2027 4379 2100 metr0poli
4417 2029 4441 2084 Ι
4476 2045 4538 2085 e-

2835 2115 3045 2180 mensi,
3075 2115 3289 2186 aliique
3323 2115 3544 2186 passim
3592 2119 3880 2182 auctores,
3937 2131 4090 2188 quos
4142 2115 4444 2190 singillat
4479 2133 4541 2173 m

2834 2219 3135 2259 recensere
3165 2202 3374 2258 inutile
3417 2204 3580 2269 foret,
3643 2202 3846 2260 multis
3901 2203 4188 2261 laudibus
4241 2204 4538 2263 celebe-

2837 2296 2993 2347 runt.

2903 2381 2990 2434 20.
3015 2379 3284 2435 Nondum
3314 2383 3508 2461 tamen
3543 2378 3730 2435 ullum
3761 2379 3821 2436 in
3854 2379 4346 2455 Rothomagensi
4373 2383 4446 2439 di
4475 2399 4536 2440 e-

2835 2469 2947 2524 cesi
2975 2469 3230 2523 ofﬁcium
3266 2465 3566 2540 publicum
3626 2469 3830 2524 beatus
3875 2467 4188 2526 Maurilius
4218 2471 4539 2540 obtinuit,

2835 2557 3102 2628 quamvis
3133 2557 3258 2627 ejus
3289 2555 3644 2626 sepulcrum,
3679 2556 3830 2628 quod
3864 2556 4038 2629 vulgo
4087 2557 4298 2614 tumba
4331 2575 4458 2616 san
4475 2562 4544 2617 sti

2835 2645 3090 2703 Maurilii
3113 2642 3612 2715 appellatur,apud
3630 2643 4462 2718 Rothomagenses,prtsserti
4477 2665 4540 2704 m

2837 2751 2870 2788 a
2899 2731 3354 2804 metropolitanae
3384 2730 3638 2787 ecclesias
3669 2731 3823 2788 clero
3854 2731 4228 2790 venerationi
4259 2751 4543 2810 semper

2837 2820 3100 2876 habitum
3123 2819 3314 2886 fuerit,
3338 2819 3490 2890 quod
3514 2819 3688 2874 etiam
3713 2820 3882 2876 statis
3903 2819 4113 2876 diebus
4143 2821 4542 2882 solemniter

2836 2907 3160 2964 thuriﬁcari
3178 2923 3247 2962 ex
3267 2906 3508 2979 antiqua
3531 2897 3838 2964 tradilione
3859 2923 3988 2965 mos
4014 2914 4164 2966 erat.
4191 2911 4321 2968 Sed
4348 2929 4540 2987 eum,

2837 3013 2989 3053 anno
3010 2995 3672 3068 4480,Rotbomsgenses
3707 2996 3971 3053 canonici
3999 2997 4341 3057 Guillelmo
4380 3018 4530 3060 car-

2837 3084 3015 3140 dinali
3045 3085 3116 3140 de
3136 3081 3432 3139 Stotavilla
3467 3088 3604 3139 tunc
3661 3083 4101 3158 archiepiscopo
4149 3091 4529 3148 concessis-

2836 3177 2967 3230 sent
2998 3176 3060 3228 ut
3079 3171 3296 3228 ibidem
3324 3170 3655 3242 sepulcrum
3704 3173 3816 3229 sibi
3846 3179 4245 3245 construeret,
4277 3179 4532 3238 eﬂ'ossa

1095 3266 1157 3322 in
1189 3262 1468 3321 Chronico
1495 3260 1888 3333 Hirsaugiensi
1921 3261 2191 3317 editionis
2232 3261 2417 3318 sancti
2449 3261 2617 3328 Galli,
2651 3263 2720 3318 ad
2753 3244 2794 3309 (ἶ
2834 3261 3012 3316 humo
3044 3259 3269 3315 loculus
3298 3259 3564 3331 lapideus
3592 3259 3863 3316 inventus
3891 3265 4000 3330 est,
4033 3261 4094 3318 in
4126 3244 4533 3338 quo,preter

1089 3369 1311 3409 annum
1371 3352 1531 3418 106l,
1587 3351 1771 3404 virum
1859 3350 2221 3406 sanctissimae
2302 3351 2725 3406 conversationis

1085 3440 1355 3514 appellat,
1387 3439 1488 3511 qui
1541 3443 1764 3510 propter
1815 3438 2124 3494 doctrinam
2175 3442 2226 3494 et
2279 3440 2410 3494 vita:
2467 3440 2721 3494 meritum

1087 3528 1362 3602 Malgerio
1391 3527 1824 3599 archiepiscopo
1853 3526 2208 3582 substitutus
2229 3525 2356 3581 fuit.
2380 3525 2527 3580 Tum
2562 3527 2632 3582 de
2654 3541 2720 3582 eo

1083 3618 1168 3673 sic
1195 3617 1434 3672 scribit:
1471 3616 1766 3671 Virtutibus
1813 3621 1864 3671 et
1910 3615 2195 3669 miraculis
2247 3615 2433 3669 clarus
2471 3615 2716 3683 habetur,

1079 3706 1236 3777 cujus
1283 3703 1435 3760 Gesta
1495 3706 1798 3774 conscripta
1864 3710 2008 3758 sunt.
2062 3703 2125 3757 In
2181 3701 2356 3758 veteri
2424 3701 2714 3759 editione:

1079 3793 1310 3851 Sanctus
1335 3793 1618 3849 Maurilius
1645 3808 1715 3847 ex
1759 3792 2021 3847 monacho
2076 3789 2308 3846 cwnobii
2335 3791 2719 3846 Fiscamnensi

1077 3882 1297 3942 ordinis
1326 3882 1499 3939 nostri
1523 3880 1980 3950 archiepiccopus.
2031 3921 2044 3935 .
2087 3920 2100 3934 .
2125 3877 2512 3934 virmultarum
2539 3879 2713 3933 virtu-

2829 3349 2979 3405 beati
3011 3347 3117 3404 viri
3137 3346 3815 3420 ossa,particula31ignee
3847 3349 4063 3418 crucis,
4084 3367 4153 3408 ac
4177 3369 4528 3414 sacrarum

2827 3438 3074 3494 vestium
3108 3435 3329 3500 aliquot
3373 3435 3627 3506 reliquiis
3675 3442 4039 3509 supererant.
4095 3439 4358 3500 Positus
4423 3451 4528 3503 est

2826 3529 3020 3581 tamen
3054 3524 3130 3580 ibi
3157 3523 3472 3580 cardinalis
3490 3523 3844 3593 tumulus,in
3869 3542 3987 3597 quo
4019 3543 4178 3584 anno
4211 3529 4378 3588 4483
4408 3549 4526 3591 cor

2824 3615 2953 3684 ejus
2983 3612 3285 3668 conditum
3329 3615 3454 3680 est;
3512 3612 3614 3668 sed
3669 3612 3792 3668 hinc
3850 3615 4052 3670 omnia
4109 3615 4522 3679 Calvinians

2823 3705 2990 3756 sectae
3022 3699 3272 3755 haeretici
3304 3716 3456 3755 anno
3485 3701 3620 3755 I562
3645 3699 4005 3758 violaverunt
4029 3728 4044 3771 ;
4067 3720 4180 3761 nec
4198 3705 4520 3784 deinceps

2821 3787 2942 3844 ulla
2968 3788 3114 3844 beati
3147 3787 3252 3843 viri
3294 3787 3672 3860 reliquiarum
3722 3793 3824 3845 aut
3869 3790 4132 3862 sepulcri
4194 3801 4526 3858 memoria

2820 3875 3130 3948 superfuit.

2035 4055 4518 4096 ΞΜ

1432 4227 1998 4348 MAURILH
2075 4230 2997 4346 ARCHIEPISGOPI
3084 4229 4106 4348 ROTHOMAGENSIS

2715 4434 2804 4492 ET

1841 4595 2304 4685 JOANNIS
2363 4595 2816 4685 ABBATIS
2875 4595 3674 4685 FISCAMNENSIS

2456 4797 3061 4890 EPISTOLA

2214 5002 2307 5062 AD
2347 5001 2739 5062 EPISCOPUM
2780 5001 3294 5061 EBROICENSEM.

1479 5150 1895 5224 Conqueruntur
1920 5155 2060 5228 quod
2087 5155 2392 5214 inconsulto
2419 5156 2610 5212 abbate
2636 5155 2964 5212 monachum
2993 5155 3057 5211 ob
3097 5157 3392 5227 infractam
3412 5157 3640 5212 treviam
3659 5158 4030 5218 mutctaverit.

2282 5305 2569 5378 (Mauras.
2595 5305 2800 5376 Anect.,
2832 5309 2874 5361 t.
2909 5306 2953 5377 Ι,
2985 5321 3040 5378 p.
3068 5305 3220 5376 206.)

1139 5556 1356 5644 genista
1386 5553 2040 5644 matri‘sLlilbrocacensis
2069 5562 2333 5644 Ecclesiin
2365 5561 2844 5644 reverendissimo
2873 5561 3140 5644 episcopo
3280 5561 3760 5644 Rgthomagonsis
3788 5565 4058 5644 Ecclesiae
4089 5571 4351 5637 humilis
4389 5596 4493 5644 ar-

1068 5620 1490 5705 chiepiscopus,
1519 5625 1702 5684 abbas
1734 5643 1965 5704 quoque
1993 5631 2244 5691 Joannes
2277 5620 2779 5691 Fiscamnensium
2800 5620 3088 5704 servulus:
3107 5639 3258 5692 recte
3287 5635 3490 5692 offerre
3520 5620 4129 5707 et'dividere
