4630 6362
445 382 624 446 1389
887 383 1400 447 RAIMBALDUS
1438 387 1774 448 ARELA'I‘.
1812 387 2126 448 ECCLES.
2159 386 2523 451 ARCHIEP.
2559 422 2635 437 -—
2666 393 2988 455 NOTITIA
3023 393 3464 456 IIISTORICA.
3725 394 3880 460 I390

536 517 886 598 Audivimus
916 522 1175 598 vestram
1204 519 1625 598 traternitatem
1660 521 1976 598 quemdam
2026 520 2378 598 monachum
2430 524 2772 598 exterminio
2804 525 3196 598 damnavisse,
3231 543 3296 582 eo
3329 527 3482 598 quod
3513 526 3751 582 treviam
3780 528 3880 584 Dei

442 589 1278 670 comperiebatuir-infregisse
1304 591 1502 670 λαοί-ῃ
1540 589 1814 670 bepevos
1847 593 2052 670 fecisse
2075 591 2414 670 laudamus,
2451 597 2550 670 sed
2585 597 2816 651 incaute
2849 597 2992 652 illud
3029 589 3738 670 inspexissejudicamus.
3769 600 3882 655 Nec

441 660 622 740 θρίω
751 661 1045 740 Benedicti
1079 661 1371 740 institutio
1405 662 1579 740 ullius
1613 662 1756 730 legis
1788 665 2190 740 prmscribitur
2226 665 2470 734 judicio.
2500 667 2827 738 Propterea,
2862 670 3041 724 frater
3068 660 3444 737 charissime,
3479 675 3633 726 recte
3661 670 3883 740 oﬂ‘erre,

441 732 766 813 fabrectius
791 731 1474 813 praecipimurIdividere.
1496 738 1740 813 Auream
1765 731 1901 813 ergo
1924 736 2202 813 virtutem
2229 731 2573 813 sequamur,
2604 731 3017 813 discretionem
3052 741 3293 807 scilicet,
3317 731 3443 813 quas
3477 741 3744 798 omnium
3769 731 3883 798 vir:

443 803 905 884 gutumdicitur
938 810 1140 884 mater.
1176 805 1420 884 Quando
1451 805 1629 884 enim_
1653 805 1847 884 abbati
1899 823 2040 884 cura
2071 803 2770 884 ariimarumimponitur
2817 813 2888 865 ab
2939 803 3642 884 episcopo,pa'storalitas
3689 813 3883 884 ovium

439 873 677 928 Christi
713 876 823 929 sibi
860 877 1206 964 traditar‘um
1240 876 1292 957 ei.
1323 875 1772 964 commendatur
1800 878 2158 964 omnimodo.
2195 879 2312 964 Nisi
2347 873 2605 962 enimeb
2652 883 2859 938 abbate
2889 873 3196 964 episcopus
3220 873 3530 940 invitetur
3556 902 3660 964 pro
3693 883 3882 957 quali-

443 961 697 1029 qunque
729 947 981 1029 negotio,
1016 946 1243 1000 nullum
1271 949 1370 1029 jus
1402 949 1714 1029 episcopus
1760 948 1969 1029 habere
2012 950 2350 1029 decernitur
2379 952 2445 1029 in.
2470 946 3012 1029 ejusmonasterio;
3044 946 3316 1012 siautem
3366 946 3574 1012 contra
3601 946 3725 1012 hac.
3753 973 3882 1029 qua:

442 1017 716 1073 dicimus
748 1017 962 1088 aliquis
995 1035 1322 1090 repugnare
1350 1017 1680 1089 tentaverit,
1714 1019 1976 1089 regulam
2010 1021 2208 1075 Sancti
2241 1017 2530 1077 Benedicti
2562 1025 2673 1079 sibi
2705 1017 3109 1098 proponimus,

1633 1242 2711 1374 MAURIIJJI

755 1417 1192 1478 PROFESSIO
1241 1415 1448 1477 FIDEI
1492 1415 1594 1476 DE
1639 1415 2170 1477 SACRAMEN'I‘O
2215 1416 2607 1480 CORPORIS
2653 1422 2753 1482 ET
2799 1424 3214 1486 SANGUINIS
3258 1425 3566 1488 CHRISTI

1519 1523 1730 1590 (Exstat
1755 1538 1943 1592 supra,
1981 1524 2124 1578 Vita?
2151 1524 2209 1577 lt.
2244 1522 2494 1578 Mam-itii
2522 1543 2675 1582 num.
2711 1528 2823 1596 11.)

783 1712 1324 1800 EPITAPHIA
1393 1711 1880 1800 ROLLONlS
1940 1711 2066 1799 ET
2116 1711 2664 1802 GUILLELMI
2732 1717 3084 1808 LONG/E
3139 1719 3557 1808 SPATH/E

1805 1835 2260 1891 .W'URTJIANNLE
2297 1837 2529 1893 DUCUJI

1431 1935 1804 1998 AUCTORE
1849 1933 2235 1998 MAURILIO
2280 1937 2902 2001 ARCHIEPISCOPO

845 2041 1140 2111 ((laosmc.
1180 2039 1374 2096 VrrAL.
1409 2041 1595 2095 arctos.
1631 2042 1789 2107 Hist,
1826 2039 1926 2096 lib.
1961 2039 2032 2111 V,
2068 2041 2221 2112 apud
2254 2039 2583 2110 Ducussxs,
2616 2042 2815 2116 Script.
2847 2046 3131 2114 Narniam,
3165 2062 3294 2120 pag.
3325 2048 3476 2120 567.)

1267 2277 1303 2329 1,
2140 2274 2193 2340 Α
2294 2275 2386 2328 Sic
2416 2275 2583 2346 periit
2611 2277 2821 2333 veteris
2852 2294 3024 2334 omne
3055 2279 3219 2336 nefas
3251 2280 3527 2339 hominis.

973 2365 1324 2435 Epitaphium
1358 2365 1596 2418 Ital/unis
2233 2361 2304 2416 Ut
2335 2363 2444 2417 fuit
2476 2368 2608 2420 ante
2634 2365 2832 2436 lupus,
2860 2366 2941 2420 sic
2973 2372 3105 2440 post
3136 2369 3202 2424 fit
3227 2369 3471 2425 mitibus
3501 2386 3714 2443 agnus;

445 2454 586 2510 Dux
607 2453 1362 2514 Northmannorum.timor
1379 2453 1646 2518 hostis,et
1669 2469 1832 2507 arma
1851 2467 2114 2515 suorum,
2303 2455 2418 2506 Pax
2449 2453 2529 2508 ita
2561 2459 2850 2510 mutatum
2881 2455 3134 2513 mulceat
3159 2462 3291 2514 ante
3320 2457 3528 2514 Deum.

526 2541 695 2598 Rollo
727 2543 837 2597 sub
875 2543 980 2598 hoc
1013 2542 1180 2596 titulo
1212 2542 1506 2596 clauditur
1533 2543 1587 2596 in
1621 2542 1869 2596 tumulo.
3022 2547 3091 2601 II.
3550 2611 3561 2620 ἰ

452 2632 713 2703 Maiores
744 2633 913 2702 cujus
947 2632 1206 2703 probitas
1238 2632 1514 2703 provexit,
1549 2635 1612 2685 ut
1641 2633 1768 2700 ejus
2470 2633 2826 2703 Epitaphium
2859 2633 3145 2690 Gm’llclmi
3174 2637 3642 2708 Lonng-Spathaz.

527 2720 802 2775 Servierit
831 2737 934 2775 nec
966 2737 1130 2790 avus,
1162 2737 1267 2774 nec
1301 2725 1483 2792 pater,
1517 2737 1620 2774 nec
1649 2737 1915 2791 proavus.
2226 2719 2384 2783 Quos
2417 2719 2761 2776 defendebat
2790 2721 3160 2790 Guillelmus,
3193 2741 3362 2780 nemo
3393 2727 3727 2797 premebat;

450 2809 779 2865 Ducentem
812 2809 989 2864 fortes
1023 2826 1214 2878 regem
1252 2808 1584 2880 multasque
1617 2809 1884 2864 cohortes
2297 2807 2771 2876 Auxiliocuruit,
2803 2808 3009 2866 lazdere
3040 2829 3215 2884 quem
3245 2813 3446 2871 voluit.

529 2897 750 2954 Devicit
780 2897 962 2953 Daciae
995 2898 1377 2960 congrediens
1409 2897 1550 2952 acie.
2229 2894 2482 2965 Regibus
2513 2915 2577 2952 ac
2609 2898 2860 2954 ducibus
2890 2902 3207 2957 metuenda
3236 2918 3447 2958 manus
3480 2903 3589 2959 fuit
3618 2903 3746 2975 ejus

451 2987 758 3052 Frixonas,
792 2987 1076 3052 Waleros,
1111 2986 1902 3051 Ilalbncenses,‘Iiainaucos,
2308 2985 2554 3056 Belliger
2583 2987 2865 3043 Henricus
2897 2989 3089 3045 Czesar
3118 3007 3252 3046 eum
3284 2991 3501 3047 timuit.

528 3075 644 3131 Hos
676 3075 852 3130 simul
885 3076 1193 3145 adjunctos
1227 3075 1387 3130 Rullo
1420 3075 1579 3129 dedit
1614 3077 1912 3147 profugos.
2228 3079 2397 3136 Rexit
2426 3075 2862 3132 Northmannos
2894 3077 3098 3150 viginti
3134 3079 3394 3152 quinque
3425 3098 3530 3154 per
3558 3099 3762 3152 annos,

453 3165 594 3237 Egit
620 3165 690 3220 ad
727 3165 832 3220 hoc
871 3165 1089 3220 Fresios
1123 3181 1223 3236 per
1255 3164 1505 3236 plurima
1537 3164 1778 3219 vulnera
1806 3165 2006 3227 victos,
2301 3166 2502 3223 Militis
2533 3170 2707 3236 atque
2737 3165 2904 3223 ducis
2936 3173 3246 3240 promptus
3279 3169 3338 3225 in
3369 3170 3600 3226 ofﬁciis.

534 3253 607 3310 Ut
636 3254 746 3310 sibi
775 3255 1064 3324 jurarent,
1097 3258 1272 3324 atque
1305 3254 1522 3308 tributa
1553 3255 1775 3309 darent.
2227 3256 2564 3314 Ccenobium
2601 3254 2838 3326 pulchre
2871 3257 3158 3328 reparavit
3188 3257 3664 3328 Gemmeticense,

453 3343 703 3413 Bajocas
734 3344 914 3416 cepit;
949 3344 1037 3398 bis
1073 3342 1324 3398 Parisios
1355 3343 1676 3415 superavit;
2298 3347 2369 3400 Et
2399 3343 2651 3398 decrevit
2683 3344 2759 3397 ibi
2797 3345 2942 3400 ferre
2963 3346 3178 3417 jugum
3212 3346 3502 3401 monachi.

528 3432 711 3488 Nemo
743 3432 852 3487 fuit
881 3432 1116 3487 Francis
1143 3433 1404 3504 asperior
1429 3433 1652 3486 cuneis.
2230 3433 2508 3489 Fervidus
2543 3432 2736 3487 invicti
2769 3432 2952 3487 coluit
2981 3449 3243 3488 normam
3277 3435 3591 3502 Benedicti,

449 3521 644 3578 Annis
670 3521 908 3592 triginta
934 3521 1231 3576 Gallorum
1266 3522 1520 3575 εωᾱὶὺυε
1553 3538 1690 3576 arva
2299 3522 2400 3577 Cui
2434 3521 2596 3592 petiit
2629 3521 2800 3575 subdi
2832 3520 3042 3592 plenus
3067 3538 3262 3578 amore
3291 3523 3411 3578 Dei.

529 3608 817 3682 Implevit,
850 3609 1015 3681 pigro
1049 3609 1202 3664 bella
1231 3627 1437 3681 gerens
1469 3609 1692 3664 Carolo.
2141 3646 2189 3710 Β
2229 3610 2469 3667 Distulit
2497 3609 2604 3664 hoc
2635 3609 2815 3665 abbas
2847 3610 3162 3678 Martinus;
3191 3610 3323 3665 diva
3351 3615 3628 3684 potestas,

447 3699 596 3755 Post
625 3698 840 3754 multas
874 3704 1119 3766 strages,
1149 3699 1395 3770 praedas,
1431 3699 1724 3765 incendia,
1750 3698 1954 3762 caedes,
2141 3698 2187 3710 "
2291 3701 2452 3754 Saeva
2483 3715 2588 3771 per
2617 3715 2781 3753 arma
2815 3699 2958 3754 mori
2992 3699 3246 3771 prastulit
3276 3716 3450 3756 omen
3481 3701 3553 3756 ei.

528 3786 678 3842 Utile
709 3803 843 3842 cum
876 3786 1056 3842 Gallis
1089 3787 1278 3841 fmdus
1315 3787 1421 3841 init
1445 3786 1694 3858 cupidis.
2221 3789 2489 3860 Namque
2519 3787 2668 3843 dolis
2699 3789 2930 3844 comitis
2959 3787 3180 3843 Arnulfi
3215 3793 3420 3845 nectus
3450 3789 3716 3847 inermis.

448 3875 717 3949 Supplex
747 3875 1027 3930 Franconi
1062 3875 1274 3931 meruit
1310 3875 1662 3948 baptismate
1695 3874 1860 3947 tingi,
2292 3877 2541 3933 Corruit.
2576 3877 2910 3932 .Ethereum
2943 3877 3129 3950 possit
3153 3877 3366 3934 habere
3389 3877 3592 3934 Deum.
3625 3880 3840 3936 Amen.

452 3999 3865 4043 Μ

1821 4162 1987 4208 Διεπο
2029 4163 2248 4210 ΒΟΠΙΕΙ
2290 4164 2526 4209 ιιιΧνΠ.

1514 4305 2826 4472 RAIMBALDUS

1315 4577 1866 4639 ARELA'I‘ENSIS
1912 4578 2312 4640 ECCLESIIE
2359 4579 3022 4641 ARCHIEPISCOPUS

1523 4807 2032 4902 NOTITIA
2101 4809 2807 4904 HISTORICA.

1371 4987 1452 5042 Ex
1483 4987 1667 5043 Gallia
1699 4988 2043 5056 Christiana,
2077 4992 2189 5044 vet.
2223 4988 2386 5056 edit.,
2419 4992 2558 5046 tom.
2594 4989 2636 5058 Ι,
2671 5007 2802 5061 pag.
2832 4988 2985 5059 553.)

1961 5121 2382 5134 Μ

528 5219 734 5276 Pontio
765 5219 1189 5278 monasterium
1230 5221 1288 5278 S.
1322 5221 1572 5277 Victoris
1612 5221 1766 5294 apud
1801 5221 2119 5278 Massiliam
2153 5225 2195 5291 C
2235 5222 2431 5279 cteris.
2458 5223 2687 5278 Fratres
2717 5223 2845 5294 ejus
2870 5221 3104 5278 fuerunt
3123 5221 3478 5293 Bonifacius,
3497 5222 3688 5292 Fulco,
3719 5223 3888 5292 Boso,

451 5308 722 5382 ingresso
745 5327 1144 5367 successorem
1171 5310 1567 5383 suppeditavit
1589 5325 1754 5365 sacra
1775 5309 1874 5365 illa
1891 5327 2125 5383 congrc-
2234 5311 2567 5367 Atanulfus.
2592 5311 3032 5384 Pr0pinquitate
3055 5313 3404 5383 conjunctus
3427 5316 3546 5368 erat
3576 5328 3708 5368 cum
3732 5311 3888 5368 Guil-

453 5400 635 5471 gatio,
672 5399 1084 5455 Raimbaldum
1119 5399 1390 5456 videlicet
1436 5399 1631 5454 Sancti
1679 5399 1859 5454 Isarni
1892 5400 2122 5456 abbatis
2232 5400 2404 5457 lelmo
2462 5403 2519 5454 et
2576 5398 2848 5465 Fulcone,
2908 5400 3178 5456 Massiliae
3235 5400 3691 5457 vicccomitibus.
3739 5400 3883 5457 Cum

459 5487 796 5546 alumnum.
835 5491 885 5544 Is
916 5508 982 5544 ex
1015 5490 1196 5544 nobili
1245 5495 1408 5545 ortus
1457 5505 1664 5560 genere
1711 5489 1765 5542 in
1800 5489 2118 5553 Provincia,
2233 5490 2340 5544 sub
2368 5490 2423 5542 S.
2459 5488 2641 5543 Isarni
2677 5489 2905 5544 abbatis
2931 5489 3234 5560 disciplina
3260 5490 3576 5562 plurimum
3611 5489 3884 5561 profeciso

453 5579 686 5651 patrem
734 5577 940 5634 habuit
989 5577 1348 5633 Bonifacium
1398 5577 1705 5632 dominum
1737 5577 1808 5631 de
1839 5576 2116 5644 Relliana,
2231 5581 2338 5645 set,
2374 5576 2696 5632 Arelatensi
2749 5577 3024 5633 cathedra
3063 5579 3277 5649 dignus
3320 5577 3622 5649 judicatus
3671 5584 3781 5649 est,
3813 5579 3884 5635 ad

457 5670 715 5726 matrem
745 5664 1228 5739 Vandelnusiam,
1253 5669 1316 5723 ut
1336 5665 1546 5726 docent
1576 5681 1682 5722 nos
1712 5661 1923 5723 tabula
1945 5665 2002 5723 S.
2025 5664 2118 5721 Vi-
2230 5682 2406 5740 quam
2439 5665 2678 5740 eligitur
2706 5683 2860 5724 anno
2894 5667 3047 5744 1031,
3071 5665 3384 5728 indictione
3403 5683 3520 5740 xw,
3545 5683 3750 5728 mense
3775 5670 3885 5736 Au-
