3978 6396
436 449 584 509 1391
1507 437 1930 501 RAIMBALDI
1981 433 2312 496 ARELAT.
2371 433 2734 494 ARCHIEP.
3751 425 3888 488 I392

433 585 628 652 gusto,
660 581 717 633 et
763 576 938 634 Paulo
971 579 1100 648 post
1134 575 1281 630 sedit
1313 573 1368 627 in
1402 571 1643 627 concilio
1691 567 2069 624 Narbonensi.
2103 567 2156 632 Α
2187 583 2316 620 rum
2349 565 2602 636 spatium
2627 563 2696 618 ad
2719 563 2840 618 hmo
2864 563 3064 618 omnia
3083 557 3502 634 praestanda?
3527 557 3803 614 Praefatae
3821 574 3896 628 sy-

435 649 496 723 ln
529 666 866 739 pontificatu
891 681 1022 721 vero
1043 663 1252 734 prioris
1281 660 1530 715 instituti
1562 658 1654 714 sui
1677 656 2072 720 memor,dum
2181 655 2333 709 nodo
2364 653 2906 723 Tolosanm'prteses
2929 650 3232 722 delegatus
3275 653 3388 706 est
3427 666 3470 704 a
3509 663 3682 720 papa
3715 649 3898 702 noster

433 737 646 810 nomen
677 752 1101 816 subscribebat,
1136 765 1250 804 non
1293 749 1478 803 solum
1527 746 1940 818 archiepiscopi
1973 745 2074 798 sed
2185 741 2565 796 Raimbaldus
2615 747 2894 812 tanquam
2943 744 3156 795 sanctae
3202 739 3390 794 sedis
3449 737 3759 792 vicarius.
3803 737 3896 788 An.

431 845 608 900 etiam
657 839 924 895 monachi
957 837 1192 892 titulum
1236 837 1446 892 addere
1476 835 1716 890 solebat.
1753 833 1826 888 Ea
1876 840 2080 903 procul
2187 831 2326 885 1(‘60
2355 830 2583 902 praefuit
2611 827 2853 884 concilio
2885 827 3306 884 Avenionensi.

433 930 612 986 dubio
631 927 848 983 ratione
866 925 1223 996 gratificatus
1246 925 1406 980 estS.
1427 923 1672 977 Victoris
1693 920 2078 990 monasterio;
2256 918 2380 973 Non
2413 921 2718 972 contentus
2751 917 3085 972 benefacere
3115 915 3174 972 in
3208 933 3336 972 sua
3373 913 3676 982 dimcesi,
3705 913 3898 968 funda-

434 1018 593 1075 dedit
615 1017 767 1071 enim
792 1018 1011 1086 partem
1031 1029 1205 1083 quam
1229 1012 1552 1068 habebatin
1575 1015 1764 1065 castro
1781 1011 1850 1064 de
1865 1009 2076 1072 Auriee,
2185 1006 2266 1061 vit
2297 1007 2356 1061 in
2389 1005 2770 1076 Forojuliensi
2801 1005 3102 1062 ecclesiam
3135 1022 3240 1076 pro
3277 1003 3582 1070 clericis,
3609 1019 3770 1074 quos
3799 1003 3898 1058 sub

435 1123 584 1161 anno
622 1102 996 1170 103:3,indict.
1017 1118 1108 1167 In;
1143 1101 1300 1156 dedit
1321 1117 1550 1171 quoque
1579 1098 1636 1152 in
1663 1115 1870 1152 manus
1897 1095 2074 1151 lsarni
2187 1094 2438 1166 regulari
2471 1111 2676 1150 norma
2699 1093 3064 1158 constitutos,
3091 1092 3384 1148 Ecclesiae
3425 1093 3736 1147 Romana:
3765 1107 3898 1146 sem-

434 1192 680 1254 abbatis,
715 1207 829 1260 quo
863 1188 1143 1258 magistro
1175 1189 1352 1243 vitam
1385 1188 1625 1241 edoctus
1663 1187 1848 1240 fuerat
1879 1200 2078 1238 mona-
2189 1199 2291 1254 per
2319 1199 2446 1236 esse
2478 1182 2742 1237 subditos
2763 1182 2966 1252 jussit,
2995 1182 3078 1236 uti
3109 1180 3332 1236 scribit
3367 1181 3454 1234 ad
3491 1179 3896 1234 Alexandrum

434 1281 638 1336 sticam
660 1277 962 1333 ecclesiam
991 1277 1048 1332 S.
1074 1275 1302 1330 Genesii
1329 1291 1430 1329 seu
1455 1276 1512 1329 S.
1541 1273 1835 1334 Honorati,
1861 1275 2080 1326 retento
2189 1287 2398 1342 papam
2431 1271 2500 1324 ll.
2535 1271 2897 1341 Proindeque
2935 1269 2992 1324 id
3023 1269 3276 1323 minime
3317 1269 3572 1324 factum
3631 1273 3772 1324 ante
3803 1285 3899 1322 an-

435 1385 536 1440 pro
567 1365 732 1421 altari
762 1365 819 1418 S.
854 1363 1135 1434 Stephani
1167 1362 1248 1418 vel
1278 1362 1334 1416 S.
1362 1361 1664 1432 Trophimi
1695 1376 1872 1415 censu
1909 1358 2082 1413 unius
2191 1375 2330 1412 num
2367 1359 2522 1426 1061,
2568 1375 2683 1428 quo
2713 1357 3024 1412 inchoatur
3073 1356 3420 1412 Alexandri
3489 1357 3896 1428 pontificatus.

435 1457 594 1510 librae
625 1451 845 1508 incensi
881 1452 936 1506 in
971 1452 1236 1522 ejusdem
1269 1453 1326 1504 S.
1353 1450 1648 1520 'l‘ropbimi
1683 1449 1847 1503 festo.
1873 1447 2080 1502 Obser-
2189 1447 2430 1500 Gratum
2467 1447 2575 1500 fuit
2604 1445 2924 1500 Alexandro
2959 1445 3302 1500 Raimbaldi
3341 1443 3726 1514 consilium,
3753 1444 3894 1500 ideo-

433 1544 660 1599 vatione
689 1542 931 1612 dignum
963 1544 1290 1594 estnomen
1323 1543 1376 1592 et
1417 1537 1652 1592 titulum
1687 1537 1744 1591 S.
1779 1535 2078 1607 TrOphimi
2191 1551 2303 1606 que
2353 1533 2664 1590 Ecclesiam
2715 1533 3108 1604 Barjolensem
3158 1535 3274 1588 sub
3333 1533 3644 1589 Ecclesia:
3697 1533 3896 1589 Roma-

435 1631 690 1687 ecclesiae
729 1628 1046 1683 Arelatensi
1096 1631 1226 1698 post
1278 1628 1336 1680 S.
1372 1625 1648 1697 Stephani
1707 1641 1915 1679 nomen
1967 1641 2080 1678 non
2192 1641 2277 1677 nte
2309 1622 2490 1677 tutela
2531 1623 2814 1693 suscepit;
2848 1627 2904 1676 et
2953 1621 3009 1676 in
3061 1623 3523 1694 argumentum
3584 1619 3894 1691 subjectis-

435 1713 616 1774 fuissc
639 1718 926 1788 adjectum
955 1720 1084 1769 ante
1109 1714 1507 1785 pontificatum
1533 1712 1724 1768 Pontii
1751 1731 1902 1767 anno
1925 1713 2080 1777 1029,
2195 1713 2284 1766 nis
2318 1728 2578 1765 annuum
2611 1727 2851 1766 censum
2885 1709 3110 1764 denarii
3141 1711 3312 1766 aurei
3351 1710 3720 1781 imperavit.
3753 1711 3892 1766 Idem

439 1813 502 1862 ut
529 1808 719 1860 videre
750 1805 919 1859 estin
954 1804 1216 1873 ejusdem
1243 1803 1462 1868 charta,
1495 1819 1666 1872 quem
1701 1801 1965 1856 imitatus
1997 1804 2086 1854 est
2191 1800 2663 1870 archiepiscopus
2702 1799 2773 1853 ad
2824 1799 3238 1854 canonicorum
3293 1798 3702 1870 regularium
3739 1798 3890 1852 insti-

439 1893 839 1950 Raimbaldns.
866 1897 1033 1945 Anno
1061 1891 1534 1986 1037subscribit
1555 1889 1761 1944 litteris
1783 1889 2076 1946 Gaulfredi
2109 1923 2156 1986 B
2193 1893 2384 1943 tutum
2417 1887 2892 1959 amplectendam
2941 1887 3182 1958 majoris
3221 1887 3533 1942 Ecclesia:
3583 1887 3891 1943 canonicos

436 1987 494 2037 et
539 1980 838 2036 Bertrandi
890 1980 1168 2034 comitum
1211 1975 1518 2033 Provincim
1559 1994 1661 2048 pro
1710 1977 2078 2032 Cluniacensi
2109 1973 2156 1986 "
2187 1977 2446 2038 adduxit,
2471 1975 2686 2047 quibus
2707 1973 3066 2040 Willelmus,
3093 1975 3524 2032 Massiliensis
3548 1975 3886 2038 vicecomes,

439 2069 810 2134 monasterio,
836 2083 902 2122 ex
924 2067 1186 2137 ejusdem
1221 2063 1458 2121 tabulis.
1491 2067 1654 2120 Anno
1689 2065 1843 2128 10-10,
1877 2065 2077 2119 Idibus
2185 2064 2381 2136 ampla
2411 2063 2718 2118 latifundia
2761 2067 2818 2118 et
2847 2064 3256 2134 possessiones
3312 2065 3382 2118 in
3425 2065 3662 2120 Craudi
3695 2080 3887 2134 campo

438 2158 723 2226 Octobris,
780 2156 967 2211 adfuit
1023 2153 1370 2210 dedicationi
1428 2153 1680 2208 basilica:
1739 2153 1796 2208 S.
1829 2153 2076 2208 Victoris
2185 2152 2446 2219 donavit;
2497 2168 2674 2222 quam
2735 2151 3165 2206 ordinationem
3237 2151 3635 2208 instauravit
3695 2157 3885 2223 postea

439 2243 824 2302 Massiliensis
855 2259 1032 2314 opera
1064 2241 1356 2298 Benedicti
1387 2259 1546 2314 papae
1587 2241 1675 2296 1X.
1707 2241 1943 2302 Eodem,
1967 2257 2075 2294 an-
2185 2241 2486 2313 Aycardus
2519 2239 3014 2310 archiepiscopus,
3052 2245 3115 2294 ut
3143 2246 3410 2311 apparet
3465 2256 3544 2295 ex
3593 2239 3805 2296 charta
3831 2239 3880 2292 in

439 2351 534 2402 no,
585 2333 896 2388 indictione
947 2349 1070 2402 Vin,
1125 2329 1570 2386 controversiam
1629 2329 1864 2384 diremit
1927 2329 2079 2383 inter
2185 2329 2416 2384 archivo
2462 2327 2782 2384 Arelatensi
2831 2327 3030 2384 relata.
3065 2329 3340 2384 Tandem
3403 2327 3728 2384 benedixit
3761 2329 3880 2382 1065

441 2420 832 2478 Massilienses
863 2424 920 2474 et
948 2418 1159 2474 Montis
1193 2417 1428 2488 Majoris
1459 2417 1797 2484 monachos,
1831 2431 2078 2487 praesen-
2185 2417 2490 2474 ecclesiam
2547 2417 2603 2471 S.
2641 2417 2790 2472 Petri
2839 2421 2898 2472 et
2943 2421 3192 2472 Correus
3242 2419 3382 2488 [al.,
3439 2418 3512 2474 Β.
3557 2417 3762 2472 Maria
3813 2417 3872 2470 de

435 2510 594 2566 tibus
619 2507 906 2565 Gaufredo
955 2511 1012 2561 et
1057 2507 1372 2560 Bertranno
1420 2505 1752 2570 comitibus,
1787 2504 2077 2560 Willelmo
2184 2507 2454 2576 Ccrrcno]
2479 2505 2579 2561 ubi
2613 2504 3034 2560 monasterium
3063 2509 3190 2560 erat
3217 2509 3690 2570 constructum,
3725 2521 3790 2560 ac
3817 2503 3866 2558 in

437 2605 495 2655 et
523 2597 769 2653 Fulcone
799 2594 1234 2652 vicecomitibus
1281 2593 1570 2660 Massiliae,
1604 2593 1720 2648 Hoc
1767 2593 1893 2665 ipso
1927 2609 2077 2647 anno
2185 2595 2276 2650 die
2307 2593 2762 2650 consecrationis
2809 2593 3240 2650 absolutionem
3275 2613 3313 2650 θ.
3347 2594 3720 2667 pmnitentia
3745 2608 3862 2650 om-

438 2683 786 2756 subscripsit
813 2681 1023 2740 chartae
1055 2681 1260 2738 Amelii
1294 2683 1656 2738 Seneciensis
1687 2681 1940 2752 episcopi
1975 2695 2077 2751 pro
2187 2681 2361 2738 nibus
2411 2682 2695 2738 beneficia
2741 2683 2964 2738 daturis
3019 2681 3156 2738 huic
3213 2683 3498 2740 ecclesiae
3553 2681 3863 2746 concessit;

437 2775 496 2832 S.
528 2775 774 2830 Victore.
811 2773 1103 2843 Frequens
1135 2775 1222 2826 est
1263 2770 1536 2842 deinceps
1565 2769 1830 2840 ejusdem
1861 2768 2077 2824 mentio
2186 2787 2301 2842 quo
2333 2770 2426 2826 die
2451 2770 2864 2838 anniversario,
2895 2787 3110 2844 magna
3137 2770 3284 2828 olim
3334 2772 3676 2828 festivitate
3717 2767 3860 2826 cele-

439 2865 500 2919 in
530 2860 845 2918 Victorinis
893 2859 1134 2927 tabulis,
1165 2863 1231 2914 ut
1277 2874 1770 2930 supervacaneum
1819 2856 2082 2912 videatur
2187 2860 2418 2914 bratum
2451 2859 2633 2914 fuisse
2681 2859 2990 2930 jubilmum
3019 2860 3394 2918 Correnense
3455 2864 3628 2932 patet
3669 2875 3740 2916 ex
3781 2863 3859 2913 ta-

440 2949 705 3022 singulas
746 2963 1107 3020 percurrere;
1143 2947 1394 3002 maxime
1445 2963 1578 3002 cum
1627 2945 1742 3002 alia
1786 2945 2080 3002 notatione
2187 2947 2326 3003 bula
2363 2948 2612 3004 ccenobii
2661 2949 2874 3004 Montis
2923 2949 3182 3019 Majoris.
3216 2949 3612 3021 Subscripsit
3659 2944 3857 3002 litteris

443 3037 710 3110 digniora
737 3036 1054 3106 supersint.
1119 3079 1124 3084 .
2187 3036 2450 3092 Almodis
2477 3037 2788 3093 comitissa:
2811 3037 3227 3104 Ruthenensis,
3251 3035 3856 3104 Nemausensis,etc.,

515 3129 674 3181 Anno
704 3125 930 3180 circiter
979 3123 1115 3178 1050
1163 3124 1508 3180 Raimbaldo
1555 3125 1978 3196 subjectionem
2027 3129 2084 3180 et
2189 3125 2405 3196 quibus
2471 3125 2672 3180 subdit
2737 3125 3160 3180 monasterium
3221 3127 3284 3181 S.
3349 3125 3608 3198 zEgidii,
3671 3119 3854 3178 abbati

441 3213 820 3270 reverentiam
843 3211 1131 3284 promisit,
1147 3213 1466 3268 secundum
1488 3219 1772 3285 praecepta
1791 3229 2080 3270 canonum
2121 3277 2154 3285 _
2190 3213 2582 3282 Cluniacensi;
2632 3214 2752 3268 dat.
2789 3230 2883 3268 an.
2929 3215 3086 3278 1066,
3121 3231 3224 3270 νιιι
3271 3215 3408 3271 Kal.
3461 3212 3752 3270 Januarii.
3799 3209 3852 3262 In

444 3309 501 3361 et
521 3307 752 3375 patrum
773 3277 1316 3364 instituta,Pontius
1335 3277 1630 3373 Aquarum
1654 3277 1978 3358 Sextiarum
1999 3319 2084 3358 ar—
2113 3277 2155 3344 (ἶ
2191 3277 2620 3374 subscriptione
2648 3318 2710 3358 se
2749 3301 2928 3358 simul
2977 3277 3120 3358 dicit
3165 3302 3700 3378 archiepiscopum
3727 3303 3852 3354 Aro-

441 3391 870 3464 chiepiscopus;
908 3393 1274 3461 testaturque
1303 3389 1631 3446 Honoratus
1661 3389 1890 3446 Bouche
1925 3391 2079 3446 idem
2187 3391 2492 3458 latensem,
2527 3395 2584 3446 et
2613 3391 2884 3446 Romanis
2923 3391 3186 3447 Ecclesiae
3213 3391 3544 3448 vicarium.
3577 3387 3848 3446 Eumdem

443 3480 781 3553 praestitisse
813 3478 1188 3534 Bertrandum
1223 3478 2078 3551 Forojuliensem,Angelricum
2187 3480 2366 3534 vitam
2393 3479 2738 3550 produxisse
2779 3495 2964 3550 usque
3009 3479 3080 3534 ad
3131 3497 3364 3538 annum
3421 3481 3566 3536 1067
3615 3477 3848 3550 probant

443 3569 788 3640 Regensem,
823 3567 1316 3638 Benedicta-mque
1345 3567 1824 3633 Avenionensem,
1855 3567 2078 3622 laudat-
2191 3567 2394 3626 littera:
2424 3567 2756 3640 Hieronymi
2787 3569 3119 3638 cujusdam,
3154 3585 3308 3640 quas
3339 3583 3416 3626 ex
3445 3583 3665 3640 magno
3695 3564 3842 3620 char-

443 3673 554 3728 que
573 3656 788 3712 librum
817 3656 1266 3710 sacramentalem
1295 3655 1710 3720 Arelatensem,
1753 3656 1836 3710 sic
1857 3657 2078 3710 dictum
2189 3657 2398 3712 tulario
2425 3656 2484 3711 S.
2511 3656 2761 3712 Victoris
2793 3657 2944 3712 eruit
2971 3656 3058 3711 vir
3085 3657 3166 3712 Cl.
3195 3659 3552 3715 Antoninus
3583 3655 3654 3712 de
3685 3649 3842 3714 Rulli;

443 3745 598 3818 quod
629 3744 968 3815 hujusmodi
995 3749 1364 3800 sacramenta
1395 3744 1704 3799 contineat.
1729 3745 2082 3800 Recensetur
2189 3751 2244 3802 et
2273 3746 2344 3799 ad
2379 3761 2484 3800 nos
2515 3761 2616 3815 pro
2649 3745 2820 3800 solita
2851 3745 3012 3801 misit
3041 3745 3440 3803 humanitate.

441 3835 594 3890 inter
631 3833 830 3888 Patres
879 3837 1194 3890 conventus
1243 3833 1688 3888 Barcinonensis
1737 3832 1874 3888 anui
1921 3835 2076 3888 1054.
2260 3835 2528 3888 Attamen
2577 3833 2732 3888 idem
2791 3833 3022 3888 ltufﬁus
3073 3835 3388 3891 contendit
3441 3829 3840 3890 Raimbaldum

439 3925 546 3980 An.
583 3923 718 3978 1056
749 3922 820 3994 (si
849 3923 995 3978 bene
1039 3922 1366 3991 conjectant
1409 3920 1676 3976 Baluzius
1707 3926 1762 3977 et
1793 3921 2080 3993 Labbeus)
2189 3941 2286 3980 an.
2319 3923 2457 3976 1060
2499 3923 2626 3992 jam
2679 3923 2927 3978 cessisse
2951 3923 3148 3978 sedem
3209 3923 3484 3988 Aicardo,
3517 3938 3634 3993 quo
3681 3931 3837 3982 anna,

441 4009 628 4082 pridie
673 4009 866 4064 Nonas
919 4009 1287 4080 septembris.
1328 4025 1461 4063 cum
1513 4009 1863 4080 Lcodegario
1909 4009 2079 4064 Vien-
2190 4011 2398 4082 inquit,
2433 4009 2782 4080 subscripsit
2819 4010 2914 4064 hic
2961 4011 3194 4065 cuidam
3231 4011 3476 4080 chartas,
3511 4023 3687 4082 quam
3715 4001 3840 4074 legit

439 4097 629 4164 nensi,
651 4101 708 4152 et
737 4096 938 4167 legatis
969 4097 1462 4162 Narbonensibus,
1491 4097 1802 4152 concilium
1823 4097 2080 4154 celebra—
2191 4100 2314 4170 ipse
2349 4099 2593 4153 l‘tuffius.
2627 4096 2876 4153 Aliunde
2924 4115 3028 4169 pro
3059 4103 3215 4154 certo
3247 4100 3510 4156 habetur
3559 4089 3832 4152 Raimbal-

439 4185 522 4240 vit
559 4185 964 4256 episcoporum
1007 4201 1119 4238 χχιι
1151 4185 1302 4255 apud
1337 4185 1393 4238 S.
1427 4185 1738 4256 rEgidium.
1764 4187 1872 4240 Sed
1906 4187 2081 4242 citius
2191 4189 2330 4242 dum
2361 4192 2586 4242 mature
2617 4190 2751 4242 ante
2783 4191 3030 4241 mortem
3063 4189 3334 4258 deposito
3365 4184 3648 4260 pastorali
3679 4191 3834 4238 onere

441 4273 706 4328 habitum
741 4272 918 4326 fuisse
949 4289 1092 4343 pene
1123 4283 1342 4326 certum
1367 4273 1592 4328 videtur
1609 4274 1695 4330 vel
1727 4291 1790 4330 ex
1823 4275 1946 4330 solo
1977 4275 2084 4330 [λιι-
2193 4273 2574 4332 monasticam
2625 4273 2684 4329 in
2731 4275 2992 4329 ccenobio
3044 4275 3346 4334 Victorino
3405 4275 3584 4330 vitam
3639 4271 3829 4325 iterum

441 4361 764 4418 tevensium
795 4360 1200 4432 episcoporum
1231 4361 1439 4417 indice.
1464 4363 1702 4418 Constat
1733 4363 1880 4418 hanc
1910 4381 2079 4434 syno-
2191 4381 2318 4422 esse
2349 4363 2703 4434 amplexum.
2737 4363 2806 4418 Ut
2853 4380 2986 4419 vero
3019 4381 3145 4436 qua:
3179 4366 3260 4421 sit
3305 4369 3516 4422 nostra
3563 4351 3830 4418 sententia

441 4453 582 4507 dum
611 4453 798 4506 actam
829 4465 956 4505 esse
989 4450 1172 4521 pridie
1200 4450 1391 4506 Nonas
1424 4452 1738 4523 Septemb.,
1769 4457 1825 4506 et
1853 4452 2086 4508 Tolosa-
2191 4455 2634 4525 depromamus,
2695 4451 3072 4507 manifestum
3133 4454 3305 4511 nobis
3363 4453 3598 4509 videtur
3654 4443 3826 4501 Raim-

441 4555 578 4596 nam
629 4539 828 4594 Idibus
875 4539 1138 4608 ejusdem
1185 4539 1423 4606 mensis,
1475 4555 1622 4595 anno
1671 4541 1828 4596 1056.
1864 4541 2081 4597 Narbo-
2191 4541 2430 4598 baldum
2461 4540 2638 4596 vitam
2689 4541 3034 4611 produxisse
3067 4559 3254 4615 usque
3309 4545 3383 4600 ad
3435 4531 3822 4598 annum1067-

442 4628 608 4684 nensi
629 4629 782 4699 apud
807 4629 864 4682 S.
894 4627 1184 4698 Aﬂgidium
1207 4629 1395 4682 adfuit
1415 4630 1744 4684 Bernardus
1776 4631 2083 4703 cpiscopus
2115 4639 2160 4703 D
2191 4633 2338 4686 Ante
2371 4634 2613 4686 mortem
2647 4630 2884 4701 quidem
2917 4632 3094 4686 statui
3127 4634 3455 4689 monastico
3489 4641 3688 4684 rursus
3715 4631 3826 4675 sese

443 4715 799 4781 Lutevensis,
832 4721 888 4770 et
919 4715 1216 4770 Tolosana:
1249 4717 1599 4787 Rostagnus.
1621 4718 1676 4771 Si
1701 4719 1901 4774 eodem
1934 4737 2085 4778 anno
2198 4718 2445 4784 addixit;
2480 4717 2578 4774 sed
2611 4733 2725 4789 quo
2773 4721 3056 4790 tempore,
3089 4737 3202 4774 non
3255 4722 3546 4776 audemus
3584 4707 3819 4770 definire-

441 4803 739 4858 celcbratze
765 4809 902 4858 sunt
931 4803 1017 4857 hae
1041 4805 1270 4875 synodi,
1293 4805 1442 4860 inter
1463 4811 1772 4878 utramque
1799 4807 2090 4866 fluxerunt
2199 4808 2260 4862 In
2317 4807 2594 4862 electione
2655 4805 2930 4860 Bernardi
2989 4807 3222 4864 abbatis
3279 4811 3326 4864 ll
3359 4813 3417 4864 S.
3447 4801 3686 4860 Victoris
3737 4809 3818 4848 aﬂ-

441 4893 668 4943 tantum
713 4907 916 4945 novem
964 4892 1108 4946 dies.
1144 4893 1250 4956 Qui
1289 4909 1423 4950 vero
1469 4894 1590 4949 fieri
1625 4896 1813 4966 potuit
1857 4901 1920 4952 ut
1967 4903 2084 4953 tam
2199 4898 2355 4962 1065,
2389 4911 2598 4952 nomen
2655 4895 3055 4959 subscribens,
3099 4897 3602 4970 archiepiscOpum
3649 4901 3705 4941 se
3749 4879 3816 4970 8ίῇ

441 4975 600 5030 brevi
631 4981 890 5049 tempore
919 4979 1033 5033 duo
1065 4981 1279 5036 fuerint
1307 4981 1652 5038 Lutevenses
1684 4984 2087 5058 episcopi,qui
2197 4985 2319 5038 mul
2368 4989 2424 5040 et
2473 4983 2822 5039 monachum
2881 4984 3038 5039 dicit.
3073 4985 3218 5040 Toto
3279 4969 3374 5042 illo
3431 4989 3677 5051 tempore
3728 4969 3818 5058 βυτ

443 5061 1602 5125 iisadfueruntPCertemortuoBernardo
1627 5089 1737 5126 non
1761 5057 2085 5144 potuitiieri
2195 5074 2378 5142 nulla,
2439 5083 2538 5129 aut
2594 5079 2746 5128 certe
2819 5090 2948 5128 rara
2999 5075 3229 5129 Aicardi
3307 5065 3644 5130 successoris
3697 5057 3812 5126 ejus

443 5147 664 5216 electio,
697 5151 808 5205 nisi
845 5159 972 5222 post
1019 5155 1352 5212 facultatem
1405 5159 1830 5230 metropolitani
1867 5163 2082 5220 datam.
2197 5163 2495 5218 memoria.
2570 5163 2697 5218 Dies
2761 5162 3145 5233 depositionis
3215 5159 3536 5220 Raimbaldi
3601 5147 3814 5206 ῐιοῒαῖυν

443 5236 780 5294 Debuerant
827 5242 1128 5296 convocari
1176 5245 1430 5316 episcopi
1471 5249 1983 5318 comprovinciales
2015 5253 2086 5308 ad
2193 5269 2294 5308 xui
2339 5252 2528 5308 Martii
2587 5252 2644 5306 in
2699 5251 3034 5324 Necrologio
3091 5253 3394 5312 Canonieaz
3451 5249 3544 5318 (La
3589 5241 3806 5296 Canour-

443 5327 936 5386 consecrationem
971 5330 1100 5385 novi
1133 5331 1408 5404 episcopi.
1441 5335 1528 5390 An
1559 5335 1700 5393 satis
1733 5338 1842 5394 fuit
1873 5357 1932 5396 1x
1961 5341 2086 5398 die-
2193 5343 2339 5414 gae).

1707 5615 1784 5634 ⁸⁸·-
1797 5613 2558 5650 Μαιω-
