3978 6348
200 404 236 466 1
249 403 366 468 393

1681 402 2160 468 DlPLOMATA.

3475 407 3628 469 £394

1173 743 1851 860 RAIMBALDI
1932 739 2675 860 DIPLOMATA.

1019 1089 1060 1144 Ι.

417 1178 787 1250 Przvilegium
816 1193 915 1250 pro
943 1181 1284 1236 monasteria
1318 1179 1372 1235 S.
1409 1179 1668 1234 Victoris.

848 1267 1034 1338 (Anno
1060 1269 1243 1339 1035.)

461 1357 625 1430 [GalL
663 1358 894 1426 Christ,
922 1361 960 1412 t.
995 1358 1037 1424 Ι,
1073 1359 1379 1424 Instrum.,
1411 1375 1466 1430 p.
1499 1359 1614 1428 95.]

281 1446 756 1518 Omnipotentem
796 1447 981 1501 Deum
1015 1463 1148 1502 cum
1183 1447 1462 1503 ineffabili
1505 1445 1869 1519 providentia

204 1552 317 1592 suo
347 1535 494 1591 velle
521 1535 744 1607 liqueat
770 1552 999 1592 creasse
1030 1541 1259 1607 cuneta,
1293 1541 1481 1593 exstat
1511 1536 1731 1592 homini
1765 1537 1862 1591 da-

203 1627 330 1680 tam
361 1625 431 1679 ad
466 1624 883 1696 possidendam
915 1629 1129 1680 terram
1158 1626 1453 1697 simulque
1485 1625 1866 1698 subsistentia

201 1711 268 1768 in
305 1731 372 1768 ea
399 1713 484 1769 vel
518 1730 583 1767 ex
615 1730 700 1768 ea.
749 1714 1030 1780 Quocirca
1075 1731 1180 1786 ego
1233 1720 1626 1778 RMMBALDUS,
1678 1715 1866 1787 gratia

206 1802 310 1857 Dei
331 1803 488 1858 sedis
506 1801 866 1858 Arelatensis
882 1804 1230 1875 praesulatus
1251 1805 1468 1861 honore
1487 1804 1863 1874 sublimatus,

203 1907 451 1947 enorme
463 1890 656 1946 scelus
675 1907 872 1947 meum
894 1893 1282 1949 considerans
1306 1895 1627 1966 plurimum
1643 1910 1863 1949 necnon

205 1980 646 2037 discussionem
666 1979 844 2035 futuri
873 1983 1484 2054 peceatorumjudicii;
1510 1983 1864 2054 territusque

203 2070 500 2125 immania
524 2071 898 2125 flammarum
941 2072 1378 2143 gehennalium,
1410 2078 1517 2136 etc.
1552 2072 1738 2143 Igitur
1759 2071 1863 2125 ho-

204 2175 344 2215 rum
378 2175 622 2226 memor,
656 2163 936 2214 terrorem
959 2161 1182 2231 judicis
1227 2163 1571 2227 formidans,
1605 2162 1862 2217 clemen-

199 2247 354 2310 tiam
404 2247 809 2320 Redemptoris
844 2249 1223 2322 amplectens,
1272 2255 1490 2306 terram
1523 2268 1663 2306 mea:
1711 2255 1864 2323 pote-

203 2335 379 2393 statis
410 2353 671 2408 meazque
692 2337 933 2393 ditionis
967 2339 1352 2411 omnipotenti
1379 2341 1517 2406 Deo,
1547 2340 1861 2412 Sanctique

1896 1086 1942 1152 Α
1974 1090 2209 1146 Autrico
2253 1091 2406 1147 ﬁrm.
2455 1092 2818 1166 Rostragnus
2851 1094 3198 1150 Willamuro
3255 1095 3411 1152 ﬁrm.
3471 1096 3627 1152 Bon-

1977 1199 2158 1256 porus
2189 1183 2340 1240 ﬁrm.
2763 1269 2810 1323 Π

2013 1345 2290 1420 Aosotutz'o
2335 1363 2373 1401 a
2401 1349 2716 1418 penitentiis
2745 1351 3061 1420 impertit-ur
3090 1352 3150 1405 in
3183 1352 3590 1406 consecratione

2049 1419 2310 1473 Ecclesia:
2353 1428 2558 1476 sancta:
2589 1421 2781 1478 Mariae
2807 1419 2873 1476 de
2903 1422 3136 1478 συννεηο
3162 1441 3280 1492 qua:
3311 1423 3550 1478 dotatur.

2598 1510 2785 1579 (Anno
2827 1513 3002 1581 1065,)

2174 1597 2365 1668 [Apud
2398 1600 2731 1665 ACHERIUM,
2757 1599 2948 1671 Spicil.
2982 1603 3022 1656 t.
3056 1601 3150 1667 VI,
3182 1619 3236 1673 p.
3272 1603 3420 1672 441.]

2046 1703 2423 1760 RAIMBALDUS
2454 1723 2656 1762 servus
2687 1724 2988 1763 servorum
3019 1709 3141 1774 Dei,
3177 1707 3501 1780 apostolica
3529 1725 3628 1764 au-

1975 1792 2242 1848 ctoritate
2272 1796 2548 1851 omnibus
2567 1801 2684 1851 tam
2704 1797 2931 1854 clericis
2956 1815 3130 1869 quam
3155 1797 3319 1854 laicis
3351 1797 3625 1863 salutem,

1975 1881 2332 1951 adjutorium
2357 1901 2591 1956 quoque
2615 1886 3033 1957 pmnitentibus
3061 1888 3336 1943 concedo.
3363 1888 3425 1942 In
3450 1888 3626 1942 bene-

1974 1970 2226 2026 dictione
2257 1974 2514 2029 ecclesize
2545 1976 2770 2031 Sanctis
2802 1976 3126 2042 Trinitatis,
3155 1982 3211 2032 et
3241 1981 3461 2032 Sanctae
3511 1980 3626 2031 Ma-

1974 2059 2091 2125 riae,
2127 2061 2442 2134 Sanctique
2479 2064 2723 2121 Joannis
2749 2082 2813 2120 ac
2847 2067 3045 2121 Sancti
3077 2066 3229 2121 Petri
3260 2067 3319 2121 in
3351 2065 3622 2130 Correus,

1974 2152 2031 2202 et
2061 2148 2119 2203 in
2151 2152 2279 2220 ejus
2301 2154 2737 2210 consecratione
2762 2155 2934 2211 talem
2960 2155 3389 2211 absolutionem
3424 2170 3624 2210 conce-

1973 2237 2192 2306 dimus,
2226 2245 2290 2294 ut
2319 2241 2648 2314 cuicunque
2679 2245 2962 2300 beneﬁcia
2991 2246 3238 2302 daturus
3267 2247 3417 2302 hanc
3446 2247 3624 2303 eccle-

1972 2325 2120 2381 siam
2155 2328 2502 2401 ingreditur,
2535 2338 2746 2388 cuneta
2776 2350 2838 2389 se
2867 2335 3215 2406 impetrasse
3253 2336 3512 2405 laetetur;
3565 2341 3623 2393 et

196 2424 465 2482 Victoris
496 2427 774 2498 martyris
802 2429 1156 2484 monasterio
1190 2429 1344 2484 haud
1378 2428 1548 2502 longe
1586 2447 1619 2485 a
1655 2429 1860 2484 mmni-
1891 2462 1938 2527 B
1967 2431 1993 2486 ι

1991 2418 2257 2473 )mnitens
2289 2421 2389 2490 qui
2421 2422 2492 2476 ad
2517 2437 2644 2477 eam
2665 2423 2721 2478 in
2748 2425 3185 2480 consecratione
3215 2427 3343 2496 ejus
3363 2427 3622 2482 advene-

1991 2505 2042 2527 .:L
2073 2506 2180 2527 4-1-
2221 2525 2310 2527 _,_A
2355 2525 2366 2527 _
2397 2509 2434 2527 1⁸
2631 2512 2661 2527 -1
2694 2512 2704 2523 ο
2896 2513 2905 2523 ο
2958 2514 2968 2524 ο
3017 2517 3027 2527 ι
3110 2519 3119 2527 .
3201 2515 3238 2527 ιι
3508 2519 3518 2527 .

201 2515 324 2570 bus
355 2514 626 2570 Massiliae
660 2515 924 2581 fundato,
947 2517 1263 2573 abbatibus
1285 2535 1350 2573 ac
1368 2518 1672 2574 monachis
1705 2519 1855 2574 futu-

193 2603 284 2660 ris
315 2608 371 2660 et
402 2604 789 2674 praesentibus
821 2605 1039 2660 ibidem
1083 2607 1198 2662 Deo
1248 2608 1642 2663 servientibus
1675 2609 1853 2663 statui

193 2693 556 2761 donandam,
593 2698 650 2748 et
680 2693 961 2766 perpetim
987 2695 1341 2765 habendam,
1366 2697 1634 2752 videlicet
1657 2698 1726 2752 de
1758 2714 1850 2752 ea-

196 2785 327 2838 stro
360 2782 515 2854 quod
550 2788 791 2837 vocatur
830 2784 1030 2839 Auriol
1088 2803 1322 2841 omnem
1373 2804 1563 2842 meam
1627 2792 1851 2858 partem

195 2887 378 2943 quam
405 2887 510 2944 ego
542 2871 622 2925 ibi
655 2870 861 2941 habeo,
894 2873 980 2928 vel
1005 2873 1155 2930 alius
1193 2892 1297 2948 pro
1331 2893 1442 2943 me,
1480 2875 1568 2930 vel
1618 2879 1852 2946 excepto

196 2958 369 3016 alode
391 2960 516 3029 jam
548 2961 683 3016 dato
705 2961 763 3014 in
785 2960 922 3016 villa
944 2967 1002 3018 et
1022 2963 1279 3030 castello,
1301 2968 1354 3020 et
1377 2966 1534 3020 omni
1560 2965 1851 3020 territorio

195 3049 259 3104 in
293 3049 491 3114 cultis,
525 3053 581 3104 et
605 3049 660 3103 in
694 3050 928 3116 eremis,
960 3051 1020 3106 in
1041 3052 1226 3109 vineis
1255 3058 1311 3109 et
1343 3055 1545 3126 pratis,
1597 3053 1850 3125 pascuis,

205 3141 267 3193 et
297 3137 478 3206 silvis,
505 3137 748 3210 garricis
770 3139 1463 3212 etoglatis,cumeunctis
1496 3142 1851 3198 molendinis

198 3225 274 3280 ad
305 3241 498 3280 meam
531 3230 753 3296 partem
770 3227 839 3280 de
861 3225 1025 3282 alorle
1050 3233 1104 3283 et
1119 3231 1210 3284 feu
1231 3232 1316 3300 (f.,
1352 3230 1568 3301 feudo),
1597 3231 1852 3302 exceptis

197 3313 432 3369 duobus
463 3313 710 3379 mansis,
743 3332 894 3388 quos
929 3316 1060 3370 dedi
1098 3316 1388 3372 Aldoardo
1433 3323 1488 3374 et
1533 3319 1754 3373 Pontio.
1788 3319 1850 3374 In

197 3401 478 3458 omnibus
500 3400 681 3474 igitur
702 3407 758 3457 et
789 3421 891 3476 per
911 3405 1110 3459 omnia
1130 3406 1200 3460 de
1222 3407 1558 3478 supradicto
1580 3412 1769 3463 castro
1796 3412 1851 3463 et

196 3487 1210 3565 deomnibusappendieiisejusquze
1235 3495 1526 3566 pertinent
1548 3496 1619 3550 ad
1637 3513 1847 3564 meam,

197 3583 265 3636 ut
284 3579 366 3636 ita
395 3579 665 3647 dixerim,
697 3581 953 3649 friscam,
982 3583 1132 3639 dono
1152 3586 1363 3639 Sancto
1398 3584 1614 3640 Victori
1649 3602 1847 3657 perpe-

192 3669 436 3724 tualiter
464 3667 585 3724 haec
606 3670 809 3726 omnia
838 3688 1102 3727 meorum
1128 3673 1337 3728 timore
1360 3678 1754 3746 peccatorum,
1780 3675 1851 3730 si-

195 3756 323 3814 mul
354 3761 410 3813 et
429 3761 782 3814 aeternorum
798 3777 994 3816 amore
1011 3762 1402 3834 praamiorum,
1426 3763 1741 3819 venerabili
1763 3763 1850 3819 lo-

1969 2505 2045 2560 rit
2073 2506 2187 2562 tale
2219 2509 2542 2565 remedium
2594 2512 2705 2566 sibi
2755 2513 3070 2585 percipiat;
3105 2515 3339 2570 tertiam
3397 2519 3621 2587 partem

1964 2596 2317 2666 pcenitentiae
2350 2598 2437 2653 illi
2468 2599 2848 2669 dimittimus,
2879 2607 2936 2658 et
2963 2602 3270 2660 ecclesiam
3326 2621 3518 2677 usque
3549 2606 3618 2661 ad

1964 2689 2142 2756 caput
2174 2687 2310 2741 anni
2347 2687 2396 2742 ei
2424 2689 2731 2746 reddimus
2759 2696 2816 2745 et
2848 2708 3070 2763 pacem,
3106 2696 3161 2748 et
3192 2693 3434 2766 capillos
3466 2694 3620 2748 inei-

1962 2773 2098 2828 dere
2131 2775 2372 2843 habeat;
2397 2782 2453 2832 et
2483 2778 2531 2832 si
2565 2795 2724 2833 mors
2745 2779 2802 2833 in
2837 2781 3024 2852 capite
3055 2781 3190 2836 anni
3221 2781 3495 2847 evenerit,
3527 2780 3615 2836 vel

1962 2861 2206 2934 insuper
2235 2882 2476 2930 annum,
2511 2884 2578 2922 ex
2610 2873 2812 2923 nostra
2841 2874 3004 2940 parte
3039 2870 3346 2926 absolutus
3390 2886 3617 2941 perma-

1963 2957 2129 3019 neat;
2158 2957 2216 3008 et
2247 2954 2293 3008 si
2329 2955 2386 3009 in
2418 2955 2530 3011 alio
2563 2974 2714 3012 anno
2747 2958 3080 3014 annualiter
3115 2959 3202 3014 vel
3237 2959 3480 3032 insuper
3509 2977 3612 3016 an-

1963 3057 2128 3108 num,
2163 3042 2220 3096 in
2243 3060 2311 3098 ea
2342 3045 2711 3102 absolutione
2742 3053 3100 3118 permaneat.
3139 3051 3324 3116 Quam
3376 3049 3612 3105 absolu-

1960 3129 2182 3187 tionem
2215 3150 2248 3188 a
2269 3138 2470 3190 sancto
2493 3136 2659 3192 Petro
2683 3137 3037 3210 accepimus,
3062 3139 3178 3203 cui,
3204 3138 3399 3194 utfere
3419 3138 3613 3194 omnis

1960 3220 2286 3277 catholicus
2316 3223 2473 3278 orbis
2500 3226 2787 3297 agnoscit,
2822 3231 3079 3298 potestas
3111 3228 3339 3282 caelitus
3368 3231 3458 3283 est
3495 3226 3611 3283 col-

1961 3306 2098 3374 lata,
2134 3312 2401 3381 quemvis
2433 3313 2679 3369 solvat...
2737 3315 3004 3381 vinculis,
3040 3322 3094 3370 et
3125 3316 3264 3387 liget
3308 3332 3457 3386 quos
3487 3315 3614 3370 vult

1960 3397 2020 3450 in
2053 3397 2196 3453 cmlo
2244 3403 2300 3453 et
2331 3400 2387 3454 in
2422 3406 2594 3470 terra,
2626 3407 2680 3458 et
2709 3404 2800 3459 cui
2835 3404 2957 3458 vult
2987 3405 3267 3470 dimittat,
3321 3407 3378 3458 et
3434 3419 3609 3474 quem

1957 3488 2086 3541 vult
2110 3489 2333 3558 perdat.
2368 3490 2752 3563 Quapropter,
2787 3492 2954 3547 nobis
2985 3492 3461 3558 concedentibus,
3483 3491 3612 3564 qui-

1961 3591 2192 3647 cunque
2233 3577 2452 3633 bonum
2484 3579 2621 3635 huic
2644 3579 2768 3636 loco
2800 3581 3018 3648 fecerit,
3051 3581 3228 3636 talem
3253 3581 3612 3637 benedictio-

1961 3681 2094 3720 nem
2118 3666 2386 3739 accipiat,
2411 3669 2562 3724 sicut
2577 3669 2851 3742 superius
2867 3671 3148 3726 diximus.
3169 3671 3239 3726 Et
3253 3671 3352 3744 qui
3370 3671 3439 3726 ad
3465 3671 3616 3726 hanc

1960 3753 2268 3810 ecclesiam
2300 3755 2450 3823 ierit,
2483 3774 2726 3813 securus
2758 3760 2836 3832 ab
2867 3760 3147 3815 omnibus
3187 3761 3449 3816 inimicis
3493 3762 3619 3817 suis

195 3863 286 3916 co,
318 3847 491 3903 οωιυὶ
517 3847 766 3904 fratrum
797 3853 1020 3917 sancto,
1046 3853 1211 3907 trado
1235 3833 1611 3924 possidenda,
1645 3853 1857 3909 haben-
1885 3833 1928 3900 C
1964 3843 2159 3913 vadat,
2217 3849 2274 3901 et
2306 3847 2405 3918 qui
2447 3847 2499 3903 ei
2545 3847 2768 3921 aliquid
2819 3848 3222 3920 impedimenti
3283 3848 3623 3920 priestiterit

197 3937 294 4004 da,
342 3935 431 3992 vel
462 3937 736 4006 tenenda,
790 3956 894 4010 pro
945 3940 1152 3995 animae
1199 3958 1364 4009 meae,
1407 3941 1860 4015 genitorumquo

197 4041 466 4082 meorum
487 4025 836 4083 remissione
859 4029 1125 4084 omnium
1143 4031 1857 4102 peccatorum.Ullusvero

195 4117 536 4171 nostrorum
559 4122 890 4186 parentum,
915 4117 1035 4173 sive
1075 4118 1696 4192 fratrum,quicunque
1736 4139 1854 4193 per-

197 4219 504 4269 sonarum,
550 4203 599 4258 si
633 4203 905 4260 habuerit
935 4205 1079 4261 velle
1129 4207 1347 4262 donum
1387 4207 1494 4263 hoc
1552 4209 1855 4276 annularo,

197 4308 315 4348 non
346 4291 534 4348 valeat
591 4292 856 4366 implere,
910 4296 1011 4350 sed
1045 4302 1358 4368 componat
1390 4298 1446 4352 in
1491 4297 1725 4354 vinculo
1757 4300 1856 4354 de-

197 4397 325 4437 cem
376 4380 560 4436 libras
618 4383 689 4437 de
720 4399 884 4451 auro,
915 4383 1118 4456 itaque
1148 4386 1249 4440 Dei
1292 4387 1508 4441 summi
1544 4387 1718 4443 faciat
1762 4406 1856 4444 as-

196 4469 353 4526 sumi
405 4487 607 4541 poenas
639 4487 922 4542 perennes
961 4473 1103 4545 pati,
1149 4473 1295 4528 etin
1329 4474 1624 4530 infernum
1675 4477 1858 4544 trudi,

195 4561 256 4612 ct
284 4555 560 4630 deinceps
591 4556 700 4612 hoc
730 4559 951 4615 donum
983 4566 1331 4633 perpetuum
1373 4579 1438 4617 ac
1467 4564 1700 4619 ﬁrmum
1735 4582 1861 4636 per-

196 4649 432 4701 maneat
464 4645 524 4700 in
556 4663 765 4702 aevum.

267 4736 409 4790 Acta
441 4738 531 4790 est
563 4733 683 4790 haec
708 4737 946 4794 donatio
981 4756 1133 4796 anno
1164 4741 1235 4796 ab
1269 4739 1570 4797 incarnato
1614 4743 1858 4800 Domino

195 4824 359 4893 1035,
392 4822 716 4881 indictione
751 4843 833 4880 ιιι.

269 4913 388 4985 Ego
412 4912 800 4972 Raimbaldus
819 4933 953 4972 cum
987 4917 1315 4974 haeredibus
1339 4920 1486 4976 meis
1518 4919 1671 4975 hanc
1697 4921 1860 4977 char-

197 5005 323 5058 tam
356 5002 481 5058 ﬁeri
505 5004 663 5074 jussi
693 5009 752 5060 et
782 5007 1018 5063 ﬁrmare
1061 5009 1276 5081 rogavi.
1313 5009 1648 5064 Bonifacius
1683 5010 1861 5065 frater

199 5107 368 5147 meus
398 5107 492 5146 me
523 5099 794 5163 precante
828 5096 1101 5166 ﬁrmavit,
1141 5101 1197 5153 et
1230 5099 1418 5153 caeteri
1454 5098 1552 5170 qui
1594 5116 1857 5170 sequun-

1965 3933 2114 3988 sciat
2142 3950 2204 3989 se
2235 3936 2808 3992 excommunicatum
2841 3943 2898 3994 et
2936 3937 3525 3994 anathematizatum.
3559 3939 3617 3994 Si

1965 4022 2101 4094 quis
2135 4022 2352 4095 itaque,
2395 4026 2552 4097 quod
2600 4043 2712 4081 non
2764 4031 3060 4099 optamus,
3111 4026 3421 4084 temerario
3468 4043 3620 4083 ausu

1965 4117 2168 4167 contra
2216 4113 2366 4169 hanc
2416 4119 2675 4170 nostram
2727 4116 3176 4188 praeceptionem
3233 4117 3317 4173 ire
3373 4120 3620 4173 conatus

1964 4201 2157 4268 fuerit,
2193 4201 2328 4258 etin
2369 4203 2504 4260 villa
2535 4223 2662 4277 quae
2696 4205 2869 4279 vulgo
2893 4206 3112 4262 Coreno
3161 4207 3396 4273 dicitur,
3441 4208 3618 4263 offen-

1965 4291 2133 4357 derit,
2169 4291 2217 4346 si
2249 4291 2401 4347 infra
2447 4294 2839 4366 quadraginta
2872 4295 2998 4350 dies
3043 4296 3111 4350 ad
3144 4295 3618 4351 emendationem

1965 4396 2082 4434 non
2115 4381 2358 4444 venerit,
2393 4381 2540 4437 sciat
2571 4399 2632 4438 se
2681 4383 3060 4439 maledictum
3093 4385 3372 4440 omnibus
3431 4383 3618 4438 male-

1965 4469 2325 4526 dictionibus
2356 4487 2483 4542 quas
2517 4472 2575 4526 in
2606 4471 2762 4527 Novo
2788 4481 2840 4528 et
2872 4473 3059 4529 Veteri
3103 4474 3483 4528 continentur
3512 4475 3618 4528 Te-

1966 4562 2400 4626 stamento,etc.

2744 4651 2836 4706 Ill.

1968 4735 2171 4790 Charta
2217 4754 2324 4809 pro
2375 4738 2571 4793 Sancto
2622 4739 2840 4794 Victore
2868 4756 2899 4795 a
2941 4737 3256 4795 Raimboldo
3310 4737 3620 4794 Arelatensi

2392 4811 2796 4883 archiepiscopo
2843 4813 3186 4882 confirmata.

2585 4900 2773 4971 (Anno
2809 4900 2992 4969 1609.)

2379 4987 2542 5058 [GalL
2578 4989 2785 5045 Christ.
2823 4989 2956 5044 ibid.
2994 5005 3049 5060 p.
3075 4989 3225 5060 555.]

2039 5096 2156 5167 Ego
2188 5097 2528 5152 Jeronimus
2576 5097 2813 5153 Rainois
2853 5098 3150 5170 quondam
3195 5098 3354 5152 ﬁlius
3385 5101 3442 5152 et
3491 5097 3622 5152 Mir-

197 5184 297 5236 tur
329 5197 342 5236 :
368 5179 706 5238 Willelmus
736 5184 1057 5240 vicecomes
1076 5186 1371 5251 Massiliae,
1405 5205 1522 5242 una
1552 5204 1685 5241 cum
1717 5187 1857 5244 ﬁliis
1890 5207 1936 5269 υ
1969 5187 2184 5240 manda
2212 5203 2357 5240 uxor
2376 5202 2528 5248 mea,
2554 5186 2611 5241 in
2639 5188 2946 5258 przesentia
2982 5193 3041 5242 ι).
3068 5187 3397 5243 Raimbaldi
3422 5187 3620 5242 Arela-

200 5269 326 5326 suis
355 5268 573 5325 domno
606 5270 810 5326 Pontio
863 5273 1156 5346 episcOpo,
1219 5275 1463 5330 Aicardo
1495 5279 1551 5330 et
1580 5275 1852 5344 Fulcone,

198 5357 500 5430 Stephano
533 5363 591 5413 et
611 5364 930 5418 Bertranno
956 5364 1353 5418 ﬁrmaverunt.
1388 5367 1726 5419 Autrannus
1759 5366 1856 5419 ﬁr-

199 5448 402 5504 mavit.
419 5446 660 5503 Pontius
682 5449 752 5505 de
767 5450 1074 5507 Lambisco
1093 5453 1243 5508 ﬁrm.
1261 5452 1686 5524 Guiquiramus
1704 5453 1855 5508 ﬁrm.

199 5534 378 5592 Fulco
409 5535 562 5590 ﬁrm.
598 5537 850 5608 Majolus
886 5540 1172 5607 ﬁrmavit;
1207 5541 1325 5595 Noe
1359 5543 1510 5595 ﬁrm.
1536 5539 1860 5598 Rainaldus

197 5625 354 5682 ﬁrm.
387 5623 625 5679 Arenul.
657 5626 808 5681 ﬁrm.
846 5629 1179 5684 Bonifacius
1203 5631 1354 5684 ﬁrm.
1381 5628 1662 5684 Faraldus
1697 5629 1850 5686 ﬁrm.

198 5709 405 5772 Guisla
431 5711 588 5767 ﬁrm.
621 5713 781 5770 ﬁlius
803 5731 949 5774 suus
982 5717 1222 5774 Pontius
1255 5718 1393 5774 Milo
1425 5717 1577 5773 ﬁrm.
1612 5717 1858 5774 Pontius

1965 5275 2151 5329 tensis
2184 5275 2347 5330 urbis
2366 5275 3095 5348 archiepiscopidonamus
3119 5281 3174 5330 S.
3212 5276 3429 5330 Victori
3453 5291 3618 5328 man-

1971 5363 2167 5419 siones
2225 5381 2373 5434 quas
2421 5363 2480 5419 in
2517 5367 2658 5420 urbe
2689 5366 3029 5435 supradicta
3067 5365 3282 5420 habere
3326 5363 3616 5428 videmur,

1961 5455 2133 5524 juxta
2161 5451 2538 5508 ecelcsiamS.
2574 5454 2828 5519 Genesii,
2859 5471 3150 5526 superque
3169 5450 3387 5507 Rodani
3422 5450 3618 5504 ﬂumi-

1971 5543 2062 5598 nis
2091 5541 2299 5614 ripam,
2334 5560 2488 5598 anno
2523 5544 2681 5597 1067.
2715 5544 2832 5615 Ego
2861 5541 3198 5598 Jeronimus
3228 5544 3285 5594 et
3317 5555 3460 5592 uxor
3491 5554 3623 5594 mea

1969 5637 2026 5689 et
2057 5632 2238 5686 frater
2267 5647 2434 5686 meus
2468 5633 2614 5687 Boso
2649 5631 2797 5686 hanc
2821 5629 3196 5686 donationem
3229 5625 3618 5682 ﬁrmavimus.

1970 5718 2236 5774 Domnus
2266 5715 2745 5790 archiepiscopus
2777 5714 3156 5772 Raimbaldus
3188 5714 3462 5771 ﬁrmavit.
3500 5713 3622 5785 Ugo
