4630 6434
1022 481 1049 548 1
1063 481 1180 550 395

1023 622 1097 678 de
1125 620 1258 679 Bale
1287 620 1556 682 firmavit.
1579 618 1928 679 Volveradus
1950 625 2006 678 et
2024 619 2286 676 Amelius
2318 619 2492 674 frater
2521 619 2650 690 ejus
2682 618 2735 686 Α

1024 711 1296 772 ﬁrmavit.
1332 711 1507 769 Fulco
1539 713 1712 768 frater
1741 708 2157 782 archiepiscOpi
2188 707 2459 763 ﬁrmavit.

1793 815 1882 870 ιν.

1116 909 1301 963 Sermo
1329 911 1379 962 et
1407 907 1745 975 confirmatio
1773 911 2080 1030 sanctDorum
2115 907 2341 956 Patrum
2372 909 2577 958 sancta?

1662 984 1867 1030 trcurze
1949 991 2018 1028 ei.

1662 984 1867 1030 trcurze
1897 984 2018 1030 Det.

1645 1063 1830 1134 (Anno
1864 1063 2021 1133 1041)

1034 1153 1245 1223 [Edidit
1283 1153 1424 1208 Dom
1469 1151 1747 1208 Manrsss
1786 1153 1930 1223 Thes.
1968 1150 2162 1204 Anccd.
2195 1149 2234 1217 l,
2279 1149 2394 1217 l6l,
2443 1149 2654 1220 exlms.

1701 1221 1998 1290 Talverar.]

1099 1331 1158 1384 ln
1207 1329 1442 1384 nomine
1474 1330 1572 1384 Dei
1611 1327 1799 1383 Patris
1830 1327 2267 1398 omnipotentis,
2318 1330 2374 1380 et
2421 1325 2571 1389 Filii,
2605 1330 2662 1380 et

1025 1419 1274 1491 Spiritus
1307 1419 1514 1482 sancti,
1549 1419 1941 1482 ltMMBALnus,
1973 1414 2328 1469 Arelatensis
2375 1413 2658 1483 archiepi-

1031 1524 1264 1578 scopus,
1315 1523 1448 1561 cum
1497 1508 1814 1560 Bsxsnxcro
1863 1503 2266 1568 Avenionensi,
2317 1507 2372 1556 et
2405 1503 2662 1555 Numano

1033 1595 1264 1651 Niccnsi
1313 1593 1625 1666 episcopis,
1685 1609 1786 1647 nec
1843 1609 1959 1647 non
2007 1596 2062 1646 et
2109 1589 2420 1645 venerabili
2453 1589 2663 1643 abbate

1036 1684 1248 1739 domno
1281 1683 1356 1753 (1)
1402 1682 1652 1736 OnILoxs
1684 1698 1797 1735 una
1835 1697 1965 1734 cum
1997 1678 2271 1734 omnibus
2301 1675 2588 1748 episcopis
2609 1679 2666 1729 et
2697 1671 2721 1701 ⁹

1037 1771 1372 1836 abbatibus,
1404 1774 1461 1824 et
1489 1775 1694 1824 cuncto
1737 1767 1886 1822 clero
1927 1783 2028 1838 per
2057 1767 2383 1821 universam
2417 1763 2663 1820 Galliam

1037 1859 1462 1923 habitantibus,
1519 1855 1790 1912 omnibus
1822 1851 2661 1926 archiepiscopis,‘,{episc0pis,

1035 1946 1405 2020 presbyteris,
1438 1949 1494 2001 et
1523 1949 1732 2001 cuncto
1763 1944 1912 1999 clero
1940 1961 2042 2015 per
2061 1947 2240 1998 totam
2265 1941 2490 1996 Italiam
2513 1957 2665 1995 com-
2695 1984 2743 2048 B

1035 2035 1416 2101 morantibus,
1451 2035 1637 2104 gratia
1665 2033 1828 2087 vobis
1858 2037 1913 2086 et
1942 2049 2052 2102 pax
2077 2048 2110 2086 a
2143 2031 2254 2085 Deo
2275 2031 2441 2084 Patre
2470 2027 2657 2082 omni-

1033 2127 1262 2195 potente
1287 2121 1388 2193 qui
1421 2127 1509 2176 est
1540 2126 1595 2177 et
1625 2121 1724 2192 qui
1755 2125 1878 2174 erat
1899 2123 1955 2175 ct
1985 2118 2084 2190 qui
2115 2122 2396 2172 venturus
2419 2120 2526 2171 est.

1104 2212 1398 2283 Rogamus
1427 2227 1528 2264 vos
1559 2215 1616 2264 et
1635 2211 2032 2274 obsecramus,
2066 2205 2397 2277 omnesgqui
2446 2203 2666 2258 timetis

1033 2300 1218 2356 Deum
1249 2303 1306 2354 et
1335 2299 1570 2354 creditis
1591 2298 1647 2352 in
1663 2315 1795 2353 eum
1811 2301 1866 2351 et
1887 2297 1992 2367 ipsi
2005 2312 2071 2350 us
2086 2294 2370 2366 sanguine
2383 2291 2664 2363 redempti

1034 2387 1198 2453 estis,
1229 2391 1296 2442 ut
1325 2386 1572 2442 caveatis
1603 2392 1660 2440 et
1689 2384 2032 2455 providentis
2063 2401 2162 2438 vos
2183 2384 2252 2438 ad
2281 2380 2667 2437 salutemani-

1037 2491 1267 2530 marum
1308 2478 1367 2529 et
1397 2490 1724 2544 corporum,
1776 2477 1832 2528 et
1861 2471 2188 2543 sequamini
2245 2471 2484 2540 vestigia
2542 2469 2666 2535 Dei,

1037 2579 1239 2636 pacem
1251 2562 1533 2617 habentes
1563 2564 1634 2617 ad
1658 2561 1920 2628 invicem,
1942 2567 2004 2614 ut
2025 2577 2156 2614 cum
2181 2560 2306 2630 ipso
2331 2556 2668 2614 mereamini

1040 2667 1238 2722 pacem
1268 2654 1323 2704 et
1351 2649 1831 2721 tranquillitatem
1855 2653 2192 2720 perpetuam
2216 2647 2530 2718 possidere.
2558 2645 2668 2700 Re-

1041 2738 1213 2810 cipite
1243 2755 1376 2809 ergo
1407 2743 1461 2792 et
1493 2743 1679 2792 tenete
1727 2753 1950 2808 pacem,
1982 2741 2038 2790 et
2066 2735 2226 2790 illam
2269 2740 2488 2788 trevam
2547 2733 2665 2801 Dei,

1039 2843 1216 2898 quam
1247 2832 1303 2881 et
1350 2843 1475 2894 nos,
1525 2825 1719 2880 divina
1767 2825 2082 2900 inspirante
2133 2823 2547 2890 misericordia,
2599 2822 2670 2878 de

1039 2915 1180 2970 cmlo
1208 2914 1376 2970 nobis
1404 2914 1818 2969 transmissam
1837 2914 1961 2983 jam
1986 2912 2320 2983 accepimus
2342 2916 2398 2966 et
2428 2911 2672 2965 firmiter

1044 3007 1335 3068 tenemus,
1361 3003 1440 3057 ita
1465 3001 1836 3058 constitutam
1859 3006 1915 3056 et
1937 2999 2580 3072 dispositam,videlicet
2607 3002 2672 3052 ut

1045 3091 1116 3146 ab
1147 3091 1290 3146 hora
1319 3091 1645 3162 vespertina
1673 3090 1785 3144 diei
1818 3089 2075 3145 Mercurii
2111 3089 2260 3144 inter
2280 3104 2482 3142 omnes
2508 3087 2670 3142 Chri-

1046 3179 1238 3234 tianos
1269 3179 1488 3234 amicos
1508 3183 1564 3234 et
1595 3179 1883 3246 inimicos,
1907 3177 2124 3232 vicinos
2155 3181 2212 3232 et
2241 3180 2566 3240 extraneos,
2597 3174 2674 3229 sit

1043 3267 1332 3338 firmaan
1349 3271 1405 3322 et
1424 3266 1652 3322 stabilis
1675 3270 1875 3321 treuva
1901 3283 2084 3336 usque
2107 3266 2163 3320 in
2181 3283 2218 3320 ιι
2249 3264 2474 3333 feriam,
2501 3263 2557 3317 id
2583 3266 2672 3318 est

1826 484 2286 551 RAIMBALIDI
2329 481 2665 548 ARELAT.
2711 483 3075 550 ARCHIEP.
3120 483 3595 551 DIPLOMATA.

4273 469 4467 539 i396

2763 624 2818 676 et
2850 637 3048 694 pacem
3094 620 3347 694 fregerit,
3379 619 3745 678 examinatus
3793 630 3897 692 per
3945 615 4185 674 decreta
4213 611 4462 686 legum

2763 709 3152 777 saecularium,
3159 711 3185 782 j
3193 714 3330 766 uxta
3348 711 3586 767 modum
3598 708 3906 781 culparum
3929 707 4174 778 cogatur
4185 697 4462 776 persol-

2763 815 2912 864 vere,
2943 803 3000 854 et
3029 815 3128 871 per
3149 803 3483 854 sanctorum
3515 812 3805 853 canonum
3837 791 4074 867 regulas
4103 789 4465 864 duplicata

2765 887 3106 958 pcenitentia
3117 887 3500 958 judicabitur.
3525 886 3686 952 Quod
3712 885 3840 940 ideo
3858 883 4107 956 dignum
4134 879 4464 942 dicimus,

2768 981 2850 1041 ut,
2883 977 2932 1032 si
2965 976 3415 1048 promissionem
3446 975 3564 1030 illic
3587 973 3798 1030 factam
3831 972 3893 1028 in
3923 970 4122 1043 aliquo
4155 981 4468 1026 corrum-

2765 1080 2900 1136 pere
2920 1065 3490 1136 praasumpserimus,
3523 1062 3820 1118 mundano
3844 1063 3902 1116 et
3932 1054 4467 1132 spiritalijudicio

2765 1153 3074 1224 dupliciter
3097 1153 3586 1208 condemnemur.
3620 1149 3926 1206 Credimus
3955 1162 4218 1219 namque
4249 1144 4468 1201 istam

2767 1257 3003 1297 causam
3036 1259 3070 1296 a
3099 1241 3214 1297 Deo
3238 1241 3406 1296 nobis
3436 1239 3664 1295 coalitus
3685 1236 4032 1310 inspiratam
4064 1233 4278 1290 divina
4297 1231 4467 1304 opi-

2768 1328 3066 1397 tulatione,
3103 1328 3239 1400 quia
3271 1329 3425 1400 apud
3460 1344 3586 1394 nos,
3620 1331 3686 1382 ut
3715 1323 4030 1394 credimus,
4081 1320 4236 1378 nihil
4291 1320 4466 1376 boni

2768 1417 3066 1487 agebatur,
3101 1417 3334 1488 quando
3357 1433 3391 1472 a
3410 1416 3526 1472 Deo
3557 1413 3773 1488 populo
3787 1429 3896 1468 suo
3927 1411 4302 1468 transmissa
4325 1413 4465 1466 est.

2769 1503 3068 1560 Dominica
3123 1509 3279 1560 certa
3333 1504 3460 1560 dies
3512 1520 3628 1558 non
3683 1501 4033 1566 celebratur,
4065 1499 4170 1556 sed
4205 1500 4469 1554 cuncta

2769 1591 3002 1646 servilia
3021 1607 3196 1663 opera
3212 1592 3270 1646 in
3287 1609 3355 1647 ea
3374 1591 3606 1647 fiebant.
3631 1589 4056 1646 Promissimus
4076 1587 4292 1658 itaque
4316 1585 4466 1642 Deo

2769 1696 2835 1734 ac
2865 1679 3200 1736 devovimus
3245 1679 3646 1750 quatriduum,
3695 1680 3760 1732 ut
3788 1691 3970 1748 supra
3999 1673 4271 1730 diximus
4311 1677 4394 1730 ut
4427 1692 4473 1732 ν

2770 1767 2914 1823 feria
2937 1772 3175 1839 propter
3203 1765 3629 1836 ascensionem,
3660 1783 3716 1822 v1
3747 1764 3892 1822 feria
3932 1767 4174 1836 propter
4206 1761 4473 1820 Christi

2771 1855 3126 1927 passionem,
3175 1856 3495 1912 Sabbatum
3543 1871 3646 1926 pro
3677 1852 4048 1910 veneratione
4077 1851 4468 1924 sepultura,

2773 1948 2902 1999 etut
2917 1943 3216 1999 Dominica
3228 1943 3572 2000 resurrectio
3585 1939 3997 1997 inviolabiliter
4006 1938 4470 2007 celebraretur,

2772 2033 2846 2086 ab
2877 2032 3152 2087 omnibus
3189 2030 3382 2088 rurale
3414 2048 3562 2103 opus
3605 2030 3662 2085 in
3696 2046 3764 2086 ca
3803 2029 4046 2085 omnino
4083 2045 4206 2083 non
4239 2027 4471 2096 ﬁeret,

2772 2119 3048 2175 inimicus
3093 2119 3397 2176 inimicum
3429 2137 3544 2176 non
3576 2118 3936 2186 formidaret,
3961 2116 4309 2173 secundum
4348 2133 4476 2172 au-

2773 2207 3098 2263 ctoritatem
3131 2225 3165 2263 a
3191 2208 3306 2264 Deo
3340 2207 3609 2264 collatam
3633 2210 3689 2262 et
3718 2206 3791 2262 ah
3814 2203 4098 2278 apostolis
4120 2203 4471 2261 traditam.

2773 2296 2988 2351 Omnes
3040 2295 3139 2368 qui
3170 2296 3318 2352 hanc
3340 2311 3540 2368 pacem
3571 2300 3628 2350 et
3659 2294 3755 2350 Dei
3785 2298 4052 2349 treuvam
4099 2291 4478 2350 amaverint

2775 2384 3173 2440 benedicimus
3221 2388 3279 2438 et
3298 2383 3674 2450 absolvimus,
3715 2382 3870 2438 sicut
3903 2379 4180 2453 superius
4202 2381 4476 2438 dictum

2774 2471 3022 2527 est.lllos
3047 2476 3240 2528 autem
3263 2469 4473 2544 quicontradicunt,excommunicamus,

2777 2559 3181 2616 maledicimus
3219 2565 3275 2614 et
3304 2558 3890 2625 anathematizamus,
3915 2561 3972 2614 et
4019 2575 4052 2614 a
4103 2556 4471 2616 liminibus

2776 2653 2984 2703 sanctae
3019 2649 3222 2704 matris
3274 2647 3535 2704 Ecclesia;
3583 2645 3978 2703 eliminamus.
4027 2649 4178 2702 Cum
4221 2650 4466 2704 autem

2777 2737 3023 2792 evenerit
3055 2736 3332 2808 cuiquam
3376 2735 3668 2791 vindicare
3706 2735 3766 2790 in
3797 2751 3896 2791 eos
3925 2733 4031 2806 qui
4061 2733 4218 2790 hanc
4251 2735 4472 2792 char-

2776 2827 2897 2880 tam
2927 2827 2984 2879 et
3014 2823 3114 2880 Dei
3141 2829 3401 2880 treuvam
3423 2823 3747 2896 irrumpere
3761 2823 4285 2896 praesumpserint,
4323 2825 4476 2882 vin-

2779 2911 3060 2968 diicantes
3090 2911 3236 2967 nulli
3266 2910 3448 2984 culpa:
3475 2911 3803 2967 habeantur
3831 2911 4088 2978 obnoxii,
4121 2912 4231 2968 sed
4287 2913 4479 2971 sicut

2780 2999 3033 3055 cultores
3060 3016 3246 3056 causa:
3279 3000 3379 3054 Dei
3408 2999 3480 3055 ab
3511 3000 3787 3056 omnibus
3817 2999 4179 3056 Christianis
4224 3007 4479 3060 exeant
4519 3000 4529 3007 ’

2778 3091 2834 3143 et
2863 3088 3100 3143 redeant
3130 3087 3438 3143 benedicti.
3463 3087 3667 3143 Sivero
3688 3087 3942 3144 residuis
3961 3087 4175 3144 diebus
4209 3089 4477 3162 aliquid

2779 3175 3079 3232 sublatum
3134 3177 3334 3242 fuerit,
3367 3180 3424 3231 et
3468 3175 3529 3230 in
3578 3176 3786 3232 diebus
3827 3180 4044 3232 treuve
4092 3176 4478 3250 obviaverit,

2784 3265 3022 3320 omnino
3054 3282 3170 3320 non
3202 3268 3490 3333 teneatur,
3521 3280 3594 3320 ne
3638 3264 3868 3320 occasio
3915 3264 4160 3322 inimico
4192 3266 4356 3324 data.
4387 3270 4483 3326 vi-

1051 3355 1144 3410 die
1201 3354 1350 3410 luna:
1383 3355 1454 3410 ad
1485 3360 1677 3410 ortum
1709 3354 1870 3419 solis,
1917 3360 1980 3409 ut
2009 3353 2138 3409 istis
2169 3357 2420 3424 quatuor
2472 3350 2681 3430 diebus
2709 3339 2752 3405 C
2789 3353 3012 3408 deatur.
3045 3353 3328 3408 Praeterea
3355 3368 3631 3424 rogamus
3661 3369 3784 3421 vos,
3818 3353 4050 3422 fratres,
4083 3358 4154 3409 ut
4182 3355 4252 3410 in
4306 3373 4479 3431 qua-

1049 3459 1115 3498 ac
1147 3444 1412 3499 noctibus
1443 3442 1600 3498 omni
1629 3442 1769 3497 hora
1790 3442 1976 3497 securi
2001 3441 2138 3508 sint,
2161 3445 2217 3494 et
2267 3439 2480 3494 faciant
2511 3419 2681 3510 quid:

1051 3531 1190 3602 quid
1223 3531 1331 3586 erit
1361 3535 1749 3602 opportunum
1775 3531 1846 3585 ab
1879 3529 2038 3585 omni
2069 3528 2275 3583 timore
2303 3527 2675 3582 inimicorum

1049 3618 1322 3685 absoluti,
1354 3623 1409 3674 et
1439 3618 1497 3673 in
1523 3618 1948 3690 tranquillitate
1990 3618 2150 3688 pacis
2179 3621 2235 3671 et
2266 3615 2434 3671 istius
2464 3619 2674 3670 treuvaa

1049 3708 1395 3764 conﬁrmati.
1428 3709 1765 3780 Quicunque
1795 3708 1942 3762 hanc
1975 3723 2174 3778 pacem
2207 3710 2263 3760 et
2293 3709 2550 3760 treuvam
2575 3703 2674 3759 Dei

1048 3798 1473 3854 observaverint
1519 3815 1584 3853 ac
1634 3798 1878 3852 firmiter
1905 3795 2220 3858 tenuerint,
2259 3795 2377 3848 sint
2415 3793 2668 3849 absoluti

1045 3903 1076 3941 a
1108 3887 1222 3942 Deo
1257 3888 1418 3942 Patre
1440 3886 1834 3958 omnipotente
1863 3889 1919 3940 et
1943 3884 2085 3940 Filio
2115 3883 2242 3954 ejus
2261 3882 2399 3938 Jesu
2421 3881 2669 3949 Christo,

1045 3978 1102 4031 et
1123 3975 1341 4046 Spiritu
1373 3979 1594 4041 sancto,
1629 3979 1684 4030 ot
1713 3973 1784 4029 de
1814 3978 2014 4028 sancta
2063 3972 2245 4027 Maria
2292 3987 2425 4025 cum
2479 3970 2672 4026 choris

1042 4061 1356 4132 virginum,
1382 4063 1526 4119 etde
1557 4064 1614 4119 S.
1636 4062 1913 4117 Michaele
1934 4077 2066 4116 cum
2091 4059 2282 4116 choris
2307 4058 2667 4131 angelorum,

1045 4153 1102 4204 et
1129 4151 1198 4205 de
1219 4150 1278 4206 S.
1311 4151 1472 4206 Petro
1501 4151 1758 4222 principe
1788 4148 2185 4220 apostolorum
2224 4165 2355 4202 cum
2396 4147 2670 4202 omnibus

1045 4238 1264 4293 sanctis
1288 4242 1344 4294 et
1372 4239 1640 4293 ﬁdelibus
1671 4238 1918 4303 cunctis,
1953 4253 2105 4292 nunc
2135 4240 2190 4290 et
2221 4252 2469 4306 semper,
2494 4239 2549 4290 et
2570 4252 2671 4306 per

1044 4327 1239 4382 omnia
1298 4327 1509 4383 sazcula
1537 4325 1903 4382 saeculorum.
1946 4325 2051 4390 Qui
2084 4341 2213 4380 vero
2243 4329 2506 4378 treuvam
2537 4341 2665 4394 pro-

1043 4415 1282 4470 missam
1313 4414 1644 4485 habuerint,
1676 4419 1731 4469 et
1761 4431 1821 4469 se
1851 4414 2066 4468 sciente
2115 4411 2426 4484 infringere
2471 4411 2664 4467 volue-

1041 4503 1173 4571 rint,
1196 4505 1312 4560 sint
1323 4502 1800 4559 excommunicati
1824 4519 1856 4556 a
1869 4502 1982 4557 Deo
1999 4502 2161 4556 Patre
2178 4501 2593 4571 omnipotente,
2609 4505 2667 4555 et

1041 4591 1181 4647 Filio
1211 4594 1338 4661 ejus
1356 4591 1494 4646 Jesu
1517 4590 1742 4645 Christo
1772 4593 1828 4644 et
1843 4589 2062 4659 Spiritu
2092 4592 2310 4655 sancto,
2343 4592 2399 4642 et
2445 4588 2514 4642 de
2545 4604 2667 4643 om-

1037 4679 1210 4735 nibus
1239 4679 1453 4735 sanctis
1479 4679 1578 4733 Dei
1609 4679 1728 4732 sint
1746 4675 2250 4741 excommunicati,
2286 4675 2577 4730 maledicti
2604 4680 2662 4731 et
2693 4695 2740 4758 D

1035 4769 1324 4832 detestati,
1354 4767 1448 4822 hic
1469 4773 1522 4822 et
1554 4767 1610 4821 in
1646 4765 2204 4837 perpetuum,etsint
2233 4765 2489 4819 damnati
2512 4765 2665 4818 sicut

1038 4857 1260 4912 Dathan
1291 4860 1349 4910 et
1371 4855 1607 4920 Abiron,
1630 4860 1686 4908 et
1707 4853 1854 4907 sicut
1875 4853 2056 4908 Judas
2079 4855 2177 4924 qui
2201 4852 2439 4908 tradidit
2467 4851 2662 4906 Domi-

1037 4961 1200 5010 num,
1233 4949 1290 4998 et
1319 4943 1437 4998 sint
1480 4942 1716 4996 dimersi
1749 4941 1806 4995 in
1853 4942 2205 5012 profundum
2241 4939 2472 5004 inferni,
2511 4939 2663 4994 sicut

1036 5033 1258 5088 Pharao
1296 5029 1354 5086 in
1388 5029 1576 5084 medio
1609 5027 1804 5094 maris,
1847 5029 1894 5083 si
1927 5030 1996 5084 ad
2028 5029 2498 5085 emendationem
2548 5041 2660 5080 non

1035 5120 1313 5186 venerint,
1345 5118 1493 5172 sicut
1510 5119 1887 5172 constitutum
1911 5122 2018 5172 est.
2049 5117 2326 5173 Videlicet
2357 5115 2404 5169 si
2437 5114 2570 5184 quis
2601 5113 2659 5168 in

1035 5210 1180 5282 ipsis
1211 5208 1416 5262 diebus
1445 5210 1655 5261 trcuvze
1687 5207 1785 5260 Dei
1819 5204 2195 5260 homicidium
2243 5203 2462 5266 fecerit,
2497 5200 2658 5255 exsul

1036 5300 1242 5362 factus,
1265 5302 1437 5368 atque
1468 5313 1500 5350 a
1532 5295 1762 5366 propria
1805 5294 1991 5364 patria
2036 5295 2276 5361 cjectus,
2333 5289 2657 5344 Jerusalem

1035 5387 1298 5451 tendens,
1325 5384 1706 5454 longinquum
1727 5383 1844 5434 illic
1867 5381 2117 5448 patiatur
2137 5380 2423 5434 exsilium.
2449 5378 2504 5431 Si
2528 5395 2658 5433 vero

1038 5475 1095 5526 in
1127 5473 1256 5526 aliis
1279 5470 1636 5540 quibuslibet
1659 5469 1830 5522 rebus
1855 5467 2248 5536 supradictam
2272 5474 2526 5520 treuvam
2559 5467 2657 5522 Dei

1108 5593 1186 5655 (1)
1220 5592 1376 5656 llugo
1409 5588 1853 5644 Flaviniaecnsis
1884 5587 2062 5638 abbas
2089 5593 2301 5642 trevam
2336 5595 2566 5642 auctore
2596 5592 2654 5645 S.

1039 5659 1346 5714 0diloneiu
1375 5662 1878 5728 primislirmatam
1903 5657 2079 5710 fuisse
2103 5675 2252 5714 anno
2271 5663 2393 5714 to.“
2424 5662 2657 5717 disertis

1037 5729 1226 5784 verbis
1256 5734 1458 5784 asserit
1487 5732 1546 5783 in
1577 5730 1878 5792 Chronico,
1911 5743 2154 5797 eamque
2187 5747 2296 5785 non
2331 5732 2517 5786 solum
2545 5733 2660 5786 hu-

2784 3457 3015 3512 cunque
3035 3441 3128 3496 die
3157 3441 3311 3512 apud
3341 3457 3444 3496 vos
3475 3441 3752 3513 pradicta
3768 3457 3882 3513 pax
3907 3446 3965 3498 et
3990 3446 4206 3499 treuva
4227 3446 4482 3503 consti-

2783 3534 2911 3584 tuta
2939 3529 3134 3598 fuerit,
3158 3529 3354 3600 ipsum
3385 3529 3541 3585 diem
3571 3529 3775 3586 devote
3805 3529 4078 3587 recolatis
4104 3531 4173 3587 in
4196 3535 4478 3593 nomine

2784 3622 2995 3673 sanctis
3027 3617 3350 3673 Trinitatis.
3401 3618 3680 3674 Latrones
3710 3634 4100 3690 quoscunque
4141 3620 4221 3676 de
4253 3627 4482 3682 vestra

2784 3706 3014 3776 regione
3061 3705 3308 3776 ejiciatis
3356 3709 3412 3761 et
3458 3705 3903 3777 abominemini,
3957 3706 4360 3768 maledicatis
4413 3718 4481 3770 et

2782 3792 3294 3851 excommunicetis
3321 3811 3390 3849 ex
3421 3799 3584 3866 parte
3626 3793 3891 3852 omnium
3940 3801 4307 3879 sanctorum
4355 3803 4478 3874 qui

2781 3898 2960 3954 supra
2993 3881 3191 3953 scripti
3225 3886 3384 3938 sunt.
3417 3882 3684 3939 Decimae
3713 3899 3848 3939 vero
3885 3887 4116 3941 vestras
4144 3889 4209 3942 et
4234 3887 4476 3960 primi-

2778 3969 2891 4025 tias
2921 3970 2990 4026 de
3019 3968 3316 4026 laboribus
3336 3969 3542 4026 vestris
3562 3969 3678 4026 Deo
3700 3971 3976 4037 offeratis,
4001 3971 4085 4028 De
4105 3973 4300 4032 bonis
4325 3994 4476 4036 ves-

2779 4059 2883 4114 tris
2914 4059 2985 4114 ad
3030 4057 3304 4114 ecclesias
3336 4057 3653 4130 deportetis
3683 4075 3788 4130 pro
3832 4058 4022 4116 salute
4053 4060 4353 4123 vivorum
4410 4071 4478 4124 et

2779 4146 3208 4212 defunctorum,
3239 4150 3304 4200 ut
3335 4145 3488 4202 Deus
3517 4162 3617 4201 vos
3648 4145 3856 4203 liberet
3884 4147 3958 4203 ab
3989 4149 4289 4208 omnibus
4326 4169 4472 4212 ma-

2779 4234 2851 4290 lis
2884 4235 2941 4288 in
2973 4233 3081 4289 hac
3105 4233 3241 4298 vita,
3274 4238 3329 4289 et
3359 4239 3490 4304 post
3519 4233 3670 4289 hanc
3693 4233 3872 4290 vitam
3902 4236 4195 4308 perducat
4225 4257 4349 4298 vos
4384 4244 4470 4300 ad

2774 4339 2955 4393 regna
3007 4320 3308 4386 cmlorum,
3368 4321 3470 4392 qui
3522 4337 3657 4378 cum
3712 4322 3828 4378 Deo
3887 4323 4056 4380 Patre
4097 4330 4160 4381 et
4199 4327 4470 4400 Spiritu

2774 4416 2973 4466 sancto
2998 4409 3135 4465 vivit
3155 4415 3212 4464 et
3241 4413 3445 4481 regnat
3466 4413 3618 4466 Deus
3640 4427 3744 4482 per
3771 4411 3973 4468 omnia
4001 4413 4240 4473 smeula
4259 4433 4472 4478 sacu-

2772 4497 2984 4554 lorum.
3015 4501 3218 4553 Amen.

2773 4674 2966 4746 Charta
3000 4673 3328 4739 Ruimbaldi,
3374 4692 3482 4746 qua
3517 4676 3798 4731 ecclesiam
3846 4676 4036 4733 Sancti
4103 4679 4355 4743 δεηθεἰί
4409 4699 4468 4746 et

2916 4743 3100 4797 Sancti
3132 4743 3408 4812 Honorati,
3441 4747 3541 4801 dat
3585 4749 3890 4803 Victorini:
3925 4754 4246 4810 monachis.

2899 4849 3058 4917 (Call.
3096 4849 3293 4904 Christ.
3330 4867 3459 4923 nov.
3514 4850 3652 4906 edit.
3677 4852 3731 4923 _I,
3761 4852 3853 4923 95,
3885 4869 3956 4909 ex
3983 4854 4317 4916 Chartario

3403 4921 3462 4977 S.
3484 4921 3761 4994 Caesarii.)

2839 5023 3266 5095 Omnipotentis
3295 5025 3394 5082 Dei
3425 5027 4007 5100 incomprehensibili
4027 5031 4469 5106 dispositione

2767 5112 3011 5183 adeptus
3043 5111 3218 5184 hujus
3250 5120 3463 5170 sancta)
3497 5116 3655 5172 sedis
3683 5117 4044 5178 Arelatensis
4075 5125 4469 5193 pontiﬁcale

2769 5200 3021 5265 culmen,
3046 5203 3231 5258 multa
3261 5205 3510 5260 subinde
3541 5223 3767 5262 mecum
3786 5208 3857 5264 de
3887 5209 4097 5265 eodem
4129 5214 4470 5286 regimine

2768 5289 2910 5360 εωρί
2945 5290 3001 5344 in
3033 5291 3226 5346 animo
3258 5292 3534 5359 evolvere,
3566 5299 3676 5350 etc.
3715 5294 3878 5352 Unde
3908 5298 4180 5369 quadam
4213 5303 4329 5361 die
4381 5309 4469 5367 de

2769 5377 3033 5446 religioso
3054 5378 3175 5434 loco
3207 5379 3266 5434 in
3298 5380 3575 5436 honorem
3607 5383 3802 5438 Sancti
3835 5385 4070 5441 Genesii
4095 5387 4192 5444 vel
4227 5394 4468 5454 Sancti

2768 5465 3043 5521 Honorati
3080 5473 3437 5536 constructo,
3483 5470 3636 5525 foras
3667 5488 3869 5527 muros
3901 5477 4122 5530 nostra
4161 5477 4470 5543 civitatis

2767 5592 3318 5714 Imanatauctoritatc,
3349 5591 3446 5646 sed
3475 5592 3649 5648 etiam
3682 5594 3894 5652 divinis
3914 5598 4262 5659 terroribus
4297 5623 4468 5667 oon-

2789 5676 2936 5713 irma
2963 5676 3078 5713 am.

2789 5676 3055 5713 innatam
3067 5701 3078 5712 .
