3978 6352
122 497 335 562 1397
461 499 476 513 “
785 500 1228 565 GERVASIUS
1275 495 1640 562 ARCHIEP.
1691 502 1693 558 ἶ

2024 543 2035 558 .
2070 529 2148 545 -
2178 493 2493 562 ΝΟΊἾΤῙΑ
2545 496 2992 562 HISTORICA.
3444 493 3594 558 I398

120 633 388 707 posito,
423 631 612 691 multa
630 633 866 692 volvens
898 651 1128 691 mecum
1163 636 1222 690 in
1257 635 1472 699 animo,
1534 633 1826 706 quomodo
1861 640 1910 703 Α
1944 631 2206 699 consilio,
2239 633 2326 690 vel
2350 637 2690 690 czsterorum
2723 633 3131 706 episcOporum
3166 644 3430 687 meorum
3466 645 3598 687 suc-

123 723 226 780 de
261 729 400 780 tam
427 723 679 798 spiritali
701 725 1176 798 prisoitemporis
1200 725 1622 780 monachorum
1642 723 1834 780 officio
1948 739 2270 790 cessorum,
2303 729 2490 779 totum
2523 724 2582 778 in
2616 739 2830 780 manus
2859 722 3046 779 Isarni
3077 720 3307 778 abbatis
3327 720 3387 777 S.
3412 718 3599 776 Victo-

123 827 381 869 versus
406 817 565 870 esset
594 814 651 868 in
686 814 1079 886 possessionis
1110 813 1410 870 saecularis
1432 814 1690 883 servitio,
1716 828 1834 868 me-
1945 811 2027 867 ris
2057 811 2442 868 Massiliensis
2474 813 2785 882 tradimus,
2817 813 3126 880 denamus,
3159 809 3426 866 cedimus
3465 809 3600 879 jure

125 917 308 958 cum
339 905 582 958 tractavi
631 907 696 958 ut
752 903 919 958 illum
969 903 1162 959 locum
1220 904 1421 959 darem
1479 901 1834 958 monasterio
1944 907 2244 972 perpetuo,
2277 902 2444 958 nobis
2475 901 2534 956 in
2574 901 2682 956 hoc
2715 900 3220 957 consentientibus
3252 899 3435 955 totius
3461 914 3596 970 pro-

130 992 365 1048 sancti
411 992 662 1048 Victoris
722 994 793 1047 de
851 992 1133 1061 Massilia,
1162 993 1221 1047 in
1283 1009 1399 1063 quo
1455 992 1835 1048 constitueret
1941 988 2142 1044 vincia
2174 990 2538 1064 principibus
2571 1008 2671 1046 seu
2703 990 3016 1048 comitibus
3059 988 3363 1045 Josefredo
3413 992 3591 1058 atque

135 1081 420 1137 Isarnus
449 1081 634 1136 abbas
665 1081 985 1136 monachos
1008 1081 1066 1136 in
1100 1081 1312 1136 Christi
1345 1081 1599 1136 servitia.
1653 1082 1834 1154 Igitur
1947 1079 2283 1146 Bertranno,
2317 1085 2373 1134 et
2405 1085 2616 1135 nostra:
2647 1080 2804 1135 sedis
2826 1078 3118 1134 canonicis
3134 1076 3596 1144 Arelatensibus,

135 1185 273 1242 ego
316 1169 723 1236 Raimbaldus,
755 1170 947 1242 gratia
969 1169 1066 1225 Dei
1099 1170 1157 1224 in
1182 1170 1529 1241 praesulatus
1553 1170 1831 1225 honorem
1945 1169 2158 1223 Poncio
2175 1169 2523 1224 Massiliensi
2547 1169 2840 1240 episcopo,
2874 1185 3006 1223 cum
3031 1165 3311 1222 fratribus
3337 1183 3350 1233 ;
3375 1163 3479 1220 tali
3502 1181 3594 1219 ra-

138 1257 561 1325 sublimatus,
594 1258 785 1330 ipsam
817 1258 1123 1314 ecclesiam
1171 1259 1365 1314 Sancti
1416 1259 1644 1313 Genesii
1698 1275 1832 1313 cum
1947 1257 2103 1312 tione
2137 1263 2200 1312 ut
2231 1275 2264 1312 a
2289 1257 2592 1312 monachis
2623 1257 2707 1312 vel
2743 1257 2814 1312 ab
2846 1256 3056 1311 abbate
3086 1272 3296 1310 census
3337 1271 3440 1326 per
3471 1252 3595 1308 sin-

138 1346 452 1402 omnibus
495 1346 605 1402 sibi
638 1347 918 1418 subjectis
950 1347 1231 1414 ecclesiis,
1265 1352 1322 1401 ct
1377 1351 1583 1402 caetera
1639 1348 1837 1402 omnia
1945 1346 2116 1418 gulos
2133 1364 2318 1401 annos
2337 1341 3594 1416 reddaturaltariSanctiStcphanivelSancti

138 1452 303 1506 qua
338 1435 395 1489 in
429 1437 698 1506 praesenti
736 1437 1007 1491 videntur
1037 1441 1254 1503 tenere,
1278 1441 1336 1491 ct
1367 1436 1727 1508 quidquidin
1757 1437 1838 1490 fu-
1947 1433 2881 1508 Trophimi,libraunaincensiin
2909 1430 3593 1502 festosancti'l‘rophimi.

140 1531 309 1580 turo
341 1525 597 1595 potuerit
627 1523 950 1595 acquirere,
976 1526 1046 1579 de
1078 1524 1222 1596 ipsis
1249 1526 1422 1580 rebus
1446 1527 1728 1596 quasjam
1755 1529 1834 1580 te-
1950 1527 2008 1579 Id
2042 1525 2354 1596 ipsumque
2385 1525 2564 1588 enim,
2591 1524 2744 1594 quod
2768 1522 3090 1594 inspirante
3105 1521 3218 1576 Deo
3235 1521 3484 1592 egimus,
3509 1535 3598 1574 sa-

144 1612 328 1680 nuit,
359 1612 448 1667 vel
481 1613 634 1668 unde
665 1629 899 1684 quoque
930 1613 1165 1668 aliunde
1197 1614 1554 1684 aequis-ierit,
1585 1615 1838 1686 exceptis
1948 1629 2180 1669 crorum
2213 1629 2502 1668 canonum
2538 1616 2595 1665 et
2625 1610 2827 1683 legalis
2851 1611 3025 1681 jubet
3046 1609 3382 1674 auctoritas,
3415 1611 3482 1663 ut
3527 1607 3599 1661 de

147 1701 298 1757 illis
333 1699 643 1756 laicalibus
667 1701 882 1767 feudis,
912 1705 968 1757 et
999 1702 1288 1774 quidquid
1322 1702 1454 1757 laici
1487 1703 1566 1757 illi
1594 1721 1662 1758 ex
1693 1703 1838 1774 ipsis
1949 1703 2124 1757 rebus
2149 1700 2428 1775 episcopii
2463 1703 2838 1755 construalur
2869 1696 3311 1754 monasterium.

151 1789 307 1847 suis
339 1789 532 1845 feudis
559 1790 752 1846 abbati
777 1792 1246 1862 congregationis
1265 1798 1589 1859 cesserunt,
1615 1809 1748 1848 cum
1772 1809 1837 1848 eo

157 1908 3598 1957 Μ

1570 2053 1722 2092 ANNO
1763 2053 1970 2093 DOMINI
1993 2053 2211 2092 MLXVII.

1150 2193 2540 2327 GERVASIUS

519 2552 524 2556 .
643 2413 1496 2540 REMENSIS
1589 2411 3100 2542 ARGHIEPISCOPUS.

1291 2729 1746 2818 NOTITIA
1821 2727 2505 2818 HISTORICA.

1202 2879 1306 2948 (Ex
1365 2881 1551 2937 Gallia
1600 2880 1938 2945 Christiana,
1998 2877 2132 2936 nov.
2191 2879 2332 2936 edit.
2395 2879 2437 2936 Ι.
2497 2879 2590 2950 Χ.)

248 3107 575 3164 Praasulem
607 3107 787 3176 hunc,
819 3125 995 3181 quem
1028 3109 1286 3183 plerique
1316 3129 1521 3169 omnes
1571 3113 1834 3182 laudant,
1871 3121 1916 3185 Β
1937 3113 2072 3184 jure
2106 3113 2436 3182 obvenerat,
2469 3111 2645 3167 etiam
2691 3108 2896 3168 nolens
2926 3111 3174 3167 cederet.
3208 3110 3285 3165 Ex
3331 3107 3503 3182 longo
3550 3109 3608 3164 et

176 3196 523 3254 Willelmus
553 3198 736 3254 abbas
763 3198 1040 3255 Metensis
1082 3201 1454 3258 vehementer
1499 3208 1556 3258 et
1608 3203 1841 3258 inimice
1951 3203 2190 3258 taedioso
2212 3218 2441 3258 carcere
2463 3200 2773 3258 Gervasius
2789 3204 3025 3272 ereptus
3048 3200 3102 3254 in
3118 3196 3603 3255 Northmanniam

169 3286 507 3342 insectatus
537 3291 626 3342 est
655 3287 1006 3358 maledictis,
1041 3293 1341 3361 tyrannum
1358 3292 1534 3347 etiam
1561 3293 1728 3346 illum
1744 3309 1841 3346 vo-
1950 3291 2214 3358 secessit,
2246 3293 2370 3359 ubi,
2402 3309 2435 3347 a
2462 3289 2774 3345 Guillelmo
2823 3289 2969 3345 duce
3023 3288 3266 3344 comiter
3303 3290 3602 3358 exceptus,

170 3392 324 3432 cans
346 3393 361 3442 ;
385 3379 446 3430 et
465 3380 661 3431 tamen
695 3377 879 3432 abbas
908 3377 1005 3432 ille
1039 3379 1388 3450 praedicatur
1416 3381 1596 3436 fuisse
1618 3383 1704 3434 vir
1726 3381 1840 3435 Deo
1950 3397 2112 3441 auro,
2145 3384 2408 3451 argento,
2439 3379 2679 3445 honore,
2714 3377 3037 3449 multisque
3068 3377 3303 3449 prmdiis
3333 3375 3603 3431 cumula-

172 3465 442 3531 deditus,
457 3469 515 3520 et
535 3465 921 3520 sanctissimae
941 3467 1094 3535 vitae;
1121 3485 1234 3523 non
1258 3469 1631 3524 difﬁtendum
1646 3475 1840 3524 tamen
1950 3472 2065 3524 tur.
2089 3472 2266 3524 Fama
2286 3468 2415 3538 ejus
2437 3485 2540 3539 per
2557 3468 2889 3522 universam
2910 3466 3156 3522 Galliam
3179 3465 3601 3533 crebrescente,

170 3557 269 3610 est
300 3552 494 3620 illum,
528 3553 578 3609 si
602 3553 748 3610 fides
770 3555 1104 3612 adhibenda
1121 3557 1466 3613 sithistoriae
1491 3559 1642 3613 beati
1662 3558 1844 3612 Theo-
1952 3575 2049 3613 rex
2079 3561 2310 3613 tantum
2334 3556 2641 3628 praesulem
2673 3555 2905 3612 allicere
2933 3572 3001 3611 ac
3032 3553 3330 3610 beneficiis
3362 3553 3475 3608 sibi
3499 3553 3606 3609 de-

177 3641 368 3699 derioi
402 3641 632 3697 abbatis
659 3643 1111 3715 Andaginensis,
1147 3646 1415 3717 quamvis
1447 3647 1515 3702 ad
1542 3649 1731 3703 omnia
1760 3663 1846 3700 δα·
1953 3647 2183 3702 vincere
2209 3646 2470 3718 cupiens,
2498 3663 2632 3702 eum
2666 3645 2855 3718 primo
2885 3662 2920 3700 a
2948 3643 3211 3700 consiliis
3242 3642 3602 3711 essevoluit;

170 3746 372 3804 gacem
396 3735 446 3786 et
491 3735 798 3798 strenuum,
830 3734 1244 3807 episcopatuque
1306 3735 1558 3804 dig-num,
1641 3744 1846 3792 natura
1954 3739 2080 3790 tum
2103 3735 2364 3790 Gindone
2385 3735 2820 3807 archiepiscopo
2845 3733 2978 3790 fatis
3001 3734 3262 3801 cedente,
3289 3733 3610 3789 Remenses

177 3827 375 3877 tamen
410 3823 463 3875 et
493 3821 736 3876 moribus
755 3823 1050 3893 plusquam
1079 3827 1379 3894 oportuerit
1420 3825 1624 3898 ferum,
1661 3828 1838 3880 immi-
1953 3823 2172 3880 infulas
2203 3823 2252 3880 ei
2285 3823 2668 3896 cupidissime
2697 3822 3048 3888 conciliavit,
3099 3839 3248 3894 quas
3307 3825 3608 3877 annuente

176 3914 294 3968 tem
323 3918 380 3966 ει
411 3911 784 3966 truculentum
814 3912 1014 3968 fuisse.
1048 3913 1232 3969 Natus
1257 3919 1346 3969 est
1371 3913 1469 3970 ille
1500 3932 1651 3970 anno
1685 3916 1842 3981 4007,
1956 3914 2108 3970 clero
2136 3918 2193 3968 et
2249 3913 2465 3985 populo
2514 3914 2762 3985 adeptus
2821 3917 2910 3968 est
2960 3912 3101 3967 idib.
3161 3911 3397 3967 Octobr.
3457 3926 3610 3966 anno

177 3999 240 4055 id
273 4002 371 4055 est
398 3998 547 4054 forte
579 3998 742 4068 4008,
766 4016 900 4055 non.
928 4001 1201 4058 Februar.
1227 4002 1379 4073 apud
1399 4007 1666 4058 Castrum
1691 4009 1748 4058 Le

545 4025 547 4047 ι
579 3998 742 4068 4008,
766 4016 900 4055 non.
928 4001 1201 4058 Februar.
1227 4002 1379 4073 apud
1399 4007 1666 4058 Castrum
1691 4003 1845 4071 Ledi,
1956 4004 2116 4059 4055.

181 4087 537 4160 parentibus
568 4087 876 4144 Hamelino
927 4105 1031 4145 seu
1081 4089 1324 4146 Aimone
1379 4091 1617 4147 domino
1664 4091 1849 4148 Castri
2030 4091 2422 4158 Quadriennio
2445 4090 2944 4164 post,xKal.Jun.
2974 4090 3614 4163 ipsodiePentecostes,

181 4176 328 4233 Ledi
363 4181 420 4231 et
449 4175 798 4249 Hildegarde
822 4195 923 4233 seu
957 4178 1306 4249 Hildeburge
1339 4181 1410 4236 de
1442 4179 1849 4248 Bellismo,so-
1961 4181 2294 4254 Philippum
2333 4183 2373 4249 Ι,
2407 4198 2541 4254 rege
2572 4181 2817 4238 Henrico
2849 4186 3010 4254 patre
3031 4184 3338 4252 praesente,
3361 4178 3616 4246 inunxit,

183 4281 317 4322 rore
347 4264 677 4337 Avesgandi
707 4265 968 4338 episcopi
1003 4267 1483 4324 Cenomanensis.
1508 4271 1848 4341 Avesgando
1958 4270 2290 4326 astantibus
2321 4270 2526 4342 viginti
2559 4275 2812 4342 quatuor
2839 4269 3152 4343 episcopis,
3201 4285 3268 4325 ac
3316 4267 3538 4324 Nicolai
3569 4267 3616 4320 V

185 4352 482 4451 avpnculo
499 4354 787 4451 successit
810 4353 1419 4429 inepiscopatu,anno
1449 4359 1738 4426 l036;sed
1759 4359 1852 4414 vix
1883 4386 1924 4451 ρ
1963 4377 2123 4433 papa:
2147 4359 2376 4432 legatis.
2418 4365 2558 4414 Rem
2610 4364 2837 4432 gestam
2886 4357 3123 4431 exponit
3170 4363 3337 4414 vetus
3395 4357 3616 4424 charta,

186 4442 520 4516 episcopale
551 4442 766 4498 solium
816 4445 1257 4515 conscenderat,
1307 4447 1502 4518 inquit
1549 4448 1848 4515 Marlotus,
1889 4442 1924 4451 “”
1964 4466 2141 4520 quam
2174 4465 2208 4504 a
2255 4454 2414 4504 tome
2476 4449 2523 4502 II
2571 4447 2934 4504 Libertatum
2991 4445 3254 4502 ecclesiae
3306 4445 3616 4502 Gallicana;

187 4548 327 4588 cum
355 4532 694 4598 Herbertus,
727 4533 1074 4606 cognomine
1106 4535 1354 4602 Baccho,
1379 4537 1848 4607 quijamdudum
1962 4537 2273 4593 transcribi
2305 4536 2640 4592 curavimus
2673 4537 2824 4590 inter
2852 4535 3266 4590 instrumenta.
3313 4534 3473 4588 Hanc
3519 4550 3620 4587 au-

187 4621 534 4692 Avesgando
566 4620 850 4678 molestus
904 4623 1112 4689 fuerat,
1147 4623 1197 4679 ei
1240 4623 1488 4681 insidias
1547 4627 1745 4693 struit,
1797 4631 1853 4682 et
1960 4631 2078 4682 tem
2112 4631 2320 4681 nactus
2341 4625 2708 4681 occasionem
2741 4624 3073 4688 Gervasius,
3123 4621 3441 4677 vindicavit
3493 4621 3608 4677 sibi

190 4707 460 4765 inaudita
489 4710 796 4781 tyrannide
817 4711 890 4766 ab
917 4710 1188 4784 ingressu
1212 4713 1374 4768 urbis
1394 4714 1853 4771 Cenomanensis
1963 4716 2144 4770 totius
2176 4713 2373 4770 Gallia:
2397 4715 2736 4787 primatum,
2758 4716 3104 4786 potestatem
3130 4710 3510 4767 consecrandi
3536 4726 3621 4765 re-

191 4813 295 4869 per
326 4797 475 4852 duos
506 4815 692 4854 annos
723 4799 998 4854 excludit.
1023 4801 1283 4855 Subinde
1298 4802 1647 4858 Godel‘ridus
1665 4805 1852 4859 Andc-
1965 4821 2066 4877 ges
2088 4806 2442 4860 Francorum
2474 4809 2531 4859 et
2555 4820 2857 4858 summum
2916 4801 3390 4857 cauccllariatum
3444 4816 3620 4872 quem

193 4885 484 4958 gavensis,
518 4887 610 4941 cui
640 4887 1002 4959 episcopium
1035 4890 1344 4946 Gervasius
1372 4893 1633 4963 quandiu
1659 4910 1858 4964 super-
1967 4898 2364 4949 antecessores
2386 4894 2477 4947 sui
2501 4892 2895 4948 obtinuerant.
2918 4897 3280 4946 Caterumex
3301 4889 3502 4948 charta
3524 4889 3626 4945 illa

197 4979 318 5032 stes
340 4980 514 5043 esset,
547 4976 808 5032 Herberti
837 4977 1119 5048 pravitate
1133 4979 1324 5034 denuo
1349 4980 1622 5052 fatigatus
1647 4981 1859 5052 promi-
1968 4983 2060 5038 cui
2093 4982 2412 5037 concinunt
2437 4981 2560 5036 alia:
2594 4997 2838 5036 numero
2890 4978 3362 5052 quamplurimas,
3415 4983 3626 5052 praeter

200 5067 374 5132 serat,
409 5064 461 5120 ei
484 5081 552 5119 ex
569 5065 756 5120 amico
780 5065 967 5121 hostis
983 5067 1168 5122 factus
1183 5072 1273 5122 cst
1298 5086 1310 5135 ;
1337 5087 1474 5124 nam
1498 5087 1559 5125 se
1583 5070 1854 5125 delusum
1966 5071 2298 5126 Albericum
2331 5071 2530 5125 Trium
2559 5071 2849 5136 Fontium,
2882 5070 3210 5125 Chronicon
3234 5070 3544 5138 Remense,
3570 5072 3628 5124 et

197 5153 518 5208 arbitratus
540 5153 846 5210 castellum
871 5156 1004 5210 Lcdi
1031 5156 1546 5226 olnsidionecinxit,
1577 5164 1697 5212 tum
1721 5176 1858 5230 prae-
1969 5159 2350 5231 appendicem
2386 5160 2456 5214 ad
2507 5160 2822 5215 chronicon
2883 5159 3348 5230 Mosomagcnsc,
3393 5162 3624 5214 constat

204 5243 359 5296 textu
389 5242 658 5296 ineundae
692 5243 851 5315 pacis
884 5244 1222 5299 Gervasium
1255 5247 1327 5300 ad
1364 5246 1648 5301 familiare
1684 5246 1855 5302 rollo-
1971 5247 2311 5303 Gervasium
2347 5250 2548 5304 sedere
2579 5249 2823 5320 cwpisse
2855 5265 3008 5304 anno
3035 5249 3208 5314 1055;
3242 5249 3396 5318 quod
3425 5247 3470 5301 si
3504 5247 3628 5316 qui-

204 5331 407 5401 quium
435 5330 700 5386 alliciens
723 5348 855 5385 eum
881 5334 1125 5388 subdole
1151 5335 1320 5404 cepit,
1347 5336 1591 5405 atquein
1613 5336 1858 5390 vinculis
1974 5339 2220 5391 busdam
2257 5337 2388 5391 aliis
2413 5337 3158 5409 inslrumentisrepugnare
3178 5336 3422 5399 videtur,
3441 5334 3496 5386 in
3523 5333 3627 5386 h0-

209 5419 498 5491 captivum
531 5436 634 5492 per
662 5425 886 5492 septem
939 5440 1123 5477 annos
1172 5423 1442 5489 detinuit,
1477 5429 1541 5479 ut
1597 5443 1664 5480 ex
1712 5426 1860 5480 actis
1974 5443 2103 5481 rum
2139 5424 3368 5498 notisclironologicismendumirrepsisse
3388 5437 3628 5476 necesse

207 5507 435 5564 concilii
468 5511 774 5564 Remensis
804 5511 915 5564 sub
940 5515 1123 5567 Leone
1156 5510 1226 5564 IX
1259 5509 1584 5583 colligitur;
1621 5513 1717 5568 ubi
1749 5518 1858 5568 Go-
1973 5519 2062 5570 est
2092 5513 2419 5570 scribarum
2453 5521 2554 5570 aut
2584 5514 2959 5569 librariorum
2993 5511 3151 5566 vitio.
3203 5509 3427 5563 Videtis
3476 5508 3631 5565 infra

209 5595 428 5652 defrido
460 5596 570 5650 sub
603 5597 976 5654 anathemate
1007 5599 1340 5669 injunctum
1393 5606 1456 5655 ut
1515 5601 1856 5656 Gervasium
1894 5653 1932 5673 η
1976 5620 2101 5673 qua:
2125 5618 2190 5654 ea
2221 5602 2290 5658 de
2318 5620 2372 5658 re
2401 5604 2614 5658 dicturi
2650 5618 2858 5658 sumus
2892 5602 2948 5655 in
2981 5596 3213 5654 abbatia
3245 5597 3302 5650 S.
3367 5596 3629 5669 Dionysii

207 5683 470 5741 libertate
501 5684 780 5740 donaret:
816 5701 993 5754 quam
1028 5653 1222 5742 tamen
1258 5653 1354 5742 illc
1375 5653 1486 5744 non
1889 5653 1935 5716 Ι)
3027 5684 3367 5741 Gervasium
3425 5653 3630 5740 littera:

209 5777 300 5830 tus
330 5773 471 5845 quin
501 5772 662 5842 prius
695 5773 1002 5830 castellum
1034 5775 1341 5845 Lcdiquod
1375 5777 1486 5834 sibi
1519 5777 1853 5850 patrimonii
1969 5778 2247 5850 Stephani
2284 5779 2327 5834 X
2379 5796 2560 5852 papae,
2603 5779 2702 5849 qui
2734 5777 2900 5832 illum
2925 5791 3028 5848 pro
3080 5771 3358 5844 religione
3406 5772 3636 5828 fortiter
