3898 6418
184 496 299 561 2⁵13

1340 502 1349 510 “
1412 499 1821 567 EXPOSITIO
1867 504 2368 571 PSALMORUM.

3470 482 3588 575 sit

186 624 925 705 DsiFillum,temporalem
943 628 1155 706 aliquis
1168 630 1834 709 blephemacogitatione
1860 639 1914 708 Α
1944 638 2072 712 ejus
2103 640 2335 698 animus
2365 641 2749 717 discrepabat.
2780 644 3027 702 Gressus
3076 644 3365 719 signiﬁcat
3417 651 3582 705 actus

187 720 685 780 sentiret.Nomen
713 724 909 777 autem
938 720 1161 779 dictum
1193 724 1462 796 est,quod
1488 730 1686 781 notam
1713 743 1835 782 rem

188 811 379 868 faciat.
413 811 486 866 Et
514 809 609 865 hic
642 809 845 875 solem,
876 827 979 883 pro
1009 810 1283 868 omnibus
1323 814 1606 871 creaturis
1649 815 1834 887 ponit,

190 898 470 973 quoniam
531 899 940 971 conspectibus
986 900 1203 955 nostris
1248 901 1468 972 gratior
1530 901 1832 971 illucescit,

188 988 284 1045 ubi
316 991 376 1044 et
399 986 760 1060 sugillantur
786 986 1139 1061 philosophi,
1174 989 1273 1060 qui
1323 989 1503 1045 solem
1544 992 1837 1063 ponebant
1864 1012 1879 1019 τ

189 1082 496 1133 aeternum.

192 1168 255 1222 18
328 1168 408 1221 Et
440 1165 824 1222 benedicentur
850 1166 915 1221 in
947 1167 1058 1238 ipso
1103 1171 1159 1232 εξ·
1186 1182 1369 1223 omnes
1397 1170 1569 1224 tribus
1599 1173 1767 1227 terra?
1807 1176 1821 1236 ζ

329 1255 529 1311 Omnes
559 1262 742 1323 gentes
770 1255 1204 1326 magniﬁcabunt
1233 1273 1376 1311 eum.

257 1340 298 1399 C
326 1344 398 1398 Et
424 1342 846 1398 benedicentur
874 1341 931 1397 in
964 1343 1110 1415 ipso,
1141 1344 1386 1400 Domino
1405 1345 1671 1402 videlicet
1698 1347 1835 1403 Jesu

187 1431 438 1490 Christo.
462 1434 608 1487 Cum
637 1429 780 1486 dicit
808 1432 1617 1504 magniﬁcabunt,laudabunt
1638 1434 1836 1509 utique

189 1519 502 1593 signiﬁcat.
533 1519 716 1575 Aliter
741 1519 899 1576 enim
929 1519 1294 1593 magniﬁcari
1344 1539 1457 1578 non
1499 1527 1708 1594 potest,
1743 1522 1836 1579 eui

190 1625 395 1666 omnes
422 1607 794 1664 summitates
824 1608 1174 1665 deserviunt.

190 1698 258 1756 19
327 1696 659 1754 Benedictus
687 1697 969 1763 Dominus,
1004 1701 1150 1753 Deus
1178 1699 1365 1754 Israel.

331 1787 442 1855 Qui
467 1787 608 1856 facit
634 1786 923 1841 mirabilia
948 1787 1113 1842 solus.

257 1880 296 1932 C
324 1876 485 1933 Deus
514 1874 715 1941 Israel,
744 1874 802 1930 id
840 1878 948 1942 est,
999 1875 1152 1932 Deus
1193 1875 1474 1932 universes
1519 1880 1683 1933 terra:
1732 1877 1834 1932 be—

189 1964 553 2023 nedicendus
584 1979 817 2036 semper
844 1967 967 2032 est;
1000 1963 1098 2035 qui
1132 1964 1269 2019 facit
1316 1964 1609 2021 mirabilia
1651 1964 1830 2034 solus,

189 2053 326 2128 quia
368 2052 536 2109 nullo
581 2051 805 2125 indiget
851 2050 1159 2123 adjutorio.
1194 2053 1336 2108 Nam
1386 2052 1520 2139 licet
1565 2053 1753 2126 angeli
1780 2060 1835 2111 et

189 2141 357 2199 multi
381 2141 536 2214 justi
569 2140 787 2197 faciant
833 2139 1143 2209 mirabilia,
1178 2158 1293 2197 non
1326 2140 1431 2197 soli
1481 2146 1697 2211 tamen,
1731 2144 1832 2199 sed

188 2232 504 2304 adjuvante
528 2229 775 2286 Domino
805 2228 1182 2301 perﬁciunt.H
1214 2229 1395 2287 Debet
1416 2247 1548 2287 vero
1579 2231 1672 2287 his
1697 2233 1833 2304 poni

186 2320 359 2388 Deus,
395 2318 541 2392 quia
569 2318 913 2375 et‘Trinitas
942 2317 1001 2373 in
1029 2334 1198 2374 versu
1229 2321 1571 2376 ostenditur.

186 2411 256 2464 20
326 2410 393 2464 Et
426 2407 770 2464 benedictum
796 2423 992 2463 nomen
1006 2408 1303 2479 majestatis
1323 2410 1438 2480 ejus
1460 2411 1518 2464 in
1532 2413 1830 2467 aternum:

326 2499 394 2554 Et
427 2496 729 2569 replebitur
755 2496 1040 2569 majestate
1065 2497 1182 2567 ejus
1204 2498 1380 2552 omnis
1409 2502 1556 2553 terra
1586 2515 1604 2552 :

399 2586 524 2657 ﬁat,
552 2586 669 2656 ﬁat.
1772 2630 1781 2635 .

257 2676 304 2732 Η
336 2674 720 2735 Benedictum
752 2690 963 2731 nomen
994 2681 1089 2744 est,
1119 2675 1326 2731 scilicet
1352 2676 1489 2747 quia
1508 2677 1579 2733 de
1608 2675 1834 2732 Christo

185 2765 503 2821 Christiani
535 2768 676 2820 sunt
704 2763 868 2832 dicti,
913 2764 1067 2835 quod
1114 2764 1461 2820 vocabulum
1509 2769 1696 2820 totum
1744 2781 1833 2820 or-

186 2854 317 2911 bem
348 2869 525 2909 sacra
551 2851 921 2909 veneratione
949 2851 1275 2924 complevit.
1303 2853 1535 2908 Terram
1568 2854 1722 2909 enim
1744 2852 1837 2907 hic

189 2948 421 2999 sanctos
455 2941 620 3008 dicit,
653 2941 792 3013 quia
818 2939 1006 3013 ipsius
1053 2940 1315 2997 claritate
1372 2941 1629 3014 replendi
1677 2946 1835 2997 sunt.

188 3031 457 3105 Optantis
488 3034 581 3086 est
611 3029 804 3086 dicere
832 3030 951 3097 ﬁat,
986 3031 1085 3085 sed
1136 3030 1383 3086 nimium
1432 3030 1836 3100 desiderantis,

188 3119 383 3193 ipsum
410 3123 677 3192 repetere
703 3123 759 3174 et
789 3116 980 3174 dicere
1010 3136 1023 3174 :
1056 3118 1179 3187 ﬁat,
1211 3119 1331 3174 ﬁat.

673 3223 873 3264 ORATIO
910 3223 983 3262 EX
1018 3223 1177 3264 PSAL.
1219 3225 1361 3263 LXXI.

254 3299 481 3355 Nomen
514 3301 712 3362 tuum,
746 3295 1116 3368 omnipotens
1147 3296 1468 3361 Deus,ante
1499 3300 1708 3352 cuncta
1736 3313 1840 3351 sse-

1942 728 2252 797 humanos,
2287 732 2384 803 qui
2418 750 2595 806 prope
2623 734 2793 791 eti'usi
2823 738 2979 804 sunt,
3017 752 3150 791 cum
3183 753 3217 792 a
3245 752 3379 792 vera
3425 736 3581 810 cogi-

1942 817 2156 875 tatione
2189 820 2513 893 discrepare
2535 828 2853 895 cmperunt.

1943 906 1977 962 3
2120 909 2261 977 Quia
2290 912 2464 967 celavi
2490 929 2653 985 super
2678 915 2892 985 iniquos
2919 932 2938 970 :

2083 1000 2274 1055 Pacem
2299 1008 2641 1072 peccatorum
2668 1003 2877 1059 videns.

2013 1085 2054 1141 C
2083 1085 2291 1143 Secuta
2320 1093 2409 1144 est
2437 1106 2613 1146 causa
2661 1108 2764 1146 cur
2809 1108 3047 1163 gressus
3078 1092 3205 1164 ejus
3251 1091 3587 1149 viderentur

1944 1172 2329 1245 eil'undi,quia
2358 1178 2759 1247 peccatoribus
2792 1178 3179 1252 incongruum
3210 1178 3400 1239 zelum
3423 1178 3590 1235 adhi-

1943 1259 2072 1315 buit
2100 1265 2165 1316 ut
2189 1278 2287 1317 eos
2318 1269 2545 1335 putaret
2570 1265 2784 1333 felices,
2819 1284 2965 1338 quos
2996 1272 3218 1324 certum
3253 1272 3341 1324 est
3372 1272 3589 1323 aeterna

1944 1345 2314 1404 damnatione
2346 1351 2559 1421 puniri.
2596 1352 3431 1426 Pacem,inquit,peccatorum,
3457 1371 3585 1426 qua:

1944 1436 2199 1505 putatur,
2229 1436 2329 1491 sed
2361 1454 2554 1494 revera
2585 1456 2708 1495 non
2730 1445 2819 1497 est
2848 1458 2977 1513 pax.
3010 1442 3154 1498 Nam
3198 1458 3361 1497 cum,
3382 1457 3582 1513 pecca-

1944 1525 2097 1577 tores
2127 1522 2397 1580 videntur
2426 1526 2763 1599 locupletes,
2797 1534 2854 1584 et
2891 1529 3036 1584 nihil
3075 1547 3202 1586 esse
3253 1530 3313 1585 in
3361 1528 3581 1584 mundo

1945 1609 2098 1680 quod
2129 1610 2390 1684 timeant,
2418 1619 2700 1686 putantur
2727 1616 2939 1673 habere
2968 1619 3297 1689 pacem,sed
3330 1634 3440 1690 pax
3470 1617 3582 1673 ista

1944 1712 2078 1752 cum
2109 1700 2461 1759 conscientia
2490 1720 2720 1777 semper
2744 1704 2953 1778 litigat,
2985 1710 3040 1762 et
3063 1704 3416 1762 intrinsecus
3437 1705 3581 1760 rixa-

1943 1788 2040 1841 tur
2068 1803 2384 1862 secumque
2415 1793 2691 1850 decertat.

1942 1874 1975 1927 4
2084 1876 2223 1943 Quia
2250 1894 2360 1934 non
2388 1888 2464 1936 est
2493 1891 2757 1953 respectus
2785 1886 2952 1939 morti
2977 1900 3163 1939 eorum
3194 1900 3208 1937 :

1864 2010 1911 2074 Β
2081 1967 2147 2019 Et
2173 1967 2578 2035 ﬁrmamentum
2607 1972 2669 2025 in
2694 1973 2859 2044 plaga
2885 1989 3090 2029 eorum.

2013 2053 2051 2107 C
2079 2053 2282 2107 Adhuc
2305 2056 2444 2107 dicit
2473 2058 2543 2107 de
2575 2060 3059 2107 nrnsneritatilms

2079 2053 2282 2109 Adhuc
2305 2056 2444 2112 dicit
2473 2058 2543 2112 de
2573 2060 3059 2132 prosperitatibus
3088 2058 3422 2132 impiorum,
3442 2057 3579 2130 quia

1942 2156 2056 2197 non
2087 2146 2176 2197 est
2206 2149 2504 2216 respectus
2535 2148 2727 2216 morti,
2761 2149 2817 2203 id
2851 2153 2941 2205 est
2967 2149 3106 2221 quia
3133 2152 3379 2204 mortem
3410 2164 3578 2202 suam

1943 2246 2057 2285 non
2090 2231 2497 2302 pricvident,ad
2530 2237 2961 2292 emendandum
2985 2254 3047 2292 se
3070 2255 3185 2293 non
3216 2240 3574 2293 convertunt.

1943 2318 2011 2373 Et
2035 2319 2468 2377 firmamentum
2499 2324 2972 2380 subaudiendum
3020 2343 3134 2381 non
3182 2330 3290 2392 est,
3341 2324 3478 2395 quia
3524 2323 3576 2378 si

1942 2407 2226 2479 contingit
2255 2425 2351 2464 eos
2382 2413 2708 2485 praestringi
2741 2412 2936 2485 aliqua
2964 2413 3330 2479 adversitate,
3363 2428 3477 2467 non
3515 2409 3576 2465 in

1942 2495 2025 2552 eis
2050 2496 2278 2552 videtur
2305 2498 2533 2555 diutina
2563 2516 2899 2572 permanere
2927 2502 3184 2571 tristitia,
3216 2506 3274 2557 et
3302 2501 3429 2556 idco
3459 2515 3573 2555 non

1942 2584 2139 2640 statim
2170 2587 2241 2641 ad
2272 2587 2561 2643 medicum
2592 2605 2792 2645 verum
2811 2594 3136 2646 recurrunt.

1941 2675 1977 2728 5
2083 2675 2145 2729 In
2176 2676 2358 2731 labore
2383 2677 2666 2732 hominum
2693 2695 2799 2733 non
2826 2688 2953 2735 sunt
2980 2697 2999 2734 :
3082 2698 3086 2702 ·

2084 2766 2146 2819 Ει
2175 2781 2299 2820 cum
2326 2765 2634 2821 hominibus
2665 2784 2771 2822 non
2799 2769 3242 2837 ﬂagellabuntur.

2014 2857 2054 2907 C
2082 2853 2378 2919 Homines,
2410 2853 2504 2908 hic
2551 2860 2783 2910 sanctos
2826 2855 2981 2910 viros
3028 2854 3445 2927 intelligamus,
3481 2853 3581 2926 qui

1946 2946 2003 2997 et
2031 2941 2259 2998 labores
2278 2941 2333 2998 in
2362 2942 2469 2998 hoc
2482 2942 2691 2998 saeculo
2713 2944 3094 3011 sustinent,et
3108 2944 3337 2999 diversa
3360 2942 3589 3016 ﬂagella

1948 3032 2270 3102 patiuntur,
2307 3035 2370 3087 ut
2395 3032 2636 3087 correcti
2684 3033 2757 3087 ad
2805 3032 3118 3088 Dominum
3173 3032 3429 3099 redeant,
3481 3031 3590 3086 hoc

1949 3119 2345 3192 peccatoribus
2376 3136 2489 3174 non
2523 3120 2803 3191 provenit,
2838 3122 2992 3192 quod
3025 3122 3095 3176 ad
3129 3120 3379 3176 salutem
3416 3120 3589 3175 datur

1948 3207 2188 3275 devotis,
2239 3208 2377 3279 quia
2434 3208 2491 3262 in
2541 3209 2759 3278 mundo
2803 3225 3091 3281 congruas
3139 3225 3253 3265 non
3305 3207 3591 3279 recipiunt

1947 3295 2219 3352 ultiones.

185 3387 315 3444 cula
345 3385 728 3443 benedictum
758 3384 1112 3451 invocantes,
1143 3401 1380 3440 oramus
1428 3389 1493 3440 ut
1533 3384 1838 3440 humiliato
1868 3376 1911 3442 C
1945 3385 1979 3439 6
2087 3384 2206 3440 Ideo
2236 3386 2405 3440 tenuit
2433 3402 2518 3440 eos
2544 3388 2800 3457 superbia
2829 3404 2848 3441 :

187 3475 844 3545 calumniatore,paccm
861 3472 1076 3545 populo
1093 3473 1504 3545 justitiamque
1532 3472 1730 3546 largiri
1750 3472 1841 3528 di-

186 3565 525 3639 gneris.Per
555 3562 873 3619 Dominum
904 3566 1170 3617 nostrum
1191 3561 1396 3617 Jesum
1413 3561 1706 3618 Christum
1731 3566 1840 3616 etc.

730 3667 1063 3724 PSALMUS
1102 3667 1311 3723 LXXII.

624 3755 1019 3795 ARGUMENTUM
1057 3754 1213 3794 PSAL.
1249 3755 1413 3794 LXXII.

258 3834 298 3887 Ο
324 3831 453 3887 Vox
486 3827 786 3902 Prophetas
817 3826 1166 3883 admirantis
1196 3842 1302 3883 cur
1332 3827 1587 3883 inimicis
1636 3828 1740 3883 Det
1787 3832 1845 3883 et

189 3918 439 3992 paganis
473 3914 839 3989 prosperitas
867 3918 1033 3971 tanta
1061 3914 1306 3970 eveniat.

490 4006 827 4075 Defecerunt
859 4004 1047 4059 laudes
1068 4004 1242 4058 David
1269 4004 1378 4074 ﬁlii
1402 4006 1561 4059 Iesse.

626 4138 629 4141 .
698 4092 812 4147 TT.
856 4092 1106 4148 Psalmus
1140 4092 1348 4163 Asaph.

261 4185 303 4240 ll
338 4182 695 4240 Defecerunt
722 4178 926 4236 laudes
952 4180 1132 4235 David
1184 4178 1286 4234 ﬁlii
1336 4180 1520 4247 Jesse,
1552 4180 1623 4235 ad
1667 4180 1844 4237 ﬁnem

193 4269 618 4346 septuagesimi
648 4267 823 4341 primi
851 4268 1067 4341 psalmi
1100 4267 1368 4340 pertinet.
1405 4268 1463 4324 Id
1507 4285 1639 4325 vero
1691 4268 1845 4340 quod

194 4361 488 4433 sequitur,
534 4356 804 4430 psalmus
852 4356 1069 4429 Asaph,
1101 4356 1336 4412 initium
1396 4357 1472 4411 sit
1527 4357 1842 4429 sequentis.

148 4476 152 4483 ·
194 4451 236 4506 C
264 4448 463 4521 Asaph
493 4463 634 4503 vero
662 4462 944 4516 synagoga
981 4444 1414 4517 interpretatur,
1447 4444 1547 4517 qui
1598 4462 1666 4500 ex
1712 4449 1847 4518 typo

196 4554 507 4612 synagogas
540 4552 646 4607 per
676 4539 866 4590 totum
898 4532 1159 4606 loquitur
1184 4532 1851 4606 psalmum.Defeccrunt

194 4644 328 4683 vero
378 4625 594 4682 laudes
645 4622 850 4689 David,
880 4622 937 4677 id
979 4626 1068 4678 est
1114 4622 1377 4678 fecerunt
1420 4622 1850 4679 immolationes

2091 3472 2273 3545 Operti
2300 3483 2426 3529 sunt
2450 3476 2736 3546 iniquitate
2766 3482 2815 3530 et
2847 3477 3119 3546 impietate
3139 3491 3260 3529 sua.

2019 3563 2060 3617 C
2088 3562 2299 3617 Tenuit
2330 3567 2545 3627 autem,
2579 3564 2743 3629 dixit,
2774 3563 2831 3617 id
2878 3568 2966 3618 est
3013 3562 3179 3633 quasi
3228 3562 3581 3634 quihusdam

1948 3651 2331 3723 apprehendit
2360 3652 2633 3707 manibus
2662 3668 2758 3707 eos
2787 3652 3080 3724 superbia,
3113 3655 3177 3707 ut
3205 3651 3443 3707 evadere
3484 3666 3583 3705 ne-

1950 3739 2341 3811 queant.Dicit
2361 3757 2590 3812 quoque
2609 3741 2927 3796 secundum
2947 3740 3121 3795 aliam
3142 3738 3583 3796 translationem

1952 3828 2224 3900 superbia
2253 3828 2619 3899 corum,quia
2648 3846 2844 3885 revera
2874 3829 3085 3885 diaboli
3119 3828 3342 3896 est,hoc
3359 3828 3585 3883 facinus

1950 3922 2300 3990 perpetrare.
2331 3917 2695 3988 Operti‘sunt
2721 3916 3048 3989 iniquitate,
3078 3934 3193 3972 non
3223 3915 3367 3971 dixit
3389 3915 3586 3971 amicti

1953 4005 2215 4075 sunt,sed
2248 4004 2523 4076 operti,ut
2553 4022 2650 4060 eos
2679 4004 3075 4077 intelligamus
3114 4008 3266 4059 totos
3314 4019 3440 4059 esse
3487 4004 3585 4057 de-

1952 4110 2197 4149 mersos.
2230 4093 2469 4147 Addidit
2496 4092 2813 4163 impietate,
2845 4110 2971 4164 qua;
3004 4091 3289 4147 malorum
3322 4090 3588 4146 omnium

1954 4181 2229 4253 probatur
2256 4184 2533 4245 extrema,
2582 4181 2862 4252 iniquitas
2892 4180 3047 4235 enim
3104 4178 3413 4235 mediocris
3462 4194 3589 4235 esse

1953 4273 2162 4342 potest.

1952 4361 1987 4411 7
2093 4358 2306 4415 Prodiit
2333 4360 2492 4428 quasi
2516 4374 2585 4413 ea:
2612 4357 2771 4429 adipe
2796 4359 3056 4429 iniquitas
3084 4372 3271 4413 eorum
3298 4372 3309 4409 :

2097 4448 2446 4502 Transierunt
2467 4448 2526 4500 in
2548 4446 2799 4517 affectum
2826 4445 3023 4501 cordis.

2026 4536 2066 4591 C
2096 4536 2177 4590 Ex
2206 4535 2375 4606 adipe
2405 4535 2661 4606 procedit
2685 4534 2983 4606 iniquitas,
3017 4533 3248 4604 quando
3287 4531 3475 4604 hi,qui
3505 4531 3589 4586 af-

1958 4623 2194 4679 ﬂuentia
2224 4623 2525 4695 praesen-tis
2543 4623 2735 4678 εῖδει]ιί
2750 4625 3059 4694 praestante
3075 4626 3188 4676 Deo
3206 4619 3406 4692 repleti
3432 4625 3590 4687 sunt,

149 4728 165 4738 ”
197 4715 495 4789 pecudum
527 4717 589 4769 et
617 4709 1083 4778 immolationes;
1109 4709 1531 4782 nunccorporis
1548 4715 1605 4766 et
1620 4710 1852 4783 sangui-
1882 4732 1926 4797 D
1960 4714 2015 4767 in
2047 4712 2240 4767 divina
2269 4710 2624 4767 detractione
2650 4711 3132 4783 peccant.Pingue
3161 4708 3315 4765 enim
3346 4712 3432 4765 est
3462 4724 3594 4780 pec-

196 4805 289 4860 nis
320 4801 569 4866 Christi,
602 4805 808 4856 sancta
836 4798 1063 4872 peragit
1091 4797 1364 4855 Ecclesia.

199 4894 221 4948 1
338 4894 523 4961 Quam
552 4889 724 4945 bonus
754 4888 924 4944 Israel
951 4888 1112 4952 Deus,

334 4976 435 5037 His
460 4979 567 5051 qui
593 4979 738 5033 recto
766 4979 895 5032 sunt
921 4975 1081 5031 corde
1110 4993 1130 5031 :

267 5070 540 5126 CBonus
571 5065 730 5122 enim
773 5065 949 5132 Deus,
982 5062 1075 5118 his
1126 5063 1227 5135 qui
1276 5068 1428 5119 recto
1477 5069 1616 5119 sunt
1661 5064 1850 5130 corde,

201 5158 257 5213 id
284 5163 397 5226 est,
426 5155 535 5229 qui
567 5170 746 5227 opera
776 5153 904 5224 ejus
935 5151 1130 5207 studio
1161 5151 1392 5223 pietatis
1422 5151 1774 5224 intelligunt.
1811 5153 1850 5207 H

1961 4806 2176 4867 catum,
2209 4801 2364 4872 quod
2396 4800 2583 4872 magis
2616 4799 2851 4855 arbitrio
2880 4816 3055 4871 quam
3076 4797 3421 4856 necessitate
3443 4813 3598 4853 com-

1964 4889 2572 4945 mittitur.Peccatores
2601 4888 2961 4944 transierunt
2988 4887 3048 4941 in
3079 4887 3350 4942 affectam
3380 4886 3593 4954 cordis,

1961 4977 2020 5032 id
2051 4981 2158 5044 est,
2191 4980 2544 5041 erraverunt,
2578 4976 2809 5047 quando
2838 4974 3152 5031 insensatis
3181 4973 3353 5030 idolis
3382 4972 3598 5031 servie-

1962 5066 2175 5122 bant.H
2207 5064 2305 5120 Vel
2335 5065 2394 5119 in
2425 5064 2780 5132 aﬁ‘ectum,id
2813 5068 2901 5120 est
2929 5062 3481 5135 concupiscentiam,
3532 5066 3600 5117 ut

1965 5171 2133 5210 suam
2165 5171 2279 5209 non
2311 5154 2411 5208 Dei
2444 5153 2697 5209 facerent
2724 5151 3101 5207 voluntatem.

201 5248 269 5304 Et
323 5262 462 5303 eum
520 5242 711 5299 visuri
764 5244 925 5307 sunt,
971 5240 1123 5296 sicut
1170 5240 1254 5295 ait
1302 5240 1585 5296 Dominus
1630 5257 1643 5295 :
1696 5241 1854 5296 Beati
1962 5246 1996 5297 8
2108 5243 2492 5312 Cagitaverunt
2519 5246 2571 5296 et
2601 5243 2767 5297 locuti
2800 5245 2930 5295 sunt
2951 5242 3301 5313 nequitiam:
3366 5260 3373 5267 ’

206 5335 425 5392 mundo
510 5330 711 5399 corde,
781 5328 1060 5402 quoniam
1135 5328 1248 5401 ipsi
1326 5333 1508 5384 Deum
1581 5329 1859 5384 videbunt

209 5424 414 5495 (υυιιιι.
447 5421 531 5493 ν.)

208 5515 243 5567 2
345 5512 460 5570 Mei
489 5508 686 5565 autem
708 5522 847 5579 pene
872 5507 1008 5563 moti
1030 5513 1157 5561 sunt
1182 5505 1339 5577 pedes
1368 5522 1387 5559 :

347 5602 495 5657 Pene
524 5596 693 5669 effusi
720 5602 851 5651 sunt
876 5610 1090 5664 gressus
1119 5596 1247 5649 mei.

2108 5333 2453 5403 Iniquitatem
2480 5332 2539 5385 in
2566 5331 2771 5385 excelso
2800 5330 2964 5386 locuti
2984 5334 3132 5385 sunt.

2037 5419 2078 5474 C
2109 5419 2328 5491 Duplex
2358 5418 2576 5474 malum
2606 5423 2695 5473 est
2726 5418 3043 5490 nequitiam
3074 5418 3343 5489 cogitare,
3359 5428 3602 5483 eamque

1966 5511 2244 5578 tanquam
2278 5507 2497 5562 bonum
2525 5505 2756 5577 aliquod
2789 5505 2979 5577 palam
3011 5507 3285 5577 proferre.
3322 5500 3599 5572 Iniquita-

1968 5599 2084 5650 tem
2118 5594 2176 5649 in
2198 5595 2420 5650 excelso
2451 5594 2627 5648 locuti
2659 5599 2818 5661 sunt,
2848 5593 2956 5648 hoc
2981 5597 3067 5647 est
3098 5593 3249 5663 quod
3285 5605 3447 5645 mens
3468 5602 3600 5657 per-

280 5692 319 5742 C
357 5693 470 5745 Pes
517 5684 821 5760 signiﬁcat
864 5681 1172 5739 arbitrium
1221 5680 1462 5747 mentis;
1511 5681 1665 5736 hunc
1723 5682 1862 5736 dicit
1970 5684 2086 5737 ﬁda
2118 5684 2567 5755 parturiebat,ut
2596 5688 2795 5737 contra
2817 5686 3108 5737 auctorem
3139 5695 3311 5734 suum
3340 5671 3601 5742 blasphe-

215 5793 357 5849 pene
384 5778 576 5837 fuisse
609 5776 996 5839 commotum,
1030 5770 1263 5842 quando
1310 5787 1344 5826 a
1391 5786 1521 5827 vero
1566 5769 1859 5828 intellectu

1976 5789 2073 5829 ma
2104 5773 2277 5829 verba
2305 5771 2657 5843 loqueretur.
