4630 6362
557 483 713 547 μοι

2041 475 2521 540 DlPLOMA'l’A.

3809 473 3963 537 i403

554 638 3969 673 Μ

1527 784 2129 881 GERVASII
2220 780 2996 875 DIPLOMATA.

1369 1130 1411 1186 Ι.

564 1225 770 1281 Charta
799 1222 1140 1290 fundahoms
1172 1237 1261 1273 seu
1295 1222 1656 1273 restitutionis
1678 1218 1957 1273 duodecim
1988 1219 2215 1271 canoni-

636 1312 827 1350 corum
860 1298 913 1347 in
946 1295 1167 1347 ecclesia
1212 1296 1307 1347 SS.
1344 1293 1596 1345 Timothei
1630 1300 1679 1345 et
1742 1290 2141 1361 .Jppollzmzris.

1192 1384 1383 1447 (Anno
1416 1381 1598 1447 lO‘ii.)

569 1475 740 1540 [Actes
764 1471 828 1525 de
859 1473 909 1525 Ia
940 1474 1195 1541 province
1224 1470 1625 1538 crch‘siusliqm'
1655 1469 1717 1523 «lc
1767 1469 1965 1532 Ilcinis,
2002 1468 2071 1533 ll,
2101 1470 2211 1532 75.]

642 1581 701 1636 ln
730 1579 960 1635 nomine
992 1583 1202 1631 ssncta:
1233 1582 1287 1630 et
1310 1576 1616 1629 individum
1650 1574 1971 1639 Trinitatis,
2008 1573 2213 1639 Patris,

566 1675 623 1725 et
648 1668 795 1733 Filii,
824 1673 879 1723 et
909 1666 1163 1738 Spiritus
1195 1666 1403 1729 sancti,
1438 1664 1747 1718 Gervasius
1778 1664 1874 1717 Dei
1907 1664 2094 1733 gratia
2120 1666 2219 1715 Re-

568 1774 798 1814 morum
814 1757 1310 1827 archiepisctipus,
1331 1761 1542 1809 sancta-
1560 1753 1824 1808 Ecclesia:
1842 1758 1958 1806 tam
1977 1768 2220 1823 prcesen-

565 1847 727 1902 tibus
753 1862 928 1917 quam
952 1844 1163 1898 futuris
1189 1844 1480 1897 lidelidus.
1509 1844 1564 1897 Si
1593 1844 1831 1897 utilitati
1855 1848 1909 1895 et
1927 1840 2218 1896 honestati

564 1934 823 1991 ecclesia:
838 1933 1003 1987 nobis
1020 1951 1051 1987 a
1066 1934 1176 1987 Deo
1192 1934 1517 1987 commissze
1535 1932 1843 1999 diligenter
1860 1930 2217 1984 intendimus

565 2028 997 2094 etquazcunque
1014 2023 1067 2075 in
1084 2040 1148 2075 ea
1166 2023 1433 2086 [ad.,t':.I’.
1454 2023 1671 2091 fdivina:
1689 2020 2217 2089 religioniscultum

566 2112 812 2185 provida
842 2112 1335 2183 praedecessorum
1372 2118 1704 2164 nostrorum
1729 2110 2025 2179 vigilantia
2064 2107 2217 2162 ordi-

567 2206 707 2256 nata
728 2206 887 2267 sunt,
924 2200 1266 2254 inconvulsa
1298 2216 1624 2261 servamus,
1657 2205 1714 2253 et
1747 2217 1873 2269 qua‘
1907 2214 1972 2252 ex
2006 2198 2097 2252 his
2121 2215 2215 2251 ne-

564 2288 868 2361 gligentia,
890 2287 972 2342 vel
1009 2288 1303 2358 aliquibus
1334 2286 1668 2340 infortuniis
1704 2286 2073 2355 deperierunt
2132 2300 2219 2339 re-

565 2394 773 2451 parare
806 2377 1254 2441 contendimus;
1285 2373 1722 2447 patrisfamilias
1746 2380 1943 2429 nostro
1987 2375 2218 2427 decreto

2242 1130 2294 1194 Α
2328 1139 2510 1194 abbas
2544 1143 2600 1194 et
2622 1136 2949 1193 necessaria
2978 1136 3061 1194 eis
3088 1136 3274 1193 victus
3302 1137 3617 1208 provideat,
3650 1140 3707 1193 et
3737 1136 3788 1194 si
3829 1137 3975 1210 quid

2325 1228 2383 1282 in
2417 1245 2619 1282 eorum
2648 1226 3081 1281 conversatione
3140 1226 3597 1298 reprehensibile
3652 1226 3964 1294 invenerit,

2325 1318 2638 1372 emendare
2671 1322 2920 1383 satagat,
2953 1320 3015 1370 ut
3043 1332 3283 1370 securus
3317 1316 3373 1370 in
3396 1315 3486 1370 die
3513 1315 3715 1385 judicii
3750 1316 3866 1371 Deo
3896 1318 3969 1371 de

2326 1407 2412 1461 eis
2446 1406 2727 1459 rationem
2762 1406 2998 1459 reddere
3028 1405 3233 1458 valeat.
3266 1404 3386 1468 Quo
3417 1409 3625 1459 nostra)
3656 1404 3971 1460 ordinatio-

2328 1496 2421 1549 nis
2444 1496 2741 1548 decretum
2770 1511 2839 1547 ne
2872 1494 3004 1564 quis
3022 1492 3466 1558 convellere,vel
3494 1492 3861 1563 aliquatenus
3891 1498 3970 1548 te-

2329 1600 2550 1637 merare
2584 1588 2919 1653 prmsumat,
2955 1582 3065 1635 sub
3100 1581 3467 1635 anathemate
3489 1581 3971 1652 prohibemus,ad

2329 1678 2696 1744 posteiorum
2731 1671 3074 1725 memoriam
3135 1670 3189 1724 id
3243 1670 3724 1725 commendantes
3779 1670 3974 1727 chiro-

2328 1762 2549 1835 grapho
2582 1762 2691 1815 sub
2732 1761 3160 1831 episcoporum,
3204 1759 3505 1825 abbatum,
3568 1760 3980 1832 majorumque

2330 1850 2512 1905 nostri
2546 1849 2703 1918 cleri,
2737 1855 2791 1903 et
2814 1856 3153 1903 czeterorum
3196 1847 3453 1902 fidelium
3488 1854 3824 1903 nostrorum
3876 1849 3977 1921 qui

2330 1940 2719 1993 interfuerunt
2741 1938 3091 1992 testimonio.
3123 1936 3434 1991 Prandium
3471 1941 3667 1992 autem
3702 1938 3854 2008 quod
3880 1954 3973 1993 ca-

2328 2029 2519 2083 nonici
2555 2029 2777 2083 Sancta:
2812 2027 3003 2081 Mariis
3043 2027 3221 2096 hujus
3252 2030 3563 2081 Remorum
3596 2026 3852 2082 ecclesiae
3884 2027 3973 2082 illi

2330 2116 2693 2187 accipiebant
2719 2116 2774 2169 in
2799 2115 3107 2170 festivitate
3141 2120 3473 2170 sanctorum
3505 2120 3829 2188 martyrum
3875 2116 3972 2172 Ti-

2331 2205 2546 2258 mothei
2581 2210 2634 2258 et
2665 2204 3041 2275 Apollinaris,
3077 2220 3178 2274 pro
3240 2204 3335 2258 Dei
3393 2221 3611 2273 amore,
3672 2208 3728 2258 et
3772 2209 3972 2261 nostro

2330 2293 2803 2347 condonaverunt
2858 2291 3156 2346 communi
3217 2307 3506 2348 consensu
3559 2294 3974 2364 perpetualiter

2330 2382 2526 2436 abbati
2572 2381 2894 2449 Herimaro,
2946 2385 3003 2434 et
3059 2381 3384 2451 supradicis
3432 2380 3681 2447 clericis,
3741 2386 3807 2437 ut
3857 2382 3977 2437 sint

566 2467 744 2522 nobis
792 2466 1007 2521 talento
1057 2466 1360 2536 multiplex
1418 2464 1646 2518 lucrum
1696 2468 2113 2535 reportaturos,
2164 2466 2299 2563 etB
2332 2486 2536 2525 eorum
2570 2470 2798 2539 fratres,
2828 2470 3209 2540 ipsorumque
3262 2470 3608 2525 memoriam
3657 2471 3875 2526 faciant
3919 2471 3976 2526 in

566 2572 717 2627 euge
748 2556 1086 2610 certissima?
1114 2555 1598 2609 remunerationis
1618 2571 1722 2607 nos
1742 2553 2031 2607 credimus
2055 2551 2218 2606 audi-

565 2644 925 2700 turos.Unde
940 2644 1378 2697 considerantes
1393 2642 1697 2697 ecclesiam
1724 2642 1910 2696 sancti
1928 2641 2218 2696 Timothei

568 2733 848 2804 martyris
880 2732 938 2786 in
974 2732 1291 2803 municipio
1319 2732 1494 2801 hujus
1527 2737 1736 2785 sanctm
1760 2730 1935 2796 sedis,
1961 2730 2053 2783 cui
2104 2730 2217 2784 Deo

567 2822 1225 2893 nuctoreprassidemus,
1260 2822 1458 2885 sitam,
1519 2821 1815 2889 quondam
1875 2818 2217 2873 clericorum

569 2926 817 2967 numero
848 2914 905 2965 et
926 2909 1228 2963 honestate
1254 2909 1552 2979 religionis
1574 2909 1849 2979 viguisse,
1883 2908 1983 2962 sed
2009 2908 2217 2979 partim

571 2999 834 3056 adversis
865 2999 1120 3067 casibus,
1154 3000 1363 3069 partim
1399 2999 1623 3051 incuria
1654 2998 1721 3051 ad
1758 2998 1993 3051 titulum
2045 2997 2220 3051 unius

571 3087 897 3163 presbyteri
917 3105 1045 3143 esse
1065 3089 1355 3142 redactam
1384 3104 1397 3149 ;
1424 3088 1668 3157 ideoque
1687 3088 1761 3140 ab
1782 3087 2220 3157 archiepiscopo

570 3177 962 3247 Adalberone,
998 3182 1059 3231 ut
1089 3194 1153 3231 ex
1183 3178 1310 3247 ejus
1334 3176 1617 3233 reditibus
1641 3175 2057 3247 hOSpitalitatis
2090 3193 2221 3247 sup-

572 3266 832 3341 pleretur
863 3266 1109 3323 utilitas.
1128 3266 1277 3322 beati
1303 3265 1545 3335 Remigii
1572 3264 1923 3320 monasterio
1941 3265 2011 3319 ad
2037 3264 2220 3336 possi-

571 3356 830 3413 dendnm
852 3372 1190 3411 concessam
1219 3374 1231 3423 ;
1269 3356 1375 3427 piae
1397 3354 1727 3409 sedulitatis
1751 3370 1925 3424 opera
1946 3354 2221 3409 adhibere

573 3445 912 3502 curavimus
946 3450 1011 3500 ut
1037 3462 1163 3499 eam
1182 3445 1255 3515 in
1282 3446 1589 3515 antiquum
1614 3443 1939 3497 honestatis
1996 3447 2217 3497 statum

570 3549 999 3607 repararemus.
1030 3514 1391 3606 Quapropter
1416 3514 1471 3587 id
1508 3534 1871 3588 notiticantes
1920 3532 2219 3586 Herimaro

569 3623 1163 3694 nbbati,injunximus
1187 3630 1249 3677 ut
1282 3624 1387 3678 hoc
1412 3629 1620 3677 nostra:
1652 3622 1964 3677 voluntatis
2012 3636 2219 3693 propo-

570 3712 755 3770 situm
788 3713 1225 3767 commendaret
1254 3712 1504 3777 eﬂ‘ectui,
1565 3717 1622 3767 et
1667 3709 1858 3782 ipsam
1917 3708 2218 3765 ecclesiam

570 3802 761 3859 sancti
790 3801 1080 3857 Timothei
1108 3818 1241 3855 cum
1274 3801 1397 3856 suis
1431 3801 1716 3856 reditibus
1776 3797 2217 3870 stipendiariam

569 3891 691 3948 Deo
723 3890 960 3957 faciens,
994 3890 1366 3946 tamulaturis
1398 3890 1540 3944 inibi
1564 3889 1899 3953 clericis,ex
1923 3887 2053 3943 aliis
2084 3903 2217 3958 pos-
2250 3868 2293 3936 C

569 3978 937 4037 suasionibus
968 3979 1156 4034 sancti
1186 3979 1431 4049 Remigii
1465 3979 1521 4034 in
1554 3995 1659 4033 suo
1691 3976 1953 4032 ccenobio
1983 3975 2225 4047 supple-

570 4072 839 4126 mentum
851 4072 1147 4140 repararet
1162 4068 1599 4141 hospitalitatis.
1621 4065 1728 4130 Qui
1749 4065 1994 4121 libenter
2011 4068 2222 4120 nostris

576 4155 932 4215 ordinationi
954 4156 1170 4228 paruit,
1199 4162 1257 4212 et
1282 4158 1391 4212 sub
1423 4162 1621 4211 nostro
1643 4153 2008 4210 auctoritatis
2047 4152 2223 4224 privi-

558 4243 718 4316 legio
747 4244 1058 4301 duodecim
1082 4246 1395 4301 canonicos
1420 4246 1477 4299 in
1502 4245 1703 4300 eodem
1722 4244 1847 4298 loco
1866 4242 2220 4314 aggregavit,

559 4337 745 4406 thue
774 4333 1121 4405 regulariter
1148 4335 1367 4391 ibidem
1390 4334 1588 4389 divino
1610 4334 1949 4389 insisterent
1987 4331 2221 4387 servitio

559 4422 905 4479 canonicam
936 4424 1311 4495 praebendam
1332 4422 1417 4478 eis
1440 4421 1711 4477 instituit.
1748 4422 1878 4476 Ηωο
1906 4438 2041 4492 ergo
2082 4438 2217 4475 con-

557 4508 791 4567 stitutio
821 4515 887 4568 ut
916 4513 1078 4568 ﬂeret
1097 4511 1407 4578 efﬁcacior,
1438 4529 1543 4567 nos
1565 4527 1798 4582 quoque
1821 4511 2007 4582 ipsius
2038 4509 2218 4565 eccle-

555 4599 663 4657 sia
676 4599 862 4657 altare
883 4602 956 4657 ad
981 4607 1367 4673 augmentum
1391 4599 1667 4672 stipendii
1690 4616 1891 4654 eorum
1915 4605 2218 4671 perpetua-

552 4688 701 4746 liter
728 4689 875 4762 ipsis
897 4708 1026 4747 esse
1046 4691 1349 4763 proprium
1382 4689 1799 4745 constituimus
1826 4707 1839 4757 ;
1871 4693 1929 4743 et
1959 4688 2220 4759 quandiu

552 4776 683 4835 illic
713 4778 931 4836 fuerint
958 4780 1248 4845 canonici,
1270 4797 1339 4835 ne
1361 4780 1674 4851 quisquam
1700 4794 2007 4834 successor
2023 4782 2220 4833 noster

554 4865 652 4924 eis
672 4865 817 4925 illud
839 4869 1069 4926 auferat
1089 4869 1200 4926 sub
1221 4868 1418 4925 divina
1429 4867 2216 4925 auctoritateinterdicimus.

557 4956 848 5014 Preterca
875 4963 1076 5015 ratum
1106 4974 1236 5015 esse
1262 4956 1537 5014 volumus
1568 4961 1632 5012 ut
1656 4958 1776 5011 sint
1805 4957 2100 5013 immunes
2142 4956 2218 5011 ab

557 5045 726 5103 omni
756 5046 1301 5104 uchidiaconorum
1332 5051 1391 5103 et
1420 5045 2055 5118 archipresbyterorum
2086 5061 2218 5101 exa-

556 5134 779 5204 ctione,
801 5135 979 5208 positi
1010 5140 1240 5195 tantum
1263 5136 1375 5192 sub
1415 5136 1601 5192 sancti
1646 5135 1895 5209 Remigii
1951 5135 2217 5192 domina-

2335 2558 2696 2613 orationibus
2721 2558 2864 2623 suis,
2911 2560 3081 2628 cujus
3133 2558 3463 2613 donationis
3520 2558 3849 2631 largitatem
3909 2577 3979 2615 ne

2333 2649 2466 2718 quis
2498 2647 2820 2703 convellere
2865 2648 3075 2701 audeat
3127 2648 3343 2702 futuris
3393 2648 3777 2719 temporibus,
3836 2665 3971 2705 cum

2331 2736 2731 2790 coessentibus
2763 2736 2931 2790 nobis
2948 2735 3237 2807 episcopis
3258 2741 3315 2791 et
3345 2736 3503 2791 omni
3535 2736 3706 2804 clero,
3740 2737 3849 2792 sub
3880 2737 3973 2793 di-

2328 2824 2447 2879 vini
2475 2825 2737 2880 numinis
2766 2826 3149 2880 obtestatione
3181 2824 3630 2880 comminemur.

2403 2920 2429 2978 1
2466 2914 2710 2985 Signum
2744 2914 2942 2968 domui
2973 2912 3227 2969 Gervasii
3257 2913 3510 2984 arcltiep.

2405 3009 2430 3067 ’r
2468 3003 2713 3073 Signum
2748 3002 3016 3057 Elinandi
3045 3002 3310 3057 Laudun.
3342 3001 3619 3075 episcopi.

2408 3092 2705 3162 J{Signum
2739 3092 3010 3147 Adelardi
3043 3091 3345 3147 Suession.
3379 3092 3523 3164 epis.

2410 3186 2434 3245 λι
2472 3182 2717 3253 Signum
2751 3182 3045 3237 Frotlandi
3067 3183 3284 3238 Silvan.
3312 3182 3455 3254 epis.

2406 3276 2433 3336 1‘
2463 3270 2708 3341 Signum
2732 3270 3001 3327 Widonis
3022 3271 3253 3328 Beluae.
3287 3272 3430 3343 epis.

2404 3363 2432 3424 ’τ
2469 3360 2715 3429 Signum
2745 3360 2966 3415 Odonis
2993 3359 3407 3416 archidiaconi.

2405 3452 2433 3511 *ί
2470 3448 2714 3518 Signum
2747 3448 3027 3502 Herimari
3052 3448 3282 3503 abbatis
3309 3447 3493 3503 sancti
3514 3445 3781 3518 Remigii.

2399 3538 2608 3590 Actum
2631 3536 2827 3590 Remis
2859 3535 3090 3607 publice
3119 3553 3271 3591 anno
3299 3537 3525 3591 lncarn.
3546 3534 3774 3591 Domin.
3808 3535 3968 3591 1864.

2332 3624 2645 3680 indictione
2678 3642 2738 3691 ll,
2775 3630 3054 3697 regnante
3108 3625 3374 3697 Philippo
3407 3641 3542 3697 rege
3598 3642 3692 3680 an.
3743 3641 3779 3681 v
3835 3624 3972 3679 Idus

2326 3713 2508 3769 Junii.

3114 3803 3187 3858 Il.

2427 3894 2533 3947 Pro
2562 3893 2897 3961 [undatione
2924 3893 3158 3949 abbatia:
3197 3893 3251 3948 S.
3283 3893 3541 3965 Dionysii
3572 3893 3870 3948 Bernensis.

2954 3983 3138 4051 (Anno
3172 3982 3353 4052 1067.)

2544 4069 2719 4139 [Actes
2748 4069 2811 4125 de
2840 4070 2897 4125 la
2924 4074 3176 4142 province
3206 4070 3270 4127 de
3303 4073 3502 4138 Reims,
3538 4070 3608 4138 II,
3636 4070 3755 4141 79.]

2402 4158 2616 4213 Notum
2642 4158 2771 4214 volo
2804 4160 3213 4231 praesentibus,
3244 4177 3349 4216 nec
3371 4160 3634 4231 ignotum
3666 4159 3744 4215 sit
3785 4167 3975 4231 poste-

2331 4247 2433 4317 ris,
2466 4249 2619 4319 quod
2651 4265 2758 4320 ego
2789 4249 3106 4305 Gervasius
3123 4250 3302 4320 hujus
3331 4255 3545 4306 sanctas
3580 4249 3736 4304 sedis
3768 4249 3975 4305 Remo-

2330 4353 2460 4391 rum
2495 4337 2760 4401 antistes,
2776 4342 2909 4409 post
2930 4337 3177 4394 aliarum
3198 4338 3683 4394 restaurationem
3706 4337 3976 4393 ecclesia-

2331 4443 2463 4480 rum
2486 4443 2611 4497 qua:
2633 4429 2753 4481 tam
2776 4431 3065 4482 vetustate
3100 4443 3280 4499 quam
3305 4426 3662 4500 negligentia
3684 4426 3976 4483 destitutae

2329 4532 2395 4571 ac
2411 4516 2649 4569 desertae
2681 4516 2752 4571 ab
2784 4515 3045 4587 antiquis
3074 4516 3434 4587 apparebant
3454 4514 3978 4587 temporibus,bea-

2329 4604 2374 4658 ti
2396 4603 2658 4675 Dionysii
2693 4620 2819 4675 quae
2833 4605 2959 4675 jam
2983 4621 3127 4676 pene
3154 4603 3435 4660 annulata
3454 4604 3642 4658 fuerat
3669 4600 3973 4658 ecclesiam

2325 4709 2603 4749 renovare
2634 4693 2902 4765 apposui;
2938 4710 3117 4765 quam
3137 4692 3276 4748 olim
3304 4691 3681 4748 celeberrime
3703 4690 3973 4758 ditatem,

2326 4782 2635 4854 ingruente
2665 4781 2910 4849 malitia,
2929 4783 3002 4838 ad
3033 4798 3325 4837 summam
3344 4780 3646 4837 devenisse
3669 4784 3977 4852 pauperta-

2324 4875 2441 4928 tem
2503 4873 2838 4943 frequenter
2886 4871 3247 4928 transeundo
3278 4871 3591 4927 miseratus
3644 4868 3919 4926 condolui
3957 4888 3971 4939 ;

2326 4960 2705 5032 adhibitaque
2738 4961 2975 5016 tandem
2999 4960 3321 5032 diligentia,
3354 4959 3810 5016 restaurationis
3831 4976 3980 5032 opus

2326 5049 2681 5121 operatione,
2713 5054 3030 5115 structura,
3063 5050 3162 5106 Dei
3197 5053 3481 5122 praesente
3511 5048 3845 5122 gratia,non
3860 5048 3979 5103 dis.

2328 5137 2457 5208 tuli,
2481 5140 2782 5194 destructa
2812 5138 3189 5205 recedificans,
3223 5156 3351 5211 quae
3385 5139 3630 5195 fundata
3658 5155 3774 5193 non
3816 5141 3982 5193 erant

554 5222 743 5289 tione.
773 5226 887 5282 sub
904 5229 1109 5282 nostra
1129 5229 1325 5281 tamen
1349 5228 1661 5298 potestate,
1692 5229 1749 5280 et
1770 5224 2002 5281 abbatis
2025 5225 2218 5295 subje-
2247 5244 2295 5309 Ι)
2326 5246 2357 5284 a
2389 5228 2787 5284 fundamentis
2828 5232 3200 5284 construens.
3223 5228 3295 5283 Et
3324 5226 3463 5299 quia
3492 5227 3564 5284 ad
3599 5241 3860 5283 mensam
3888 5242 3978 5281 ca-

560 5312 780 5385 utione,
801 5315 1303 5387 quemadmodum
1322 5318 1379 5370 et
1395 5313 1667 5371 monachi
1692 5313 1877 5386 ipsius
1901 5314 2088 5369 sancti
2112 5314 2221 5369 Re-

560 5402 735 5477 migii
768 5421 781 5461 :
815 5408 873 5462 et
892 5404 1050 5461 sicut
1069 5421 1273 5461 curam
1292 5421 1360 5461 ex
1376 5420 1580 5461 eorum
1611 5402 1919 5459 animabus
1942 5403 2125 5459 abbas
2147 5404 2221 5460 de

558 5496 765 5549 nostra
778 5494 1061 5566 suscepit,
1085 5494 1291 5550 eodem
1312 5492 1487 5549 modo
1511 5493 1582 5548 de
1604 5492 1943 5547 eorumdem
1977 5490 2217 5547 clerico-

560 5597 699 5638 rum
726 5582 1040 5640 animabus
1068 5599 1272 5639 curam
1320 5599 1355 5637 a
1408 5581 1580 5638 nobis
1637 5581 1940 5651 suscipiat,
1973 5580 2217 5653 ipseque

560 5671 836 5728 eamdem
854 5672 1074 5729 decano
1090 5688 1265 5744 quem
1290 5670 1402 5726 sibi
1421 5671 1493 5727 ad
1515 5686 1717 5725 eorum
1736 5668 2063 5725 custodiam
2081 5670 2216 5725 ﬁde-

558 5758 684 5819 lem
715 5759 1086 5818 substituerit
1120 5776 1301 5817 manu
1332 5777 1440 5816 sua
1488 5759 1846 5827 committat;
1898 5758 2024 5830 ipse
2081 5775 2214 5814 vero

2330 5313 2675 5370 nonicorum
2694 5314 2943 5369 dominae
2968 5331 3107 5371 mete
3130 5319 3344 5372 sanctae
3367 5314 3462 5370 Dei
3483 5312 3780 5386 genitricis
3799 5312 3973 5384 perti-

2330 5403 2524 5472 nebat,
2559 5402 2630 5457 ab
2663 5403 2809 5475 ipsis
2840 5403 2978 5460 ﬁliis
3011 5404 3157 5460 meis
3179 5420 3309 5460 eam
3340 5404 3450 5460 sub
3479 5418 3656 5458 censu
3683 5417 3781 5456 sex
3837 5398 3974 5456 soli-

2330 5493 2541 5547 dorum
2564 5493 2831 5547 omnium
2850 5496 3145 5549 voluntate
3166 5493 3381 5564 accepi,
3414 5494 3694 5562 perpetua
3711 5489 3976 5545 libertate

2330 5581 2666 5636 donandam
2691 5598 2704 5648 ;
2739 5581 2847 5637 hac
2879 5583 3302 5638 consuetudine
3332 5582 3554 5635 retenta
3570 5582 3639 5634 ut
3658 5578 3976 5636 servientes

2327 5686 2552 5737 eorum,
2571 5673 2693 5724 tam
2726 5670 3041 5726 familiares
3065 5687 3235 5743 quam
3260 5667 3787 5736 communes,sicut
3806 5672 3975 5724 antea

2325 5757 2615 5831 solebant,
2641 5759 3033 5831 absqueomni
3067 5759 3359 5816 exactione
3393 5754 3649 5827 alicujus
3662 5756 3857 5828 pretii,
3890 5755 3967 5811 ibi
