  <div class='ocr_page' id='page_1' title='image "/cluster/home/n/w/nwhite01/storage/ocr_20150623/142-143/uc1.31175018423130/1441.png"; bbox 0 0 4630 6434; ppageno 0'>
   <div class='ocr_carea' id='block_1_1' title="bbox 1031 478 2859 551">
    <p class='ocr_par' dir='ltr' id='par_1_1' title="bbox 1031 478 2859 547">
     <span class='ocr_line' id='line_1_1' title="bbox 1031 478 2859 547; baseline 0.005 -9"><span class='ocrx_word' id='word_1_1' title='bbox 1031 478 1185 542; x_wconf 71' lang='grc'>1403</span> <span class='ocrx_word' id='word_1_2' title='bbox 2105 479 2573 544; x_wconf 79' lang='lat' dir='ltr'>LEODEGARII</span> <span class='ocrx_word' id='word_1_3' title='bbox 2615 482 2859 547; x_wconf 46' lang='lat' dir='ltr'>ARCBI‘</span> 
     </span>
    </p>
   </div>
   <div class='ocr_carea' id='block_1_2' title="bbox 2628 478 4456 551">
    <p class='ocr_par' dir='ltr' id='par_1_2' title="bbox 2628 482 4456 551">
     <span class='ocr_line' id='line_1_2' title="bbox 2628 482 4456 551; baseline 0.004 -7"><span class='ocrx_word' id='word_1_4' title='bbox 2628 482 2980 548; x_wconf 66' lang='lat' dir='ltr'>ARCBIEP.</span> <span class='ocrx_word' id='word_1_5' title='bbox 3025 486 3288 551; x_wconf 82' lang='lat' dir='ltr'><strong>VIENN.</strong></span> <span class='ocrx_word' id='word_1_6' title='bbox 4141 537 4150 546; x_wconf 94' lang='lat'>.</span> <span class='ocrx_word' id='word_1_7' title='bbox 4260 485 4456 551; x_wconf 71' lang='grc'>1404</span> 
     </span>
    </p>
   </div>
   <div class='ocr_carea' id='block_1_3' title="bbox 1025 618 4455 710">
    <p class='ocr_par' dir='ltr' id='par_1_3' title="bbox 1025 618 4455 710">
     <span class='ocr_line' id='line_1_3' title="bbox 1025 618 4455 710; baseline -0.005 -16"><span class='ocrx_word' id='word_1_8' title='bbox 1025 635 1341 710; x_wconf 66' lang='lat' dir='ltr'>sepulturae</span> <span class='ocrx_word' id='word_1_9' title='bbox 1370 635 1768 704; x_wconf 82' lang='lat' dir='ltr'>traderentur;</span> <span class='ocrx_word' id='word_1_10' title='bbox 1801 637 1858 690; x_wconf 89' lang='lat' dir='ltr'>et</span> <span class='ocrx_word' id='word_1_11' title='bbox 1907 632 2035 706; x_wconf 89' lang='lat' dir='ltr'>ipsa</span> <span class='ocrx_word' id='word_1_12' title='bbox 2081 632 2323 689; x_wconf 78' lang='lat' dir='ltr'>ecclesia</span> <span class='ocrx_word' id='word_1_13' title='bbox 2376 648 2650 704; x_wconf 84' lang='lat' dir='ltr'>processu</span> <span class='ocrx_word' id='word_1_14' title='bbox 2682 618 2736 683; x_wconf 76' lang='grc' dir='ltr'><strong>Α</strong></span> <span class='ocrx_word' id='word_1_15' title='bbox 2765 625 3072 694; x_wconf 84' lang='lat' dir='ltr'>crevimus,</span> <span class='ocrx_word' id='word_1_16' title='bbox 3107 625 3279 682; x_wconf 90' lang='lat' dir='ltr'>modo</span> <span class='ocrx_word' id='word_1_17' title='bbox 3297 639 3531 698; x_wconf 86' lang='lat' dir='ltr'>quoque</span> <span class='ocrx_word' id='word_1_18' title='bbox 3559 622 3951 694; x_wconf 88' lang='lat' dir='ltr'>decernimus,</span> <span class='ocrx_word' id='word_1_19' title='bbox 3975 640 4093 698; x_wconf 89' lang='lat' dir='ltr'>quo</span> <span class='ocrx_word' id='word_1_20' title='bbox 4119 621 4200 682; x_wconf 88' lang='lat' dir='ltr'>de</span> <span class='ocrx_word' id='word_1_21' title='bbox 4251 619 4455 710; x_wconf 71' lang='lat' dir='ltr'>omni</span> 
     </span>
    </p>
   </div>
   <div class='ocr_carea' id='block_1_4' title="bbox 1024 709 4457 798">
    <p class='ocr_par' dir='ltr' id='par_1_4' title="bbox 1024 709 4457 798">
     <span class='ocr_line' id='line_1_4' title="bbox 1024 709 4457 798; baseline -0.004 -18"><span class='ocrx_word' id='word_1_22' title='bbox 1024 709 1325 798; x_wconf 86' lang='lat' dir='ltr'>temporis.</span> <span class='ocrx_word' id='word_1_23' title='bbox 1356 726 1548 796; x_wconf 85' lang='lat' dir='ltr'>aliquo</span> <span class='ocrx_word' id='word_1_24' title='bbox 1580 741 1713 780; x_wconf 87' lang='lat' dir='ltr'>casu</span> <span class='ocrx_word' id='word_1_25' title='bbox 1749 721 1996 779; x_wconf 88' lang='lat' dir='ltr'>rediviva</span> <span class='ocrx_word' id='word_1_26' title='bbox 2043 719 2392 788; x_wconf 79' lang='lat' dir='ltr'>calamitate,</span> <span class='ocrx_word' id='word_1_27' title='bbox 2423 721 2495 775; x_wconf 92' lang='lat' dir='ltr'>ad</span> <span class='ocrx_word' id='word_1_28' title='bbox 2527 736 2654 775; x_wconf 88' lang='lat' dir='ltr'>eam</span> <span class='ocrx_word' id='word_1_29' title='bbox 2765 713 3048 770; x_wconf 89' lang='lat' dir='ltr'>bonorum</span> <span class='ocrx_word' id='word_1_30' title='bbox 3083 729 3344 770; x_wconf 88' lang='lat' dir='ltr'>meorum</span> <span class='ocrx_word' id='word_1_31' title='bbox 3376 714 3706 771; x_wconf 84' lang='lat' dir='ltr'>substantia</span> <span class='ocrx_word' id='word_1_32' title='bbox 3749 713 4153 772; x_wconf 75' lang='lat' dir='ltr'>indifferenter</span> <span class='ocrx_word' id='word_1_33' title='bbox 4200 709 4457 770; x_wconf 75' lang='lat' dir='ltr'>statui-</span> 
     </span>
    </p>
   </div>
   <div class='ocr_carea' id='block_1_5' title="bbox 1025 801 4454 886">
    <p class='ocr_par' dir='ltr' id='par_1_5' title="bbox 1025 801 4454 886">
     <span class='ocr_line' id='line_1_5' title="bbox 1025 801 4454 886; baseline -0.004 -17"><span class='ocrx_word' id='word_1_34' title='bbox 1025 831 1152 886; x_wconf 69' lang='lat' dir='ltr'>quea</span> <span class='ocrx_word' id='word_1_35' title='bbox 1183 815 1344 885; x_wconf 90' lang='lat' dir='ltr'>prius</span> <span class='ocrx_word' id='word_1_36' title='bbox 1373 819 1496 868; x_wconf 88' lang='lat' dir='ltr'>erat</span> <span class='ocrx_word' id='word_1_37' title='bbox 1525 813 1828 878; x_wconf 83' lang='lat' dir='ltr'>decideret,</span> <span class='ocrx_word' id='word_1_38' title='bbox 1879 827 2077 865; x_wconf 89' lang='lat' dir='ltr'>eorum</span> <span class='ocrx_word' id='word_1_39' title='bbox 2127 809 2280 864; x_wconf 84' lang='lat' dir='ltr'>sicut</span> <span class='ocrx_word' id='word_1_40' title='bbox 2329 809 2492 880; x_wconf 85' lang='lat' dir='ltr'>prius</span> <span class='ocrx_word' id='word_1_41' title='bbox 2537 814 2657 863; x_wconf 88' lang='lat' dir='ltr'>erat</span> <span class='ocrx_word' id='word_1_42' title='bbox 2765 819 2918 856; x_wconf 87' lang='lat' dir='ltr'>mus.</span> <span class='ocrx_word' id='word_1_43' title='bbox 2951 801 3129 873; x_wconf 85' lang='lat' dir='ltr'>Cujus</span> <span class='ocrx_word' id='word_1_44' title='bbox 3159 802 3596 859; x_wconf 89' lang='lat' dir='ltr'>constitutionis</span> <span class='ocrx_word' id='word_1_45' title='bbox 3627 806 3840 858; x_wconf 71' lang='lat' dir='ltr'>nostra:</span> <span class='ocrx_word' id='word_1_46' title='bbox 3864 803 4171 859; x_wconf 86' lang='lat' dir='ltr'>decretum</span> <span class='ocrx_word' id='word_1_47' title='bbox 4205 805 4282 857; x_wconf 86' lang='lat' dir='ltr'>ut</span> <span class='ocrx_word' id='word_1_48' title='bbox 4334 815 4454 857; x_wconf 72' lang='lat' dir='ltr'>ra-</span> 
     </span>
    </p>
   </div>
   <div class='ocr_carea' id='block_1_6' title="bbox 1025 889 4456 973">
    <p class='ocr_par' dir='ltr' id='par_1_6' title="bbox 1025 889 4456 973">
     <span class='ocr_line' id='line_1_6' title="bbox 1025 889 4456 973; baseline -0.003 -16"><span class='ocrx_word' id='word_1_49' title='bbox 1025 902 1291 973; x_wconf 89' lang='lat' dir='ltr'>potestati</span> <span class='ocrx_word' id='word_1_50' title='bbox 1315 901 1671 970; x_wconf 82' lang='lat' dir='ltr'>subjiciatur,</span> <span class='ocrx_word' id='word_1_51' title='bbox 1705 899 1814 952; x_wconf 90' lang='lat' dir='ltr'>nisi</span> <span class='ocrx_word' id='word_1_52' title='bbox 1847 898 2018 970; x_wconf 89' lang='lat' dir='ltr'>culpa</span> <span class='ocrx_word' id='word_1_53' title='bbox 2057 897 2144 952; x_wconf 90' lang='lat' dir='ltr'>vel</span> <span class='ocrx_word' id='word_1_54' title='bbox 2175 897 2366 952; x_wconf 89' lang='lat' dir='ltr'>studio</span> <span class='ocrx_word' id='word_1_55' title='bbox 2391 897 2651 967; x_wconf 89' lang='lat' dir='ltr'>ipsorum</span> <span class='ocrx_word' id='word_1_56' title='bbox 2763 893 2888 945; x_wconf 73' lang='lat' dir='ltr'>tum</span> <span class='ocrx_word' id='word_1_57' title='bbox 2912 889 3682 962; x_wconf 79' lang='lat' dir='ltr'>inViolatumqueperpetuis</span> <span class='ocrx_word' id='word_1_58' title='bbox 3699 891 3890 947; x_wconf 78' lang='lat' dir='ltr'>valeat</span> <span class='ocrx_word' id='word_1_59' title='bbox 3908 890 4456 962; x_wconf 78' lang='lat' dir='ltr'>temporibus,no-</span> 
     </span>
    </p>
   </div>
   <div class='ocr_carea' id='block_1_7' title="bbox 1024 977 4452 1051">
    <p class='ocr_par' dir='ltr' id='par_1_7' title="bbox 1024 977 4452 1051">
     <span class='ocr_line' id='line_1_7' title="bbox 1024 977 4452 1051; baseline -0.004 -6"><span class='ocrx_word' id='word_1_60' title='bbox 1024 990 1318 1045; x_wconf 88' lang='lat' dir='ltr'>acciderit.</span> <span class='ocrx_word' id='word_1_61' title='bbox 2763 983 2892 1034; x_wconf 67' lang='lat' dir='ltr'>stris</span> <span class='ocrx_word' id='word_1_62' title='bbox 2931 978 3292 1034; x_wconf 85' lang='lat' dir='ltr'>auctoritatis</span> <span class='ocrx_word' id='word_1_63' title='bbox 3343 979 3558 1051; x_wconf 87' lang='lat' dir='ltr'>scripto</span> <span class='ocrx_word' id='word_1_64' title='bbox 3584 980 3852 1051; x_wconf 73' lang='lat' dir='ltr'>praesenti</span> <span class='ocrx_word' id='word_1_65' title='bbox 3898 979 4284 1046; x_wconf 86' lang='lat' dir='ltr'>roboramus,</span> <span class='ocrx_word' id='word_1_66' title='bbox 4347 977 4452 1034; x_wconf 76' lang='lat' dir='ltr'>si-</span> 
     </span>
    </p>
   </div>
   <div class='ocr_carea' id='block_1_8' title="bbox 1093 1067 4096 1146">
    <p class='ocr_par' dir='ltr' id='par_1_8' title="bbox 1093 1067 4096 1146">
     <span class='ocr_line' id='line_1_8' title="bbox 1093 1067 4096 1146; baseline -0.004 -14"><span class='ocrx_word' id='word_1_67' title='bbox 1093 1076 1548 1146; x_wconf 87' lang='lat' dir='ltr'>Ecclesiaitaque</span> <span class='ocrx_word' id='word_1_68' title='bbox 1567 1092 1691 1130; x_wconf 90' lang='lat' dir='ltr'>meo</span> <span class='ocrx_word' id='word_1_69' title='bbox 1714 1079 2021 1146; x_wconf 90' lang='lat' dir='ltr'>sumptuet</span> <span class='ocrx_word' id='word_1_70' title='bbox 2042 1073 2237 1129; x_wconf 90' lang='lat' dir='ltr'>labore</span> <span class='ocrx_word' id='word_1_71' title='bbox 2258 1074 2329 1128; x_wconf 92' lang='lat' dir='ltr'>ad</span> <span class='ocrx_word' id='word_1_72' title='bbox 2361 1073 2652 1143; x_wconf 84' lang='lat' dir='ltr'>integrum</span> <span class='ocrx_word' id='word_1_73' title='bbox 2763 1067 3002 1139; x_wconf 84' lang='lat' dir='ltr'>gillique</span> <span class='ocrx_word' id='word_1_74' title='bbox 3034 1067 3214 1122; x_wconf 90' lang='lat' dir='ltr'>nostri</span> <span class='ocrx_word' id='word_1_75' title='bbox 3241 1067 3625 1139; x_wconf 88' lang='lat' dir='ltr'>impressione</span> <span class='ocrx_word' id='word_1_76' title='bbox 3655 1068 4096 1139; x_wconf 80' lang='lat' dir='ltr'>consignamus.</span> 
     </span>
    </p>
   </div>
   <div class='ocr_carea' id='block_1_9' title="bbox 1019 1155 4449 1228">
    <p class='ocr_par' dir='ltr' id='par_1_9' title="bbox 1019 1155 4449 1228">
     <span class='ocr_line' id='line_1_9' title="bbox 1019 1155 4449 1228; baseline -0.002 -9"><span class='ocrx_word' id='word_1_77' title='bbox 1019 1163 1303 1228; x_wconf 87' lang='lat' dir='ltr'>restituta,</span> <span class='ocrx_word' id='word_1_78' title='bbox 1337 1178 1466 1216; x_wconf 90' lang='lat' dir='ltr'>cum</span> <span class='ocrx_word' id='word_1_79' title='bbox 1521 1163 1763 1217; x_wconf 90' lang='lat' dir='ltr'>diversis</span> <span class='ocrx_word' id='word_1_80' title='bbox 1820 1161 2078 1216; x_wconf 79' lang='lat' dir='ltr'>aediﬁciis</span> <span class='ocrx_word' id='word_1_81' title='bbox 2125 1162 2197 1216; x_wconf 87' lang='lat' dir='ltr'>ad</span> <span class='ocrx_word' id='word_1_82' title='bbox 2247 1161 2652 1216; x_wconf 82' lang='lat' dir='ltr'>necessitatem</span> <span class='ocrx_word' id='word_1_83' title='bbox 2831 1157 3037 1210; x_wconf 85' lang='lat' dir='ltr'>Actum</span> <span class='ocrx_word' id='word_1_84' title='bbox 3098 1155 3312 1222; x_wconf 85' lang='lat' dir='ltr'>Remis,</span> <span class='ocrx_word' id='word_1_85' title='bbox 3372 1171 3523 1210; x_wconf 89' lang='lat' dir='ltr'>anno</span> <span class='ocrx_word' id='word_1_86' title='bbox 3590 1155 4015 1211; x_wconf 87' lang='lat' dir='ltr'>lncarnationis</span> <span class='ocrx_word' id='word_1_87' title='bbox 4090 1155 4449 1211; x_wconf 65' lang='lat' dir='ltr'>Dominicze</span> 
     </span>
    </p>
   </div>
   <div class='ocr_carea' id='block_1_10' title="bbox 1019 1242 4446 1316">
    <p class='ocr_par' dir='ltr' id='par_1_10' title="bbox 1019 1242 4446 1316">
     <span class='ocr_line' id='line_1_10' title="bbox 1019 1242 4446 1316; baseline -0.001 -12"><span class='ocrx_word' id='word_1_88' title='bbox 1019 1251 1260 1305; x_wconf 82' lang='lat' dir='ltr'>fratrum</span> <span class='ocrx_word' id='word_1_89' title='bbox 1297 1250 1770 1316; x_wconf 80' lang='lat' dir='ltr'>accommodatis,</span> <span class='ocrx_word' id='word_1_90' title='bbox 1801 1249 2108 1304; x_wconf 89' lang='lat' dir='ltr'>canonicos</span> <span class='ocrx_word' id='word_1_91' title='bbox 2129 1248 2344 1302; x_wconf 83' lang='lat' dir='ltr'>ibidem</span> <span class='ocrx_word' id='word_1_92' title='bbox 2367 1249 2438 1303; x_wconf 90' lang='lat' dir='ltr'>ad</span> <span class='ocrx_word' id='word_1_93' title='bbox 2471 1248 2679 1304; x_wconf 83' lang='lat' dir='ltr'>houo-.</span> <span class='ocrx_word' id='word_1_94' title='bbox 2762 1245 2917 1309; x_wconf 87' lang='grc'>1067,</span> <span class='ocrx_word' id='word_1_95' title='bbox 2952 1243 3270 1298; x_wconf 91' lang='lat' dir='ltr'>Indictione</span> <span class='ocrx_word' id='word_1_96' title='bbox 3297 1260 3350 1310; x_wconf 92' lang='lat' dir='ltr'>v,</span> <span class='ocrx_word' id='word_1_97' title='bbox 3386 1249 3662 1316; x_wconf 84' lang='lat' dir='ltr'>regnante</span> <span class='ocrx_word' id='word_1_98' title='bbox 3681 1242 3943 1316; x_wconf 82' lang='lat' dir='ltr'>Philippo</span> <span class='ocrx_word' id='word_1_99' title='bbox 3966 1259 4102 1316; x_wconf 89' lang='lat' dir='ltr'>rege</span> <span class='ocrx_word' id='word_1_100' title='bbox 4122 1259 4293 1299; x_wconf 88' lang='lat' dir='ltr'>anno</span> <span class='ocrx_word' id='word_1_101' title='bbox 4313 1260 4446 1316; x_wconf 81' lang='lat' dir='ltr'>vn,</span> 
     </span>
    </p>
   </div>
   <div class='ocr_carea' id='block_1_11' title="bbox 1015 1331 3548 1404">
    <p class='ocr_par' dir='ltr' id='par_1_11' title="bbox 1015 1331 3548 1404">
     <span class='ocr_line' id='line_1_11' title="bbox 1015 1331 3548 1404; baseline -0.002 -13"><span class='ocrx_word' id='word_1_102' title='bbox 1015 1354 1130 1391; x_wconf 88' lang='lat' dir='ltr'>rem</span> <span class='ocrx_word' id='word_1_103' title='bbox 1165 1341 1215 1390; x_wconf 84' lang='lat' dir='ltr'>et</span> <span class='ocrx_word' id='word_1_104' title='bbox 1243 1336 1618 1390; x_wconf 73' lang='lat' dir='ltr'>anniversarii</span> <span class='ocrx_word' id='word_1_105' title='bbox 1649 1337 1756 1390; x_wconf 91' lang='lat' dir='ltr'>mei</span> <span class='ocrx_word' id='word_1_106' title='bbox 1816 1336 2373 1391; x_wconf 76' lang='lat' dir='ltr'>commemoratione</span> <span class='ocrx_word' id='word_1_107' title='bbox 2430 1341 2643 1391; x_wconf 65' lang='lat' dir='ltr'>sanctae</span> <span class='ocrx_word' id='word_1_108' title='bbox 2757 1333 3094 1404; x_wconf 87' lang='lat' dir='ltr'>epicopatus</span> <span class='ocrx_word' id='word_1_109' title='bbox 3125 1331 3237 1387; x_wconf 88' lang='lat' dir='ltr'>mei</span> <span class='ocrx_word' id='word_1_110' title='bbox 3267 1348 3419 1387; x_wconf 89' lang='lat' dir='ltr'>anno</span> <span class='ocrx_word' id='word_1_111' title='bbox 3449 1349 3548 1386; x_wconf 84' lang='lat' dir='ltr'>xu.</span> 
     </span>
    </p>
   </div>
   <div class='ocr_carea' id='block_1_12' title="bbox 1013 1419 4444 1496">
    <p class='ocr_par' dir='ltr' id='par_1_12' title="bbox 1013 1419 4444 1496">
     <span class='ocr_line' id='line_1_12' title="bbox 1013 1419 4444 1496; baseline 0 -20"><span class='ocrx_word' id='word_1_112' title='bbox 1013 1423 1196 1478; x_wconf 64' lang='lat' dir='ltr'>Marize</span> <span class='ocrx_word' id='word_1_113' title='bbox 1221 1424 1286 1478; x_wconf 82' lang='lat' dir='ltr'>ad</span> <span class='ocrx_word' id='word_1_114' title='bbox 1333 1441 1502 1479; x_wconf 85' lang='lat' dir='ltr'>usum</span> <span class='ocrx_word' id='word_1_115' title='bbox 1555 1426 1866 1479; x_wconf 79' lang='lat' dir='ltr'>concedere</span> <span class='ocrx_word' id='word_1_116' title='bbox 1914 1425 2350 1490; x_wconf 85' lang='lat' dir='ltr'>canonicorum,</span> <span class='ocrx_word' id='word_1_117' title='bbox 2393 1441 2644 1496; x_wconf 84' lang='lat' dir='ltr'>quorum</span> <span class='ocrx_word' id='word_1_118' title='bbox 2829 1419 3130 1474; x_wconf 84' lang='lat' dir='ltr'>Odalricus</span> <span class='ocrx_word' id='word_1_119' title='bbox 3160 1419 3540 1474; x_wconf 90' lang='lat' dir='ltr'>cancellarius</span> <span class='ocrx_word' id='word_1_120' title='bbox 3569 1419 3995 1492; x_wconf 85' lang='lat' dir='ltr'>scripsitatque</span> <span class='ocrx_word' id='word_1_121' title='bbox 4021 1420 4444 1494; x_wconf 80' lang='lat' dir='ltr'>subscripsit.</span> 
     </span>
    </p>
   </div>
   <div class='ocr_carea' id='block_1_13' title="bbox 1013 1511 2645 1577">
    <p class='ocr_par' dir='ltr' id='par_1_13' title="bbox 1013 1511 2645 1577">
     <span class='ocr_line' id='line_1_13' title="bbox 1013 1511 2645 1577; baseline 0 -11"><span class='ocrx_word' id='word_1_122' title='bbox 1013 1512 1293 1566; x_wconf 86' lang='lat' dir='ltr'>decimam</span> <span class='ocrx_word' id='word_1_123' title='bbox 1330 1511 1461 1565; x_wconf 85' lang='lat' dir='ltr'>huic</span> <span class='ocrx_word' id='word_1_124' title='bbox 1493 1512 1746 1567; x_wconf 68' lang='lat' dir='ltr'>ecclesiae</span> <span class='ocrx_word' id='word_1_125' title='bbox 1779 1512 2126 1577; x_wconf 85' lang='lat' dir='ltr'>habendam,</span> <span class='ocrx_word' id='word_1_126' title='bbox 2163 1512 2313 1566; x_wconf 82' lang='lat' dir='ltr'>sicut</span> <span class='ocrx_word' id='word_1_127' title='bbox 2349 1513 2484 1566; x_wconf 90' lang='lat' dir='ltr'>olim</span> <span class='ocrx_word' id='word_1_128' title='bbox 2546 1513 2645 1566; x_wconf 90' lang='lat' dir='ltr'>de-</span> 
     </span>
    </p>
   </div>
   <div class='ocr_carea' id='block_1_14' title="bbox 3109 1657 4429 1699">
    <p class='ocr_par' dir='ltr' id='par_1_14' title="bbox 3109 1657 4429 1699">
     <span class='ocr_line' id='line_1_14' title="bbox 3109 1657 4429 1699; baseline 0.002 -2"><span class='ocrx_word' id='word_1_129' title='bbox 3109 1657 4429 1699; x_wconf 52' lang='grc' dir='ltr'>επ</span> 
     </span>
    </p>
   </div>
   <div class='ocr_carea' id='block_1_15' title="bbox 2361 1820 3011 1860">
    <p class='ocr_par' dir='ltr' id='par_1_15' title="bbox 2361 1820 3011 1860">
     <span class='ocr_line' id='line_1_15' title="bbox 2361 1820 3011 1860; baseline -0.002 -1"><span class='ocrx_word' id='word_1_130' title='bbox 2361 1820 2512 1860; x_wconf 78' lang='lat' dir='ltr'><strong>ANNO</strong></span> <span class='ocrx_word' id='word_1_131' title='bbox 2553 1821 2754 1860; x_wconf 80' lang='lat' dir='ltr'>DOMINI</span> <span class='ocrx_word' id='word_1_132' title='bbox 2795 1821 3011 1860; x_wconf 80' lang='lat' dir='ltr'>MLXVII.</span> 
     </span>
    </p>
   </div>
   <div class='ocr_carea' id='block_1_16' title="bbox 2031 1997 3361 2158">
    <p class='ocr_par' dir='ltr' id='par_1_16' title="bbox 2031 1997 3361 2158">
     <span class='ocr_line' id='line_1_16' title="bbox 2031 1997 3361 2158; baseline 0.005 -6"><span class='ocrx_word' id='word_1_133' title='bbox 2031 1997 3361 2158; x_wconf 77' lang='lat' dir='ltr'>LEODEGARIUS</span> 
     </span>
    </p>
   </div>
   <div class='ocr_carea' id='block_1_17' title="bbox 1350 2292 4022 2392">
    <p class='ocr_par' dir='ltr' id='par_1_17' title="bbox 1350 2292 4022 2392">
     <span class='ocr_line' id='line_1_17' title="bbox 1350 2292 4022 2392; baseline -0.001 0"><span class='ocrx_word' id='word_1_134' title='bbox 1350 2297 2118 2392; x_wconf 89' lang='lat' dir='ltr'>VIENNENSIS</span> <span class='ocrx_word' id='word_1_135' title='bbox 2191 2294 2836 2392; x_wconf 78' lang='lat' dir='ltr'>ECCLESI/E</span> <span class='ocrx_word' id='word_1_136' title='bbox 2900 2292 4022 2392; x_wconf 87' lang='lat' dir='ltr'>ARCHIEPISCOPUS.</span> 
     </span>
    </p>
   </div>
   <div class='ocr_carea' id='block_1_18' title="bbox 2106 2625 3260 2719">
    <p class='ocr_par' dir='ltr' id='par_1_18' title="bbox 2106 2625 3260 2719">
     <span class='ocr_line' id='line_1_18' title="bbox 2106 2625 3260 2719; baseline 0.002 -6"><span class='ocrx_word' id='word_1_137' title='bbox 2106 2627 2568 2714; x_wconf 68' lang='lat' dir='ltr'>NOTI&#39;I‘IA</span> <span class='ocrx_word' id='word_1_138' title='bbox 2629 2625 3260 2719; x_wconf 79' lang='lat' dir='ltr'>HIS&#39;I‘OBICA.</span> 
     </span>
    </p>
   </div>
   <div class='ocr_carea' id='block_1_19' title="bbox 1889 2804 3489 2878">
    <p class='ocr_par' dir='ltr' id='par_1_19' title="bbox 1889 2804 3489 2878">
     <span class='ocr_line' id='line_1_19' title="bbox 1889 2804 3489 2878; baseline 0.001 -19"><span class='ocrx_word' id='word_1_139' title='bbox 1889 2805 2002 2875; x_wconf 76' lang='lat' dir='ltr'>(Ea:</span> <span class='ocrx_word' id='word_1_140' title='bbox 2033 2804 2210 2860; x_wconf 85' lang='lat' dir='ltr'>Gallia</span> <span class='ocrx_word' id='word_1_141' title='bbox 2241 2805 2574 2876; x_wconf 75' lang='lat' dir='ltr'>Christiana,</span> <span class='ocrx_word' id='word_1_142' title='bbox 2604 2809 2716 2860; x_wconf 91' lang='lat' dir='ltr'>vet.</span> <span class='ocrx_word' id='word_1_143' title='bbox 2747 2805 2908 2874; x_wconf 89' lang='lat' dir='ltr'>edit.,</span> <span class='ocrx_word' id='word_1_144' title='bbox 2931 2809 3074 2872; x_wconf 89' lang='lat' dir='ltr'>tom,</span> <span class='ocrx_word' id='word_1_145' title='bbox 3099 2805 3142 2874; x_wconf 85' lang='grc' dir='ltr'>Ι,</span> <span class='ocrx_word' id='word_1_146' title='bbox 3177 2819 3308 2878; x_wconf 88' lang='lat' dir='ltr'>pag.</span> <span class='ocrx_word' id='word_1_147' title='bbox 3339 2804 3489 2876; x_wconf 90' lang='lat'>799.)</span> 
     </span>
    </p>
   </div>
   <div class='ocr_carea' id='block_1_20' title="bbox 2480 2948 2884 2966">
    <p class='ocr_par' dir='ltr' id='par_1_20' title="bbox 2480 2948 2884 2966">
     <span class='ocr_line' id='line_1_20' title="bbox 2480 2948 2884 2966; baseline 0 0"><span class='ocrx_word' id='word_1_148' title='bbox 2480 2948 2884 2966; x_wconf 38' lang='lat' dir='ltr'>ﬁ</span> 
     </span>
    </p>
   </div>
   <div class='ocr_carea' id='block_1_21' title="bbox 1068 3051 4430 3126">
    <p class='ocr_par' dir='ltr' id='par_1_21' title="bbox 1068 3051 4430 3126">
     <span class='ocr_line' id='line_1_21' title="bbox 1068 3051 4430 3126; baseline 0.001 -12"><span class='ocrx_word' id='word_1_149' title='bbox 1068 3057 1454 3126; x_wconf 78' lang='lat' dir='ltr'>Leodegarius</span> <span class='ocrx_word' id='word_1_150' title='bbox 1486 3059 1815 3126; x_wconf 86' lang='lat' dir='ltr'>recensetur</span> <span class='ocrx_word' id='word_1_151' title='bbox 1837 3054 1893 3126; x_wconf 86' lang='lat' dir='ltr'>in</span> <span class='ocrx_word' id='word_1_152' title='bbox 1915 3053 2228 3126; x_wconf 78' lang='lat' dir='ltr'>diplomate</span> <span class='ocrx_word' id='word_1_153' title='bbox 2255 3053 2690 3126; x_wconf 81' lang='lat' dir='ltr'>Ermengardis,</span> <span class='ocrx_word' id='word_1_154' title='bbox 2720 3051 3383 3126; x_wconf 16' lang='lat' dir='ltr'>ARodulphi‘Burgundiaa</span> <span class='ocrx_word' id='word_1_155' title='bbox 3413 3053 3566 3124; x_wconf 84' lang='lat' dir='ltr'>regis</span> <span class='ocrx_word' id='word_1_156' title='bbox 3595 3053 3885 3126; x_wconf 82' lang='lat' dir='ltr'>conjugis,</span> <span class='ocrx_word' id='word_1_157' title='bbox 3917 3071 4014 3111; x_wconf 89' lang='lat' dir='ltr'>an.</span> <span class='ocrx_word' id='word_1_158' title='bbox 4049 3056 4219 3124; x_wconf 83' lang='grc'>1037,</span> <span class='ocrx_word' id='word_1_159' title='bbox 4245 3073 4284 3114; x_wconf 90' lang='lat' dir='ltr'>c</span> <span class='ocrx_word' id='word_1_160' title='bbox 4303 3075 4430 3117; x_wconf 89' lang='lat' dir='ltr'>um</span> 
     </span>
    </p>
   </div>
   <div class='ocr_carea' id='block_1_22' title="bbox 995 3123 4426 3204">
    <p class='ocr_par' dir='ltr' id='par_1_22' title="bbox 995 3123 4426 3204">
     <span class='ocr_line' id='line_1_22' title="bbox 995 3123 4426 3204; baseline 0 -18"><span class='ocrx_word' id='word_1_161' title='bbox 995 3130 1196 3204; x_wconf 81' lang='lat' dir='ltr'>Pontio</span> <span class='ocrx_word' id='word_1_162' title='bbox 1217 3123 1539 3204; x_wconf 65' lang='lat' dir='ltr'>Valentino,</span> <span class='ocrx_word' id='word_1_163' title='bbox 1562 3125 1796 3180; x_wconf 88' lang='lat' dir='ltr'>Artaldo</span> <span class='ocrx_word' id='word_1_164' title='bbox 1825 3123 2374 3204; x_wconf 24' lang='lat' dir='ltr'>Gratianopolita‘no,</span> <span class='ocrx_word' id='word_1_165' title='bbox 2399 3129 2465 3204; x_wconf 85' lang='lat' dir='ltr'>_et</span> <span class='ocrx_word' id='word_1_166' title='bbox 2477 3123 2619 3204; x_wconf 48' lang='lat' dir='ltr'>aliis</span> <span class='ocrx_word' id='word_1_167' title='bbox 2641 3123 2954 3204; x_wconf 83' lang='lat' dir='ltr'>episcopis.</span> <span class='ocrx_word' id='word_1_168' title='bbox 2993 3123 3209 3204; x_wconf 68' lang='lat' dir='ltr'>Vitam,</span> <span class='ocrx_word' id='word_1_169' title='bbox 3230 3139 3449 3204; x_wconf 68' lang='lat' dir='ltr'>mores,</span> <span class='ocrx_word' id='word_1_170' title='bbox 3477 3123 3640 3204; x_wconf 80' lang='lat' dir='ltr'>ortus</span> <span class='ocrx_word' id='word_1_171' title='bbox 3659 3123 3720 3204; x_wconf 63' lang='lat' dir='ltr'>et</span> <span class='ocrx_word' id='word_1_172' title='bbox 3745 3123 3911 3204; x_wconf 74' lang='lat' dir='ltr'>actus</span> <span class='ocrx_word' id='word_1_173' title='bbox 3933 3123 4426 3204; x_wconf 69' lang='lat' dir='ltr'>antecessorum</span> 
     </span>
    </p>
   </div>
   <div class='ocr_carea' id='block_1_23' title="bbox 997 3194 4424 3286">
    <p class='ocr_par' dir='ltr' id='par_1_23' title="bbox 997 3194 4424 3286">
     <span class='ocr_line' id='line_1_23' title="bbox 997 3194 4424 3286; baseline 0.001 -30"><span class='ocrx_word' id='word_1_174' title='bbox 997 3199 1568 3286; x_wconf 65' lang='lat' dir='ltr'>archiepiscoporum</span> <span class='ocrx_word' id='word_1_175' title='bbox 1595 3197 2057 3286; x_wconf 39' lang='grc' dir='ltr'>ορθιιεξγωξειῐιξινίιέξ</span> <span class='ocrx_word' id='word_1_176' title='bbox 2081 3194 2367 3286; x_wconf 71' lang='lat' dir='ltr'>utlegitur</span> <span class='ocrx_word' id='word_1_177' title='bbox 2396 3195 2454 3250; x_wconf 93' lang='lat' dir='ltr'>in</span> <span class='ocrx_word' id='word_1_178' title='bbox 2479 3194 2759 3286; x_wconf 54' lang='lat' dir='ltr'>Chronico</span> <span class='ocrx_word' id='word_1_179' title='bbox 2783 3194 2892 3286; x_wconf 54' lang='lat' dir='ltr'>me;</span> <span class='ocrx_word' id='word_1_180' title='bbox 2915 3213 2928 3262; x_wconf 89' lang='lat'><strong>;</strong></span> <span class='ocrx_word' id='word_1_181' title='bbox 2955 3195 3640 3286; x_wconf 57' lang='lat' dir='ltr'>subscribit‘testamento</span> <span class='ocrx_word' id='word_1_182' title='bbox 3663 3195 3926 3286; x_wconf 54' lang='lat' dir='ltr'>Hpgpnis</span> <span class='ocrx_word' id='word_1_183' title='bbox 3947 3196 4424 3286; x_wconf 76' lang='lat' dir='ltr'>archiepiscopi</span> 
     </span>
    </p>
   </div>
   <div class='ocr_carea' id='block_1_24' title="bbox 997 3265 4426 3344">
    <p class='ocr_par' dir='ltr' id='par_1_24' title="bbox 997 3265 4426 3344">
     <span class='ocr_line' id='line_1_24' title="bbox 997 3265 4426 3344; baseline 0.001 -18"><span class='ocrx_word' id='word_1_184' title='bbox 997 3265 1409 3344; x_wconf 16' lang='lat' dir='ltr'>Bizonﬁticensis</span> <span class='ocrx_word' id='word_1_185' title='bbox 1437 3271 1593 3333; x_wconf 66' lang='lat' dir='ltr'>40M,</span> <span class='ocrx_word' id='word_1_186' title='bbox 1625 3265 1724 3321; x_wconf 69' lang='lat' dir='ltr'>vin</span> <span class='ocrx_word' id='word_1_187' title='bbox 1750 3267 1871 3321; x_wconf 86' lang='lat' dir='ltr'>Kal.</span> <span class='ocrx_word' id='word_1_188' title='bbox 1905 3266 2129 3344; x_wconf 78' lang='lat' dir='ltr'>Apriis;</span> <span class='ocrx_word' id='word_1_189' title='bbox 2164 3265 2235 3320; x_wconf 86' lang='lat' dir='ltr'>ad</span> <span class='ocrx_word' id='word_1_190' title='bbox 2267 3281 2438 3336; x_wconf 89' lang='lat' dir='ltr'>quem</span> <span class='ocrx_word' id='word_1_191' title='bbox 2471 3266 2645 3344; x_wconf 77' lang='lat' dir='ltr'>etiam</span> <span class='ocrx_word' id='word_1_192' title='bbox 2678 3265 2788 3321; x_wconf 88' lang='lat' dir='ltr'>Leo</span> <span class='ocrx_word' id='word_1_193' title='bbox 2820 3265 2889 3320; x_wconf 89' lang='lat' dir='ltr'><strong>IX</strong></span> <span class='ocrx_word' id='word_1_194' title='bbox 2921 3283 3068 3344; x_wconf 76' lang='lat' dir='ltr'>papa</span> <span class='ocrx_word' id='word_1_195' title='bbox 3087 3265 3392 3344; x_wconf 73' lang='lat' dir='ltr'>epistplam</span> <span class='ocrx_word' id='word_1_196' title='bbox 3436 3266 3636 3344; x_wconf 79' lang='lat' dir='ltr'>misit;</span> <span class='ocrx_word' id='word_1_197' title='bbox 3701 3265 4174 3344; x_wconf 53' lang='lat' dir='ltr'>de&#39;functusque&#39;</span> <span class='ocrx_word' id='word_1_198' title='bbox 4197 3265 4426 3344; x_wconf 76' lang='lat' dir='ltr'>pridie</span> 
     </span>
    </p>
   </div>
   <div class='ocr_carea' id='block_1_25' title="bbox 997 3335 4163 3412">
    <p class='ocr_par' dir='ltr' id='par_1_25' title="bbox 997 3335 4163 3412">
     <span class='ocr_line' id='line_1_25' title="bbox 997 3335 4163 3412; baseline -0 -14"><span class='ocrx_word' id='word_1_199' title='bbox 997 3343 1130 3399; x_wconf 91' lang='lat' dir='ltr'>Idus</span> <span class='ocrx_word' id='word_1_200' title='bbox 1152 3342 1334 3398; x_wconf 87' lang='lat' dir='ltr'>Junil.</span> <span class='ocrx_word' id='word_1_201' title='bbox 1365 3343 1442 3396; x_wconf 83' lang='lat' dir='ltr'>Ex</span> <span class='ocrx_word' id='word_1_202' title='bbox 1463 3358 1576 3412; x_wconf 92' lang='lat' dir='ltr'>quo</span> <span class='ocrx_word' id='word_1_203' title='bbox 1599 3344 1836 3410; x_wconf 88' lang='lat' dir='ltr'>apparet</span> <span class='ocrx_word' id='word_1_204' title='bbox 1858 3335 2028 3393; x_wconf 81' lang='lat' dir='ltr'>mend</span> <span class='ocrx_word' id='word_1_205' title='bbox 2040 3354 2136 3392; x_wconf 89' lang='lat' dir='ltr'>um</span> <span class='ocrx_word' id='word_1_206' title='bbox 2168 3335 2370 3392; x_wconf 86' lang='lat' dir='ltr'>eorum</span> <span class='ocrx_word' id='word_1_207' title='bbox 2394 3337 2492 3408; x_wconf 90' lang='lat' dir='ltr'>qui</span> <span class='ocrx_word' id='word_1_208' title='bbox 2516 3337 2764 3392; x_wconf 89' lang='lat' dir='ltr'>alterum</span> <span class='ocrx_word' id='word_1_209' title='bbox 2795 3335 3198 3408; x_wconf 76' lang='lat' dir='ltr'>cognominem</span> <span class='ocrx_word' id='word_1_210' title='bbox 3231 3335 3646 3408; x_wconf 87' lang='lat' dir='ltr'>Leodegarium</span> <span class='ocrx_word' id='word_1_211' title='bbox 3667 3335 4163 3411; x_wconf 75' lang='lat' dir='ltr'>superindncunt.</span> 
     </span>
    </p>
   </div>
   <div class='ocr_carea' id='block_1_26' title="bbox 992 3519 4424 3550">
    <p class='ocr_par' dir='ltr' id='par_1_26' title="bbox 992 3519 4424 3550">
     <span class='ocr_line' id='line_1_26' title="bbox 992 3519 4424 3550; baseline 0 -6"><span class='ocrx_word' id='word_1_212' title='bbox 992 3519 4424 3550; x_wconf 51' lang='grc' dir='ltr'>Μ</span> 
     </span>
    </p>
   </div>
   <div class='ocr_carea' id='block_1_27' title="bbox 1958 3663 3388 3760">
    <p class='ocr_par' dir='ltr' id='par_1_27' title="bbox 1958 3663 3388 3760">
     <span class='ocr_line' id='line_1_27' title="bbox 1958 3663 3388 3760; baseline 0 -2"><span class='ocrx_word' id='word_1_213' title='bbox 1958 3665 2114 3759; x_wconf 89' lang='lat' dir='ltr'><strong>LE</strong></span> <span class='ocrx_word' id='word_1_214' title='bbox 2127 3663 2365 3759; x_wconf 87' lang='lat' dir='ltr'>ODE</span> <span class='ocrx_word' id='word_1_215' title='bbox 2377 3663 2730 3760; x_wconf 77' lang='lat' dir='ltr'>GABII</span> <span class='ocrx_word' id='word_1_216' title='bbox 2805 3663 3388 3760; x_wconf 72' lang='lat' dir='ltr'>CHART/E.</span> 
     </span>
    </p>
   </div>
   <div class='ocr_carea' id='block_1_28' title="bbox 1778 3959 4427 4038">
    <p class='ocr_par' dir='ltr' id='par_1_28' title="bbox 1778 3959 4427 4038">
     <span class='ocr_line' id='line_1_28' title="bbox 1778 3959 4427 4038; baseline 0.005 -21"><span class='ocrx_word' id='word_1_217' title='bbox 1778 3963 1820 4018; x_wconf 91' lang='grc' dir='ltr'>Ι.</span> <span class='ocrx_word' id='word_1_218' title='bbox 2650 3965 2699 4031; x_wconf 89' lang='grc' dir='ltr'><strong>Β</strong></span> <span class='ocrx_word' id='word_1_219' title='bbox 2729 3959 2841 4034; x_wconf 92' lang='lat' dir='ltr'>cipi</span> <span class='ocrx_word' id='word_1_220' title='bbox 2869 3959 3088 4033; x_wconf 86' lang='lat' dir='ltr'>ligandi</span> <span class='ocrx_word' id='word_1_221' title='bbox 3119 3964 3292 4034; x_wconf 88' lang='lat' dir='ltr'>atque</span> <span class='ocrx_word' id='word_1_222' title='bbox 3314 3961 3574 4018; x_wconf 87' lang='lat' dir='ltr'>solvendi</span> <span class='ocrx_word' id='word_1_223' title='bbox 3607 3966 3953 4035; x_wconf 87' lang='lat' dir='ltr'>potestatem</span> <span class='ocrx_word' id='word_1_224' title='bbox 3995 3967 4290 4038; x_wconf 84' lang='lat' dir='ltr'>contulit,</span> <span class='ocrx_word' id='word_1_225' title='bbox 4353 3978 4427 4030; x_wconf 81' lang='lat' dir='ltr'>et</span> 
     </span>
    </p>
   </div>
   <div class='ocr_carea' id='block_1_29' title="bbox 1061 4049 4424 4132">
    <p class='ocr_par' dir='ltr' id='par_1_29' title="bbox 1061 4049 4424 4132">
     <span class='ocr_line' id='line_1_29' title="bbox 1061 4049 4424 4132; baseline 0.004 -26"><span class='ocrx_word' id='word_1_226' title='bbox 1061 4052 1348 4107; x_wconf 74' lang='lat' dir='ltr'>Ecclesium</span> <span class='ocrx_word' id='word_1_227' title='bbox 1369 4052 1422 4108; x_wconf 87' lang='lat' dir='ltr'>S.</span> <span class='ocrx_word' id='word_1_228' title='bbox 1467 4052 1704 4108; x_wconf 79' lang='lat' dir='ltr'>Ferreoli</span> <span class='ocrx_word' id='word_1_229' title='bbox 1751 4052 1810 4105; x_wconf 84' lang='lat' dir='ltr'>in</span> <span class='ocrx_word' id='word_1_230' title='bbox 1844 4051 2008 4132; x_wconf 72' lang='lat' dir='ltr'>plena</span> <span class='ocrx_word' id='word_1_231' title='bbox 2036 4049 2238 4120; x_wconf 77' lang='lat' dir='ltr'>synodo</span> <span class='ocrx_word' id='word_1_232' title='bbox 2261 4049 2315 4104; x_wconf 90' lang='lat' dir='ltr'>S.</span> <span class='ocrx_word' id='word_1_233' title='bbox 2354 4049 2552 4106; x_wconf 76' lang='lat' dir='ltr'>Victori</span> <span class='ocrx_word' id='word_1_234' title='bbox 2731 4049 2803 4104; x_wconf 83' lang='lat' dir='ltr'>ab</span> <span class='ocrx_word' id='word_1_235' title='bbox 2830 4065 2896 4105; x_wconf 92' lang='lat' dir='ltr'>eo</span> <span class='ocrx_word' id='word_1_236' title='bbox 2926 4064 3115 4121; x_wconf 85' lang='lat' dir='ltr'>usque</span> <span class='ocrx_word' id='word_1_237' title='bbox 3144 4051 3217 4106; x_wconf 88' lang='lat' dir='ltr'>ad</span> <span class='ocrx_word' id='word_1_238' title='bbox 3239 4065 3366 4118; x_wconf 89' lang='lat' dir='ltr'>nos,</span> <span class='ocrx_word' id='word_1_239' title='bbox 3382 4049 3515 4106; x_wconf 88' lang='lat' dir='ltr'>licet</span> <span class='ocrx_word' id='word_1_240' title='bbox 3537 4049 3831 4124; x_wconf 87' lang='lat' dir='ltr'>indignos,</span> <span class='ocrx_word' id='word_1_241' title='bbox 3849 4051 4003 4110; x_wconf 87' lang='lat' dir='ltr'>hanc</span> <span class='ocrx_word' id='word_1_242' title='bbox 4023 4059 4424 4127; x_wconf 79' lang='lat' dir='ltr'>potestatem</span> 
     </span>
    </p>
   </div>
   <div class='ocr_carea' id='block_1_30' title="bbox 1668 4129 4423 4222">
    <p class='ocr_par' dir='ltr' id='par_1_30' title="bbox 1668 4129 4423 4222">
     <span class='ocr_line' id='line_1_30' title="bbox 1668 4129 4423 4222; baseline 0.012 -46"><span class='ocrx_word' id='word_1_243' title='bbox 1668 4129 1956 4222; x_wconf 40' lang='lat' dir='ltr'>concedit;-</span> <span class='ocrx_word' id='word_1_244' title='bbox 1991 4210 2002 4222; x_wconf 28' lang='grc' dir='ltr'>ι</span> <span class='ocrx_word' id='word_1_245' title='bbox 2731 4152 3071 4210; x_wconf 88' lang='lat' dir='ltr'>permanere</span> <span class='ocrx_word' id='word_1_246' title='bbox 3099 4138 3775 4212; x_wconf 85' lang='lat' dir='ltr'>concessit.Quapropter</span> <span class='ocrx_word' id='word_1_247' title='bbox 3801 4156 3908 4214; x_wconf 89' lang='lat' dir='ltr'>ego</span> <span class='ocrx_word' id='word_1_248' title='bbox 3956 4141 4423 4222; x_wconf 82' lang='lat' dir='ltr'>Leodegarius,</span> 
     </span>
    </p>
   </div>
   <div class='ocr_carea' id='block_1_31' title="bbox 1602 4209 4421 4310">
    <p class='ocr_par' dir='ltr' id='par_1_31' title="bbox 1602 4209 4421 4310">
     <span class='ocr_line' id='line_1_31' title="bbox 1602 4209 4421 4310; baseline 0.011 -42"><span class='ocrx_word' id='word_1_249' title='bbox 1602 4211 1791 4310; x_wconf 50' lang='lat' dir='ltr'>(Ann?</span> <span class='ocrx_word' id='word_1_250' title='bbox 1821 4209 2006 4310; x_wconf 44' lang='lat'>4036:.)</span> <span class='ocrx_word' id='word_1_251' title='bbox 2062 4303 2072 4310; x_wconf 31' lang='lat'><strong>‘</strong></span> <span class='ocrx_word' id='word_1_252' title='bbox 2135 4297 2155 4310; x_wconf 37' lang='grc' dir='ltr'><strong>ν</strong></span> <span class='ocrx_word' id='word_1_253' title='bbox 2221 4297 2304 4310; x_wconf 46' lang='grc' dir='ltr'>,Μ</span> <span class='ocrx_word' id='word_1_254' title='bbox 2341 4297 2356 4310; x_wconf 39' lang='grc' dir='ltr'>Ἰ</span> <span class='ocrx_word' id='word_1_255' title='bbox 2732 4209 2942 4280; x_wconf 82' lang='lat' dir='ltr'>sanctae</span> <span class='ocrx_word' id='word_1_256' title='bbox 2974 4225 3178 4281; x_wconf 88' lang='lat' dir='ltr'>matris</span> <span class='ocrx_word' id='word_1_257' title='bbox 3206 4226 3474 4282; x_wconf 66' lang='lat' dir='ltr'>Ecclesiae</span> <span class='ocrx_word' id='word_1_258' title='bbox 3508 4209 3866 4286; x_wconf 59' lang='lat' dir='ltr'>Viennensis</span> <span class='ocrx_word' id='word_1_259' title='bbox 3887 4209 4421 4310; x_wconf 54' lang='lat' dir='ltr'>archiepiscopus</span> 
     </span>
    </p>
   </div>
   <div class='ocr_carea' id='block_1_32' title="bbox 1255 4296 3083 4391">
    <p class='ocr_par' dir='ltr' id='par_1_32' title="bbox 1255 4296 3083 4380">
     <span class='ocr_line' id='line_1_32' title="bbox 1255 4296 3083 4380; baseline 0.003 -28"><span class='ocrx_word' id='word_1_260' title='bbox 1255 4299 1553 4368; x_wconf 57' lang='lat' dir='ltr'>Manum,</span> <span class='ocrx_word' id='word_1_261' title='bbox 1587 4298 1840 4369; x_wconf 78' lang='lat' dir='ltr'>Ampliss.</span> <span class='ocrx_word' id='word_1_262' title='bbox 1875 4296 2090 4352; x_wconf 64' lang='grc' dir='ltr'>ϐοηθεῖ.</span> <span class='ocrx_word' id='word_1_263' title='bbox 2135 4297 2176 4363; x_wconf 90' lang='grc' dir='ltr'>Ι,</span> <span class='ocrx_word' id='word_1_264' title='bbox 2211 4297 2356 4366; x_wconf 81' lang='grc'>404.]</span> <span class='ocrx_word' id='word_1_265' title='bbox 2731 4312 2996 4380; x_wconf 64' lang='lat' dir='ltr'>omnium</span> <span class='ocrx_word' id='word_1_266' title='bbox 3026 4312 3083 4367; x_wconf 53' lang='lat' dir='ltr'>Di</span> 
     </span>
    </p>
   </div>
   <div class='ocr_carea' id='block_1_33' title="bbox 2598 4296 4426 4391">
    <p class='ocr_par' dir='ltr' id='par_1_33' title="bbox 2731 4296 4426 4391">
     <span class='ocr_line' id='line_1_33' title="bbox 2731 4296 4426 4391; baseline 0.011 -23"><span class='ocrx_word' id='word_1_267' title='bbox 2731 4312 2996 4380; x_wconf 85' lang='lat' dir='ltr'>omnium</span> <span class='ocrx_word' id='word_1_268' title='bbox 3026 4312 3127 4368; x_wconf 91' lang='lat' dir='ltr'>Dei</span> <span class='ocrx_word' id='word_1_269' title='bbox 3155 4314 3412 4371; x_wconf 85' lang='lat' dir='ltr'>fidelium</span> <span class='ocrx_word' id='word_1_270' title='bbox 3473 4332 3697 4385; x_wconf 86' lang='lat' dir='ltr'>servus,</span> <span class='ocrx_word' id='word_1_271' title='bbox 3753 4318 4018 4391; x_wconf 85' lang='lat' dir='ltr'>exemplo</span> <span class='ocrx_word' id='word_1_272' title='bbox 4065 4296 4130 4377; x_wconf 58' lang='lat' dir='ltr'>et</span> <span class='ocrx_word' id='word_1_273' title='bbox 4185 4296 4426 4386; x_wconf 57' lang='lat' dir='ltr'>unione</span> 
     </span>
    </p>
   </div>
   <div class='ocr_carea' id='block_1_34' title="bbox 1059 4399 4425 4480">
    <p class='ocr_par' dir='ltr' id='par_1_34' title="bbox 1059 4399 4425 4480">
     <span class='ocr_line' id='line_1_34' title="bbox 1059 4399 4425 4480; baseline 0.003 -24"><span class='ocrx_word' id='word_1_274' title='bbox 1059 4399 1294 4457; x_wconf 87' lang='lat' dir='ltr'>Cunctis</span> <span class='ocrx_word' id='word_1_275' title='bbox 1325 4401 1544 4474; x_wconf 90' lang='lat' dir='ltr'>liquido</span> <span class='ocrx_word' id='word_1_276' title='bbox 1574 4407 1734 4474; x_wconf 91' lang='lat' dir='ltr'>patet</span> <span class='ocrx_word' id='word_1_277' title='bbox 1763 4401 2018 4473; x_wconf 90' lang='lat' dir='ltr'>primum</span> <span class='ocrx_word' id='word_1_278' title='bbox 2065 4401 2363 4456; x_wconf 88' lang='lat' dir='ltr'>hominem</span> <span class='ocrx_word' id='word_1_279' title='bbox 2417 4418 2452 4457; x_wconf 91' lang='lat' dir='ltr'>a</span> <span class='ocrx_word' id='word_1_280' title='bbox 2507 4407 2621 4456; x_wconf 91' lang='lat' dir='ltr'>Deo</span> <span class='ocrx_word' id='word_1_281' title='bbox 2731 4400 3219 4472; x_wconf 65' lang='lat' dir='ltr'>praadecessorum</span> <span class='ocrx_word' id='word_1_282' title='bbox 3266 4418 3529 4459; x_wconf 90' lang='lat' dir='ltr'>meorum</span> <span class='ocrx_word' id='word_1_283' title='bbox 3586 4407 3799 4470; x_wconf 81' lang='lat' dir='ltr'>tactus,</span> <span class='ocrx_word' id='word_1_284' title='bbox 3859 4407 4110 4480; x_wconf 88' lang='lat' dir='ltr'>cupiens</span> <span class='ocrx_word' id='word_1_285' title='bbox 4169 4428 4425 4474; x_wconf 73' lang='lat' dir='ltr'>ornare</span> 
     </span>
    </p>
   </div>
   <div class='ocr_carea' id='block_1_35' title="bbox 989 4487 4426 4568">
    <p class='ocr_par' dir='ltr' id='par_1_35' title="bbox 989 4487 4426 4568">
     <span class='ocr_line' id='line_1_35' title="bbox 989 4487 4426 4568; baseline 0.004 -24"><span class='ocrx_word' id='word_1_286' title='bbox 989 4489 1283 4546; x_wconf 89' lang='lat' dir='ltr'>conditum</span> <span class='ocrx_word' id='word_1_287' title='bbox 1316 4496 1490 4562; x_wconf 88' lang='lat' dir='ltr'>atque</span> <span class='ocrx_word' id='word_1_288' title='bbox 1521 4491 1579 4544; x_wconf 91' lang='lat' dir='ltr'>iu</span> <span class='ocrx_word' id='word_1_289' title='bbox 1613 4489 1881 4561; x_wconf 90' lang='lat' dir='ltr'>paradiso</span> <span class='ocrx_word' id='word_1_290' title='bbox 1912 4491 2188 4560; x_wconf 89' lang='lat' dir='ltr'>positum,</span> <span class='ocrx_word' id='word_1_291' title='bbox 2212 4494 2295 4556; x_wconf 91' lang='lat' dir='ltr'>ut,</span> <span class='ocrx_word' id='word_1_292' title='bbox 2323 4488 2370 4544; x_wconf 91' lang='lat' dir='ltr'>si</span> <span class='ocrx_word' id='word_1_293' title='bbox 2387 4505 2623 4562; x_wconf 88' lang='lat' dir='ltr'>peccare</span> <span class='ocrx_word' id='word_1_294' title='bbox 2731 4487 3032 4543; x_wconf 87' lang='lat' dir='ltr'>ecclesiam</span> <span class='ocrx_word' id='word_1_295' title='bbox 3075 4493 3355 4558; x_wconf 89' lang='lat' dir='ltr'>nostram,</span> <span class='ocrx_word' id='word_1_296' title='bbox 3407 4508 3532 4564; x_wconf 75' lang='lat' dir='ltr'>quae</span> <span class='ocrx_word' id='word_1_297' title='bbox 3589 4494 3888 4565; x_wconf 88' lang='lat' dir='ltr'>quondam</span> <span class='ocrx_word' id='word_1_298' title='bbox 3945 4495 4426 4568; x_wconf 80' lang='lat' dir='ltr'>gloriosissime</span> 
     </span>
    </p>
   </div>
   <div class='ocr_carea' id='block_1_36' title="bbox 990 4575 4424 4653">
    <p class='ocr_par' dir='ltr' id='par_1_36' title="bbox 990 4575 4424 4653">
     <span class='ocr_line' id='line_1_36' title="bbox 990 4575 4424 4653; baseline 0.004 -19"><span class='ocrx_word' id='word_1_299' title='bbox 990 4576 1188 4642; x_wconf 88' lang='lat' dir='ltr'>nollet,</span> <span class='ocrx_word' id='word_1_300' title='bbox 1220 4579 1619 4634; x_wconf 87' lang='lat' dir='ltr'>necessitatem</span> <span class='ocrx_word' id='word_1_301' title='bbox 1641 4577 1915 4648; x_wconf 90' lang='lat' dir='ltr'>peccandi</span> <span class='ocrx_word' id='word_1_302' title='bbox 1965 4594 2079 4632; x_wconf 92' lang='lat' dir='ltr'>non</span> <span class='ocrx_word' id='word_1_303' title='bbox 2137 4577 2378 4634; x_wconf 90' lang='lat' dir='ltr'>haberet</span> <span class='ocrx_word' id='word_1_304' title='bbox 2411 4595 2424 4643; x_wconf 88' lang='lat'>;</span> <span class='ocrx_word' id='word_1_305' title='bbox 2485 4577 2624 4648; x_wconf 87' lang='lat' dir='ltr'>quia</span> <span class='ocrx_word' id='word_1_306' title='bbox 2731 4575 2948 4643; x_wconf 82' lang='lat' dir='ltr'>ﬂoruit,</span> <span class='ocrx_word' id='word_1_307' title='bbox 2980 4593 3234 4648; x_wconf 89' lang='lat' dir='ltr'>propono</span> <span class='ocrx_word' id='word_1_308' title='bbox 3256 4583 3315 4634; x_wconf 90' lang='lat' dir='ltr'>et</span> <span class='ocrx_word' id='word_1_309' title='bbox 3331 4579 3594 4636; x_wconf 82' lang='lat' dir='ltr'>desidem</span> <span class='ocrx_word' id='word_1_310' title='bbox 3615 4582 3904 4640; x_wconf 84' lang='lat' dir='ltr'>deservire</span> <span class='ocrx_word' id='word_1_311' title='bbox 3926 4583 4303 4648; x_wconf 81' lang='lat' dir='ltr'>beatissimo</span> <span class='ocrx_word' id='word_1_312' title='bbox 4341 4609 4424 4653; x_wconf 68' lang='lat' dir='ltr'>ac</span> 
     </span>
    </p>
   </div>
   <div class='ocr_carea' id='block_1_37' title="bbox 987 4663 4420 4754">
    <p class='ocr_par' dir='ltr' id='par_1_37' title="bbox 987 4663 4420 4754">
     <span class='ocr_line' id='line_1_37' title="bbox 987 4663 4420 4754; baseline 0.005 -34"><span class='ocrx_word' id='word_1_313' title='bbox 987 4681 1118 4722; x_wconf 90' lang='lat' dir='ltr'>vero</span> <span class='ocrx_word' id='word_1_314' title='bbox 1145 4665 1362 4720; x_wconf 88' lang='lat' dir='ltr'>invidia</span> <span class='ocrx_word' id='word_1_315' title='bbox 1405 4665 1616 4754; x_wconf 86' lang='lat' dir='ltr'>diaboli</span> <span class='ocrx_word' id='word_1_316' title='bbox 1665 4665 1948 4754; x_wconf 86' lang='lat' dir='ltr'>seductus</span> <span class='ocrx_word' id='word_1_317' title='bbox 1980 4669 2100 4754; x_wconf 82' lang='lat' dir='ltr'>est,</span> <span class='ocrx_word' id='word_1_318' title='bbox 2159 4669 2332 4738; x_wconf 85' lang='lat' dir='ltr'>atque</span> <span class='ocrx_word' id='word_1_319' title='bbox 2358 4665 2447 4754; x_wconf 13' lang='lat' dir='ltr'>‘in</span> <span class='ocrx_word' id='word_1_320' title='bbox 2500 4664 2620 4754; x_wconf 65' lang='lat' dir='ltr'>hinc</span> <span class='ocrx_word' id='word_1_321' title='bbox 2732 4663 2944 4754; x_wconf 74' lang='lat' dir='ltr'>domno</span> <span class='ocrx_word' id='word_1_322' title='bbox 2962 4664 3222 4754; x_wconf 88' lang='lat' dir='ltr'>Ferreolo</span> <span class='ocrx_word' id='word_1_323' title='bbox 3244 4667 3584 4754; x_wconf 86' lang='lat' dir='ltr'>martyri,et</span> <span class='ocrx_word' id='word_1_324' title='bbox 3603 4669 3853 4726; x_wconf 87' lang='lat' dir='ltr'>civitatis</span> <span class='ocrx_word' id='word_1_325' title='bbox 3873 4679 4088 4729; x_wconf 67' lang='lat' dir='ltr'>nostra:</span> <span class='ocrx_word' id='word_1_326' title='bbox 4111 4677 4420 4754; x_wconf 82' lang='lat' dir='ltr'>tribuno,</span> 
     </span>
    </p>
   </div>
   <div class='ocr_carea' id='block_1_38' title="bbox 989 4749 4423 4836">
    <p class='ocr_par' dir='ltr' id='par_1_38' title="bbox 989 4749 4423 4836">
     <span class='ocr_line' id='line_1_38' title="bbox 989 4749 4423 4836; baseline 0.002 -28"><span class='ocrx_word' id='word_1_327' title='bbox 989 4771 1317 4810; x_wconf 77' lang='lat' dir='ltr'>aerumnosa</span> <span class='ocrx_word' id='word_1_328' title='bbox 1345 4770 1378 4808; x_wconf 87' lang='lat' dir='ltr'>a</span> <span class='ocrx_word' id='word_1_329' title='bbox 1407 4753 1522 4808; x_wconf 91' lang='lat' dir='ltr'>Deo</span> <span class='ocrx_word' id='word_1_330' title='bbox 1553 4753 1842 4824; x_wconf 87' lang='lat' dir='ltr'>projectus</span> <span class='ocrx_word' id='word_1_331' title='bbox 1871 4753 2092 4822; x_wconf 87' lang='lat' dir='ltr'>exsilia,</span> <span class='ocrx_word' id='word_1_332' title='bbox 2125 4769 2326 4808; x_wconf 89' lang='lat' dir='ltr'>omnes</span> <span class='ocrx_word' id='word_1_333' title='bbox 2357 4751 2622 4807; x_wconf 88' lang='lat' dir='ltr'>homines</span> <span class='ocrx_word' id='word_1_334' title='bbox 2731 4749 3020 4822; x_wconf 87' lang='lat' dir='ltr'>siquidem</span> <span class='ocrx_word' id='word_1_335' title='bbox 3051 4751 3499 4826; x_wconf 86' lang='lat' dir='ltr'>ecclesiaipsius</span> <span class='ocrx_word' id='word_1_336' title='bbox 3530 4756 3617 4813; x_wconf 89' lang='lat' dir='ltr'>vel</span> <span class='ocrx_word' id='word_1_337' title='bbox 3667 4759 4021 4828; x_wconf 72' lang='lat' dir='ltr'>cmnobium,</span> <span class='ocrx_word' id='word_1_338' title='bbox 4073 4766 4248 4836; x_wconf 84' lang='lat' dir='ltr'>quod</span> <span class='ocrx_word' id='word_1_339' title='bbox 4301 4749 4423 4828; x_wconf 58' lang='lat' dir='ltr'>vo;</span> 
     </span>
    </p>
   </div>
   <div class='ocr_carea' id='block_1_39' title="bbox 992 4838 4422 4917">
    <p class='ocr_par' dir='ltr' id='par_1_39' title="bbox 992 4838 4422 4917">
     <span class='ocr_line' id='line_1_39' title="bbox 992 4838 4422 4917; baseline 0.002 -20"><span class='ocrx_word' id='word_1_340' title='bbox 992 4857 1060 4898; x_wconf 84' lang='lat' dir='ltr'>ex</span> <span class='ocrx_word' id='word_1_341' title='bbox 1081 4858 1148 4897; x_wconf 88' lang='lat' dir='ltr'>eo</span> <span class='ocrx_word' id='word_1_342' title='bbox 1170 4843 1393 4914; x_wconf 85' lang='lat' dir='ltr'>genitos</span> <span class='ocrx_word' id='word_1_343' title='bbox 1413 4847 1624 4897; x_wconf 87' lang='lat' dir='ltr'>natura</span> <span class='ocrx_word' id='word_1_344' title='bbox 1651 4841 2021 4912; x_wconf 88' lang='lat' dir='ltr'>postmodum</span> <span class='ocrx_word' id='word_1_345' title='bbox 2045 4840 2296 4912; x_wconf 66' lang='lat' dir='ltr'>aequales</span> <span class='ocrx_word' id='word_1_346' title='bbox 2319 4839 2486 4908; x_wconf 78' lang='lat' dir='ltr'>fecit;</span> <span class='ocrx_word' id='word_1_347' title='bbox 2519 4839 2620 4896; x_wconf 88' lang='lat' dir='ltr'>sed</span> <span class='ocrx_word' id='word_1_348' title='bbox 2731 4843 2864 4893; x_wconf 88' lang='lat' dir='ltr'>cant</span> <span class='ocrx_word' id='word_1_349' title='bbox 2885 4838 3278 4909; x_wconf 85' lang='lat' dir='ltr'>Grinensium,</span> <span class='ocrx_word' id='word_1_350' title='bbox 3301 4844 3824 4917; x_wconf 85' lang='lat' dir='ltr'>quadragintorum</span> <span class='ocrx_word' id='word_1_351' title='bbox 3854 4846 4036 4905; x_wconf 86' lang='lat' dir='ltr'>simul</span> <span class='ocrx_word' id='word_1_352' title='bbox 4068 4849 4132 4907; x_wconf 85' lang='lat' dir='ltr'>in</span> <span class='ocrx_word' id='word_1_353' title='bbox 4157 4869 4232 4910; x_wconf 82' lang='lat' dir='ltr'>se</span> <span class='ocrx_word' id='word_1_354' title='bbox 4287 4855 4422 4916; x_wconf 60' lang='lat' dir='ltr'>ha-</span> 
     </span>
    </p>
   </div>
   <div class='ocr_carea' id='block_1_40' title="bbox 991 4927 4422 5012">
    <p class='ocr_par' dir='ltr' id='par_1_40' title="bbox 991 4927 4422 5012">
     <span class='ocr_line' id='line_1_40' title="bbox 991 4927 4422 5012; baseline 0.003 -26"><span class='ocrx_word' id='word_1_355' title='bbox 991 4931 1166 4996; x_wconf 88' lang='lat' dir='ltr'>Deus,</span> <span class='ocrx_word' id='word_1_356' title='bbox 1200 4929 1297 5001; x_wconf 89' lang='lat' dir='ltr'>qui</span> <span class='ocrx_word' id='word_1_357' title='bbox 1321 4934 1408 4985; x_wconf 89' lang='lat' dir='ltr'>est</span> <span class='ocrx_word' id='word_1_358' title='bbox 1429 4947 1725 4985; x_wconf 89' lang='lat' dir='ltr'>summum</span> <span class='ocrx_word' id='word_1_359' title='bbox 1748 4931 1988 4998; x_wconf 90' lang='lat' dir='ltr'>bonum,</span> <span class='ocrx_word' id='word_1_360' title='bbox 2011 4929 2137 5002; x_wconf 89' lang='lat' dir='ltr'>ipse</span> <span class='ocrx_word' id='word_1_361' title='bbox 2163 4928 2442 5001; x_wconf 80' lang='lat' dir='ltr'>praescius</span> <span class='ocrx_word' id='word_1_362' title='bbox 2463 4928 2620 4983; x_wconf 85' lang='lat' dir='ltr'>futu-</span> <span class='ocrx_word' id='word_1_363' title='bbox 2731 4927 2857 4982; x_wconf 90' lang='lat' dir='ltr'>buit</span> <span class='ocrx_word' id='word_1_364' title='bbox 2886 4927 3317 4985; x_wconf 88' lang='lat' dir='ltr'>multitudinem</span> <span class='ocrx_word' id='word_1_365' title='bbox 3349 4932 3794 4990; x_wconf 85' lang='lat' dir='ltr'>monachorum.</span> <span class='ocrx_word' id='word_1_366' title='bbox 3823 4939 3942 4993; x_wconf 82' lang='lat' dir='ltr'>Nos</span> <span class='ocrx_word' id='word_1_367' title='bbox 3959 4953 4100 4995; x_wconf 80' lang='lat' dir='ltr'>vero</span> <span class='ocrx_word' id='word_1_368' title='bbox 4122 4954 4304 5012; x_wconf 75' lang='lat' dir='ltr'>quos</span> <span class='ocrx_word' id='word_1_369' title='bbox 4332 4948 4422 5004; x_wconf 65' lang='lat' dir='ltr'>ad</span> 
     </span>
    </p>
   </div>
   <div class='ocr_carea' id='block_1_41' title="bbox 992 5014 4421 5105">
    <p class='ocr_par' dir='ltr' id='par_1_41' title="bbox 992 5014 4421 5105">
     <span class='ocr_line' id='line_1_41' title="bbox 992 5014 4421 5105; baseline 0.004 -31"><span class='ocrx_word' id='word_1_370' title='bbox 992 5034 1212 5084; x_wconf 83' lang='lat' dir='ltr'>rerum,</span> <span class='ocrx_word' id='word_1_371' title='bbox 1246 5019 1614 5090; x_wconf 85' lang='lat' dir='ltr'>postmodum</span> <span class='ocrx_word' id='word_1_372' title='bbox 1638 5035 1739 5090; x_wconf 87' lang='lat' dir='ltr'>per</span> <span class='ocrx_word' id='word_1_373' title='bbox 1767 5018 1952 5074; x_wconf 81' lang='lat' dir='ltr'>multa</span> <span class='ocrx_word' id='word_1_374' title='bbox 1998 5033 2287 5072; x_wconf 87' lang='lat' dir='ltr'>annorum</span> <span class='ocrx_word' id='word_1_375' title='bbox 2331 5014 2620 5105; x_wconf 82' lang='lat' dir='ltr'>curricula</span> <span class='ocrx_word' id='word_1_376' title='bbox 2729 5015 2852 5105; x_wconf 61' lang='lat' dir='ltr'>haec</span> <span class='ocrx_word' id='word_1_377' title='bbox 2873 5015 3025 5072; x_wconf 87' lang='lat' dir='ltr'>Deus</span> <span class='ocrx_word' id='word_1_378' title='bbox 3055 5017 3308 5074; x_wconf 82' lang='lat' dir='ltr'>infelicia</span> <span class='ocrx_word' id='word_1_379' title='bbox 3336 5020 3606 5092; x_wconf 83' lang='lat' dir='ltr'>perduxit</span> <span class='ocrx_word' id='word_1_380' title='bbox 3661 5026 3946 5096; x_wconf 74' lang='lat' dir='ltr'>tempore,</span> <span class='ocrx_word' id='word_1_381' title='bbox 3995 5026 4048 5082; x_wconf 86' lang='lat' dir='ltr'>si</span> <span class='ocrx_word' id='word_1_382' title='bbox 4107 5043 4242 5086; x_wconf 85' lang='lat' dir='ltr'>non</span> <span class='ocrx_word' id='word_1_383' title='bbox 4292 5033 4421 5105; x_wconf 71' lang='lat' dir='ltr'>ita,</span> 
     </span>
    </p>
   </div>
   <div class='ocr_carea' id='block_1_42' title="bbox 993 5102 4423 5198">
    <p class='ocr_par' dir='ltr' id='par_1_42' title="bbox 993 5102 4423 5198">
     <span class='ocr_line' id='line_1_42' title="bbox 993 5102 4423 5198; baseline 0.003 -35"><span class='ocrx_word' id='word_1_384' title='bbox 993 5106 1290 5163; x_wconf 89' lang='lat' dir='ltr'>hominem</span> <span class='ocrx_word' id='word_1_385' title='bbox 1321 5123 1491 5162; x_wconf 88' lang='lat' dir='ltr'>suum</span> <span class='ocrx_word' id='word_1_386' title='bbox 1515 5107 1752 5162; x_wconf 90' lang='lat' dir='ltr'>charum</span> <span class='ocrx_word' id='word_1_387' title='bbox 1779 5105 1994 5198; x_wconf 82' lang='lat' dir='ltr'>animal</span> <span class='ocrx_word' id='word_1_388' title='bbox 2012 5121 2209 5198; x_wconf 82' lang='lat' dir='ltr'>regere</span> <span class='ocrx_word' id='word_1_389' title='bbox 2242 5121 2354 5198; x_wconf 81' lang='lat' dir='ltr'>non</span> <span class='ocrx_word' id='word_1_390' title='bbox 2379 5102 2618 5168; x_wconf 89' lang='lat' dir='ltr'>destitit,</span> <span class='ocrx_word' id='word_1_391' title='bbox 2729 5103 3106 5198; x_wconf 39' lang='lat' dir='ltr'>saltem-quod</span> <span class='ocrx_word' id='word_1_392' title='bbox 3133 5110 4226 5182; x_wconf 83' lang='lat' dir='ltr'>possumusadimplemus.Reddimus</span> <span class='ocrx_word' id='word_1_393' title='bbox 4249 5102 4423 5198; x_wconf 51' lang='lat' dir='ltr'>erg-ci</span> 
     </span>
    </p>
   </div>
   <div class='ocr_carea' id='block_1_43' title="bbox 995 5191 4420 5274">
    <p class='ocr_par' dir='ltr' id='par_1_43' title="bbox 995 5191 4420 5274">
     <span class='ocr_line' id='line_1_43' title="bbox 995 5191 4420 5274; baseline 0.002 -24"><span class='ocrx_word' id='word_1_394' title='bbox 995 5196 1300 5268; x_wconf 82' lang='lat' dir='ltr'>imponens</span> <span class='ocrx_word' id='word_1_395' title='bbox 1333 5214 1512 5250; x_wconf 91' lang='lat' dir='ltr'>unum</span> <span class='ocrx_word' id='word_1_396' title='bbox 1547 5195 1695 5258; x_wconf 82' lang='lat' dir='ltr'>aliis,</span> <span class='ocrx_word' id='word_1_397' title='bbox 1729 5193 2086 5266; x_wconf 85' lang='lat' dir='ltr'>patriarchas</span> <span class='ocrx_word' id='word_1_398' title='bbox 2108 5193 2462 5264; x_wconf 82' lang='lat' dir='ltr'>primitus,et</span> <span class='ocrx_word' id='word_1_399' title='bbox 2493 5208 2619 5262; x_wconf 87' lang='lat' dir='ltr'>pro-</span> <span class='ocrx_word' id='word_1_400' title='bbox 2729 5191 2860 5257; x_wconf 88' lang='lat' dir='ltr'>sibi,</span> <span class='ocrx_word' id='word_1_401' title='bbox 2891 5192 3154 5250; x_wconf 74' lang='lat' dir='ltr'>videlicet</span> <span class='ocrx_word' id='word_1_402' title='bbox 3181 5201 3236 5250; x_wconf 86' lang='lat' dir='ltr'>S.</span> <span class='ocrx_word' id='word_1_403' title='bbox 3263 5197 3543 5265; x_wconf 85' lang='lat' dir='ltr'>Ferreolo,</span> <span class='ocrx_word' id='word_1_404' title='bbox 3579 5199 3890 5272; x_wconf 83' lang='lat' dir='ltr'>ipsiusque</span> <span class='ocrx_word' id='word_1_405' title='bbox 3909 5205 4229 5274; x_wconf 76' lang='lat' dir='ltr'>quondam</span> <span class='ocrx_word' id='word_1_406' title='bbox 4258 5191 4420 5268; x_wconf 62' lang='grc' dir='ltr'>ηιξ)-</span> 
     </span>
    </p>
   </div>
   <div class='ocr_carea' id='block_1_44' title="bbox 992 5280 4427 5362">
    <p class='ocr_par' dir='ltr' id='par_1_44' title="bbox 992 5280 4427 5362">
     <span class='ocr_line' id='line_1_44' title="bbox 992 5280 4427 5362; baseline 0.003 -24"><span class='ocrx_word' id='word_1_407' title='bbox 992 5283 1214 5356; x_wconf 88' lang='lat' dir='ltr'>phetas,</span> <span class='ocrx_word' id='word_1_408' title='bbox 1249 5301 1311 5338; x_wconf 90' lang='lat' dir='ltr'>ac</span> <span class='ocrx_word' id='word_1_409' title='bbox 1333 5284 1539 5338; x_wconf 86' lang='lat' dir='ltr'>deinde</span> <span class='ocrx_word' id='word_1_410' title='bbox 1572 5299 1755 5353; x_wconf 86' lang='lat' dir='ltr'>reges,</span> <span class='ocrx_word' id='word_1_411' title='bbox 1787 5282 1856 5337; x_wconf 90' lang='lat' dir='ltr'>ad</span> <span class='ocrx_word' id='word_1_412' title='bbox 1888 5286 2208 5336; x_wconf 79' lang='lat' dir='ltr'>extremum</span> <span class='ocrx_word' id='word_1_413' title='bbox 2234 5296 2364 5334; x_wconf 88' lang='lat' dir='ltr'>vero</span> <span class='ocrx_word' id='word_1_414' title='bbox 2388 5284 2618 5350; x_wconf 86' lang='lat' dir='ltr'>tempus</span> <span class='ocrx_word' id='word_1_415' title='bbox 2649 5325 2690 5362; x_wconf 61' lang='grc' dir='ltr'>ρ</span> <span class='ocrx_word' id='word_1_416' title='bbox 2729 5280 2999 5346; x_wconf 84' lang='lat' dir='ltr'>nasterio,</span> <span class='ocrx_word' id='word_1_417' title='bbox 3031 5297 3099 5337; x_wconf 82' lang='lat' dir='ltr'>ex</span> <span class='ocrx_word' id='word_1_418' title='bbox 3129 5283 3460 5340; x_wconf 66' lang='lat' dir='ltr'>haereditate</span> <span class='ocrx_word' id='word_1_419' title='bbox 3490 5285 3676 5356; x_wconf 91' lang='lat' dir='ltr'>ipsius</span> <span class='ocrx_word' id='word_1_420' title='bbox 3727 5289 4017 5362; x_wconf 88' lang='lat' dir='ltr'>quidquid</span> <span class='ocrx_word' id='word_1_421' title='bbox 4057 5293 4119 5347; x_wconf 89' lang='lat' dir='ltr'>in</span> <span class='ocrx_word' id='word_1_422' title='bbox 4179 5303 4427 5359; x_wconf 67' lang='lat' dir='ltr'>nostro</span> 
     </span>
    </p>
   </div>
   <div class='ocr_carea' id='block_1_45' title="bbox 992 5325 4430 5451">
    <p class='ocr_par' dir='ltr' id='par_1_45' title="bbox 992 5325 4430 5451">
     <span class='ocr_line' id='line_1_45' title="bbox 993 5325 4386 5357; baseline 0 -11"><span class='ocrx_word' id='word_1_423' title='bbox 993 5325 1214 5356; x_wconf 67' lang='grc' dir='ltr'>..μιαν-ου,</span> <span class='ocrx_word' id='word_1_424' title='bbox 1249 5325 1311 5338; x_wconf 67' lang='grc' dir='ltr'>ιηυ</span> <span class='ocrx_word' id='word_1_425' title='bbox 1334 5325 1539 5338; x_wconf 66' lang='grc' dir='ltr'>μν--ιυυ</span> <span class='ocrx_word' id='word_1_426' title='bbox 1572 5325 1755 5353; x_wconf 55' lang='lat' dir='ltr'>now.</span> <span class='ocrx_word' id='word_1_427' title='bbox 1787 5325 1856 5337; x_wconf 63' lang='grc' dir='ltr'>ω-</span> <span class='ocrx_word' id='word_1_428' title='bbox 1889 5325 2208 5336; x_wconf 70' lang='grc' dir='ltr'>νο---ν-σ---ο</span> <span class='ocrx_word' id='word_1_429' title='bbox 2243 5325 2362 5334; x_wconf 50' lang='lat' dir='ltr'>mw</span> <span class='ocrx_word' id='word_1_430' title='bbox 2392 5325 2617 5350; x_wconf 71' lang='lat' dir='ltr'>&quot;&#39;&quot;&#39;r‘&quot;&quot;</span> <span class='ocrx_word' id='word_1_431' title='bbox 2732 5325 2999 5346; x_wconf 67' lang='lat' dir='ltr'>——~w-~.</span> <span class='ocrx_word' id='word_1_432' title='bbox 3033 5325 3099 5337; x_wconf 71' lang='grc' dir='ltr'>νι-</span> <span class='ocrx_word' id='word_1_433' title='bbox 3129 5325 3460 5340; x_wconf 71' lang='grc' dir='ltr'>ιιυυιυυινυιυν</span> <span class='ocrx_word' id='word_1_434' title='bbox 3491 5325 3676 5356; x_wconf 60' lang='lat' dir='ltr'>lytr-uua</span> <span class='ocrx_word' id='word_1_435' title='bbox 3768 5325 3866 5344; x_wconf 75' lang='grc' dir='ltr'>υιυ</span> <span class='ocrx_word' id='word_1_436' title='bbox 3917 5325 4017 5346; x_wconf 73' lang='grc' dir='ltr'>υιυ</span> <span class='ocrx_word' id='word_1_437' title='bbox 4059 5325 4119 5347; x_wconf 82' lang='grc' dir='ltr'>..ι</span> <span class='ocrx_word' id='word_1_438' title='bbox 4180 5325 4386 5357; x_wconf 68' lang='grc' dir='ltr'>υυυιι-</span> 
     </span>
     <span class='ocr_line' id='line_1_46' title="bbox 992 5325 4430 5451; baseline 0.004 -26"><span class='ocrx_word' id='word_1_439' title='bbox 992 5371 1482 5426; x_wconf 72' lang='lat' dir='ltr'>sacerdotes.llazc</span> <span class='ocrx_word' id='word_1_440' title='bbox 1512 5376 1706 5425; x_wconf 82' lang='lat' dir='ltr'>autem</span> <span class='ocrx_word' id='word_1_441' title='bbox 1737 5371 1864 5424; x_wconf 89' lang='lat' dir='ltr'>ideo</span> <span class='ocrx_word' id='word_1_442' title='bbox 1896 5369 2080 5423; x_wconf 75' lang='lat' dir='ltr'>facere</span> <span class='ocrx_word' id='word_1_443' title='bbox 2101 5367 2460 5432; x_wconf 88' lang='lat' dir='ltr'>voluit,ut,si</span> <span class='ocrx_word' id='word_1_444' title='bbox 2484 5369 2617 5438; x_wconf 89' lang='lat' dir='ltr'>quis</span> <span class='ocrx_word' id='word_1_445' title='bbox 2649 5325 2691 5392; x_wconf 76' lang='lat' dir='ltr'>c</span> <span class='ocrx_word' id='word_1_446' title='bbox 2727 5369 2984 5424; x_wconf 90' lang='lat' dir='ltr'>dominio</span> <span class='ocrx_word' id='word_1_447' title='bbox 3009 5371 3371 5442; x_wconf 88' lang='lat' dir='ltr'>tenebamus,</span> <span class='ocrx_word' id='word_1_448' title='bbox 3403 5390 3506 5430; x_wconf 91' lang='lat' dir='ltr'>ceu</span> <span class='ocrx_word' id='word_1_449' title='bbox 3563 5325 3762 5431; x_wconf 66' lang='lat' dir='ltr'>etiam1</span> <span class='ocrx_word' id='word_1_450' title='bbox 3795 5325 4145 5451; x_wconf 49' lang='lat' dir='ltr'>ubicunque</span> <span class='ocrx_word' id='word_1_451' title='bbox 4201 5325 4430 5448; x_wconf 47' lang='lat' dir='ltr'>fuerit;</span> 
     </span>
    </p>
   </div>
   <div class='ocr_carea' id='block_1_46' title="bbox 995 5456 4426 5538">
    <p class='ocr_par' dir='ltr' id='par_1_46' title="bbox 995 5456 4426 5538">
     <span class='ocr_line' id='line_1_47' title="bbox 995 5456 4426 5538; baseline 0.005 -27"><span class='ocrx_word' id='word_1_452' title='bbox 995 5458 1122 5526; x_wconf 87' lang='lat' dir='ltr'>ejus</span> <span class='ocrx_word' id='word_1_453' title='bbox 1152 5473 1346 5512; x_wconf 88' lang='lat' dir='ltr'>amore</span> <span class='ocrx_word' id='word_1_454' title='bbox 1377 5463 1606 5528; x_wconf 87' lang='lat' dir='ltr'>peccata</span> <span class='ocrx_word' id='word_1_455' title='bbox 1653 5456 1830 5511; x_wconf 88' lang='lat' dir='ltr'>nollet</span> <span class='ocrx_word' id='word_1_456' title='bbox 1883 5456 2083 5519; x_wconf 89' lang='lat' dir='ltr'>vitare,</span> <span class='ocrx_word' id='word_1_457' title='bbox 2144 5459 2430 5510; x_wconf 87' lang='lat' dir='ltr'>coerceret</span> <span class='ocrx_word' id='word_1_458' title='bbox 2484 5472 2616 5510; x_wconf 89' lang='lat' dir='ltr'>eum</span> <span class='ocrx_word' id='word_1_459' title='bbox 2729 5457 3023 5513; x_wconf 88' lang='lat' dir='ltr'>inventum</span> <span class='ocrx_word' id='word_1_460' title='bbox 3056 5458 3272 5532; x_wconf 89' lang='lat' dir='ltr'>aliquid</span> <span class='ocrx_word' id='word_1_461' title='bbox 3303 5477 3372 5518; x_wconf 82' lang='lat' dir='ltr'>ex</span> <span class='ocrx_word' id='word_1_462' title='bbox 3387 5463 3515 5534; x_wconf 89' lang='lat' dir='ltr'>ejus</span> <span class='ocrx_word' id='word_1_463' title='bbox 3535 5463 3892 5538; x_wconf 66' lang='lat' dir='ltr'>hereditate,</span> <span class='ocrx_word' id='word_1_464' title='bbox 3912 5471 4107 5526; x_wconf 84' lang='lat' dir='ltr'>totum</span> <span class='ocrx_word' id='word_1_465' title='bbox 4131 5477 4426 5538; x_wconf 80' lang='lat' dir='ltr'>omnino</span> 
     </span>
    </p>
   </div>
   <div class='ocr_carea' id='block_1_47' title="bbox 996 5541 4423 5638">
    <p class='ocr_par' dir='ltr' id='par_1_47' title="bbox 996 5541 4423 5638">
     <span class='ocr_line' id='line_1_48' title="bbox 996 5541 4423 5638; baseline 0.006 -42"><span class='ocrx_word' id='word_1_466' title='bbox 996 5541 1260 5638; x_wconf 69' lang='lat' dir='ltr'>videlicet</span> <span class='ocrx_word' id='word_1_467' title='bbox 1279 5543 1512 5598; x_wconf 90' lang='lat' dir='ltr'>alterius</span> <span class='ocrx_word' id='word_1_468' title='bbox 1540 5544 1764 5638; x_wconf 82' lang='lat' dir='ltr'>timore.</span> <span class='ocrx_word' id='word_1_469' title='bbox 1816 5543 1965 5638; x_wconf 81' lang='lat' dir='ltr'>Sunt</span> <span class='ocrx_word' id='word_1_470' title='bbox 2007 5543 2202 5638; x_wconf 81' lang='lat' dir='ltr'>itaque</span> <span class='ocrx_word' id='word_1_471' title='bbox 2259 5541 2444 5598; x_wconf 90' lang='lat' dir='ltr'>multa</span> <span class='ocrx_word' id='word_1_472' title='bbox 2493 5561 2619 5638; x_wconf 64' lang='lat' dir='ltr'>quis</span> <span class='ocrx_word' id='word_1_473' title='bbox 2728 5545 3046 5638; x_wconf 80' lang='lat' dir='ltr'>reddimus,</span> <span class='ocrx_word' id='word_1_474' title='bbox 3088 5563 3186 5603; x_wconf 78' lang='lat' dir='ltr'>eus</span> <span class='ocrx_word' id='word_1_475' title='bbox 3225 5549 3322 5620; x_wconf 91' lang='lat' dir='ltr'>qui</span> <span class='ocrx_word' id='word_1_476' title='bbox 3375 5553 3593 5619; x_wconf 88' lang='lat' dir='ltr'>tenent,</span> <span class='ocrx_word' id='word_1_477' title='bbox 3657 5553 3708 5608; x_wconf 86' lang='lat' dir='ltr'>si</span> <span class='ocrx_word' id='word_1_478' title='bbox 3755 5553 3997 5613; x_wconf 84' lang='lat' dir='ltr'>reddere</span> <span class='ocrx_word' id='word_1_479' title='bbox 4045 5557 4423 5638; x_wconf 68' lang='lat' dir='ltr'>voluerint,</span> 
     </span>
    </p>
   </div>
   <div class='ocr_carea' id='block_1_48' title="bbox 1002 5626 4430 5716">
    <p class='ocr_par' dir='ltr' id='par_1_48' title="bbox 1002 5626 4430 5716">
     <span class='ocr_line' id='line_1_49' title="bbox 1002 5626 4430 5716; baseline 0.006 -34"><span class='ocrx_word' id='word_1_480' title='bbox 1002 5643 1104 5716; x_wconf 81' lang='lat' dir='ltr'>per</span> <span class='ocrx_word' id='word_1_481' title='bbox 1124 5626 1351 5716; x_wconf 71' lang='lat' dir='ltr'>Moysen</span> <span class='ocrx_word' id='word_1_482' title='bbox 1386 5631 1670 5701; x_wconf 69' lang='lat' dir='ltr'>praecepit,</span> <span class='ocrx_word' id='word_1_483' title='bbox 1691 5639 1738 5684; x_wconf 88' lang='lat' dir='ltr'>el</span> <span class='ocrx_word' id='word_1_484' title='bbox 1767 5648 1890 5700; x_wconf 67' lang='lat' dir='ltr'>quae</span> <span class='ocrx_word' id='word_1_485' title='bbox 1913 5633 2096 5684; x_wconf 88' lang='lat' dir='ltr'>Aaron</span> <span class='ocrx_word' id='word_1_486' title='bbox 2118 5631 2304 5702; x_wconf 90' lang='lat' dir='ltr'>primo</span> <span class='ocrx_word' id='word_1_487' title='bbox 2339 5633 2616 5687; x_wconf 86' lang='lat' dir='ltr'>sacerdoti</span> <span class='ocrx_word' id='word_1_488' title='bbox 2728 5633 2785 5687; x_wconf 91' lang='lat' dir='ltr'>in</span> <span class='ocrx_word' id='word_1_489' title='bbox 2817 5632 2924 5688; x_wconf 93' lang='lat' dir='ltr'>hac</span> <span class='ocrx_word' id='word_1_490' title='bbox 2945 5633 3307 5708; x_wconf 84' lang='lat' dir='ltr'>eleemosyna</span> <span class='ocrx_word' id='word_1_491' title='bbox 3331 5638 3856 5712; x_wconf 82' lang='lat' dir='ltr'>adjungimus.Sed</span> <span class='ocrx_word' id='word_1_492' title='bbox 3879 5648 3938 5701; x_wconf 90' lang='lat' dir='ltr'>et</span> <span class='ocrx_word' id='word_1_493' title='bbox 3957 5645 4160 5705; x_wconf 85' lang='lat' dir='ltr'>fidelis</span> <span class='ocrx_word' id='word_1_494' title='bbox 4177 5626 4430 5716; x_wconf 41' lang='lat' dir='ltr'>nosse;</span> 
     </span>
    </p>
   </div>
   <div class='ocr_carea' id='block_1_49' title="bbox 1002 5713 4426 5806">
    <p class='ocr_par' dir='ltr' id='par_1_49' title="bbox 1002 5713 4426 5806">
     <span class='ocr_line' id='line_1_50' title="bbox 1002 5713 4426 5806; baseline 0.009 -38"><span class='ocrx_word' id='word_1_495' title='bbox 1002 5713 1286 5782; x_wconf 80' lang='lat' dir='ltr'>injunxit;</span> <span class='ocrx_word' id='word_1_496' title='bbox 1319 5717 1386 5770; x_wconf 91' lang='lat' dir='ltr'>ad</span> <span class='ocrx_word' id='word_1_497' title='bbox 1419 5717 1686 5772; x_wconf 89' lang='lat' dir='ltr'>ultimum</span> <span class='ocrx_word' id='word_1_498' title='bbox 1718 5734 1851 5773; x_wconf 85' lang='lat' dir='ltr'>vero</span> <span class='ocrx_word' id='word_1_499' title='bbox 1873 5718 1935 5773; x_wconf 91' lang='lat' dir='ltr'>B.</span> <span class='ocrx_word' id='word_1_500' title='bbox 1960 5718 2122 5773; x_wconf 89' lang='lat' dir='ltr'>Petro</span> <span class='ocrx_word' id='word_1_501' title='bbox 2153 5719 2412 5791; x_wconf 85' lang='lat' dir='ltr'>apostolo</span> <span class='ocrx_word' id='word_1_502' title='bbox 2461 5721 2617 5791; x_wconf 86' lang='lat' dir='ltr'>prin-</span> <span class='ocrx_word' id='word_1_503' title='bbox 2728 5719 3005 5776; x_wconf 86' lang='lat' dir='ltr'>Bladinus</span> <span class='ocrx_word' id='word_1_504' title='bbox 3035 5721 3318 5794; x_wconf 88' lang='lat' dir='ltr'>quidquid</span> <span class='ocrx_word' id='word_1_505' title='bbox 3349 5725 3420 5781; x_wconf 89' lang='lat' dir='ltr'>de</span> <span class='ocrx_word' id='word_1_506' title='bbox 3449 5727 3574 5798; x_wconf 81' lang='lat' dir='ltr'>eius</span> <span class='ocrx_word' id='word_1_507' title='bbox 3605 5728 3941 5788; x_wconf 75' lang='lat' dir='ltr'>haereditate</span> <span class='ocrx_word' id='word_1_508' title='bbox 3969 5733 4028 5790; x_wconf 90' lang='lat' dir='ltr'>in</span> <span class='ocrx_word' id='word_1_509' title='bbox 4081 5713 4426 5806; x_wconf 46' lang='lat' dir='ltr'>beneﬁcii)</span> 
     </span>
    </p>
   </div>
  </div>
