  <div class='ocr_page' id='page_1' title='image "/cluster/home/n/w/nwhite01/storage/ocr_20150623/142-143/uc1.31175018423130/1442.png"; bbox 0 0 3978 6360; ppageno 0'>
   <div class='ocr_carea' id='block_1_1' title="bbox 229 486 393 565">
    <p class='ocr_par' dir='ltr' id='par_1_1' title="bbox 229 486 393 565">
     <span class='ocr_line' id='line_1_1' title="bbox 229 486 393 565; baseline 0 0"><span class='ocrx_word' id='word_1_1' title='bbox 229 486 393 565; x_wconf 72' lang='lat' dir='ltr'>M05</span> 
     </span>
    </p>
   </div>
   <div class='ocr_carea' id='block_1_2' title="bbox 1771 484 2137 553">
    <p class='ocr_par' dir='ltr' id='par_1_2' title="bbox 1771 484 2137 553">
     <span class='ocr_line' id='line_1_2' title="bbox 1771 484 2137 553; baseline -0.011 0"><span class='ocrx_word' id='word_1_2' title='bbox 1771 484 2137 553; x_wconf 69' lang='lat' dir='ltr'>CHARTE.</span> 
     </span>
    </p>
   </div>
   <div class='ocr_carea' id='block_1_3' title="bbox 3506 489 3661 555">
    <p class='ocr_par' dir='ltr' id='par_1_3' title="bbox 3506 489 3661 555">
     <span class='ocr_line' id='line_1_3' title="bbox 3506 489 3661 555; baseline -0.006 -1"><span class='ocrx_word' id='word_1_3' title='bbox 3506 496 3531 554; x_wconf 80' lang='grc'><strong>1</strong></span> <span class='ocrx_word' id='word_1_4' title='bbox 3544 489 3661 555; x_wconf 74' lang='lat'>406</span> 
     </span>
    </p>
   </div>
   <div class='ocr_carea' id='block_1_4' title="bbox 231 620 3659 700">
    <p class='ocr_par' dir='ltr' id='par_1_4' title="bbox 231 620 3659 700">
     <span class='ocr_line' id='line_1_4' title="bbox 231 620 3659 700; baseline 0 -15"><span class='ocrx_word' id='word_1_5' title='bbox 231 627 314 685; x_wconf 88' lang='lat' dir='ltr'>de</span> <span class='ocrx_word' id='word_1_6' title='bbox 343 625 515 686; x_wconf 88' lang='lat' dir='ltr'>nobis</span> <span class='ocrx_word' id='word_1_7' title='bbox 544 624 806 697; x_wconf 86' lang='lat' dir='ltr'>tenebat,</span> <span class='ocrx_word' id='word_1_8' title='bbox 835 629 1026 684; x_wconf 90' lang='lat' dir='ltr'>totum</span> <span class='ocrx_word' id='word_1_9' title='bbox 1054 625 1265 684; x_wconf 82' lang='lat' dir='ltr'>reddit.</span> <span class='ocrx_word' id='word_1_10' title='bbox 1309 625 1557 698; x_wconf 88' lang='lat' dir='ltr'>Insuper</span> <span class='ocrx_word' id='word_1_11' title='bbox 1602 629 1659 681; x_wconf 87' lang='lat' dir='ltr'>et</span> <span class='ocrx_word' id='word_1_12' title='bbox 1689 625 1758 679; x_wconf 88' lang='lat' dir='ltr'>de</span> <span class='ocrx_word' id='word_1_13' title='bbox 1791 641 1897 679; x_wconf 90' lang='lat' dir='ltr'>suo</span> <span class='ocrx_word' id='word_1_14' title='bbox 1927 622 1981 688; x_wconf 81' lang='grc' dir='ltr'><strong>Α</strong></span> <span class='ocrx_word' id='word_1_15' title='bbox 2010 622 2177 696; x_wconf 89' lang='lat' dir='ltr'>gistri</span> <span class='ocrx_word' id='word_1_16' title='bbox 2212 620 2442 680; x_wconf 75' lang='lat' dir='ltr'>scholze.</span> <span class='ocrx_word' id='word_1_17' title='bbox 2479 623 2537 680; x_wconf 91' lang='lat' dir='ltr'>S.</span> <span class='ocrx_word' id='word_1_18' title='bbox 2585 622 2844 681; x_wconf 85' lang='lat' dir='ltr'>Nertaldi</span> <span class='ocrx_word' id='word_1_19' title='bbox 2893 624 3129 682; x_wconf 80' lang='lat' dir='ltr'>abbatis</span> <span class='ocrx_word' id='word_1_20' title='bbox 3178 624 3236 682; x_wconf 93' lang='lat' dir='ltr'>S.</span> <span class='ocrx_word' id='word_1_21' title='bbox 3290 626 3441 683; x_wconf 87' lang='lat' dir='ltr'>Petri</span> <span class='ocrx_word' id='word_1_22' title='bbox 3489 629 3567 700; x_wconf 88' lang='grc'>(1)</span> <span class='ocrx_word' id='word_1_23' title='bbox 3600 632 3659 687; x_wconf 92' lang='lat' dir='ltr'>S.</span> 
     </span>
    </p>
   </div>
   <div class='ocr_carea' id='block_1_5' title="bbox 233 715 1893 791">
    <p class='ocr_par' dir='ltr' id='par_1_5' title="bbox 233 715 1893 791">
     <span class='ocr_line' id='line_1_5' title="bbox 233 715 1893 791; baseline -0.004 -15"><span class='ocrx_word' id='word_1_24' title='bbox 233 717 409 776; x_wconf 84' lang='lat' dir='ltr'>alode</span> <span class='ocrx_word' id='word_1_25' title='bbox 436 716 708 791; x_wconf 89' lang='lat' dir='ltr'>largitur.</span> <span class='ocrx_word' id='word_1_26' title='bbox 744 718 861 775; x_wconf 86' lang='lat' dir='ltr'>Hoc</span> <span class='ocrx_word' id='word_1_27' title='bbox 912 734 1049 791; x_wconf 88' lang='lat' dir='ltr'>ergo</span> <span class='ocrx_word' id='word_1_28' title='bbox 1102 733 1207 790; x_wconf 92' lang='lat' dir='ltr'>per</span> <span class='ocrx_word' id='word_1_29' title='bbox 1264 716 1576 772; x_wconf 76' lang='lat' dir='ltr'>consilium</span> <span class='ocrx_word' id='word_1_30' title='bbox 1632 715 1893 771; x_wconf 76' lang='lat' dir='ltr'>fidelium</span> 
     </span>
    </p>
   </div>
   <div class='ocr_carea' id='block_1_6' title="bbox 230 805 1893 877">
    <p class='ocr_par' dir='ltr' id='par_1_6' title="bbox 230 805 1893 877">
     <span class='ocr_line' id='line_1_6' title="bbox 230 805 1893 877; baseline -0.002 -14"><span class='ocrx_word' id='word_1_31' title='bbox 230 812 578 864; x_wconf 89' lang='lat' dir='ltr'>nostrorum</span> <span class='ocrx_word' id='word_1_32' title='bbox 608 807 883 876; x_wconf 84' lang='lat' dir='ltr'>facimus,</span> <span class='ocrx_word' id='word_1_33' title='bbox 914 806 1282 863; x_wconf 82' lang='lat' dir='ltr'>collaudante</span> <span class='ocrx_word' id='word_1_34' title='bbox 1316 807 1477 862; x_wconf 92' lang='lat' dir='ltr'>omni</span> <span class='ocrx_word' id='word_1_35' title='bbox 1516 805 1669 861; x_wconf 89' lang='lat' dir='ltr'>clero</span> <span class='ocrx_word' id='word_1_36' title='bbox 1700 809 1756 861; x_wconf 92' lang='lat' dir='ltr'>et</span> <span class='ocrx_word' id='word_1_37' title='bbox 1786 822 1893 877; x_wconf 91' lang='lat' dir='ltr'>po-</span> 
     </span>
    </p>
   </div>
   <div class='ocr_carea' id='block_1_7' title="bbox 230 895 1897 971">
    <p class='ocr_par' dir='ltr' id='par_1_7' title="bbox 230 895 1897 971">
     <span class='ocr_line' id='line_1_7' title="bbox 230 895 1897 971; baseline -0.004 -17"><span class='ocrx_word' id='word_1_38' title='bbox 230 897 377 971; x_wconf 88' lang='lat' dir='ltr'>pulo</span> <span class='ocrx_word' id='word_1_39' title='bbox 406 895 665 954; x_wconf 70' lang='lat' dir='ltr'>ecclesiae</span> <span class='ocrx_word' id='word_1_40' title='bbox 695 900 930 963; x_wconf 81' lang='lat' dir='ltr'>nostrae,</span> <span class='ocrx_word' id='word_1_41' title='bbox 965 896 1208 968; x_wconf 83' lang='lat' dir='ltr'>insuper</span> <span class='ocrx_word' id='word_1_42' title='bbox 1228 899 1284 951; x_wconf 92' lang='lat' dir='ltr'>et</span> <span class='ocrx_word' id='word_1_43' title='bbox 1306 901 1598 952; x_wconf 75' lang='lat' dir='ltr'>annuente</span> <span class='ocrx_word' id='word_1_44' title='bbox 1620 896 1897 951; x_wconf 88' lang='lat' dir='ltr'>Hermen-</span> 
     </span>
    </p>
   </div>
   <div class='ocr_carea' id='block_1_8' title="bbox 232 983 1895 1059">
    <p class='ocr_par' dir='ltr' id='par_1_8' title="bbox 232 983 1895 1059">
     <span class='ocr_line' id='line_1_8' title="bbox 232 983 1895 1059; baseline -0.004 -15"><span class='ocrx_word' id='word_1_45' title='bbox 232 987 425 1059; x_wconf 78' lang='lat' dir='ltr'>garda</span> <span class='ocrx_word' id='word_1_46' title='bbox 478 984 697 1058; x_wconf 81' lang='lat' dir='ltr'>inclyta</span> <span class='ocrx_word' id='word_1_47' title='bbox 743 983 946 1057; x_wconf 83' lang='lat' dir='ltr'>regina</span> <span class='ocrx_word' id='word_1_48' title='bbox 993 985 1148 1057; x_wconf 89' lang='lat' dir='ltr'>regis</span> <span class='ocrx_word' id='word_1_49' title='bbox 1208 984 1438 1041; x_wconf 84' lang='lat' dir='ltr'>Radulﬁ</span> <span class='ocrx_word' id='word_1_50' title='bbox 1490 1001 1687 1053; x_wconf 83' lang='lat' dir='ltr'>uxore,</span> <span class='ocrx_word' id='word_1_51' title='bbox 1738 1000 1895 1039; x_wconf 91' lang='lat' dir='ltr'>nunc</span> 
     </span>
    </p>
   </div>
   <div class='ocr_carea' id='block_1_9' title="bbox 232 1073 1897 1146">
    <p class='ocr_par' dir='ltr' id='par_1_9' title="bbox 232 1073 1897 1146">
     <span class='ocr_line' id='line_1_9' title="bbox 232 1073 1897 1146; baseline -0.002 -16"><span class='ocrx_word' id='word_1_52' title='bbox 232 1074 437 1131; x_wconf 86' lang='lat' dir='ltr'>vidua.</span> <span class='ocrx_word' id='word_1_53' title='bbox 468 1074 752 1131; x_wconf 88' lang='lat' dir='ltr'>Ponimus</span> <span class='ocrx_word' id='word_1_54' title='bbox 803 1090 939 1146; x_wconf 89' lang='lat' dir='ltr'>ergo</span> <span class='ocrx_word' id='word_1_55' title='bbox 988 1073 1047 1129; x_wconf 93' lang='lat' dir='ltr'>in</span> <span class='ocrx_word' id='word_1_56' title='bbox 1097 1073 1226 1146; x_wconf 90' lang='lat' dir='ltr'>ipso</span> <span class='ocrx_word' id='word_1_57' title='bbox 1273 1073 1398 1129; x_wconf 92' lang='lat' dir='ltr'>loco</span> <span class='ocrx_word' id='word_1_58' title='bbox 1447 1073 1547 1130; x_wconf 89' lang='lat' dir='ltr'>Dei</span> <span class='ocrx_word' id='word_1_59' title='bbox 1598 1089 1795 1128; x_wconf 83' lang='lat' dir='ltr'>servos</span> <span class='ocrx_word' id='word_1_60' title='bbox 1828 1089 1897 1127; x_wconf 82' lang='lat' dir='ltr'>ex</span> 
     </span>
    </p>
   </div>
   <div class='ocr_carea' id='block_1_10' title="bbox 234 1162 1898 1235">
    <p class='ocr_par' dir='ltr' id='par_1_10' title="bbox 234 1162 1898 1235">
     <span class='ocr_line' id='line_1_10' title="bbox 234 1162 1898 1235; baseline -0.002 -15"><span class='ocrx_word' id='word_1_61' title='bbox 234 1162 602 1220; x_wconf 89' lang='lat' dir='ltr'>monasterio</span> <span class='ocrx_word' id='word_1_62' title='bbox 631 1163 690 1218; x_wconf 92' lang='lat' dir='ltr'>S.</span> <span class='ocrx_word' id='word_1_63' title='bbox 723 1162 977 1219; x_wconf 85' lang='lat' dir='ltr'>Victoris</span> <span class='ocrx_word' id='word_1_64' title='bbox 1008 1162 1420 1235; x_wconf 88' lang='lat' dir='ltr'>gloriosissimi</span> <span class='ocrx_word' id='word_1_65' title='bbox 1455 1162 1732 1235; x_wconf 82' lang='lat' dir='ltr'>martyris</span> <span class='ocrx_word' id='word_1_66' title='bbox 1757 1168 1898 1217; x_wconf 79' lang='lat' dir='ltr'>Mas-</span> 
     </span>
    </p>
   </div>
   <div class='ocr_carea' id='block_1_11' title="bbox 234 1251 1896 1324">
    <p class='ocr_par' dir='ltr' id='par_1_11' title="bbox 234 1251 1896 1324">
     <span class='ocr_line' id='line_1_11' title="bbox 234 1251 1896 1324; baseline -0.002 -14"><span class='ocrx_word' id='word_1_67' title='bbox 234 1251 522 1321; x_wconf 85' lang='lat' dir='ltr'>siliensis,</span> <span class='ocrx_word' id='word_1_68' title='bbox 573 1251 891 1324; x_wconf 86' lang='lat' dir='ltr'>ipsumque</span> <span class='ocrx_word' id='word_1_69' title='bbox 953 1251 1149 1307; x_wconf 91' lang='lat' dir='ltr'>locum</span> <span class='ocrx_word' id='word_1_70' title='bbox 1209 1269 1343 1308; x_wconf 90' lang='lat' dir='ltr'>cum</span> <span class='ocrx_word' id='word_1_71' title='bbox 1403 1252 1680 1308; x_wconf 90' lang='lat' dir='ltr'>omnibus</span> <span class='ocrx_word' id='word_1_72' title='bbox 1730 1252 1802 1307; x_wconf 90' lang='lat' dir='ltr'>ad</span> <span class='ocrx_word' id='word_1_73' title='bbox 1835 1267 1896 1306; x_wconf 91' lang='lat' dir='ltr'>se</span> 
     </span>
    </p>
   </div>
   <div class='ocr_carea' id='block_1_12' title="bbox 233 1340 1894 1416">
    <p class='ocr_par' dir='ltr' id='par_1_12' title="bbox 233 1340 1894 1416">
     <span class='ocr_line' id='line_1_12' title="bbox 233 1340 1894 1416; baseline -0.001 -18"><span class='ocrx_word' id='word_1_74' title='bbox 233 1341 672 1416; x_wconf 76' lang='lat' dir='ltr'>pertinentibus</span> <span class='ocrx_word' id='word_1_75' title='bbox 693 1340 882 1396; x_wconf 90' lang='lat' dir='ltr'>eidem</span> <span class='ocrx_word' id='word_1_76' title='bbox 905 1342 964 1396; x_wconf 91' lang='lat' dir='ltr'>S.</span> <span class='ocrx_word' id='word_1_77' title='bbox 991 1341 1204 1397; x_wconf 78' lang='lat' dir='ltr'>Victori</span> <span class='ocrx_word' id='word_1_78' title='bbox 1229 1341 1645 1414; x_wconf 89' lang='lat' dir='ltr'>perpetualiter</span> <span class='ocrx_word' id='word_1_79' title='bbox 1659 1341 1894 1408; x_wconf 87' lang='lat' dir='ltr'>damus,</span> 
     </span>
    </p>
   </div>
   <div class='ocr_carea' id='block_1_13' title="bbox 232 1429 1895 1502">
    <p class='ocr_par' dir='ltr' id='par_1_13' title="bbox 232 1429 1895 1502">
     <span class='ocr_line' id='line_1_13' title="bbox 232 1429 1895 1502; baseline -0.002 -16"><span class='ocrx_word' id='word_1_80' title='bbox 232 1434 296 1487; x_wconf 85' lang='lat' dir='ltr'>et</span> <span class='ocrx_word' id='word_1_81' title='bbox 322 1429 448 1485; x_wconf 88' lang='lat' dir='ltr'>viro</span> <span class='ocrx_word' id='word_1_82' title='bbox 476 1429 818 1484; x_wconf 87' lang='lat' dir='ltr'>venerabilii</span> <span class='ocrx_word' id='word_1_83' title='bbox 847 1430 1065 1484; x_wconf 88' lang='lat' dir='ltr'>domno</span> <span class='ocrx_word' id='word_1_84' title='bbox 1101 1431 1298 1485; x_wconf 89' lang='lat' dir='ltr'>lsarno</span> <span class='ocrx_word' id='word_1_85' title='bbox 1330 1430 1546 1500; x_wconf 83' lang='lat' dir='ltr'>abbati,</span> <span class='ocrx_word' id='word_1_86' title='bbox 1582 1447 1684 1502; x_wconf 89' lang='lat' dir='ltr'>per</span> <span class='ocrx_word' id='word_1_87' title='bbox 1704 1429 1895 1485; x_wconf 89' lang='lat' dir='ltr'>cousi-</span> 
     </span>
    </p>
   </div>
   <div class='ocr_carea' id='block_1_14' title="bbox 233 1517 1895 1575">
    <p class='ocr_par' dir='ltr' id='par_1_14' title="bbox 233 1517 1895 1575">
     <span class='ocr_line' id='line_1_14' title="bbox 233 1517 1895 1575; baseline -0.001 -2"><span class='ocrx_word' id='word_1_88' title='bbox 233 1517 386 1575; x_wconf 83' lang='lat' dir='ltr'>lium</span> <span class='ocrx_word' id='word_1_89' title='bbox 417 1522 474 1574; x_wconf 89' lang='lat' dir='ltr'>et</span> <span class='ocrx_word' id='word_1_90' title='bbox 495 1517 859 1573; x_wconf 82' lang='lat' dir='ltr'>voluntatem</span> <span class='ocrx_word' id='word_1_91' title='bbox 890 1518 1092 1573; x_wconf 94' lang='lat' dir='ltr'>domui</span> <span class='ocrx_word' id='word_1_92' title='bbox 1120 1519 1350 1574; x_wconf 88' lang='lat' dir='ltr'>abbatis</span> <span class='ocrx_word' id='word_1_93' title='bbox 1374 1518 1639 1574; x_wconf 91' lang='lat' dir='ltr'>Odilonis</span> <span class='ocrx_word' id='word_1_94' title='bbox 1663 1518 1895 1575; x_wconf 88' lang='lat' dir='ltr'>Clunia-</span> 
     </span>
    </p>
   </div>
   <div class='ocr_carea' id='block_1_15' title="bbox 234 1605 1893 1680">
    <p class='ocr_par' dir='ltr' id='par_1_15' title="bbox 234 1605 1893 1680">
     <span class='ocr_line' id='line_1_15' title="bbox 234 1605 1893 1680; baseline -0.001 -17"><span class='ocrx_word' id='word_1_95' title='bbox 234 1605 457 1674; x_wconf 88' lang='lat' dir='ltr'>censis,</span> <span class='ocrx_word' id='word_1_96' title='bbox 506 1611 564 1663; x_wconf 90' lang='lat' dir='ltr'>et</span> <span class='ocrx_word' id='word_1_97' title='bbox 609 1606 875 1662; x_wconf 90' lang='lat' dir='ltr'>omnium</span> <span class='ocrx_word' id='word_1_98' title='bbox 922 1607 1173 1663; x_wconf 86' lang='lat' dir='ltr'>fratrum</span> <span class='ocrx_word' id='word_1_99' title='bbox 1231 1625 1349 1664; x_wconf 63' lang='lat' dir='ltr'>suae</span> <span class='ocrx_word' id='word_1_100' title='bbox 1400 1607 1893 1680; x_wconf 84' lang='lat' dir='ltr'>congregationis.</span> 
     </span>
    </p>
   </div>
   <div class='ocr_carea' id='block_1_16' title="bbox 236 1694 1897 1769">
    <p class='ocr_par' dir='ltr' id='par_1_16' title="bbox 236 1694 1897 1769">
     <span class='ocr_line' id='line_1_16' title="bbox 236 1694 1897 1769; baseline -0.002 -16"><span class='ocrx_word' id='word_1_101' title='bbox 236 1696 419 1753; x_wconf 88' lang='lat' dir='ltr'>Facta</span> <span class='ocrx_word' id='word_1_102' title='bbox 442 1695 680 1751; x_wconf 89' lang='lat' dir='ltr'>donatio</span> <span class='ocrx_word' id='word_1_103' title='bbox 700 1695 821 1750; x_wconf 63' lang='lat' dir='ltr'>haec</span> <span class='ocrx_word' id='word_1_104' title='bbox 835 1694 1294 1769; x_wconf 87' lang='lat' dir='ltr'>eleemosynaria</span> <span class='ocrx_word' id='word_1_105' title='bbox 1306 1713 1459 1751; x_wconf 90' lang='lat' dir='ltr'>anno</span> <span class='ocrx_word' id='word_1_106' title='bbox 1475 1695 1897 1752; x_wconf 90' lang='lat' dir='ltr'>Incarnationis</span> 
     </span>
    </p>
   </div>
   <div class='ocr_carea' id='block_1_17' title="bbox 234 1783 1894 1853">
    <p class='ocr_par' dir='ltr' id='par_1_17' title="bbox 234 1783 1894 1853">
     <span class='ocr_line' id='line_1_17' title="bbox 234 1783 1894 1853; baseline -0.002 -12"><span class='ocrx_word' id='word_1_107' title='bbox 234 1783 474 1841; x_wconf 89' lang='lat' dir='ltr'>Domini</span> <span class='ocrx_word' id='word_1_108' title='bbox 523 1783 711 1840; x_wconf 87' lang='lat' dir='ltr'>nostri</span> <span class='ocrx_word' id='word_1_109' title='bbox 762 1787 902 1840; x_wconf 86' lang='lat' dir='ltr'>Jesu</span> <span class='ocrx_word' id='word_1_110' title='bbox 953 1783 1170 1841; x_wconf 86' lang='lat' dir='ltr'>Christi</span> <span class='ocrx_word' id='word_1_111' title='bbox 1236 1786 1395 1853; x_wconf 83' lang='lat'>1036,</span> <span class='ocrx_word' id='word_1_112' title='bbox 1448 1785 1771 1841; x_wconf 90' lang='lat' dir='ltr'>indictione</span> <span class='ocrx_word' id='word_1_113' title='bbox 1818 1801 1894 1852; x_wconf 85' lang='lat' dir='ltr'>1v,</span> 
     </span>
    </p>
   </div>
   <div class='ocr_carea' id='block_1_18' title="bbox 236 1872 1897 1947">
    <p class='ocr_par' dir='ltr' id='par_1_18' title="bbox 236 1872 1897 1947">
     <span class='ocr_line' id='line_1_18' title="bbox 236 1872 1897 1947; baseline -0.001 -17"><span class='ocrx_word' id='word_1_114' title='bbox 236 1878 448 1947; x_wconf 86' lang='lat' dir='ltr'>epacta</span> <span class='ocrx_word' id='word_1_115' title='bbox 477 1891 516 1944; x_wconf 85' lang='grc' dir='ltr'>ι,</span> <span class='ocrx_word' id='word_1_116' title='bbox 545 1889 699 1929; x_wconf 90' lang='lat' dir='ltr'>anno</span> <span class='ocrx_word' id='word_1_117' title='bbox 725 1889 825 1927; x_wconf 83' lang='lat' dir='ltr'>VIII</span> <span class='ocrx_word' id='word_1_118' title='bbox 875 1872 1249 1945; x_wconf 88' lang='lat' dir='ltr'>imperatoris</span> <span class='ocrx_word' id='word_1_119' title='bbox 1303 1874 1701 1930; x_wconf 85' lang='lat' dir='ltr'>Romanorum</span> <span class='ocrx_word' id='word_1_120' title='bbox 1750 1873 1897 1929; x_wconf 89' lang='lat' dir='ltr'>Con-</span> 
     </span>
    </p>
   </div>
   <div class='ocr_carea' id='block_1_19' title="bbox 2004 713 3660 789">
    <p class='ocr_par' dir='ltr' id='par_1_19' title="bbox 2004 713 3660 789">
     <span class='ocr_line' id='line_1_19' title="bbox 2004 713 3660 789; baseline 0.003 -20"><span class='ocrx_word' id='word_1_121' title='bbox 2004 714 2190 770; x_wconf 90' lang='lat' dir='ltr'>Pontii</span> <span class='ocrx_word' id='word_1_122' title='bbox 2233 716 2309 785; x_wconf 87' lang='lat'>(2)</span> <span class='ocrx_word' id='word_1_123' title='bbox 2342 714 2588 770; x_wconf 84' lang='lat' dir='ltr'>abbatis.</span> <span class='ocrx_word' id='word_1_124' title='bbox 2626 714 2683 769; x_wconf 90' lang='grc'>8.</span> <span class='ocrx_word' id='word_1_125' title='bbox 2718 713 3023 771; x_wconf 90' lang='lat' dir='ltr'>Dotbmari</span> <span class='ocrx_word' id='word_1_126' title='bbox 3055 715 3285 773; x_wconf 86' lang='lat' dir='ltr'>abbatis</span> <span class='ocrx_word' id='word_1_127' title='bbox 3318 718 3393 789; x_wconf 90' lang='lat'>(3)</span> <span class='ocrx_word' id='word_1_128' title='bbox 3425 719 3483 774; x_wconf 92' lang='lat' dir='ltr'>S.</span> <span class='ocrx_word' id='word_1_129' title='bbox 3518 718 3660 774; x_wconf 86' lang='lat' dir='ltr'>Wil-</span> 
     </span>
    </p>
   </div>
   <div class='ocr_carea' id='block_1_20' title="bbox 2004 802 3662 877">
    <p class='ocr_par' dir='ltr' id='par_1_20' title="bbox 2004 802 3662 877">
     <span class='ocr_line' id='line_1_20' title="bbox 2004 802 3662 877; baseline 0.004 -20"><span class='ocrx_word' id='word_1_130' title='bbox 2004 802 2163 858; x_wconf 91' lang='lat' dir='ltr'>lelmi</span> <span class='ocrx_word' id='word_1_131' title='bbox 2223 804 2297 875; x_wconf 78' lang='grc'>(4)</span> <span class='ocrx_word' id='word_1_132' title='bbox 2355 803 2539 875; x_wconf 86' lang='lat' dir='ltr'>patris</span> <span class='ocrx_word' id='word_1_133' title='bbox 2603 803 3051 877; x_wconf 89' lang='lat' dir='ltr'>archiepiscopi.</span> <span class='ocrx_word' id='word_1_134' title='bbox 3113 807 3171 861; x_wconf 93' lang='lat' dir='ltr'>S.</span> <span class='ocrx_word' id='word_1_135' title='bbox 3221 806 3508 862; x_wconf 89' lang='lat' dir='ltr'>Willelmi</span> <span class='ocrx_word' id='word_1_136' title='bbox 3558 806 3662 863; x_wconf 85' lang='lat' dir='ltr'>ﬁlii</span> 
     </span>
    </p>
   </div>
   <div class='ocr_carea' id='block_1_21' title="bbox 2006 891 3661 963">
    <p class='ocr_par' dir='ltr' id='par_1_21' title="bbox 2006 891 3661 963">
     <span class='ocr_line' id='line_1_21' title="bbox 2006 891 3661 963; baseline 0.004 -17"><span class='ocrx_word' id='word_1_137' title='bbox 2006 893 2154 963; x_wconf 90' lang='lat' dir='ltr'>ejus.</span> <span class='ocrx_word' id='word_1_138' title='bbox 2187 897 2243 947; x_wconf 90' lang='lat' dir='ltr'>S.</span> <span class='ocrx_word' id='word_1_139' title='bbox 2295 891 2599 947; x_wconf 89' lang='lat' dir='ltr'>Humberti</span> <span class='ocrx_word' id='word_1_140' title='bbox 2649 893 2880 949; x_wconf 90' lang='lat' dir='ltr'>comitis</span> <span class='ocrx_word' id='word_1_141' title='bbox 2951 899 3008 947; x_wconf 87' lang='lat' dir='ltr'>S.</span> <span class='ocrx_word' id='word_1_142' title='bbox 3064 894 3351 951; x_wconf 89' lang='lat' dir='ltr'>Hectoris.</span> <span class='ocrx_word' id='word_1_143' title='bbox 3403 897 3461 953; x_wconf 94' lang='lat' dir='ltr'>S.</span> <span class='ocrx_word' id='word_1_144' title='bbox 3513 900 3661 952; x_wconf 86' lang='lat' dir='ltr'>Her-</span> 
     </span>
    </p>
   </div>
   <div class='ocr_carea' id='block_1_22' title="bbox 2004 981 3660 1058">
    <p class='ocr_par' dir='ltr' id='par_1_22' title="bbox 2004 981 3660 1058">
     <span class='ocr_line' id='line_1_22' title="bbox 2004 981 3660 1058; baseline 0.002 -21"><span class='ocrx_word' id='word_1_145' title='bbox 2004 981 2151 1037; x_wconf 89' lang='lat' dir='ltr'>berti</span> <span class='ocrx_word' id='word_1_146' title='bbox 2192 986 2248 1036; x_wconf 89' lang='lat' dir='ltr'>et</span> <span class='ocrx_word' id='word_1_147' title='bbox 2291 981 2516 1036; x_wconf 89' lang='lat' dir='ltr'>Artaldi</span> <span class='ocrx_word' id='word_1_148' title='bbox 2567 982 2764 1037; x_wconf 88' lang='lat' dir='ltr'>fratris</span> <span class='ocrx_word' id='word_1_149' title='bbox 2813 984 2965 1054; x_wconf 88' lang='lat' dir='ltr'>ejus.</span> <span class='ocrx_word' id='word_1_150' title='bbox 3017 984 3074 1038; x_wconf 99' lang='grc'>8.</span> <span class='ocrx_word' id='word_1_151' title='bbox 3126 985 3391 1040; x_wconf 87' lang='lat' dir='ltr'>Herberti</span> <span class='ocrx_word' id='word_1_152' title='bbox 3438 1003 3660 1058; x_wconf 61' lang='lat' dir='ltr'>priapo-</span> 
     </span>
    </p>
   </div>
   <div class='ocr_carea' id='block_1_23' title="bbox 2005 1071 3661 1147">
    <p class='ocr_par' dir='ltr' id='par_1_23' title="bbox 2005 1071 3661 1147">
     <span class='ocr_line' id='line_1_23' title="bbox 2005 1071 3661 1147; baseline 0.002 -20"><span class='ocrx_word' id='word_1_153' title='bbox 2005 1071 2102 1127; x_wconf 86' lang='lat' dir='ltr'>siti</span> <span class='ocrx_word' id='word_1_154' title='bbox 2150 1071 2402 1127; x_wconf 89' lang='lat' dir='ltr'>Diensis.</span> <span class='ocrx_word' id='word_1_155' title='bbox 2454 1072 2512 1126; x_wconf 93' lang='lat' dir='ltr'>S.</span> <span class='ocrx_word' id='word_1_156' title='bbox 2564 1071 2811 1126; x_wconf 81' lang='lat' dir='ltr'>Aruulfi.</span> <span class='ocrx_word' id='word_1_157' title='bbox 2864 1072 2922 1126; x_wconf 92' lang='lat' dir='ltr'>S.</span> <span class='ocrx_word' id='word_1_158' title='bbox 2978 1072 3255 1128; x_wconf 86' lang='lat' dir='ltr'>Adalardi</span> <span class='ocrx_word' id='word_1_159' title='bbox 3303 1074 3533 1130; x_wconf 85' lang='lat' dir='ltr'>abbatis</span> <span class='ocrx_word' id='word_1_160' title='bbox 3585 1077 3661 1147; x_wconf 90' lang='lat'>(5)</span> 
     </span>
    </p>
   </div>
   <div class='ocr_carea' id='block_1_24' title="bbox 2008 1160 3663 1236">
    <p class='ocr_par' dir='ltr' id='par_1_24' title="bbox 2008 1160 3663 1236">
     <span class='ocr_line' id='line_1_24' title="bbox 2008 1160 3663 1236; baseline 0.003 -21"><span class='ocrx_word' id='word_1_161' title='bbox 2008 1160 2441 1232; x_wconf 84' lang='lat' dir='ltr'>Lugdunensis,</span> <span class='ocrx_word' id='word_1_162' title='bbox 2476 1161 2534 1216; x_wconf 92' lang='lat' dir='ltr'>S.</span> <span class='ocrx_word' id='word_1_163' title='bbox 2562 1160 2793 1216; x_wconf 86' lang='lat' dir='ltr'>Hodrici</span> <span class='ocrx_word' id='word_1_164' title='bbox 2821 1162 2894 1233; x_wconf 87' lang='lat'>(6)</span> <span class='ocrx_word' id='word_1_165' title='bbox 2927 1161 3174 1217; x_wconf 87' lang='lat' dir='ltr'>abbatis.</span> <span class='ocrx_word' id='word_1_166' title='bbox 3217 1163 3275 1218; x_wconf 93' lang='grc'>8.</span> <span class='ocrx_word' id='word_1_167' title='bbox 3315 1163 3557 1235; x_wconf 88' lang='lat' dir='ltr'>Eugenii</span> <span class='ocrx_word' id='word_1_168' title='bbox 3584 1164 3663 1236; x_wconf 88' lang='lat'>(7)</span> 
     </span>
    </p>
   </div>
   <div class='ocr_carea' id='block_1_25' title="bbox 2006 1248 3658 1321">
    <p class='ocr_par' dir='ltr' id='par_1_25' title="bbox 2006 1248 3658 1321">
     <span class='ocr_line' id='line_1_25' title="bbox 2006 1248 3658 1321; baseline 0.003 -17"><span class='ocrx_word' id='word_1_169' title='bbox 2006 1248 2256 1304; x_wconf 87' lang='lat' dir='ltr'>abbatis.</span> <span class='ocrx_word' id='word_1_170' title='bbox 2293 1250 2350 1304; x_wconf 90' lang='grc'>8.</span> <span class='ocrx_word' id='word_1_171' title='bbox 2386 1248 2604 1321; x_wconf 90' lang='lat' dir='ltr'>Ugonis</span> <span class='ocrx_word' id='word_1_172' title='bbox 2635 1250 2920 1304; x_wconf 84' lang='lat' dir='ltr'>canonici.</span> <span class='ocrx_word' id='word_1_173' title='bbox 2969 1251 3028 1305; x_wconf 92' lang='grc'>8.</span> <span class='ocrx_word' id='word_1_174' title='bbox 3083 1251 3308 1306; x_wconf 85' lang='lat' dir='ltr'>Girardi</span> <span class='ocrx_word' id='word_1_175' title='bbox 3358 1251 3563 1307; x_wconf 66' lang='lat' dir='ltr'>levitas.</span> <span class='ocrx_word' id='word_1_176' title='bbox 3599 1254 3658 1309; x_wconf 93' lang='grc'>8.</span> 
     </span>
    </p>
   </div>
   <div class='ocr_carea' id='block_1_26' title="bbox 2008 1337 3659 1408">
    <p class='ocr_par' dir='ltr' id='par_1_26' title="bbox 2008 1337 3659 1408">
     <span class='ocr_line' id='line_1_26' title="bbox 2008 1337 3659 1408; baseline 0.001 -15"><span class='ocrx_word' id='word_1_177' title='bbox 2008 1337 2237 1394; x_wconf 87' lang='lat' dir='ltr'>Girardi</span> <span class='ocrx_word' id='word_1_178' title='bbox 2270 1337 2558 1408; x_wconf 84' lang='lat' dir='ltr'>canonici,</span> <span class='ocrx_word' id='word_1_179' title='bbox 2591 1339 2648 1393; x_wconf 92' lang='lat' dir='ltr'>S.</span> <span class='ocrx_word' id='word_1_180' title='bbox 2686 1339 2919 1394; x_wconf 89' lang='lat' dir='ltr'>Milonis</span> <span class='ocrx_word' id='word_1_181' title='bbox 2960 1339 3242 1395; x_wconf 88' lang='lat' dir='ltr'>canonici.</span> <span class='ocrx_word' id='word_1_182' title='bbox 3294 1344 3348 1395; x_wconf 93' lang='grc'>8.</span> <span class='ocrx_word' id='word_1_183' title='bbox 3381 1340 3659 1397; x_wconf 84' lang='lat' dir='ltr'>Adalardi</span> 
     </span>
    </p>
   </div>
   <div class='ocr_carea' id='block_1_27' title="bbox 2007 1427 3657 1498">
    <p class='ocr_par' dir='ltr' id='par_1_27' title="bbox 2007 1427 3657 1498">
     <span class='ocr_line' id='line_1_27' title="bbox 2007 1427 3657 1498; baseline 0.001 -15"><span class='ocrx_word' id='word_1_184' title='bbox 2007 1427 2678 1498; x_wconf 86' lang='lat' dir='ltr'>cauouicigrammatici.</span> <span class='ocrx_word' id='word_1_185' title='bbox 2704 1430 2761 1483; x_wconf 89' lang='grc'>8.</span> <span class='ocrx_word' id='word_1_186' title='bbox 2796 1429 3077 1483; x_wconf 84' lang='lat' dir='ltr'>Berliouis</span> <span class='ocrx_word' id='word_1_187' title='bbox 3118 1430 3335 1485; x_wconf 84' lang='lat' dir='ltr'>Banchi</span> <span class='ocrx_word' id='word_1_188' title='bbox 3369 1430 3657 1486; x_wconf 85' lang='lat' dir='ltr'>canonici.</span> 
     </span>
    </p>
   </div>
   <div class='ocr_carea' id='block_1_28' title="bbox 2008 1514 3665 1589">
    <p class='ocr_par' dir='ltr' id='par_1_28' title="bbox 2008 1514 3665 1589">
     <span class='ocr_line' id='line_1_28' title="bbox 2008 1514 3665 1589; baseline 0.002 -17"><span class='ocrx_word' id='word_1_189' title='bbox 2008 1518 2066 1572; x_wconf 91' lang='lat' dir='ltr'>S.</span> <span class='ocrx_word' id='word_1_190' title='bbox 2097 1514 2364 1570; x_wconf 88' lang='lat' dir='ltr'>Blandini</span> <span class='ocrx_word' id='word_1_191' title='bbox 2401 1515 2554 1569; x_wconf 85' lang='lat' dir='ltr'>laici.</span> <span class='ocrx_word' id='word_1_192' title='bbox 2590 1521 2645 1570; x_wconf 88' lang='grc'>8.</span> <span class='ocrx_word' id='word_1_193' title='bbox 2684 1516 2970 1571; x_wconf 80' lang='lat' dir='ltr'>Reueonis</span> <span class='ocrx_word' id='word_1_194' title='bbox 3018 1516 3056 1569; x_wconf 91' lang='lat' dir='ltr'>l.</span> <span class='ocrx_word' id='word_1_195' title='bbox 3104 1522 3161 1571; x_wconf 92' lang='lat' dir='ltr'>S.</span> <span class='ocrx_word' id='word_1_196' title='bbox 3212 1518 3461 1589; x_wconf 83' lang='lat' dir='ltr'>Vidgerii</span> <span class='ocrx_word' id='word_1_197' title='bbox 3494 1536 3665 1574; x_wconf 82' lang='lat' dir='ltr'>cauo-</span> 
     </span>
    </p>
   </div>
   <div class='ocr_carea' id='block_1_29' title="bbox 2009 1605 3656 1677">
    <p class='ocr_par' dir='ltr' id='par_1_29' title="bbox 2009 1605 3656 1677">
     <span class='ocr_line' id='line_1_29' title="bbox 2009 1605 3656 1677; baseline 0.002 -18"><span class='ocrx_word' id='word_1_198' title='bbox 2009 1605 2122 1659; x_wconf 91' lang='lat' dir='ltr'>nici</span> <span class='ocrx_word' id='word_1_199' title='bbox 2154 1605 2210 1659; x_wconf 89' lang='lat' dir='ltr'>S.</span> <span class='ocrx_word' id='word_1_200' title='bbox 2246 1605 2507 1677; x_wconf 78' lang='lat' dir='ltr'>Hugouis</span> <span class='ocrx_word' id='word_1_201' title='bbox 2545 1605 2910 1661; x_wconf 83' lang='lat' dir='ltr'>subdiaconi.</span> <span class='ocrx_word' id='word_1_202' title='bbox 2957 1605 3015 1660; x_wconf 91' lang='lat' dir='ltr'>S.</span> <span class='ocrx_word' id='word_1_203' title='bbox 3072 1606 3366 1661; x_wconf 88' lang='lat' dir='ltr'>Lamberti</span> <span class='ocrx_word' id='word_1_204' title='bbox 3418 1608 3656 1663; x_wconf 92' lang='lat' dir='ltr'>subdia-</span> 
     </span>
    </p>
   </div>
   <div class='ocr_carea' id='block_1_30' title="bbox 2008 1693 3664 1752">
    <p class='ocr_par' dir='ltr' id='par_1_30' title="bbox 2008 1693 3664 1752">
     <span class='ocr_line' id='line_1_30' title="bbox 2008 1693 3664 1752; baseline 0.002 -4"><span class='ocrx_word' id='word_1_205' title='bbox 2008 1693 2159 1749; x_wconf 91' lang='lat' dir='ltr'>coni.</span> <span class='ocrx_word' id='word_1_206' title='bbox 2191 1697 2247 1749; x_wconf 90' lang='lat' dir='ltr'>S.</span> <span class='ocrx_word' id='word_1_207' title='bbox 2283 1693 2585 1748; x_wconf 86' lang='lat' dir='ltr'>Hotmaris</span> <span class='ocrx_word' id='word_1_208' title='bbox 2644 1693 3012 1749; x_wconf 90' lang='lat' dir='ltr'>subdiaconi.</span> <span class='ocrx_word' id='word_1_209' title='bbox 3060 1695 3118 1749; x_wconf 91' lang='grc'>8.</span> <span class='ocrx_word' id='word_1_210' title='bbox 3172 1694 3488 1752; x_wconf 75' lang='lat' dir='ltr'>llotbbaldi</span> <span class='ocrx_word' id='word_1_211' title='bbox 3519 1696 3664 1752; x_wconf 88' lang='lat' dir='ltr'>sub—</span> 
     </span>
    </p>
   </div>
   <div class='ocr_carea' id='block_1_31' title="bbox 2010 1782 2260 1838">
    <p class='ocr_par' dir='ltr' id='par_1_31' title="bbox 2010 1782 2260 1838">
     <span class='ocr_line' id='line_1_31' title="bbox 2010 1782 2260 1838; baseline 0 -1"><span class='ocrx_word' id='word_1_212' title='bbox 2010 1782 2260 1838; x_wconf 86' lang='lat' dir='ltr'>diaconi.</span> 
     </span>
    </p>
   </div>
   <div class='ocr_carea' id='block_1_32' title="bbox 235 1961 1889 2061">
    <p class='ocr_par' dir='ltr' id='par_1_32' title="bbox 235 1961 1889 2035">
     <span class='ocr_line' id='line_1_32' title="bbox 235 1961 1889 2035; baseline -0.001 -16"><span class='ocrx_word' id='word_1_213' title='bbox 235 1961 390 2019; x_wconf 90' lang='lat' dir='ltr'>radi.</span> <span class='ocrx_word' id='word_1_214' title='bbox 424 1962 816 2019; x_wconf 81' lang='lat' dir='ltr'>Obsecremus</span> <span class='ocrx_word' id='word_1_215' title='bbox 870 1961 1069 2034; x_wconf 88' lang='lat' dir='ltr'>itaque</span> <span class='ocrx_word' id='word_1_216' title='bbox 1118 1978 1187 2017; x_wconf 82' lang='lat' dir='ltr'>ex</span> <span class='ocrx_word' id='word_1_217' title='bbox 1234 1962 1578 2018; x_wconf 86' lang='lat' dir='ltr'>auctoritate</span> <span class='ocrx_word' id='word_1_218' title='bbox 1632 1962 1889 2035; x_wconf 90' lang='lat' dir='ltr'>omnipo-</span> 
     </span>
    </p>
   </div>
   <div class='ocr_carea' id='block_1_33' title="bbox 2045 1961 3667 2061">
    <p class='ocr_par' dir='ltr' id='par_1_33' title="bbox 2045 1977 3667 2061">
     <span class='ocr_line' id='line_1_33' title="bbox 2045 1977 3667 2061; baseline 0.005 -30"><span class='ocrx_word' id='word_1_219' title='bbox 2045 1977 2210 2061; x_wconf 62' lang='lat' dir='ltr'>&#39;harta</span> <span class='ocrx_word' id='word_1_220' title='bbox 2232 1978 2556 2061; x_wconf 47' lang='lat' dir='ltr'>teod’egarit‘</span> <span class='ocrx_word' id='word_1_221' title='bbox 2576 1978 2975 2061; x_wconf 74' lang='lat' dir='ltr'>archiepiswpz&#39;</span> <span class='ocrx_word' id='word_1_222' title='bbox 2991 1981 3345 2061; x_wconf 51' lang='lat' dir='ltr'>Viennensis.</span> <span class='ocrx_word' id='word_1_223' title='bbox 3363 1984 3667 2039; x_wconf 76' lang='lat' dir='ltr'>Ecclesium</span> 
     </span>
    </p>
   </div>
   <div class='ocr_carea' id='block_1_34' title="bbox 233 2050 1900 2124">
    <p class='ocr_par' dir='ltr' id='par_1_34' title="bbox 233 2050 1900 2124">
     <span class='ocr_line' id='line_1_34' title="bbox 233 2050 1900 2124; baseline -0.001 -16"><span class='ocrx_word' id='word_1_224' title='bbox 233 2051 421 2108; x_wconf 86' lang='lat' dir='ltr'>tentis</span> <span class='ocrx_word' id='word_1_225' title='bbox 450 2050 572 2120; x_wconf 88' lang='lat' dir='ltr'>Dei,</span> <span class='ocrx_word' id='word_1_226' title='bbox 620 2050 833 2117; x_wconf 87' lang='lat' dir='ltr'>Patris,</span> <span class='ocrx_word' id='word_1_227' title='bbox 882 2054 940 2106; x_wconf 92' lang='lat' dir='ltr'>et</span> <span class='ocrx_word' id='word_1_228' title='bbox 988 2050 1139 2120; x_wconf 89' lang='lat' dir='ltr'>Filii,</span> <span class='ocrx_word' id='word_1_229' title='bbox 1190 2056 1247 2107; x_wconf 87' lang='lat' dir='ltr'>et</span> <span class='ocrx_word' id='word_1_230' title='bbox 1293 2051 1546 2124; x_wconf 86' lang='lat' dir='ltr'>Spiritus</span> <span class='ocrx_word' id='word_1_231' title='bbox 1597 2052 1805 2121; x_wconf 90' lang='lat' dir='ltr'>sancti,</span> <span class='ocrx_word' id='word_1_232' title='bbox 1833 2068 1900 2107; x_wconf 90' lang='lat' dir='ltr'>ac</span> 
     </span>
    </p>
   </div>
   <div class='ocr_carea' id='block_1_35' title="bbox 236 2138 1900 2209">
    <p class='ocr_par' dir='ltr' id='par_1_35' title="bbox 236 2138 1900 2209">
     <span class='ocr_line' id='line_1_35' title="bbox 236 2138 1900 2209; baseline -0.001 -12"><span class='ocrx_word' id='word_1_233' title='bbox 236 2144 447 2197; x_wconf 89' lang='lat' dir='ltr'>nostra</span> <span class='ocrx_word' id='word_1_234' title='bbox 506 2138 986 2205; x_wconf 88' lang='lat' dir='ltr'>contradicimus,</span> <span class='ocrx_word' id='word_1_235' title='bbox 1057 2144 1113 2196; x_wconf 90' lang='lat' dir='ltr'>et</span> <span class='ocrx_word' id='word_1_236' title='bbox 1177 2140 1779 2209; x_wconf 79' lang='lat' dir='ltr'>excommunicamus,</span> <span class='ocrx_word' id='word_1_237' title='bbox 1833 2145 1900 2196; x_wconf 89' lang='lat' dir='ltr'>ut</span> 
     </span>
    </p>
   </div>
   <div class='ocr_carea' id='block_1_36' title="bbox 237 2228 1897 2302">
    <p class='ocr_par' dir='ltr' id='par_1_36' title="bbox 237 2228 1897 2302">
     <span class='ocr_line' id='line_1_36' title="bbox 237 2228 1897 2302; baseline 0 -17"><span class='ocrx_word' id='word_1_238' title='bbox 237 2229 444 2287; x_wconf 86' lang='lat' dir='ltr'>nullus</span> <span class='ocrx_word' id='word_1_239' title='bbox 475 2246 883 2287; x_wconf 82' lang='lat' dir='ltr'>successorum</span> <span class='ocrx_word' id='word_1_240' title='bbox 917 2232 1255 2285; x_wconf 88' lang='lat' dir='ltr'>nostrorum</span> <span class='ocrx_word' id='word_1_241' title='bbox 1295 2228 1550 2286; x_wconf 85' lang='lat' dir='ltr'>ecclesiae</span> <span class='ocrx_word' id='word_1_242' title='bbox 1582 2230 1763 2302; x_wconf 89' lang='lat' dir='ltr'>hujus</span> <span class='ocrx_word' id='word_1_243' title='bbox 1794 2246 1897 2285; x_wconf 92' lang='lat' dir='ltr'>no-</span> 
     </span>
    </p>
   </div>
   <div class='ocr_carea' id='block_1_37' title="bbox 240 2312 1899 2391">
    <p class='ocr_par' dir='ltr' id='par_1_37' title="bbox 240 2312 1899 2391">
     <span class='ocr_line' id='line_1_37' title="bbox 240 2312 1899 2391; baseline 0 -16"><span class='ocrx_word' id='word_1_244' title='bbox 240 2322 377 2376; x_wconf 64' lang='lat' dir='ltr'>stra:</span> <span class='ocrx_word' id='word_1_245' title='bbox 402 2312 767 2391; x_wconf 78' lang='lat' dir='ltr'>pontiﬁcum,</span> <span class='ocrx_word' id='word_1_246' title='bbox 815 2318 935 2374; x_wconf 91' lang='lat' dir='ltr'>sive</span> <span class='ocrx_word' id='word_1_247' title='bbox 986 2318 1183 2391; x_wconf 89' lang='lat' dir='ltr'>aliqua</span> <span class='ocrx_word' id='word_1_248' title='bbox 1231 2335 1480 2391; x_wconf 89' lang='lat' dir='ltr'>persona</span> <span class='ocrx_word' id='word_1_249' title='bbox 1532 2319 1899 2391; x_wconf 90' lang='lat' dir='ltr'>disrumpere</span> 
     </span>
    </p>
   </div>
   <div class='ocr_carea' id='block_1_38' title="bbox 239 2405 1899 2481">
    <p class='ocr_par' dir='ltr' id='par_1_38' title="bbox 239 2405 1899 2481">
     <span class='ocr_line' id='line_1_38' title="bbox 239 2405 1899 2481; baseline -0.001 -17"><span class='ocrx_word' id='word_1_250' title='bbox 239 2406 334 2464; x_wconf 81' lang='lat' dir='ltr'>vel</span> <span class='ocrx_word' id='word_1_251' title='bbox 357 2406 683 2479; x_wconf 88' lang='lat' dir='ltr'>inquietare</span> <span class='ocrx_word' id='word_1_252' title='bbox 703 2405 821 2462; x_wconf 91' lang='lat' dir='ltr'>ullo</span> <span class='ocrx_word' id='word_1_253' title='bbox 838 2406 1012 2462; x_wconf 91' lang='lat' dir='ltr'>modo</span> <span class='ocrx_word' id='word_1_254' title='bbox 1033 2407 1185 2463; x_wconf 92' lang='lat' dir='ltr'>hanc</span> <span class='ocrx_word' id='word_1_255' title='bbox 1206 2406 1691 2481; x_wconf 89' lang='lat' dir='ltr'>elemosyuariam</span> <span class='ocrx_word' id='word_1_256' title='bbox 1724 2409 1899 2463; x_wconf 89' lang='lat' dir='ltr'>dona-</span> 
     </span>
    </p>
   </div>
   <div class='ocr_carea' id='block_1_39' title="bbox 242 2494 1898 2563">
    <p class='ocr_par' dir='ltr' id='par_1_39' title="bbox 242 2494 1898 2563">
     <span class='ocr_line' id='line_1_39' title="bbox 242 2494 1898 2563; baseline 0 -11"><span class='ocrx_word' id='word_1_257' title='bbox 242 2496 467 2553; x_wconf 85' lang='lat' dir='ltr'>tionem</span> <span class='ocrx_word' id='word_1_258' title='bbox 490 2494 681 2551; x_wconf 86' lang='lat' dir='ltr'>valeat</span> <span class='ocrx_word' id='word_1_259' title='bbox 698 2494 787 2553; x_wconf 93' lang='lat' dir='ltr'>vel</span> <span class='ocrx_word' id='word_1_260' title='bbox 821 2495 1053 2550; x_wconf 86' lang='lat' dir='ltr'>audeat.</span> <span class='ocrx_word' id='word_1_261' title='bbox 1088 2495 1249 2559; x_wconf 89' lang='lat' dir='ltr'>Quod</span> <span class='ocrx_word' id='word_1_262' title='bbox 1283 2495 1333 2551; x_wconf 93' lang='lat' dir='ltr'>si</span> <span class='ocrx_word' id='word_1_263' title='bbox 1366 2496 1589 2563; x_wconf 85' lang='lat' dir='ltr'>fecerit,</span> <span class='ocrx_word' id='word_1_264' title='bbox 1622 2497 1898 2553; x_wconf 90' lang='lat' dir='ltr'>omnibus</span> 
     </span>
    </p>
   </div>
   <div class='ocr_carea' id='block_1_40' title="bbox 244 2582 1897 2655">
    <p class='ocr_par' dir='ltr' id='par_1_40' title="bbox 244 2582 1897 2655">
     <span class='ocr_line' id='line_1_40' title="bbox 244 2582 1897 2655; baseline 0.001 -15"><span class='ocrx_word' id='word_1_265' title='bbox 244 2584 352 2641; x_wconf 90' lang='lat' dir='ltr'>Dei</span> <span class='ocrx_word' id='word_1_266' title='bbox 381 2582 895 2640; x_wconf 89' lang='lat' dir='ltr'>maledictionibus</span> <span class='ocrx_word' id='word_1_267' title='bbox 924 2583 1247 2655; x_wconf 89' lang='lat' dir='ltr'>subjaceat,</span> <span class='ocrx_word' id='word_1_268' title='bbox 1279 2585 1430 2641; x_wconf 90' lang='lat' dir='ltr'>etab</span> <span class='ocrx_word' id='word_1_269' title='bbox 1451 2584 1697 2642; x_wconf 83' lang='lat' dir='ltr'>ecclesia</span> <span class='ocrx_word' id='word_1_270' title='bbox 1717 2585 1817 2642; x_wconf 93' lang='lat' dir='ltr'>Dei</span> <span class='ocrx_word' id='word_1_271' title='bbox 1838 2585 1897 2641; x_wconf 91' lang='lat' dir='ltr'>in</span> 
     </span>
    </p>
   </div>
   <div class='ocr_carea' id='block_1_41' title="bbox 244 2671 1897 2746">
    <p class='ocr_par' dir='ltr' id='par_1_41' title="bbox 244 2671 1897 2746">
     <span class='ocr_line' id='line_1_41' title="bbox 244 2671 1897 2746; baseline 0.001 -16"><span class='ocrx_word' id='word_1_272' title='bbox 244 2671 342 2730; x_wconf 86' lang='lat' dir='ltr'>die</span> <span class='ocrx_word' id='word_1_273' title='bbox 354 2671 562 2746; x_wconf 91' lang='lat' dir='ltr'>judicii</span> <span class='ocrx_word' id='word_1_274' title='bbox 587 2675 916 2746; x_wconf 89' lang='lat' dir='ltr'>separatus,</span> <span class='ocrx_word' id='word_1_275' title='bbox 947 2672 1009 2728; x_wconf 92' lang='lat' dir='ltr'>in</span> <span class='ocrx_word' id='word_1_276' title='bbox 1042 2672 1270 2731; x_wconf 89' lang='lat' dir='ltr'>inferno</span> <span class='ocrx_word' id='word_1_277' title='bbox 1302 2673 1625 2746; x_wconf 87' lang='lat' dir='ltr'>sepeliatur</span> <span class='ocrx_word' id='word_1_278' title='bbox 1653 2675 1897 2731; x_wconf 90' lang='lat' dir='ltr'>damna-</span> 
     </span>
    </p>
   </div>
   <div class='ocr_carea' id='block_1_42' title="bbox 240 2762 1898 2836">
    <p class='ocr_par' dir='ltr' id='par_1_42' title="bbox 240 2762 1898 2836">
     <span class='ocr_line' id='line_1_42' title="bbox 240 2762 1898 2836; baseline -0.001 -17"><span class='ocrx_word' id='word_1_279' title='bbox 240 2765 364 2821; x_wconf 87' lang='lat' dir='ltr'>tus.</span> <span class='ocrx_word' id='word_1_280' title='bbox 399 2763 644 2836; x_wconf 88' lang='lat' dir='ltr'>Insuper</span> <span class='ocrx_word' id='word_1_281' title='bbox 663 2764 719 2819; x_wconf 91' lang='lat' dir='ltr'>et</span> <span class='ocrx_word' id='word_1_282' title='bbox 741 2762 866 2818; x_wconf 74' lang='lat' dir='ltr'>haec</span> <span class='ocrx_word' id='word_1_283' title='bbox 888 2765 1091 2818; x_wconf 90' lang='lat' dir='ltr'>nostra</span> <span class='ocrx_word' id='word_1_284' title='bbox 1109 2763 1345 2819; x_wconf 89' lang='lat' dir='ltr'>donatio</span> <span class='ocrx_word' id='word_1_285' title='bbox 1368 2764 1540 2821; x_wconf 82' lang='lat' dir='ltr'>ﬁrma</span> <span class='ocrx_word' id='word_1_286' title='bbox 1564 2780 1631 2820; x_wconf 90' lang='lat' dir='ltr'>ac</span> <span class='ocrx_word' id='word_1_287' title='bbox 1668 2764 1898 2821; x_wconf 89' lang='lat' dir='ltr'>stabilis</span> 
     </span>
    </p>
   </div>
   <div class='ocr_carea' id='block_1_43' title="bbox 241 2849 1466 2924">
    <p class='ocr_par' dir='ltr' id='par_1_43' title="bbox 241 2849 1466 2924">
     <span class='ocr_line' id='line_1_43' title="bbox 241 2849 1466 2924; baseline -0.002 -16"><span class='ocrx_word' id='word_1_288' title='bbox 241 2854 585 2924; x_wconf 87' lang='lat' dir='ltr'>permaneat</span> <span class='ocrx_word' id='word_1_289' title='bbox 616 2866 751 2906; x_wconf 90' lang='lat' dir='ltr'>cum</span> <span class='ocrx_word' id='word_1_290' title='bbox 782 2849 1160 2923; x_wconf 88' lang='lat' dir='ltr'>stipulatione</span> <span class='ocrx_word' id='word_1_291' title='bbox 1192 2851 1466 2907; x_wconf 85' lang='lat' dir='ltr'>subnixa.</span> 
     </span>
    </p>
   </div>
   <div class='ocr_carea' id='block_1_44' title="bbox 313 2938 1895 3014">
    <p class='ocr_par' dir='ltr' id='par_1_44' title="bbox 313 2938 1895 3014">
     <span class='ocr_line' id='line_1_44' title="bbox 313 2938 1895 3014; baseline 0.001 -18"><span class='ocrx_word' id='word_1_292' title='bbox 313 2939 433 3014; x_wconf 86' lang='lat' dir='ltr'>Ego</span> <span class='ocrx_word' id='word_1_293' title='bbox 451 2938 656 3013; x_wconf 89' lang='lat' dir='ltr'>Nuspa</span> <span class='ocrx_word' id='word_1_294' title='bbox 668 2939 995 2996; x_wconf 89' lang='lat' dir='ltr'>monachus</span> <span class='ocrx_word' id='word_1_295' title='bbox 1018 2941 1088 2997; x_wconf 89' lang='lat' dir='ltr'>ad</span> <span class='ocrx_word' id='word_1_296' title='bbox 1112 2940 1297 2996; x_wconf 88' lang='lat' dir='ltr'>vicem</span> <span class='ocrx_word' id='word_1_297' title='bbox 1320 2941 1518 2997; x_wconf 90' lang='lat' dir='ltr'>domui</span> <span class='ocrx_word' id='word_1_298' title='bbox 1543 2941 1895 3012; x_wconf 88' lang='lat' dir='ltr'>cancellarii,</span> 
     </span>
    </p>
   </div>
   <div class='ocr_carea' id='block_1_45' title="bbox 243 3028 1902 3104">
    <p class='ocr_par' dir='ltr' id='par_1_45' title="bbox 243 3028 1902 3104">
     <span class='ocr_line' id='line_1_45' title="bbox 243 3028 1902 3104; baseline 0.001 -18"><span class='ocrx_word' id='word_1_299' title='bbox 243 3030 462 3086; x_wconf 90' lang='lat' dir='ltr'>domno</span> <span class='ocrx_word' id='word_1_300' title='bbox 511 3028 949 3102; x_wconf 88' lang='lat' dir='ltr'>archiepiscopo</span> <span class='ocrx_word' id='word_1_301' title='bbox 1015 3030 1370 3102; x_wconf 87' lang='lat' dir='ltr'>Leodegario</span> <span class='ocrx_word' id='word_1_302' title='bbox 1420 3030 1675 3087; x_wconf 89' lang='lat' dir='ltr'>dictante</span> <span class='ocrx_word' id='word_1_303' title='bbox 1727 3036 1902 3104; x_wconf 89' lang='lat' dir='ltr'>atque</span> 
     </span>
    </p>
   </div>
   <div class='ocr_carea' id='block_1_46' title="bbox 242 3116 1896 3190">
    <p class='ocr_par' dir='ltr' id='par_1_46' title="bbox 242 3116 1896 3190">
     <span class='ocr_line' id='line_1_46' title="bbox 242 3116 1896 3190; baseline -0.001 -14"><span class='ocrx_word' id='word_1_304' title='bbox 242 3118 561 3176; x_wconf 90' lang='lat' dir='ltr'>mandante</span> <span class='ocrx_word' id='word_1_305' title='bbox 592 3116 826 3190; x_wconf 89' lang='lat' dir='ltr'>scripsi,</span> <span class='ocrx_word' id='word_1_306' title='bbox 859 3133 1012 3173; x_wconf 91' lang='lat' dir='ltr'>anno</span> <span class='ocrx_word' id='word_1_307' title='bbox 1035 3118 1426 3174; x_wconf 73' lang='lat' dir='ltr'>ordinationis</span> <span class='ocrx_word' id='word_1_308' title='bbox 1447 3122 1575 3189; x_wconf 86' lang='lat' dir='ltr'>ejus</span> <span class='ocrx_word' id='word_1_309' title='bbox 1596 3136 1672 3188; x_wconf 78' lang='lat' dir='ltr'>v1,</span> <span class='ocrx_word' id='word_1_310' title='bbox 1698 3136 1762 3174; x_wconf 84' lang='lat' dir='ltr'>III</span> <span class='ocrx_word' id='word_1_311' title='bbox 1784 3119 1896 3174; x_wconf 94' lang='lat' dir='ltr'>No-</span> 
     </span>
    </p>
   </div>
   <div class='ocr_carea' id='block_1_47' title="bbox 242 3204 1287 3277">
    <p class='ocr_par' dir='ltr' id='par_1_47' title="bbox 242 3204 1287 3277">
     <span class='ocr_line' id='line_1_47' title="bbox 242 3204 1287 3277; baseline -0.004 -12"><span class='ocrx_word' id='word_1_312' title='bbox 242 3225 350 3265; x_wconf 89' lang='lat' dir='ltr'>nas</span> <span class='ocrx_word' id='word_1_313' title='bbox 379 3206 748 3275; x_wconf 88' lang='lat' dir='ltr'>Novembris,</span> <span class='ocrx_word' id='word_1_314' title='bbox 777 3204 921 3261; x_wconf 92' lang='lat' dir='ltr'>luna</span> <span class='ocrx_word' id='word_1_315' title='bbox 949 3224 1005 3277; x_wconf 85' lang='lat' dir='ltr'>x,</span> <span class='ocrx_word' id='word_1_316' title='bbox 1040 3206 1183 3262; x_wconf 89' lang='lat' dir='ltr'>feria</span> <span class='ocrx_word' id='word_1_317' title='bbox 1212 3224 1287 3262; x_wconf 83' lang='grc' dir='ltr'>ιν.</span> 
     </span>
    </p>
   </div>
   <div class='ocr_carea' id='block_1_48' title="bbox 2080 2050 2269 2104">
    <p class='ocr_par' dir='ltr' id='par_1_48' title="bbox 2080 2050 2269 2104">
     <span class='ocr_line' id='line_1_48' title="bbox 2080 2050 2269 2104; baseline -0.005 0"><span class='ocrx_word' id='word_1_318' title='bbox 2080 2050 2269 2104; x_wconf 82' lang='lat' dir='ltr'>Sancti</span> 
     </span>
    </p>
   </div>
   <div class='ocr_carea' id='block_1_49' title="bbox 2078 2050 3667 2175">
    <p class='ocr_par' dir='ltr' id='par_1_49' title="bbox 2078 2050 3667 2175">
     <span class='ocr_line' id='line_1_49' title="bbox 2078 2050 3667 2175; baseline 0.004 -72"><span class='ocrx_word' id='word_1_319' title='bbox 2078 2050 2269 2175; x_wconf 48' lang='lat' dir='ltr'>ignoti</span> <span class='ocrx_word' id='word_1_320' title='bbox 2356 2050 2748 2121; x_wconf 81' lang='lat' dir='ltr'>Symphoriani</span> <span class='ocrx_word' id='word_1_321' title='bbox 2829 2052 3071 2107; x_wconf 66' lang='lat' dir='ltr'>coenobio</span> <span class='ocrx_word' id='word_1_322' title='bbox 3154 2051 3345 2108; x_wconf 82' lang='lat' dir='ltr'>Sancti</span> <span class='ocrx_word' id='word_1_323' title='bbox 3415 2057 3667 2112; x_wconf 81' lang='lat' dir='ltr'>Ferreoli</span> 
     </span>
     <span class='ocr_line' id='line_1_50' title="bbox 2151 2139 2264 2175; baseline 0.018 -2"><span class='ocrx_word' id='word_1_324' title='bbox 2151 2139 2219 2175; x_wconf 83' lang='lat' dir='ltr'>na</span> <span class='ocrx_word' id='word_1_325' title='bbox 2252 2164 2264 2175; x_wconf 93' lang='lat'>.</span> 
     </span>
    </p>
   </div>
   <div class='ocr_carea' id='block_1_50' title="bbox 2151 2139 2264 2176">
    <p class='ocr_par' dir='ltr' id='par_1_50' title="bbox 2151 2139 2264 2176">
     <span class='ocr_line' id='line_1_51' title="bbox 2151 2139 2264 2176; baseline 0.027 -3"><span class='ocrx_word' id='word_1_326' title='bbox 2151 2139 2264 2176; x_wconf 81' lang='grc' dir='ltr'>ηαι.</span> 
     </span>
    </p>
   </div>
   <div class='ocr_carea' id='block_1_51' title="bbox 2188 2139 3049 2282">
    <p class='ocr_par' dir='ltr' id='par_1_51' title="bbox 2188 2139 3049 2282">
     <span class='ocr_line' id='line_1_52' title="bbox 2188 2139 3049 2282; baseline 0.001 -18"><span class='ocrx_word' id='word_1_327' title='bbox 2188 2139 2264 2176; x_wconf 47' lang='grc' dir='ltr'>αἱ.</span> <span class='ocrx_word' id='word_1_328' title='bbox 2625 2210 2811 2280; x_wconf 87' lang='lat' dir='ltr'>(Anno</span> <span class='ocrx_word' id='word_1_329' title='bbox 2852 2211 3049 2282; x_wconf 86' lang='grc'>1037.)</span> 
     </span>
    </p>
   </div>
   <div class='ocr_carea' id='block_1_52' title="bbox 2350 2298 3322 2373">
    <p class='ocr_par' dir='ltr' id='par_1_52' title="bbox 2350 2298 3322 2373">
     <span class='ocr_line' id='line_1_53' title="bbox 2350 2298 3322 2373; baseline 0.002 -20"><span class='ocrx_word' id='word_1_330' title='bbox 2350 2298 2643 2369; x_wconf 64' lang='grc' dir='ltr'>[ΜΑΒτεΝ,</span> <span class='ocrx_word' id='word_1_331' title='bbox 2677 2299 2775 2354; x_wconf 80' lang='lat' dir='ltr'>ubi</span> <span class='ocrx_word' id='word_1_332' title='bbox 2802 2315 2993 2372; x_wconf 78' lang='lat' dir='ltr'>supra,</span> <span class='ocrx_word' id='word_1_333' title='bbox 3028 2299 3137 2356; x_wconf 93' lang='lat' dir='ltr'>col.</span> <span class='ocrx_word' id='word_1_334' title='bbox 3169 2302 3322 2373; x_wconf 66' lang='lat'>504.]</span> 
     </span>
    </p>
   </div>
   <div class='ocr_carea' id='block_1_53' title="bbox 2110 2404 3663 2478">
    <p class='ocr_par' dir='ltr' id='par_1_53' title="bbox 2110 2404 3663 2478">
     <span class='ocr_line' id='line_1_54' title="bbox 2110 2404 3663 2478; baseline 0.003 -19"><span class='ocrx_word' id='word_1_335' title='bbox 2110 2446 2145 2460; x_wconf 90' lang='lat'>..</span> <span class='ocrx_word' id='word_1_336' title='bbox 2227 2405 2377 2460; x_wconf 90' lang='lat' dir='ltr'>Dum</span> <span class='ocrx_word' id='word_1_337' title='bbox 2454 2404 2555 2460; x_wconf 91' lang='lat' dir='ltr'>Dei</span> <span class='ocrx_word' id='word_1_338' title='bbox 2622 2405 3045 2478; x_wconf 87' lang='lat' dir='ltr'>omnipotentis</span> <span class='ocrx_word' id='word_1_339' title='bbox 3103 2406 3663 2465; x_wconf 86' lang='lat' dir='ltr'>ordinatissima.....</span> 
     </span>
    </p>
   </div>
   <div class='ocr_carea' id='block_1_54' title="bbox 2009 2496 3665 2571">
    <p class='ocr_par' dir='ltr' id='par_1_54' title="bbox 2009 2496 3665 2571">
     <span class='ocr_line' id='line_1_55' title="bbox 2009 2496 3665 2571; baseline 0.002 -21"><span class='ocrx_word' id='word_1_340' title='bbox 2009 2499 2350 2550; x_wconf 89' lang='lat' dir='ltr'>sanctorum</span> <span class='ocrx_word' id='word_1_341' title='bbox 2383 2510 2793 2571; x_wconf 89' lang='lat' dir='ltr'>canonum,....</span> <span class='ocrx_word' id='word_1_342' title='bbox 2821 2500 3112 2568; x_wconf 87' lang='lat' dir='ltr'>quatenus</span> <span class='ocrx_word' id='word_1_343' title='bbox 3144 2513 3235 2551; x_wconf 89' lang='lat' dir='ltr'>res</span> <span class='ocrx_word' id='word_1_344' title='bbox 3258 2496 3665 2554; x_wconf 78' lang='lat' dir='ltr'>ecclesiasticae</span> 
     </span>
    </p>
   </div>
   <div class='ocr_carea' id='block_1_55' title="bbox 2010 2584 3665 2660">
    <p class='ocr_par' dir='ltr' id='par_1_55' title="bbox 2010 2584 3665 2660">
     <span class='ocr_line' id='line_1_56' title="bbox 2010 2584 3665 2660; baseline 0.004 -22"><span class='ocrx_word' id='word_1_345' title='bbox 2010 2600 2044 2637; x_wconf 88' lang='lat' dir='ltr'>a</span> <span class='ocrx_word' id='word_1_346' title='bbox 2097 2584 2336 2655; x_wconf 85' lang='lat' dir='ltr'>cujus...</span> <span class='ocrx_word' id='word_1_347' title='bbox 2392 2584 2618 2640; x_wconf 91' lang='lat' dir='ltr'>ordinis</span> <span class='ocrx_word' id='word_1_348' title='bbox 2666 2601 2928 2657; x_wconf 74' lang='lat' dir='ltr'>persona:</span> <span class='ocrx_word' id='word_1_349' title='bbox 2984 2602 3018 2641; x_wconf 90' lang='lat' dir='ltr'>a</span> <span class='ocrx_word' id='word_1_350' title='bbox 3067 2601 3417 2659; x_wconf 89' lang='lat' dir='ltr'>quocunque</span> <span class='ocrx_word' id='word_1_351' title='bbox 3464 2587 3665 2660; x_wconf 90' lang='lat' dir='ltr'>acqui-</span> 
     </span>
    </p>
   </div>
   <div class='ocr_carea' id='block_1_56' title="bbox 2009 2672 3665 2749">
    <p class='ocr_par' dir='ltr' id='par_1_56' title="bbox 2009 2672 3665 2749">
     <span class='ocr_line' id='line_1_57' title="bbox 2009 2672 3665 2749; baseline 0.004 -22"><span class='ocrx_word' id='word_1_352' title='bbox 2009 2672 2153 2741; x_wconf 68' lang='lat' dir='ltr'>sitae,</span> <span class='ocrx_word' id='word_1_353' title='bbox 2188 2690 2261 2728; x_wconf 90' lang='lat' dir='ltr'>an</span> <span class='ocrx_word' id='word_1_354' title='bbox 2306 2690 2412 2730; x_wconf 90' lang='lat' dir='ltr'>nos</span> <span class='ocrx_word' id='word_1_355' title='bbox 2451 2674 2722 2745; x_wconf 87' lang='lat' dir='ltr'>quamvis</span> <span class='ocrx_word' id='word_1_356' title='bbox 2761 2690 3159 2746; x_wconf 70' lang='lat' dir='ltr'>possessze.....</span> <span class='ocrx_word' id='word_1_357' title='bbox 3193 2674 3446 2731; x_wconf 89' lang='lat' dir='ltr'>utilitate</span> <span class='ocrx_word' id='word_1_358' title='bbox 3478 2693 3665 2749; x_wconf 89' lang='lat' dir='ltr'>quan-</span> 
     </span>
    </p>
   </div>
   <div class='ocr_carea' id='block_1_57' title="bbox 2006 2761 3665 2835">
    <p class='ocr_par' dir='ltr' id='par_1_57' title="bbox 2006 2761 3665 2835">
     <span class='ocr_line' id='line_1_58' title="bbox 2006 2761 3665 2835; baseline 0.004 -19"><span class='ocrx_word' id='word_1_359' title='bbox 2006 2762 2226 2818; x_wconf 89' lang='lat' dir='ltr'>tumvis</span> <span class='ocrx_word' id='word_1_360' title='bbox 2252 2761 2535 2832; x_wconf 78' lang='lat' dir='ltr'>aediticiis,</span> <span class='ocrx_word' id='word_1_361' title='bbox 2563 2763 3038 2835; x_wconf 88' lang='lat' dir='ltr'>possessiouibus</span> <span class='ocrx_word' id='word_1_362' title='bbox 3053 2780 3117 2819; x_wconf 87' lang='lat' dir='ltr'>ac</span> <span class='ocrx_word' id='word_1_363' title='bbox 3131 2763 3503 2833; x_wconf 87' lang='lat' dir='ltr'>substantiis,</span> <span class='ocrx_word' id='word_1_364' title='bbox 3529 2782 3665 2823; x_wconf 81' lang='lat' dir='ltr'>mox</span> 
     </span>
    </p>
   </div>
   <div class='ocr_carea' id='block_1_58' title="bbox 2008 2849 3666 2926">
    <p class='ocr_par' dir='ltr' id='par_1_58' title="bbox 2008 2849 3666 2926">
     <span class='ocr_line' id='line_1_59' title="bbox 2008 2849 3666 2926; baseline 0.005 -21"><span class='ocrx_word' id='word_1_365' title='bbox 2008 2850 2080 2906; x_wconf 92' lang='lat' dir='ltr'>ab</span> <span class='ocrx_word' id='word_1_366' title='bbox 2102 2849 2435 2906; x_wconf 64' lang='lat' dir='ltr'>baaredibus</span> <span class='ocrx_word' id='word_1_367' title='bbox 2457 2850 2710 2907; x_wconf 69' lang='lat' dir='ltr'>ecclesiae</span> <span class='ocrx_word' id='word_1_368' title='bbox 2735 2852 2805 2906; x_wconf 89' lang='lat' dir='ltr'>ad</span> <span class='ocrx_word' id='word_1_369' title='bbox 2821 2868 2999 2923; x_wconf 90' lang='lat' dir='ltr'>quam</span> <span class='ocrx_word' id='word_1_370' title='bbox 3014 2851 3149 2923; x_wconf 89' lang='lat' dir='ltr'>jure</span> <span class='ocrx_word' id='word_1_371' title='bbox 3170 2851 3486 2925; x_wconf 89' lang='lat' dir='ltr'>pertinent,</span> <span class='ocrx_word' id='word_1_372' title='bbox 3494 2855 3666 2926; x_wconf 86' lang='lat' dir='ltr'>justa</span> 
     </span>
    </p>
   </div>
   <div class='ocr_carea' id='block_1_59' title="bbox 2007 2940 3667 3015">
    <p class='ocr_par' dir='ltr' id='par_1_59' title="bbox 2007 2940 3667 3015">
     <span class='ocr_line' id='line_1_60' title="bbox 2007 2940 3667 3015; baseline 0.004 -20"><span class='ocrx_word' id='word_1_373' title='bbox 2007 2940 2232 2995; x_wconf 89' lang='lat' dir='ltr'>ratione</span> <span class='ocrx_word' id='word_1_374' title='bbox 2256 2940 2495 2996; x_wconf 87' lang='lat' dir='ltr'>fuerunt</span> <span class='ocrx_word' id='word_1_375' title='bbox 2519 2940 2822 3012; x_wconf 88' lang='lat' dir='ltr'>requisita,</span> <span class='ocrx_word' id='word_1_376' title='bbox 2846 2957 2982 2996; x_wconf 90' lang='lat' dir='ltr'>cum</span> <span class='ocrx_word' id='word_1_377' title='bbox 2998 2942 3276 2997; x_wconf 89' lang='lat' dir='ltr'>omnibus</span> <span class='ocrx_word' id='word_1_378' title='bbox 3297 2942 3521 3015; x_wconf 91' lang='lat' dir='ltr'>absque</span> <span class='ocrx_word' id='word_1_379' title='bbox 3542 2943 3667 3002; x_wconf 92' lang='lat' dir='ltr'>ulla</span> 
     </span>
    </p>
   </div>
   <div class='ocr_carea' id='block_1_60' title="bbox 2006 3029 3667 3099">
    <p class='ocr_par' dir='ltr' id='par_1_60' title="bbox 2006 3029 3667 3099">
     <span class='ocr_line' id='line_1_61' title="bbox 2006 3029 3667 3099; baseline 0.004 -15"><span class='ocrx_word' id='word_1_380' title='bbox 2006 3030 2325 3085; x_wconf 88' lang='lat' dir='ltr'>reddantur</span> <span class='ocrx_word' id='word_1_381' title='bbox 2374 3029 2802 3099; x_wconf 89' lang='lat' dir='ltr'>contrarietate,</span> <span class='ocrx_word' id='word_1_382' title='bbox 2855 3029 3124 3086; x_wconf 88' lang='lat' dir='ltr'>nolentes</span> <span class='ocrx_word' id='word_1_383' title='bbox 3174 3047 3310 3087; x_wconf 91' lang='lat' dir='ltr'>vero</span> <span class='ocrx_word' id='word_1_384' title='bbox 3358 3033 3598 3089; x_wconf 88' lang='lat' dir='ltr'>reddere</span> <span class='ocrx_word' id='word_1_385' title='bbox 3631 3052 3667 3090; x_wconf 92' lang='lat' dir='ltr'>a</span> 
     </span>
    </p>
   </div>
   <div class='ocr_carea' id='block_1_61' title="bbox 2006 3118 3660 3195">
    <p class='ocr_par' dir='ltr' id='par_1_61' title="bbox 2006 3118 3660 3195">
     <span class='ocr_line' id='line_1_62' title="bbox 2006 3118 3660 3195; baseline 0.004 -22"><span class='ocrx_word' id='word_1_386' title='bbox 2006 3123 2219 3173; x_wconf 67' lang='lat' dir='ltr'>sancta:</span> <span class='ocrx_word' id='word_1_387' title='bbox 2247 3118 2339 3174; x_wconf 90' lang='lat' dir='ltr'>Dei</span> <span class='ocrx_word' id='word_1_388' title='bbox 2375 3118 2630 3174; x_wconf 68' lang='lat' dir='ltr'>ecclesias</span> <span class='ocrx_word' id='word_1_389' title='bbox 2667 3118 2958 3192; x_wconf 88' lang='lat' dir='ltr'>segregari</span> <span class='ocrx_word' id='word_1_390' title='bbox 2991 3119 3201 3175; x_wconf 87' lang='lat' dir='ltr'>debere</span> <span class='ocrx_word' id='word_1_391' title='bbox 3220 3120 3513 3177; x_wconf 86' lang='lat' dir='ltr'>societate.</span> <span class='ocrx_word' id='word_1_392' title='bbox 3539 3122 3660 3195; x_wconf 89' lang='lat' dir='ltr'>Ego</span> 
     </span>
    </p>
   </div>
   <div class='ocr_carea' id='block_1_62' title="bbox 2008 3207 3661 3277">
    <p class='ocr_par' dir='ltr' id='par_1_62' title="bbox 2008 3207 3661 3277">
     <span class='ocr_line' id='line_1_63' title="bbox 2008 3207 3661 3277; baseline 0.003 -16"><span class='ocrx_word' id='word_1_393' title='bbox 2008 3207 2397 3277; x_wconf 82' lang='lat' dir='ltr'>Leodegarius</span> <span class='ocrx_word' id='word_1_394' title='bbox 2447 3212 2662 3263; x_wconf 71' lang='lat' dir='ltr'>sancta:</span> <span class='ocrx_word' id='word_1_395' title='bbox 2714 3207 2916 3263; x_wconf 89' lang='lat' dir='ltr'>matris</span> <span class='ocrx_word' id='word_1_396' title='bbox 2992 3207 3261 3263; x_wconf 65' lang='lat' dir='ltr'>Ecclesiae</span> <span class='ocrx_word' id='word_1_397' title='bbox 3309 3209 3661 3267; x_wconf 88' lang='lat' dir='ltr'>Viennensis</span> 
     </span>
    </p>
   </div>
   <div class='ocr_carea' id='block_1_63' title="bbox 309 3295 3663 3369">
    <p class='ocr_par' dir='ltr' id='par_1_63' title="bbox 309 3295 3663 3369">
     <span class='ocr_line' id='line_1_64' title="bbox 309 3295 3663 3369; baseline 0 -15"><span class='ocrx_word' id='word_1_398' title='bbox 309 3298 453 3354; x_wconf 82' lang='lat' dir='ltr'>Acta</span> <span class='ocrx_word' id='word_1_399' title='bbox 481 3295 712 3368; x_wconf 90' lang='lat' dir='ltr'>publice</span> <span class='ocrx_word' id='word_1_400' title='bbox 742 3295 803 3350; x_wconf 90' lang='lat' dir='ltr'>in</span> <span class='ocrx_word' id='word_1_401' title='bbox 835 3295 1056 3369; x_wconf 78' lang='lat' dir='ltr'>synodo</span> <span class='ocrx_word' id='word_1_402' title='bbox 1106 3295 1424 3351; x_wconf 88' lang='lat' dir='ltr'>Viennensi</span> <span class='ocrx_word' id='word_1_403' title='bbox 1472 3295 1533 3351; x_wconf 91' lang='lat' dir='ltr'>in</span> <span class='ocrx_word' id='word_1_404' title='bbox 1585 3296 1895 3368; x_wconf 71' lang='lat' dir='ltr'>prmsentia</span> <span class='ocrx_word' id='word_1_405' title='bbox 1934 3363 1965 3369; x_wconf 30' lang='lat' dir='ltr'><strong>ﬂ</strong></span> <span class='ocrx_word' id='word_1_406' title='bbox 2002 3296 2466 3352; x_wconf 88' lang='lat' dir='ltr'>Christianorum</span> <span class='ocrx_word' id='word_1_407' title='bbox 2525 3297 3024 3369; x_wconf 88' lang='lat' dir='ltr'>archiepiscopus,</span> <span class='ocrx_word' id='word_1_408' title='bbox 3075 3297 3340 3352; x_wconf 91' lang='lat' dir='ltr'>omnium</span> <span class='ocrx_word' id='word_1_409' title='bbox 3386 3298 3488 3354; x_wconf 91' lang='lat' dir='ltr'>Dei</span> <span class='ocrx_word' id='word_1_410' title='bbox 3523 3300 3663 3355; x_wconf 83' lang='lat' dir='ltr'>fide-</span> 
     </span>
    </p>
   </div>
   <div class='ocr_carea' id='block_1_64' title="bbox 240 3363 3655 3457">
    <p class='ocr_par' dir='ltr' id='par_1_64' title="bbox 240 3363 3655 3457">
     <span class='ocr_line' id='line_1_65' title="bbox 240 3363 3655 3457; baseline -0 -13"><span class='ocrx_word' id='word_1_411' title='bbox 240 3386 442 3444; x_wconf 89' lang='lat' dir='ltr'>domni</span> <span class='ocrx_word' id='word_1_412' title='bbox 474 3384 810 3457; x_wconf 84' lang='lat' dir='ltr'>Leodegarii</span> <span class='ocrx_word' id='word_1_413' title='bbox 833 3383 1253 3457; x_wconf 82' lang='lat' dir='ltr'>archiepiscOpi</span> <span class='ocrx_word' id='word_1_414' title='bbox 1275 3388 1331 3439; x_wconf 91' lang='lat' dir='ltr'>et</span> <span class='ocrx_word' id='word_1_415' title='bbox 1354 3385 1772 3441; x_wconf 88' lang='lat' dir='ltr'>cauonicorum</span> <span class='ocrx_word' id='word_1_416' title='bbox 1802 3384 1893 3457; x_wconf 91' lang='lat' dir='ltr'>ip-</span> <span class='ocrx_word' id='word_1_417' title='bbox 1925 3363 1966 3429; x_wconf 59' lang='grc' dir='ltr'>(ἶ</span> <span class='ocrx_word' id='word_1_418' title='bbox 2005 3383 2153 3439; x_wconf 91' lang='lat' dir='ltr'>lium</span> <span class='ocrx_word' id='word_1_419' title='bbox 2186 3401 2411 3450; x_wconf 88' lang='lat' dir='ltr'>servus,</span> <span class='ocrx_word' id='word_1_420' title='bbox 2446 3390 2652 3440; x_wconf 89' lang='lat' dir='ltr'>notum</span> <span class='ocrx_word' id='word_1_421' title='bbox 2695 3402 2822 3441; x_wconf 90' lang='lat' dir='ltr'>esse</span> <span class='ocrx_word' id='word_1_422' title='bbox 2861 3384 2989 3440; x_wconf 92' lang='lat' dir='ltr'>volo</span> <span class='ocrx_word' id='word_1_423' title='bbox 3028 3389 3241 3440; x_wconf 62' lang='lat' dir='ltr'>nostra;</span> <span class='ocrx_word' id='word_1_424' title='bbox 3281 3385 3655 3443; x_wconf 56' lang='lat' dir='ltr'>ecclesiae&quot;...</span> 
     </span>
    </p>
   </div>
   <div class='ocr_carea' id='block_1_65' title="bbox 239 3473 1887 3546">
    <p class='ocr_par' dir='ltr' id='par_1_65' title="bbox 239 3473 1887 3546">
     <span class='ocr_line' id='line_1_66' title="bbox 239 3473 1887 3546; baseline -0.001 -14"><span class='ocrx_word' id='word_1_425' title='bbox 239 3475 366 3532; x_wconf 84' lang='lat' dir='ltr'>sius</span> <span class='ocrx_word' id='word_1_426' title='bbox 387 3473 643 3532; x_wconf 65' lang='lat' dir='ltr'>ecclesiae</span> <span class='ocrx_word' id='word_1_427' title='bbox 673 3474 1116 3546; x_wconf 90' lang='lat' dir='ltr'>multorumque</span> <span class='ocrx_word' id='word_1_428' title='bbox 1146 3473 1408 3529; x_wconf 86' lang='lat' dir='ltr'>ﬁdelium</span> <span class='ocrx_word' id='word_1_429' title='bbox 1441 3473 1721 3530; x_wconf 88' lang='lat' dir='ltr'>abbatum</span> <span class='ocrx_word' id='word_1_430' title='bbox 1766 3491 1887 3531; x_wconf 88' lang='lat' dir='ltr'>mo-</span> 
     </span>
    </p>
   </div>
   <div class='ocr_carea' id='block_1_66' title="bbox 238 3559 1890 3636">
    <p class='ocr_par' dir='ltr' id='par_1_66' title="bbox 238 3559 1890 3636">
     <span class='ocr_line' id='line_1_67' title="bbox 238 3559 1890 3636; baseline -0.002 -15"><span class='ocrx_word' id='word_1_431' title='bbox 238 3563 585 3630; x_wconf 87' lang='lat' dir='ltr'>nachorum,</span> <span class='ocrx_word' id='word_1_432' title='bbox 609 3561 976 3635; x_wconf 89' lang='lat' dir='ltr'>aliarumque</span> <span class='ocrx_word' id='word_1_433' title='bbox 1000 3559 1345 3618; x_wconf 91' lang='lat' dir='ltr'>clericorum</span> <span class='ocrx_word' id='word_1_434' title='bbox 1369 3563 1732 3619; x_wconf 89' lang='lat' dir='ltr'>diversorum</span> <span class='ocrx_word' id='word_1_435' title='bbox 1756 3580 1890 3636; x_wconf 88' lang='lat' dir='ltr'>gra-</span> 
     </span>
    </p>
   </div>
   <div class='ocr_carea' id='block_1_67' title="bbox 239 3650 1890 3725">
    <p class='ocr_par' dir='ltr' id='par_1_67' title="bbox 239 3650 1890 3725">
     <span class='ocr_line' id='line_1_68' title="bbox 239 3650 1890 3725; baseline -0.002 -15"><span class='ocrx_word' id='word_1_436' title='bbox 239 3653 425 3710; x_wconf 91' lang='lat' dir='ltr'>duum</span> <span class='ocrx_word' id='word_1_437' title='bbox 455 3652 574 3709; x_wconf 90' lang='lat' dir='ltr'>fere</span> <span class='ocrx_word' id='word_1_438' title='bbox 604 3651 1089 3725; x_wconf 87' lang='lat' dir='ltr'>quingentorum,</span> <span class='ocrx_word' id='word_1_439' title='bbox 1121 3650 1283 3707; x_wconf 90' lang='lat' dir='ltr'>omni</span> <span class='ocrx_word' id='word_1_440' title='bbox 1315 3650 1525 3707; x_wconf 75' lang='lat' dir='ltr'>affectu</span> <span class='ocrx_word' id='word_1_441' title='bbox 1557 3667 1626 3707; x_wconf 90' lang='lat' dir='ltr'>ea</span> <span class='ocrx_word' id='word_1_442' title='bbox 1646 3668 1773 3724; x_wconf 81' lang='lat' dir='ltr'>quae</span> <span class='ocrx_word' id='word_1_443' title='bbox 1796 3650 1890 3707; x_wconf 91' lang='lat' dir='ltr'>hic</span> 
     </span>
    </p>
   </div>
   <div class='ocr_carea' id='block_1_68' title="bbox 240 3738 1891 3811">
    <p class='ocr_par' dir='ltr' id='par_1_68' title="bbox 240 3738 1891 3811">
     <span class='ocr_line' id='line_1_69' title="bbox 240 3738 1891 3811; baseline -0.002 -12"><span class='ocrx_word' id='word_1_444' title='bbox 240 3742 531 3799; x_wconf 88' lang='lat' dir='ltr'>habentur</span> <span class='ocrx_word' id='word_1_445' title='bbox 550 3740 772 3797; x_wconf 87' lang='lat' dir='ltr'>inserta</span> <span class='ocrx_word' id='word_1_446' title='bbox 791 3739 1247 3796; x_wconf 89' lang='lat' dir='ltr'>acclamantium</span> <span class='ocrx_word' id='word_1_447' title='bbox 1280 3744 1456 3811; x_wconf 88' lang='lat' dir='ltr'>atque</span> <span class='ocrx_word' id='word_1_448' title='bbox 1493 3738 1891 3809; x_wconf 88' lang='lat' dir='ltr'>laudantium,</span> 
     </span>
    </p>
   </div>
   <div class='ocr_carea' id='block_1_69' title="bbox 243 3828 1895 3901">
    <p class='ocr_par' dir='ltr' id='par_1_69' title="bbox 243 3828 1895 3901">
     <span class='ocr_line' id='line_1_70' title="bbox 243 3828 1895 3901; baseline -0.002 -12"><span class='ocrx_word' id='word_1_449' title='bbox 243 3828 418 3889; x_wconf 85' lang='lat' dir='ltr'>simul</span> <span class='ocrx_word' id='word_1_450' title='bbox 450 3829 648 3898; x_wconf 89' lang='lat' dir='ltr'>etiam,</span> <span class='ocrx_word' id='word_1_451' title='bbox 682 3828 755 3898; x_wconf 88' lang='lat' dir='ltr'>si,</span> <span class='ocrx_word' id='word_1_452' title='bbox 787 3829 943 3901; x_wconf 93' lang='lat' dir='ltr'>quod</span> <span class='ocrx_word' id='word_1_453' title='bbox 975 3828 1166 3885; x_wconf 85' lang='lat' dir='ltr'>absit!</span> <span class='ocrx_word' id='word_1_454' title='bbox 1202 3828 1321 3885; x_wconf 90' lang='lat' dir='ltr'>ulla</span> <span class='ocrx_word' id='word_1_455' title='bbox 1351 3845 1613 3901; x_wconf 91' lang='lat' dir='ltr'>unquam</span> <span class='ocrx_word' id='word_1_456' title='bbox 1645 3846 1895 3901; x_wconf 88' lang='lat' dir='ltr'>persona</span> 
     </span>
    </p>
   </div>
   <div class='ocr_carea' id='block_1_70' title="bbox 243 3914 1895 3991">
    <p class='ocr_par' dir='ltr' id='par_1_70' title="bbox 243 3914 1895 3991">
     <span class='ocr_line' id='line_1_71' title="bbox 243 3914 1895 3991; baseline -0.002 -13"><span class='ocrx_word' id='word_1_457' title='bbox 243 3918 538 3978; x_wconf 70' lang='lat' dir='ltr'>saecularis</span> <span class='ocrx_word' id='word_1_458' title='bbox 586 3922 689 3974; x_wconf 89' lang='lat' dir='ltr'>aut</span> <span class='ocrx_word' id='word_1_459' title='bbox 733 3916 1124 3975; x_wconf 87' lang='lat' dir='ltr'>ecclesiastica</span> <span class='ocrx_word' id='word_1_460' title='bbox 1174 3916 1294 3973; x_wconf 93' lang='lat' dir='ltr'>ullo</span> <span class='ocrx_word' id='word_1_461' title='bbox 1346 3918 1519 3974; x_wconf 91' lang='lat' dir='ltr'>modo</span> <span class='ocrx_word' id='word_1_462' title='bbox 1563 3914 1895 3991; x_wconf 90' lang='lat' dir='ltr'>inquietare</span> 
     </span>
    </p>
   </div>
   <div class='ocr_carea' id='block_1_71' title="bbox 242 4006 1897 4076">
    <p class='ocr_par' dir='ltr' id='par_1_71' title="bbox 242 4006 1897 4076">
     <span class='ocr_line' id='line_1_72' title="bbox 242 4006 1897 4076; baseline -0.002 -10"><span class='ocrx_word' id='word_1_463' title='bbox 242 4007 489 4067; x_wconf 86' lang='lat' dir='ltr'>voluerit</span> <span class='ocrx_word' id='word_1_464' title='bbox 509 4006 620 4064; x_wconf 83' lang='lat' dir='ltr'>hoc</span> <span class='ocrx_word' id='word_1_465' title='bbox 650 4007 939 4076; x_wconf 91' lang='lat' dir='ltr'>donuum,</span> <span class='ocrx_word' id='word_1_466' title='bbox 970 4006 1334 4063; x_wconf 88' lang='lat' dir='ltr'>invocatione</span> <span class='ocrx_word' id='word_1_467' title='bbox 1354 4006 1551 4063; x_wconf 91' lang='lat' dir='ltr'>divina</span> <span class='ocrx_word' id='word_1_468' title='bbox 1570 4011 1627 4063; x_wconf 90' lang='lat' dir='ltr'>et</span> <span class='ocrx_word' id='word_1_469' title='bbox 1648 4007 1897 4063; x_wconf 86' lang='lat' dir='ltr'>auctori-</span> 
     </span>
    </p>
   </div>
   <div class='ocr_carea' id='block_1_72' title="bbox 242 4094 1892 4155">
    <p class='ocr_par' dir='ltr' id='par_1_72' title="bbox 242 4094 1892 4155">
     <span class='ocr_line' id='line_1_73' title="bbox 242 4094 1892 4155; baseline -0.002 0"><span class='ocrx_word' id='word_1_470' title='bbox 242 4102 359 4155; x_wconf 88' lang='lat' dir='ltr'>tate</span> <span class='ocrx_word' id='word_1_471' title='bbox 389 4096 657 4153; x_wconf 92' lang='lat' dir='ltr'>omnium</span> <span class='ocrx_word' id='word_1_472' title='bbox 688 4104 1023 4152; x_wconf 88' lang='lat' dir='ltr'>sanctorum</span> <span class='ocrx_word' id='word_1_473' title='bbox 1046 4111 1114 4152; x_wconf 90' lang='lat' dir='ltr'>ac</span> <span class='ocrx_word' id='word_1_474' title='bbox 1134 4095 1420 4151; x_wconf 88' lang='lat' dir='ltr'>virtutum</span> <span class='ocrx_word' id='word_1_475' title='bbox 1444 4094 1771 4152; x_wconf 82' lang='lat' dir='ltr'>caelestium</span> <span class='ocrx_word' id='word_1_476' title='bbox 1792 4112 1892 4153; x_wconf 92' lang='lat' dir='ltr'>eos</span> 
     </span>
    </p>
   </div>
   <div class='ocr_carea' id='block_1_73' title="bbox 243 4184 1891 4259">
    <p class='ocr_par' dir='ltr' id='par_1_73' title="bbox 243 4184 1891 4259">
     <span class='ocr_line' id='line_1_74' title="bbox 243 4184 1891 4259; baseline -0.003 -14"><span class='ocrx_word' id='word_1_477' title='bbox 243 4185 879 4245; x_wconf 84' lang='lat' dir='ltr'>excommunicantium</span> <span class='ocrx_word' id='word_1_478' title='bbox 912 4190 1087 4258; x_wconf 85' lang='lat' dir='ltr'>atque</span> <span class='ocrx_word' id='word_1_479' title='bbox 1117 4184 1764 4255; x_wconf 87' lang='lat' dir='ltr'>auathematizantium,</span> <span class='ocrx_word' id='word_1_480' title='bbox 1790 4185 1891 4259; x_wconf 90' lang='lat' dir='ltr'>qui</span> 
     </span>
    </p>
   </div>
   <div class='ocr_carea' id='block_1_74' title="bbox 246 4274 1893 4351">
    <p class='ocr_par' dir='ltr' id='par_1_74' title="bbox 246 4274 1893 4351">
     <span class='ocr_line' id='line_1_75' title="bbox 246 4274 1893 4351; baseline -0.001 -17"><span class='ocrx_word' id='word_1_481' title='bbox 246 4275 505 4351; x_wconf 88' lang='lat' dir='ltr'>quolibet</span> <span class='ocrx_word' id='word_1_482' title='bbox 532 4275 708 4332; x_wconf 89' lang='lat' dir='ltr'>modo</span> <span class='ocrx_word' id='word_1_483' title='bbox 739 4274 1067 4347; x_wconf 88' lang='lat' dir='ltr'>inquietare</span> <span class='ocrx_word' id='word_1_484' title='bbox 1086 4274 1375 4331; x_wconf 90' lang='lat' dir='ltr'>voluerint</span> <span class='ocrx_word' id='word_1_485' title='bbox 1395 4274 1503 4331; x_wconf 92' lang='lat' dir='ltr'>hoc</span> <span class='ocrx_word' id='word_1_486' title='bbox 1524 4275 1744 4331; x_wconf 91' lang='lat' dir='ltr'>donum</span> <span class='ocrx_word' id='word_1_487' title='bbox 1773 4274 1893 4332; x_wconf 91' lang='lat' dir='ltr'>ullo</span> 
     </span>
    </p>
   </div>
   <div class='ocr_carea' id='block_1_75' title="bbox 246 4365 1079 4438">
    <p class='ocr_par' dir='ltr' id='par_1_75' title="bbox 246 4365 1079 4438">
     <span class='ocr_line' id='line_1_76' title="bbox 246 4365 1079 4438; baseline -0.002 -17"><span class='ocrx_word' id='word_1_488' title='bbox 246 4380 530 4438; x_wconf 87' lang='lat' dir='ltr'>umquam</span> <span class='ocrx_word' id='word_1_489' title='bbox 559 4368 841 4435; x_wconf 90' lang='lat' dir='ltr'>tempore.</span> <span class='ocrx_word' id='word_1_490' title='bbox 872 4365 1079 4420; x_wconf 87' lang='lat' dir='ltr'>Amen.</span> 
     </span>
    </p>
   </div>
   <div class='ocr_carea' id='block_1_76' title="bbox 316 4452 1891 4528">
    <p class='ocr_par' dir='ltr' id='par_1_76' title="bbox 316 4452 1891 4528">
     <span class='ocr_line' id='line_1_77' title="bbox 316 4452 1891 4528; baseline 0.001 -17"><span class='ocrx_word' id='word_1_491' title='bbox 316 4455 432 4528; x_wconf 81' lang='lat' dir='ltr'>Ego</span> <span class='ocrx_word' id='word_1_492' title='bbox 464 4453 853 4527; x_wconf 80' lang='lat' dir='ltr'>Leodegarius</span> <span class='ocrx_word' id='word_1_493' title='bbox 902 4452 1379 4526; x_wconf 89' lang='lat' dir='ltr'>archiepiscopus</span> <span class='ocrx_word' id='word_1_494' title='bbox 1426 4453 1664 4526; x_wconf 88' lang='lat' dir='ltr'>propria</span> <span class='ocrx_word' id='word_1_495' title='bbox 1712 4471 1891 4512; x_wconf 91' lang='lat' dir='ltr'>manu</span> 
     </span>
    </p>
   </div>
   <div class='ocr_carea' id='block_1_77' title="bbox 245 4540 1891 4615">
    <p class='ocr_par' dir='ltr' id='par_1_77' title="bbox 245 4540 1891 4615">
     <span class='ocr_line' id='line_1_78' title="bbox 245 4540 1891 4615; baseline 0 -16"><span class='ocrx_word' id='word_1_496' title='bbox 245 4543 434 4600; x_wconf 82' lang='lat' dir='ltr'>firmo.</span> <span class='ocrx_word' id='word_1_497' title='bbox 466 4542 715 4615; x_wconf 79' lang='lat' dir='ltr'>Signum</span> <span class='ocrx_word' id='word_1_498' title='bbox 737 4540 999 4599; x_wconf 90' lang='lat' dir='ltr'>Hartaldi</span> <span class='ocrx_word' id='word_1_499' title='bbox 1021 4542 1338 4614; x_wconf 62' lang='lat' dir='ltr'>prmpositi.</span> <span class='ocrx_word' id='word_1_500' title='bbox 1363 4543 1422 4599; x_wconf 91' lang='grc'>8.</span> <span class='ocrx_word' id='word_1_501' title='bbox 1448 4544 1736 4599; x_wconf 90' lang='lat' dir='ltr'>Burnonis</span> <span class='ocrx_word' id='word_1_502' title='bbox 1758 4544 1891 4601; x_wconf 87' lang='lat' dir='ltr'>laici</span> 
     </span>
    </p>
   </div>
   <div class='ocr_carea' id='block_1_78' title="bbox 242 4631 1892 4707">
    <p class='ocr_par' dir='ltr' id='par_1_78' title="bbox 242 4631 1892 4707">
     <span class='ocr_line' id='line_1_79' title="bbox 242 4631 1892 4707; baseline 0.001 -17"><span class='ocrx_word' id='word_1_503' title='bbox 242 4632 429 4707; x_wconf 87' lang='lat' dir='ltr'>patris</span> <span class='ocrx_word' id='word_1_504' title='bbox 456 4631 744 4704; x_wconf 87' lang='lat' dir='ltr'>ejusdem.</span> <span class='ocrx_word' id='word_1_505' title='bbox 778 4632 837 4689; x_wconf 92' lang='lat' dir='ltr'>S.</span> <span class='ocrx_word' id='word_1_506' title='bbox 872 4631 1158 4688; x_wconf 88' lang='lat' dir='ltr'>Heriberti</span> <span class='ocrx_word' id='word_1_507' title='bbox 1209 4631 1624 4688; x_wconf 87' lang='lat' dir='ltr'>archidiaconi.</span> <span class='ocrx_word' id='word_1_508' title='bbox 1672 4633 1730 4689; x_wconf 91' lang='grc'>8.</span> <span class='ocrx_word' id='word_1_509' title='bbox 1762 4634 1892 4691; x_wconf 86' lang='lat' dir='ltr'>Siu-</span> 
     </span>
    </p>
   </div>
   <div class='ocr_carea' id='block_1_79' title="bbox 1999 3472 3660 3545">
    <p class='ocr_par' dir='ltr' id='par_1_79' title="bbox 1999 3472 3660 3545">
     <span class='ocr_line' id='line_1_80' title="bbox 1999 3472 3660 3545; baseline 0.002 -17"><span class='ocrx_word' id='word_1_510' title='bbox 1999 3472 2137 3528; x_wconf 87' lang='lat' dir='ltr'>ﬁliis</span> <span class='ocrx_word' id='word_1_511' title='bbox 2181 3473 2570 3545; x_wconf 70' lang='lat' dir='ltr'>praesentibus</span> <span class='ocrx_word' id='word_1_512' title='bbox 2619 3491 2686 3531; x_wconf 87' lang='lat' dir='ltr'>ac</span> <span class='ocrx_word' id='word_1_513' title='bbox 2746 3474 2980 3543; x_wconf 81' lang='lat' dir='ltr'>tuturis,</span> <span class='ocrx_word' id='word_1_514' title='bbox 3038 3472 3178 3545; x_wconf 88' lang='lat' dir='ltr'>quia</span> <span class='ocrx_word' id='word_1_515' title='bbox 3224 3490 3420 3530; x_wconf 89' lang='lat' dir='ltr'>amore</span> <span class='ocrx_word' id='word_1_516' title='bbox 3468 3479 3660 3533; x_wconf 88' lang='lat' dir='ltr'>tactus</span> 
     </span>
    </p>
   </div>
   <div class='ocr_carea' id='block_1_80' title="bbox 2000 3561 3663 3628">
    <p class='ocr_par' dir='ltr' id='par_1_80' title="bbox 2000 3561 3663 3628">
     <span class='ocr_line' id='line_1_81' title="bbox 2000 3561 3663 3628; baseline 0.002 -10"><span class='ocrx_word' id='word_1_517' title='bbox 2000 3562 2217 3628; x_wconf 90' lang='lat' dir='ltr'>divino,</span> <span class='ocrx_word' id='word_1_518' title='bbox 2239 3562 2782 3618; x_wconf 72' lang='lat' dir='ltr'>reaadificandorum</span> <span class='ocrx_word' id='word_1_519' title='bbox 2810 3561 3233 3618; x_wconf 89' lang='lat' dir='ltr'>venerabilium</span> <span class='ocrx_word' id='word_1_520' title='bbox 3258 3562 3520 3619; x_wconf 92' lang='lat' dir='ltr'>locorum</span> <span class='ocrx_word' id='word_1_521' title='bbox 3542 3581 3663 3622; x_wconf 90' lang='lat' dir='ltr'>mo-</span> 
     </span>
    </p>
   </div>
   <div class='ocr_carea' id='block_1_81' title="bbox 2004 3650 3662 3727">
    <p class='ocr_par' dir='ltr' id='par_1_81' title="bbox 2004 3650 3662 3727">
     <span class='ocr_line' id='line_1_82' title="bbox 2004 3650 3662 3727; baseline 0.003 -21"><span class='ocrx_word' id='word_1_522' title='bbox 2004 3651 2338 3707; x_wconf 90' lang='lat' dir='ltr'>nasterium</span> <span class='ocrx_word' id='word_1_523' title='bbox 2417 3652 2603 3707; x_wconf 91' lang='lat' dir='ltr'>sancti</span> <span class='ocrx_word' id='word_1_524' title='bbox 2679 3650 2999 3708; x_wconf 86' lang='lat' dir='ltr'>Ferreoli...</span> <span class='ocrx_word' id='word_1_525' title='bbox 3050 3668 3119 3708; x_wconf 87' lang='lat' dir='ltr'>ex</span> <span class='ocrx_word' id='word_1_526' title='bbox 3168 3657 3419 3725; x_wconf 88' lang='lat' dir='ltr'>utraque</span> <span class='ocrx_word' id='word_1_527' title='bbox 3498 3657 3662 3727; x_wconf 89' lang='lat' dir='ltr'>parte</span> 
     </span>
    </p>
   </div>
   <div class='ocr_carea' id='block_1_82' title="bbox 2001 3737 3664 3811">
    <p class='ocr_par' dir='ltr' id='par_1_82' title="bbox 2001 3737 3664 3811">
     <span class='ocr_line' id='line_1_83' title="bbox 2001 3737 3664 3811; baseline 0.001 -15"><span class='ocrx_word' id='word_1_528' title='bbox 2001 3739 2261 3796; x_wconf 85' lang='lat' dir='ltr'>Rodanis</span> <span class='ocrx_word' id='word_1_529' title='bbox 2292 3738 2561 3796; x_wconf 81' lang='lat' dir='ltr'>fluminis</span> <span class='ocrx_word' id='word_1_530' title='bbox 2583 3738 2910 3811; x_wconf 90' lang='lat' dir='ltr'>positorum</span> <span class='ocrx_word' id='word_1_531' title='bbox 2932 3737 3242 3805; x_wconf 90' lang='lat' dir='ltr'>desiderio,</span> <span class='ocrx_word' id='word_1_532' title='bbox 3264 3740 3664 3798; x_wconf 85' lang='lat' dir='ltr'>consentiente</span> 
     </span>
    </p>
   </div>
   <div class='ocr_carea' id='block_1_83' title="bbox 2001 3826 3657 3902">
    <p class='ocr_par' dir='ltr' id='par_1_83' title="bbox 2001 3826 3657 3902">
     <span class='ocr_line' id='line_1_84' title="bbox 2001 3826 3657 3902; baseline 0.002 -18"><span class='ocrx_word' id='word_1_533' title='bbox 2001 3829 2271 3885; x_wconf 89' lang='lat' dir='ltr'>udiverso</span> <span class='ocrx_word' id='word_1_534' title='bbox 2305 3828 2458 3885; x_wconf 90' lang='lat' dir='ltr'>clero</span> <span class='ocrx_word' id='word_1_535' title='bbox 2497 3833 2555 3884; x_wconf 90' lang='lat' dir='ltr'>et</span> <span class='ocrx_word' id='word_1_536' title='bbox 2584 3826 2819 3902; x_wconf 90' lang='lat' dir='ltr'>populo,</span> <span class='ocrx_word' id='word_1_537' title='bbox 2862 3832 3156 3884; x_wconf 89' lang='lat' dir='ltr'>annuente</span> <span class='ocrx_word' id='word_1_538' title='bbox 3200 3829 3517 3885; x_wconf 90' lang='lat' dir='ltr'>venerabili</span> <span class='ocrx_word' id='word_1_539' title='bbox 3550 3830 3657 3886; x_wconf 90' lang='lat' dir='ltr'>ab-</span> 
     </span>
    </p>
   </div>
   <div class='ocr_carea' id='block_1_84' title="bbox 2002 3915 3661 3985">
    <p class='ocr_par' dir='ltr' id='par_1_84' title="bbox 2002 3915 3661 3985">
     <span class='ocr_line' id='line_1_85' title="bbox 2002 3915 3661 3985; baseline 0 -12"><span class='ocrx_word' id='word_1_540' title='bbox 2002 3918 2136 3974; x_wconf 86' lang='lat' dir='ltr'>bate</span> <span class='ocrx_word' id='word_1_541' title='bbox 2189 3920 2387 3974; x_wconf 86' lang='lat' dir='ltr'>Isarno</span> <span class='ocrx_word' id='word_1_542' title='bbox 2437 3917 2537 3973; x_wconf 92' lang='lat' dir='ltr'>Dei</span> <span class='ocrx_word' id='word_1_543' title='bbox 2599 3934 2785 3985; x_wconf 89' lang='lat' dir='ltr'>servo,</span> <span class='ocrx_word' id='word_1_544' title='bbox 2833 3915 3139 3974; x_wconf 91' lang='lat' dir='ltr'>asciverim</span> <span class='ocrx_word' id='word_1_545' title='bbox 3187 3934 3255 3973; x_wconf 82' lang='lat' dir='ltr'>ex</span> <span class='ocrx_word' id='word_1_546' title='bbox 3304 3917 3661 3975; x_wconf 88' lang='lat' dir='ltr'>Massiliensi</span> 
     </span>
    </p>
   </div>
   <div class='ocr_carea' id='block_1_85' title="bbox 2003 4005 3663 4080">
    <p class='ocr_par' dir='ltr' id='par_1_85' title="bbox 2003 4005 3663 4080">
     <span class='ocr_line' id='line_1_86' title="bbox 2003 4005 3663 4080; baseline -0.001 -15"><span class='ocrx_word' id='word_1_547' title='bbox 2003 4007 2252 4065; x_wconf 79' lang='lat' dir='ltr'>ccenobii</span> <span class='ocrx_word' id='word_1_548' title='bbox 2290 4008 2418 4080; x_wconf 90' lang='lat' dir='ltr'>jam</span> <span class='ocrx_word' id='word_1_549' title='bbox 2469 4005 2639 4062; x_wconf 88' lang='lat' dir='ltr'>dictis</span> <span class='ocrx_word' id='word_1_550' title='bbox 2685 4006 2829 4062; x_wconf 87' lang='lat' dir='ltr'>locis</span> <span class='ocrx_word' id='word_1_551' title='bbox 2883 4006 2955 4062; x_wconf 90' lang='lat' dir='ltr'>ad</span> <span class='ocrx_word' id='word_1_552' title='bbox 3008 4005 3380 4063; x_wconf 91' lang='lat' dir='ltr'>serviendum</span> <span class='ocrx_word' id='word_1_553' title='bbox 3430 4007 3567 4076; x_wconf 88' lang='lat' dir='ltr'>Deo,</span> <span class='ocrx_word' id='word_1_554' title='bbox 3603 4010 3663 4064; x_wconf 89' lang='lat' dir='ltr'>et</span> 
     </span>
    </p>
   </div>
   <div class='ocr_carea' id='block_1_86' title="bbox 2002 4094 3661 4170">
    <p class='ocr_par' dir='ltr' id='par_1_86' title="bbox 2002 4094 3661 4170">
     <span class='ocr_line' id='line_1_87' title="bbox 2002 4094 3661 4170; baseline 0 -17"><span class='ocrx_word' id='word_1_555' title='bbox 2002 4112 2367 4170; x_wconf 73' lang='lat' dir='ltr'>quaecunque</span> <span class='ocrx_word' id='word_1_556' title='bbox 2424 4096 2833 4169; x_wconf 70' lang='lat' dir='ltr'>praedictorum</span> <span class='ocrx_word' id='word_1_557' title='bbox 2893 4096 3156 4152; x_wconf 90' lang='lat' dir='ltr'>locorum</span> <span class='ocrx_word' id='word_1_558' title='bbox 3229 4094 3384 4169; x_wconf 87' lang='lat' dir='ltr'>juris</span> <span class='ocrx_word' id='word_1_559' title='bbox 3440 4100 3661 4166; x_wconf 90' lang='lat' dir='ltr'>essent,</span> 
     </span>
    </p>
   </div>
   <div class='ocr_carea' id='block_1_87' title="bbox 2002 4185 3665 4259">
    <p class='ocr_par' dir='ltr' id='par_1_87' title="bbox 2002 4185 3665 4259">
     <span class='ocr_line' id='line_1_88' title="bbox 2002 4185 3665 4259; baseline 0.001 -16"><span class='ocrx_word' id='word_1_560' title='bbox 2002 4187 2162 4243; x_wconf 91' lang='lat' dir='ltr'>omni</span> <span class='ocrx_word' id='word_1_561' title='bbox 2190 4191 2321 4243; x_wconf 91' lang='lat' dir='ltr'>voto</span> <span class='ocrx_word' id='word_1_562' title='bbox 2353 4203 2419 4242; x_wconf 91' lang='lat' dir='ltr'>ac</span> <span class='ocrx_word' id='word_1_563' title='bbox 2463 4185 2755 4243; x_wconf 91' lang='lat' dir='ltr'>desiderio</span> <span class='ocrx_word' id='word_1_564' title='bbox 2817 4186 3173 4243; x_wconf 83' lang='lat' dir='ltr'>decreverim</span> <span class='ocrx_word' id='word_1_565' title='bbox 3234 4188 3306 4243; x_wconf 86' lang='lat' dir='ltr'>ad</span> <span class='ocrx_word' id='word_1_566' title='bbox 3367 4203 3539 4259; x_wconf 90' lang='lat' dir='ltr'>posse</span> <span class='ocrx_word' id='word_1_567' title='bbox 3569 4204 3665 4244; x_wconf 91' lang='lat' dir='ltr'>me</span> 
     </span>
    </p>
   </div>
   <div class='ocr_carea' id='block_1_88' title="bbox 2002 4276 3665 4350">
    <p class='ocr_par' dir='ltr' id='par_1_88' title="bbox 2002 4276 3665 4350">
     <span class='ocr_line' id='line_1_89' title="bbox 2002 4276 3665 4350; baseline 0.001 -17"><span class='ocrx_word' id='word_1_568' title='bbox 2002 4277 2378 4333; x_wconf 82' lang='lat' dir='ltr'>reddirurum</span> <span class='ocrx_word' id='word_1_569' title='bbox 2406 4277 2476 4339; x_wconf 87' lang='lat' dir='ltr'>ab</span> <span class='ocrx_word' id='word_1_570' title='bbox 2499 4276 2749 4348; x_wconf 89' lang='lat' dir='ltr'>integro.</span> <span class='ocrx_word' id='word_1_571' title='bbox 2774 4276 3140 4349; x_wconf 88' lang='lat' dir='ltr'>Quapropter</span> <span class='ocrx_word' id='word_1_572' title='bbox 3160 4276 3358 4333; x_wconf 89' lang='lat' dir='ltr'>Sancti</span> <span class='ocrx_word' id='word_1_573' title='bbox 3380 4277 3665 4350; x_wconf 88' lang='lat' dir='ltr'>Sympho-</span> 
     </span>
    </p>
   </div>
   <div class='ocr_carea' id='block_1_89' title="bbox 2002 4364 3661 4437">
    <p class='ocr_par' dir='ltr' id='par_1_89' title="bbox 2002 4364 3661 4437">
     <span class='ocr_line' id='line_1_90' title="bbox 2002 4364 3661 4437; baseline 0.001 -15"><span class='ocrx_word' id='word_1_574' title='bbox 2002 4366 2152 4422; x_wconf 88' lang='lat' dir='ltr'>riaui</span> <span class='ocrx_word' id='word_1_575' title='bbox 2222 4365 2532 4422; x_wconf 89' lang='lat' dir='ltr'>ecclesiam</span> <span class='ocrx_word' id='word_1_576' title='bbox 2590 4366 2662 4421; x_wconf 87' lang='lat' dir='ltr'>ad</span> <span class='ocrx_word' id='word_1_577' title='bbox 2736 4364 3141 4437; x_wconf 88' lang='lat' dir='ltr'>aquilonarem</span> <span class='ocrx_word' id='word_1_578' title='bbox 3197 4364 3433 4422; x_wconf 82' lang='lat' dir='ltr'>Viennae</span> <span class='ocrx_word' id='word_1_579' title='bbox 3495 4367 3661 4423; x_wconf 90' lang='lat' dir='ltr'>urbis</span> 
     </span>
    </p>
   </div>
   <div class='ocr_carea' id='block_1_90' title="bbox 2004 4453 3663 4528">
    <p class='ocr_par' dir='ltr' id='par_1_90' title="bbox 2004 4453 3663 4528">
     <span class='ocr_line' id='line_1_91' title="bbox 2004 4453 3663 4528; baseline -0.001 -16"><span class='ocrx_word' id='word_1_580' title='bbox 2004 4461 2233 4528; x_wconf 89' lang='lat' dir='ltr'>partem</span> <span class='ocrx_word' id='word_1_581' title='bbox 2254 4454 2453 4525; x_wconf 87' lang='lat' dir='ltr'>sitam,</span> <span class='ocrx_word' id='word_1_582' title='bbox 2470 4471 2647 4526; x_wconf 90' lang='lat' dir='ltr'>quam</span> <span class='ocrx_word' id='word_1_583' title='bbox 2664 4453 2925 4509; x_wconf 83' lang='lat' dir='ltr'>ﬁdelium</span> <span class='ocrx_word' id='word_1_584' title='bbox 2946 4454 3303 4521; x_wconf 90' lang='lat' dir='ltr'>testimonio,</span> <span class='ocrx_word' id='word_1_585' title='bbox 3319 4457 3663 4512; x_wconf 84' lang='lat' dir='ltr'>auctoritate</span> 
     </span>
    </p>
   </div>
   <div class='ocr_carea' id='block_1_91' title="bbox 2001 4542 3656 4617">
    <p class='ocr_par' dir='ltr' id='par_1_91' title="bbox 2001 4542 3656 4617">
     <span class='ocr_line' id='line_1_92' title="bbox 2001 4542 3656 4617; baseline -0.002 -15"><span class='ocrx_word' id='word_1_586' title='bbox 2001 4549 2060 4602; x_wconf 89' lang='lat' dir='ltr'>et</span> <span class='ocrx_word' id='word_1_587' title='bbox 2103 4545 2204 4601; x_wconf 90' lang='lat' dir='ltr'>Dei</span> <span class='ocrx_word' id='word_1_588' title='bbox 2246 4544 2472 4617; x_wconf 90' lang='lat' dir='ltr'>judicio</span> <span class='ocrx_word' id='word_1_589' title='bbox 2521 4546 2750 4599; x_wconf 90' lang='lat' dir='ltr'>constat</span> <span class='ocrx_word' id='word_1_590' title='bbox 2799 4542 2982 4598; x_wconf 74' lang='lat' dir='ltr'>fuisse</span> <span class='ocrx_word' id='word_1_591' title='bbox 3030 4559 3099 4598; x_wconf 86' lang='lat' dir='ltr'>ex</span> <span class='ocrx_word' id='word_1_592' title='bbox 3149 4542 3347 4598; x_wconf 89' lang='lat' dir='ltr'>Sancti</span> <span class='ocrx_word' id='word_1_593' title='bbox 3408 4544 3656 4600; x_wconf 88' lang='lat' dir='ltr'>Ferreoli</span> 
     </span>
    </p>
   </div>
   <div class='ocr_carea' id='block_1_92' title="bbox 2009 4631 3656 4704">
    <p class='ocr_par' dir='ltr' id='par_1_92' title="bbox 2009 4631 3656 4704">
     <span class='ocr_line' id='line_1_93' title="bbox 2009 4631 3656 4704; baseline -0.001 -13"><span class='ocrx_word' id='word_1_594' title='bbox 2009 4634 2255 4691; x_wconf 75' lang='lat' dir='ltr'>cmnobii</span> <span class='ocrx_word' id='word_1_595' title='bbox 2335 4632 2614 4699; x_wconf 85' lang='lat' dir='ltr'>dominio,</span> <span class='ocrx_word' id='word_1_596' title='bbox 2673 4648 2806 4687; x_wconf 90' lang='lat' dir='ltr'>cum</span> <span class='ocrx_word' id='word_1_597' title='bbox 2864 4632 3024 4687; x_wconf 91' lang='lat' dir='ltr'>omni</span> <span class='ocrx_word' id='word_1_598' title='bbox 3084 4631 3412 4704; x_wconf 84' lang='lat' dir='ltr'>integritate</span> <span class='ocrx_word' id='word_1_599' title='bbox 3467 4632 3656 4689; x_wconf 90' lang='lat' dir='ltr'>eidem</span> 
     </span>
    </p>
   </div>
   <div class='ocr_carea' id='block_1_93' title="bbox 241 4720 3657 4799">
    <p class='ocr_par' dir='ltr' id='par_1_93' title="bbox 241 4720 3657 4799">
     <span class='ocr_line' id='line_1_94' title="bbox 241 4720 3657 4799; baseline 0 -21"><span class='ocrx_word' id='word_1_600' title='bbox 241 4721 387 4779; x_wconf 85' lang='lat' dir='ltr'>fredi</span> <span class='ocrx_word' id='word_1_601' title='bbox 418 4720 837 4777; x_wconf 89' lang='lat' dir='ltr'>archidiaconi.</span> <span class='ocrx_word' id='word_1_602' title='bbox 872 4722 929 4778; x_wconf 91' lang='lat' dir='ltr'>S.</span> <span class='ocrx_word' id='word_1_603' title='bbox 964 4720 1209 4776; x_wconf 82' lang='lat' dir='ltr'>Arualdi</span> <span class='ocrx_word' id='word_1_604' title='bbox 1230 4720 1647 4777; x_wconf 89' lang='lat' dir='ltr'>archidiaconi.</span> <span class='ocrx_word' id='word_1_605' title='bbox 1673 4723 1731 4777; x_wconf 92' lang='lat' dir='ltr'>S.</span> <span class='ocrx_word' id='word_1_606' title='bbox 1756 4722 1898 4779; x_wconf 85' lang='lat' dir='ltr'>Pon-</span> <span class='ocrx_word' id='word_1_607' title='bbox 1931 4735 1973 4799; x_wconf 83' lang='grc' dir='ltr'>ι)</span> <span class='ocrx_word' id='word_1_608' title='bbox 2009 4740 2166 4779; x_wconf 90' lang='lat' dir='ltr'>nunc</span> <span class='ocrx_word' id='word_1_609' title='bbox 2199 4723 2464 4790; x_wconf 88' lang='lat' dir='ltr'>restituo,</span> <span class='ocrx_word' id='word_1_610' title='bbox 2498 4723 2638 4777; x_wconf 91' lang='lat' dir='ltr'>cedo</span> <span class='ocrx_word' id='word_1_611' title='bbox 2669 4726 2845 4793; x_wconf 90' lang='lat' dir='ltr'>atque</span> <span class='ocrx_word' id='word_1_612' title='bbox 2876 4721 3063 4787; x_wconf 90' lang='lat' dir='ltr'>trado,</span> <span class='ocrx_word' id='word_1_613' title='bbox 3102 4725 3160 4775; x_wconf 91' lang='lat' dir='ltr'>et</span> <span class='ocrx_word' id='word_1_614' title='bbox 3210 4720 3520 4777; x_wconf 88' lang='lat' dir='ltr'>monachis</span> <span class='ocrx_word' id='word_1_615' title='bbox 3544 4726 3657 4779; x_wconf 86' lang='lat' dir='ltr'>Deo</span> 
     </span>
    </p>
   </div>
   <div class='ocr_carea' id='block_1_94' title="bbox 241 4810 1891 4884">
    <p class='ocr_par' dir='ltr' id='par_1_94' title="bbox 241 4810 1891 4884">
     <span class='ocr_line' id='line_1_95' title="bbox 241 4810 1891 4884; baseline -0.001 -16"><span class='ocrx_word' id='word_1_616' title='bbox 241 4810 308 4869; x_wconf 89' lang='lat' dir='ltr'>tii</span> <span class='ocrx_word' id='word_1_617' title='bbox 365 4810 709 4884; x_wconf 86' lang='lat' dir='ltr'>presbyteri.</span> <span class='ocrx_word' id='word_1_618' title='bbox 777 4811 836 4867; x_wconf 94' lang='lat' dir='ltr'>S.</span> <span class='ocrx_word' id='word_1_619' title='bbox 895 4810 1125 4867; x_wconf 90' lang='lat' dir='ltr'>Girardi</span> <span class='ocrx_word' id='word_1_620' title='bbox 1186 4810 1439 4866; x_wconf 90' lang='lat' dir='ltr'>diaconi.</span> <span class='ocrx_word' id='word_1_621' title='bbox 1492 4814 1547 4865; x_wconf 88' lang='lat' dir='ltr'>S.</span> <span class='ocrx_word' id='word_1_622' title='bbox 1609 4810 1891 4867; x_wconf 87' lang='lat' dir='ltr'>Bernardi</span> 
     </span>
    </p>
   </div>
   <div class='ocr_carea' id='block_1_95' title="bbox 242 4898 1893 4958">
    <p class='ocr_par' dir='ltr' id='par_1_95' title="bbox 242 4898 1893 4958">
     <span class='ocr_line' id='line_1_96' title="bbox 242 4898 1893 4958; baseline 0.001 -1"><span class='ocrx_word' id='word_1_623' title='bbox 242 4899 490 4958; x_wconf 85' lang='lat' dir='ltr'>diaconi.</span> <span class='ocrx_word' id='word_1_624' title='bbox 524 4900 584 4956; x_wconf 91' lang='lat' dir='ltr'>S.</span> <span class='ocrx_word' id='word_1_625' title='bbox 619 4898 791 4956; x_wconf 91' lang='lat' dir='ltr'>Sarili</span> <span class='ocrx_word' id='word_1_626' title='bbox 822 4899 1073 4956; x_wconf 89' lang='lat' dir='ltr'>diaconi.</span> <span class='ocrx_word' id='word_1_627' title='bbox 1108 4900 1166 4956; x_wconf 91' lang='grc'>8.</span> <span class='ocrx_word' id='word_1_628' title='bbox 1198 4900 1457 4957; x_wconf 86' lang='lat' dir='ltr'>Ascarici</span> <span class='ocrx_word' id='word_1_629' title='bbox 1478 4898 1687 4956; x_wconf 80' lang='lat' dir='ltr'>levitas.</span> <span class='ocrx_word' id='word_1_630' title='bbox 1710 4900 1769 4957; x_wconf 93' lang='grc'>8.</span> <span class='ocrx_word' id='word_1_631' title='bbox 1794 4901 1893 4958; x_wconf 89' lang='lat' dir='ltr'>Se-</span> 
     </span>
    </p>
   </div>
   <div class='ocr_carea' id='block_1_96' title="bbox 242 4987 1889 5062">
    <p class='ocr_par' dir='ltr' id='par_1_96' title="bbox 242 4987 1889 5062">
     <span class='ocr_line' id='line_1_97' title="bbox 242 4987 1889 5062; baseline -0.001 -16"><span class='ocrx_word' id='word_1_632' title='bbox 242 4989 451 5047; x_wconf 90' lang='lat' dir='ltr'>nioreti</span> <span class='ocrx_word' id='word_1_633' title='bbox 482 4988 773 5045; x_wconf 89' lang='lat' dir='ltr'>canonici.</span> <span class='ocrx_word' id='word_1_634' title='bbox 808 4988 869 5044; x_wconf 93' lang='lat' dir='ltr'>S.</span> <span class='ocrx_word' id='word_1_635' title='bbox 903 4987 1185 5062; x_wconf 90' lang='lat' dir='ltr'>Guigonis</span> <span class='ocrx_word' id='word_1_636' title='bbox 1216 4988 1504 5058; x_wconf 90' lang='lat' dir='ltr'>canonici,</span> <span class='ocrx_word' id='word_1_637' title='bbox 1526 4988 1585 5044; x_wconf 92' lang='lat' dir='ltr'>S.</span> <span class='ocrx_word' id='word_1_638' title='bbox 1610 4988 1889 5047; x_wconf 85' lang='lat' dir='ltr'>Riehardi</span> 
     </span>
    </p>
   </div>
   <div class='ocr_carea' id='block_1_97' title="bbox 240 5076 1891 5137">
    <p class='ocr_par' dir='ltr' id='par_1_97' title="bbox 240 5076 1891 5137">
     <span class='ocr_line' id='line_1_98' title="bbox 240 5076 1891 5137; baseline 0.001 -2"><span class='ocrx_word' id='word_1_639' title='bbox 240 5077 604 5135; x_wconf 86' lang='lat' dir='ltr'>subdiaconi.</span> <span class='ocrx_word' id='word_1_640' title='bbox 639 5078 697 5135; x_wconf 93' lang='lat' dir='ltr'>S.</span> <span class='ocrx_word' id='word_1_641' title='bbox 728 5076 999 5135; x_wconf 87' lang='lat' dir='ltr'>Adelardi</span> <span class='ocrx_word' id='word_1_642' title='bbox 1030 5077 1312 5134; x_wconf 89' lang='lat' dir='ltr'>custodis.</span> <span class='ocrx_word' id='word_1_643' title='bbox 1348 5080 1407 5135; x_wconf 90' lang='lat' dir='ltr'>S.</span> <span class='ocrx_word' id='word_1_644' title='bbox 1434 5077 1741 5135; x_wconf 89' lang='lat' dir='ltr'>Guarnerii</span> <span class='ocrx_word' id='word_1_645' title='bbox 1771 5097 1891 5137; x_wconf 86' lang='lat' dir='ltr'>ma-</span> 
     </span>
    </p>
   </div>
   <div class='ocr_carea' id='block_1_98' title="bbox 311 5219 1887 5302">
    <p class='ocr_par' dir='ltr' id='par_1_98' title="bbox 311 5219 1887 5302">
     <span class='ocr_line' id='line_1_99' title="bbox 311 5219 1887 5302; baseline 0.001 -26"><span class='ocrx_word' id='word_1_646' title='bbox 311 5222 389 5293; x_wconf 91' lang='grc'>(1)</span> <span class='ocrx_word' id='word_1_647' title='bbox 423 5219 678 5302; x_wconf 76' lang='lat' dir='ltr'>Insignis</span> <span class='ocrx_word' id='word_1_648' title='bbox 697 5219 934 5302; x_wconf 75' lang='lat' dir='ltr'>abbatis</span> <span class='ocrx_word' id='word_1_649' title='bbox 962 5220 1021 5302; x_wconf 80' lang='lat' dir='ltr'>in</span> <span class='ocrx_word' id='word_1_650' title='bbox 1052 5221 1200 5302; x_wconf 79' lang='lat' dir='ltr'>urbe</span> <span class='ocrx_word' id='word_1_651' title='bbox 1225 5219 1567 5302; x_wconf 70' lang='lat' dir='ltr'>Viennensi,</span> <span class='ocrx_word' id='word_1_652' title='bbox 1601 5238 1727 5293; x_wconf 78' lang='lat' dir='ltr'>quae</span> <span class='ocrx_word' id='word_1_653' title='bbox 1758 5225 1887 5277; x_wconf 88' lang='lat' dir='ltr'>tau-</span> 
     </span>
    </p>
   </div>
   <div class='ocr_carea' id='block_1_99' title="bbox 238 5291 1888 5492">
    <p class='ocr_par' dir='ltr' id='par_1_99' title="bbox 238 5291 1888 5492">
     <span class='ocr_line' id='line_1_100' title="bbox 238 5291 1634 5350; baseline -0.003 0"><span class='ocrx_word' id='word_1_654' title='bbox 238 5291 372 5350; x_wconf 84' lang='lat' dir='ltr'>dem</span> <span class='ocrx_word' id='word_1_655' title='bbox 398 5292 471 5348; x_wconf 91' lang='lat' dir='ltr'>ad</span> <span class='ocrx_word' id='word_1_656' title='bbox 502 5291 815 5348; x_wconf 78' lang='lat' dir='ltr'>canonicos</span> <span class='ocrx_word' id='word_1_657' title='bbox 850 5291 1156 5347; x_wconf 77' lang='lat' dir='ltr'>saeculares</span> <span class='ocrx_word' id='word_1_658' title='bbox 1188 5292 1445 5347; x_wconf 87' lang='lat' dir='ltr'>transiit.</span> <span class='ocrx_word' id='word_1_659' title='bbox 1620 5291 1634 5293; x_wconf 18' lang='grc' dir='ltr'>ἡ</span> 
     </span>
     <span class='ocr_line' id='line_1_101' title="bbox 310 5362 1888 5492; baseline -0.001 -72"><span class='ocrx_word' id='word_1_660' title='bbox 310 5363 387 5492; x_wconf 48' lang='grc' dir='ltr'>ξ)</span> <span class='ocrx_word' id='word_1_661' title='bbox 416 5364 659 5446; x_wconf 75' lang='lat' dir='ltr'>Pontius</span> <span class='ocrx_word' id='word_1_662' title='bbox 706 5370 809 5446; x_wconf 73' lang='lat' dir='ltr'>aut</span> <span class='ocrx_word' id='word_1_663' title='bbox 855 5364 1246 5419; x_wconf 87' lang='lat' dir='ltr'>Romaueusis</span> <span class='ocrx_word' id='word_1_664' title='bbox 1303 5368 1406 5419; x_wconf 87' lang='lat' dir='ltr'>aut</span> <span class='ocrx_word' id='word_1_665' title='bbox 1463 5364 1518 5419; x_wconf 91' lang='lat' dir='ltr'>S.</span> <span class='ocrx_word' id='word_1_666' title='bbox 1574 5362 1888 5420; x_wconf 89' lang='lat' dir='ltr'>Theuderii</span> 
     </span>
     <span class='ocr_line' id='line_1_102' title="bbox 244 5434 996 5492; baseline -0.004 0"><span class='ocrx_word' id='word_1_667' title='bbox 244 5437 312 5492; x_wconf 86' lang='lat' dir='ltr'>ab</span> <span class='ocrx_word' id='word_1_668' title='bbox 356 5453 422 5491; x_wconf 87' lang='lat' dir='ltr'>as</span> <span class='ocrx_word' id='word_1_669' title='bbox 453 5439 713 5490; x_wconf 78' lang='lat' dir='ltr'>extitisse</span> <span class='ocrx_word' id='word_1_670' title='bbox 744 5434 996 5489; x_wconf 80' lang='lat' dir='ltr'>Videtur.</span> 
     </span>
    </p>
   </div>
   <div class='ocr_carea' id='block_1_100' title="bbox 244 5434 1367 5515">
    <p class='ocr_par' dir='ltr' id='par_1_100' title="bbox 244 5434 1367 5515">
     <span class='ocr_line' id='line_1_103' title="bbox 244 5434 1367 5515; baseline 0.009 -28"><span class='ocrx_word' id='word_1_671' title='bbox 244 5434 713 5515; x_wconf 36' lang='lat' dir='ltr'>abbasﬁestitisse</span> <span class='ocrx_word' id='word_1_672' title='bbox 744 5434 1001 5515; x_wconf 51' lang='lat' dir='ltr'>videtur:</span> <span class='ocrx_word' id='word_1_673' title='bbox 1013 5508 1023 5515; x_wconf 87' lang='lat'>_</span> <span class='ocrx_word' id='word_1_674' title='bbox 1267 5508 1277 5515; x_wconf 90' lang='lat'>_</span> <span class='ocrx_word' id='word_1_675' title='bbox 1357 5504 1367 5515; x_wconf 83' lang='lat'><em>_</em></span> 
     </span>
    </p>
   </div>
   <div class='ocr_carea' id='block_1_101' title="bbox 310 5504 1889 5589">
    <p class='ocr_par' dir='ltr' id='par_1_101' title="bbox 310 5504 1889 5589">
     <span class='ocr_line' id='line_1_104' title="bbox 310 5504 1889 5589; baseline 0.001 -28"><span class='ocrx_word' id='word_1_676' title='bbox 310 5507 387 5589; x_wconf 76' lang='lat'>(3)</span> <span class='ocrx_word' id='word_1_677' title='bbox 418 5504 778 5589; x_wconf 81' lang='lat' dir='ltr'>Dothmarus</span> <span class='ocrx_word' id='word_1_678' title='bbox 799 5505 1032 5577; x_wconf 64' lang='lat' dir='ltr'>praefuit</span> <span class='ocrx_word' id='word_1_679' title='bbox 1052 5504 1408 5561; x_wconf 90' lang='lat' dir='ltr'>monasterio</span> <span class='ocrx_word' id='word_1_680' title='bbox 1430 5506 1489 5561; x_wconf 90' lang='lat' dir='ltr'>S.</span> <span class='ocrx_word' id='word_1_681' title='bbox 1517 5506 1757 5562; x_wconf 83' lang='lat' dir='ltr'>Andreae</span> <span class='ocrx_word' id='word_1_682' title='bbox 1803 5506 1889 5563; x_wconf 91' lang='lat' dir='ltr'>iu-</span> 
     </span>
    </p>
   </div>
   <div class='ocr_carea' id='block_1_102' title="bbox 244 5578 1886 5720">
    <p class='ocr_par' dir='ltr' id='par_1_102' title="bbox 244 5578 1886 5720">
     <span class='ocr_line' id='line_1_105' title="bbox 244 5578 1886 5720; baseline -0.002 -16"><span class='ocrx_word' id='word_1_683' title='bbox 244 5578 719 5720; x_wconf 29' lang='lat' dir='ltr'>felglii‘lotandus</span> <span class='ocrx_word' id='word_1_684' title='bbox 749 5645 843 5701; x_wconf 91' lang='lat' dir='ltr'>hic</span> <span class='ocrx_word' id='word_1_685' title='bbox 873 5645 1038 5702; x_wconf 89' lang='lat' dir='ltr'>locus</span> <span class='ocrx_word' id='word_1_686' title='bbox 1057 5718 1066 5720; x_wconf 96' lang='lat'><em>_</em></span> <span class='ocrx_word' id='word_1_687' title='bbox 1085 5647 1157 5701; x_wconf 90' lang='lat' dir='ltr'>de</span> <span class='ocrx_word' id='word_1_688' title='bbox 1203 5650 1370 5717; x_wconf 88' lang='lat' dir='ltr'>patre</span> <span class='ocrx_word' id='word_1_689' title='bbox 1420 5648 1755 5719; x_wconf 86' lang='lat' dir='ltr'>Leodegarii</span> <span class='ocrx_word' id='word_1_690' title='bbox 1786 5665 1886 5703; x_wconf 86' lang='lat' dir='ltr'>ar-</span> 
     </span>
    </p>
   </div>
   <div class='ocr_carea' id='block_1_103' title="bbox 239 5716 1886 5801">
    <p class='ocr_par' dir='ltr' id='par_1_103' title="bbox 239 5716 1886 5801">
     <span class='ocr_line' id='line_1_106' title="bbox 239 5716 1886 5801; baseline 0 -28"><span class='ocrx_word' id='word_1_691' title='bbox 239 5716 608 5801; x_wconf 73' lang='lat' dir='ltr'>chiepiscopi,</span> <span class='ocrx_word' id='word_1_692' title='bbox 631 5719 1037 5801; x_wconf 43' lang='lat' dir='ltr'>cuj‘us&#39;nomen</span> <span class='ocrx_word' id='word_1_693' title='bbox 1056 5716 1337 5773; x_wconf 88' lang='lat' dir='ltr'>hactenus</span> <span class='ocrx_word' id='word_1_694' title='bbox 1361 5716 1799 5801; x_wconf 52' lang='lat' dir='ltr'>ignorabamus,</span> <span class='ocrx_word' id='word_1_695' title='bbox 1821 5725 1886 5775; x_wconf 88' lang='lat' dir='ltr'>ut</span> 
     </span>
    </p>
   </div>
   <div class='ocr_carea' id='block_1_104' title="bbox 239 5785 1884 5860">
    <p class='ocr_par' dir='ltr' id='par_1_104' title="bbox 239 5785 1884 5860">
     <span class='ocr_line' id='line_1_107' title="bbox 239 5785 1884 5860; baseline -0.001 -12"><span class='ocrx_word' id='word_1_696' title='bbox 239 5795 292 5849; x_wconf 87' lang='lat' dir='ltr'>et</span> <span class='ocrx_word' id='word_1_697' title='bbox 319 5785 672 5859; x_wconf 43' lang='lat' dir='ltr'>fratris—ejus</span> <span class='ocrx_word' id='word_1_698' title='bbox 703 5785 1004 5858; x_wconf 83' lang='lat' dir='ltr'>Willelmi,</span> <span class='ocrx_word' id='word_1_699' title='bbox 1040 5805 1208 5860; x_wconf 89' lang='lat' dir='ltr'>quos,</span> <span class='ocrx_word' id='word_1_700' title='bbox 1242 5785 1416 5846; x_wconf 61' lang='lat' dir='ltr'>cum&#39;</span> <span class='ocrx_word' id='word_1_701' title='bbox 1430 5796 1565 5849; x_wconf 90' lang='lat' dir='ltr'>ante</span> <span class='ocrx_word' id='word_1_702' title='bbox 1594 5791 1884 5848; x_wconf 84' lang='lat' dir='ltr'>Humber-</span> 
     </span>
    </p>
   </div>
   <div class='ocr_carea' id='block_1_105' title="bbox 2002 4809 3655 4883">
    <p class='ocr_par' dir='ltr' id='par_1_105' title="bbox 2002 4809 3655 4883">
     <span class='ocr_line' id='line_1_108' title="bbox 2002 4809 3655 4883; baseline 0 -15"><span class='ocrx_word' id='word_1_703' title='bbox 2002 4811 2391 4868; x_wconf 89' lang='lat' dir='ltr'>servientibus</span> <span class='ocrx_word' id='word_1_704' title='bbox 2417 4810 2631 4866; x_wconf 90' lang='lat' dir='ltr'>ibidem</span> <span class='ocrx_word' id='word_1_705' title='bbox 2665 4809 3168 4883; x_wconf 77' lang='lat' dir='ltr'>permanantibus,</span> <span class='ocrx_word' id='word_1_706' title='bbox 3220 4809 3492 4866; x_wconf 88' lang='lat' dir='ltr'>videlicet</span> <span class='ocrx_word' id='word_1_707' title='bbox 3519 4828 3655 4868; x_wconf 90' lang='lat' dir='ltr'>eum</span> 
     </span>
    </p>
   </div>
   <div class='ocr_carea' id='block_1_106' title="bbox 2001 4898 3657 4974">
    <p class='ocr_par' dir='ltr' id='par_1_106' title="bbox 2001 4898 3657 4974">
     <span class='ocr_line' id='line_1_109' title="bbox 2001 4898 3657 4974; baseline 0 -17"><span class='ocrx_word' id='word_1_708' title='bbox 2001 4900 2297 4974; x_wconf 89' lang='lat' dir='ltr'>parochia,</span> <span class='ocrx_word' id='word_1_709' title='bbox 2331 4899 2629 4973; x_wconf 87' lang='lat' dir='ltr'>primitiis,</span> <span class='ocrx_word' id='word_1_710' title='bbox 2661 4898 2966 4967; x_wconf 90' lang='lat' dir='ltr'>cimiterio,</span> <span class='ocrx_word' id='word_1_711' title='bbox 3002 4898 3240 4971; x_wconf 89' lang='lat' dir='ltr'>insuper</span> <span class='ocrx_word' id='word_1_712' title='bbox 3272 4898 3500 4955; x_wconf 89' lang='lat' dir='ltr'>decimo</span> <span class='ocrx_word' id='word_1_713' title='bbox 3532 4917 3657 4957; x_wconf 89' lang='lat' dir='ltr'>om-</span> 
     </span>
    </p>
   </div>
   <div class='ocr_carea' id='block_1_107' title="bbox 2000 4988 3657 5062">
    <p class='ocr_par' dir='ltr' id='par_1_107' title="bbox 2000 4988 3657 5062">
     <span class='ocr_line' id='line_1_110' title="bbox 2000 4988 3657 5062; baseline 0.001 -16"><span class='ocrx_word' id='word_1_714' title='bbox 2000 5007 2190 5062; x_wconf 89' lang='lat' dir='ltr'>neque</span> <span class='ocrx_word' id='word_1_715' title='bbox 2253 4989 2571 5057; x_wconf 90' lang='lat' dir='ltr'>teloueum,</span> <span class='ocrx_word' id='word_1_716' title='bbox 2616 4988 2918 5055; x_wconf 90' lang='lat' dir='ltr'>eorvadas,</span> <span class='ocrx_word' id='word_1_717' title='bbox 2970 5005 3145 5045; x_wconf 91' lang='lat' dir='ltr'>omne</span> <span class='ocrx_word' id='word_1_718' title='bbox 3194 5005 3427 5062; x_wconf 91' lang='lat' dir='ltr'>quoque</span> <span class='ocrx_word' id='word_1_719' title='bbox 3471 4990 3657 5047; x_wconf 86' lang='lat' dir='ltr'>servi-</span> 
     </span>
    </p>
   </div>
   <div class='ocr_carea' id='block_1_108' title="bbox 1998 5077 3659 5152">
    <p class='ocr_par' dir='ltr' id='par_1_108' title="bbox 1998 5077 3659 5152">
     <span class='ocr_line' id='line_1_111' title="bbox 1998 5077 3659 5152; baseline 0.001 -17"><span class='ocrx_word' id='word_1_720' title='bbox 1998 5081 2268 5136; x_wconf 89' lang='lat' dir='ltr'>tium.....</span> <span class='ocrx_word' id='word_1_721' title='bbox 2288 5078 2479 5152; x_wconf 87' lang='lat' dir='ltr'>ipsam</span> <span class='ocrx_word' id='word_1_722' title='bbox 2503 5078 2811 5135; x_wconf 88' lang='lat' dir='ltr'>ecclesiam</span> <span class='ocrx_word' id='word_1_723' title='bbox 2834 5077 3075 5134; x_wconf 89' lang='lat' dir='ltr'>alteram</span> <span class='ocrx_word' id='word_1_724' title='bbox 3100 5095 3280 5151; x_wconf 89' lang='lat' dir='ltr'>super</span> <span class='ocrx_word' id='word_1_725' title='bbox 3297 5079 3485 5151; x_wconf 88' lang='lat' dir='ltr'>ripam</span> <span class='ocrx_word' id='word_1_726' title='bbox 3510 5079 3659 5137; x_wconf 87' lang='lat' dir='ltr'>Rho-</span> 
     </span>
    </p>
   </div>
   <div class='ocr_carea' id='block_1_109' title="bbox 1996 5220 3654 5294">
    <p class='ocr_par' dir='ltr' id='par_1_109' title="bbox 1996 5220 3654 5294">
     <span class='ocr_line' id='line_1_112' title="bbox 1996 5220 3654 5294; baseline -0.002 -16"><span class='ocrx_word' id='word_1_727' title='bbox 1996 5226 2124 5279; x_wconf 88' lang='lat' dir='ltr'>tum</span> <span class='ocrx_word' id='word_1_728' title='bbox 2193 5222 2465 5277; x_wconf 86' lang='lat' dir='ltr'>comitem</span> <span class='ocrx_word' id='word_1_729' title='bbox 2517 5220 2997 5293; x_wconf 86' lang='lat' dir='ltr'>subscripserint,</span> <span class='ocrx_word' id='word_1_730' title='bbox 3060 5238 3284 5294; x_wconf 71' lang='lat' dir='ltr'>magna}</span> <span class='ocrx_word' id='word_1_731' title='bbox 3333 5220 3654 5276; x_wconf 89' lang='lat' dir='ltr'>nobilitatis</span> 
     </span>
    </p>
   </div>
   <div class='ocr_carea' id='block_1_110' title="bbox 1997 5294 3243 5364">
    <p class='ocr_par' dir='ltr' id='par_1_110' title="bbox 1997 5294 3243 5364">
     <span class='ocr_line' id='line_1_113' title="bbox 1997 5294 3243 5364; baseline -0.002 -13"><span class='ocrx_word' id='word_1_732' title='bbox 1997 5295 2182 5351; x_wconf 87' lang='lat' dir='ltr'>fuisse</span> <span class='ocrx_word' id='word_1_733' title='bbox 2211 5294 2581 5364; x_wconf 87' lang='lat' dir='ltr'>conjicimus.</span> <span class='ocrx_word' id='word_1_734' title='bbox 3231 5306 3243 5317; x_wconf 86' lang='lat'><em>’</em></span> 
     </span>
    </p>
   </div>
   <div class='ocr_carea' id='block_1_111' title="bbox 2070 5361 3653 5436">
    <p class='ocr_par' dir='ltr' id='par_1_111' title="bbox 2070 5361 3653 5436">
     <span class='ocr_line' id='line_1_114' title="bbox 2070 5361 3653 5436; baseline -0.001 -17"><span class='ocrx_word' id='word_1_735' title='bbox 2070 5366 2146 5436; x_wconf 88' lang='lat'>(5)</span> <span class='ocrx_word' id='word_1_736' title='bbox 2180 5361 2367 5436; x_wconf 82' lang='lat' dir='ltr'>Vulgo</span> <span class='ocrx_word' id='word_1_737' title='bbox 2424 5364 2846 5420; x_wconf 82' lang='lat' dir='ltr'>Athanaceusis</span> <span class='ocrx_word' id='word_1_738' title='bbox 2908 5364 3300 5436; x_wconf 88' lang='lat' dir='ltr'>monasterii,_</span> <span class='ocrx_word' id='word_1_739' title='bbox 3328 5361 3653 5436; x_wconf 80' lang='lat' dir='ltr'>quiabbas</span> 
     </span>
    </p>
   </div>
   <div class='ocr_carea' id='block_1_112' title="bbox 1997 5432 3647 5508">
    <p class='ocr_par' dir='ltr' id='par_1_112' title="bbox 1997 5432 3647 5508">
     <span class='ocr_line' id='line_1_115' title="bbox 1997 5432 3647 5508; baseline -0.003 -17"><span class='ocrx_word' id='word_1_740' title='bbox 1997 5432 2369 5508; x_wconf 78' lang='lat' dir='ltr'>desideratur</span> <span class='ocrx_word' id='word_1_741' title='bbox 2415 5436 2473 5491; x_wconf 91' lang='lat' dir='ltr'>in</span> <span class='ocrx_word' id='word_1_742' title='bbox 2519 5436 2773 5508; x_wconf 86' lang='lat' dir='ltr'>vulgatis</span> <span class='ocrx_word' id='word_1_743' title='bbox 2843 5435 3137 5490; x_wconf 89' lang='lat' dir='ltr'>iudicibus</span> <span class='ocrx_word' id='word_1_744' title='bbox 3215 5432 3381 5488; x_wconf 84' lang='lat' dir='ltr'>valde</span> <span class='ocrx_word' id='word_1_745' title='bbox 3432 5432 3647 5503; x_wconf 89' lang='lat' dir='ltr'>imper-</span> 
     </span>
    </p>
   </div>
   <div class='ocr_carea' id='block_1_113' title="bbox 1996 5506 2182 5563">
    <p class='ocr_par' dir='ltr' id='par_1_113' title="bbox 1996 5506 2182 5563">
     <span class='ocr_line' id='line_1_116' title="bbox 1996 5506 2182 5563; baseline 0.011 -2"><span class='ocrx_word' id='word_1_746' title='bbox 1996 5506 2182 5563; x_wconf 89' lang='lat' dir='ltr'>feetis.</span> 
     </span>
    </p>
   </div>
   <div class='ocr_carea' id='block_1_114' title="bbox 2066 5572 3649 5648">
    <p class='ocr_par' dir='ltr' id='par_1_114' title="bbox 2066 5572 3649 5648">
     <span class='ocr_line' id='line_1_117' title="bbox 2066 5572 3649 5648; baseline -0.004 -15"><span class='ocrx_word' id='word_1_747' title='bbox 2066 5579 2145 5648; x_wconf 86' lang='lat'>(6)</span> <span class='ocrx_word' id='word_1_748' title='bbox 2204 5577 2492 5632; x_wconf 86' lang='lat' dir='ltr'>Hodricus</span> <span class='ocrx_word' id='word_1_749' title='bbox 2551 5595 2653 5633; x_wconf 89' lang='lat' dir='ltr'>seu</span> <span class='ocrx_word' id='word_1_750' title='bbox 2728 5576 2976 5633; x_wconf 88' lang='lat' dir='ltr'>Udricus</span> <span class='ocrx_word' id='word_1_751' title='bbox 3035 5576 3144 5630; x_wconf 89' lang='lat' dir='ltr'>fuit</span> <span class='ocrx_word' id='word_1_752' title='bbox 3200 5575 3382 5648; x_wconf 84' lang='lat' dir='ltr'>abbas</span> <span class='ocrx_word' id='word_1_753' title='bbox 3409 5572 3649 5648; x_wconf 13' lang='lat' dir='ltr'>“insula</span> 
     </span>
    </p>
   </div>
   <div class='ocr_carea' id='block_1_115' title="bbox 1995 5645 3648 5715">
    <p class='ocr_par' dir='ltr' id='par_1_115' title="bbox 1995 5645 3648 5715">
     <span class='ocr_line' id='line_1_118' title="bbox 1995 5645 3648 5715; baseline -0.002 -13"><span class='ocrx_word' id='word_1_754' title='bbox 1995 5645 2287 5715; x_wconf 63' lang='lat' dir='ltr'>Barbarae,</span> <span class='ocrx_word' id='word_1_755' title='bbox 2319 5649 2406 5703; x_wconf 88' lang='lat' dir='ltr'>vel</span> <span class='ocrx_word' id='word_1_756' title='bbox 2439 5650 2723 5705; x_wconf 89' lang='lat' dir='ltr'>Odericus</span> <span class='ocrx_word' id='word_1_757' title='bbox 2772 5650 2954 5703; x_wconf 87' lang='lat' dir='ltr'>abbas</span> <span class='ocrx_word' id='word_1_758' title='bbox 2988 5647 3258 5701; x_wconf 88' lang='lat' dir='ltr'>Jureusis</span> <span class='ocrx_word' id='word_1_759' title='bbox 3308 5647 3368 5701; x_wconf 90' lang='lat' dir='ltr'>S.</span> <span class='ocrx_word' id='word_1_760' title='bbox 3396 5645 3648 5700; x_wconf 83' lang='lat' dir='ltr'>Claudii.</span> 
     </span>
    </p>
   </div>
   <div class='ocr_carea' id='block_1_116' title="bbox 2067 5716 3649 5791">
    <p class='ocr_par' dir='ltr' id='par_1_116' title="bbox 2067 5716 3649 5791">
     <span class='ocr_line' id='line_1_119' title="bbox 2067 5716 3649 5791; baseline -0.001 -18"><span class='ocrx_word' id='word_1_761' title='bbox 2067 5724 2145 5791; x_wconf 90' lang='lat'>(7)</span> <span class='ocrx_word' id='word_1_762' title='bbox 2176 5720 2343 5775; x_wconf 90' lang='lat' dir='ltr'>Hunc</span> <span class='ocrx_word' id='word_1_763' title='bbox 2376 5722 2701 5791; x_wconf 86' lang='lat' dir='ltr'>Eugenium</span> <span class='ocrx_word' id='word_1_764' title='bbox 2730 5718 3205 5791; x_wconf 77' lang='lat' dir='ltr'>suspicorfuisse</span> <span class='ocrx_word' id='word_1_765' title='bbox 3238 5719 3511 5774; x_wconf 85' lang='lat' dir='ltr'>abbatem</span> <span class='ocrx_word' id='word_1_766' title='bbox 3545 5716 3649 5772; x_wconf 86' lang='lat' dir='ltr'>Sa-</span> 
     </span>
    </p>
   </div>
   <div class='ocr_carea' id='block_1_117' title="bbox 1993 5788 3069 5865">
    <p class='ocr_par' dir='ltr' id='par_1_117' title="bbox 1993 5788 3069 5865">
     <span class='ocr_line' id='line_1_120' title="bbox 1993 5788 3069 5865; baseline -0.004 -18"><span class='ocrx_word' id='word_1_767' title='bbox 1993 5788 2315 5865; x_wconf 46' lang='lat' dir='ltr'>vign&#39;ieusis</span> <span class='ocrx_word' id='word_1_768' title='bbox 2348 5792 2406 5847; x_wconf 91' lang='lat' dir='ltr'>S.</span> <span class='ocrx_word' id='word_1_769' title='bbox 2442 5788 2676 5848; x_wconf 74' lang='lat' dir='ltr'>Martini</span> <span class='ocrx_word' id='word_1_770' title='bbox 2711 5788 3069 5846; x_wconf 82' lang='lat' dir='ltr'>monasterii.</span> 
     </span>
    </p>
   </div>
  </div>
