3978 6366
457 439 614 510 1407

1480 425 1912 510 STEPHANI
1955 441 2022 504 s.
2069 440 2144 504 Β.
2186 440 2261 506 E.
2305 439 2770 504 CARDINALIS

3720 429 3859 508 1408

452 575 617 648 deni,
665 576 782 636 sive
829 595 1006 636 ar.....
1059 576 1436 652 optimusque
1480 579 1726 645 constat,
1785 575 1858 633 ad
1907 577 2082 648 caput
2111 573 2168 641 Α
2195 574 2612 648 Leodegarium
2633 573 3026 634 Viennensem
3065 568 3710 650 archiepiscopum,et
3725 568 3856 627 Ade-

451 665 644 740 ipsius
663 665 918 724 ecclesias
939 666 1140 736 situm,
1173 672 1230 723 et
1259 670 1464 722 caetera
1491 667 1688 722 omnia
1726 679 2087 738 quaecunque

450 753 723 814 videntur
750 757 822 812 ad
843 755 1119 812 eumdum
1144 755 1333 811 locum
1353 755 1657 827 pertinere,
1682 771 1816 810 cum
1839 751 2083 825 campis,

449 843 658 912 vineis,
693 845 892 916 pratis,
929 843 1129 910 hortis,
1165 842 1868 911 molendinis,arboribus
1898 840 2084 914 pomi-

451 931 592 988 feris
629 936 686 987 et
733 930 1137 1002 impomiferis,
1187 930 1377 1002 aquis,
1431 930 1669 1002 aquisve
1717 929 2083 995 decursibus,

451 1021 606 1076 sicut
625 1020 889 1074 sciuntur
915 1018 1168 1085 termini,
1203 1022 1260 1074 et
1289 1019 1382 1074 hic
1430 1019 1720 1075 habentur
1743 1017 1965 1089 scripti.
1997 1017 2084 1072 Ab

450 1107 670 1164 oriente
693 1111 843 1162 terra
863 1107 922 1161 S.
947 1106 1022 1178 (8)
1055 1105 1311 1162 Mauritii
1350 1107 1634 1163 terminos
1675 1107 1776 1178 qui
1804 1107 2088 1162 vocantur

450 1193 740 1266 Suspulis,
762 1196 834 1249 ab
855 1195 1150 1250 occidente
1173 1199 1327 1250 terra
1347 1195 1581 1267 regalis,
1614 1212 1649 1250 a
1669 1195 1911 1250 meridie
1931 1197 2088 1249 terra

449 1287 507 1338 S.
541 1283 752 1350 Severi,
786 1284 858 1337 ab
889 1281 1161 1354 aquilone
1201 1287 1354 1338 terra
1379 1285 1450 1338 de
1467 1281 1705 1338 castello
1729 1283 1826 1354 qui
1847 1284 2086 1338 vocatur

448 1371 635 1436 Saxol,
665 1375 722 1426 et
759 1371 828 1426 de
879 1370 1029 1425 villis
1079 1373 1265 1426 Μαδίη
1311 1375 1368 1426 et
1413 1373 1613 1438 Macen,
1666 1370 2000 1442 parochiam
2030 1373 2086 1423 et

449 1462 648 1516 omnia
666 1477 792 1531 qua:
817 1459 1108 1530 pertinent
1135 1460 1207 1513 ad
1244 1459 1600 1530 parochiam,
1633 1475 1767 1514 cum
1793 1458 1950 1513 omni
1981 1457 2084 1513 de-

449 1547 622 1618 cimo,
656 1547 928 1618 primitiis
958 1564 1023 1601 ac
1053 1549 1399 1602 cemceterio.
1432 1547 1672 1618 Insuper
1699 1547 1876 1602 etiam
1907 1547 2084 1602 reddo

449 1651 635 1690 unum
662 1652 932 1691 mansum
964 1635 1064 1706 qui
1096 1641 1334 1690 vocatur
1363 1635 1752 1690 Adamaredas
1783 1651 1959 1708 super
1991 1651 2082 1690 ec-

450 1722 686 1778 clesiam
719 1724 910 1778 Sancti
944 1722 1222 1778 Dcsidcrii
1244 1723 1421 1778 situm
1445 1740 1579 1777 cum
1607 1723 1852 1794 campis,
1877 1721 2082 1790 vineis,

449 1811 723 1868 omnibus
753 1811 988 1866 omnino
1023 1811 1197 1866 rebus
1225 1811 1296 1866 ad
1329 1811 1598 1866 eumdem
1621 1828 1894 1866 mansum
1915 1810 2085 1882 perti-

449 1899 742 1954 nentibus.
766 1898 823 1954 Si
859 1899 990 1970 quis
1021 1915 1156 1970 ergo
1181 1899 1332 1954 hanc
1353 1899 1725 1954 donationem
1765 1899 1852 1954 vel
1885 1899 2083 1954 reddi-

447 1987 660 2044 tionem
695 1987 1016 2058 inquietare
1043 1986 1370 2053 tentaverit,
1405 1987 1679 2043 omnibus
1713 1987 1812 2044 Dei
1842 1985 2083 2043 maledi-

446 2075 739 2131 ctionibus
789 2075 1108 2144 subjaceat,
1157 2075 1566 2147 cujuscunque
1621 2075 1796 2131 fuerit
1827 2091 2084 2150 personae

447 2167 548 2218 aut
567 2162 886 2234 dignitatis,
911 2162 1100 2234 sitque
1119 2167 1427 2219 extraneas
1449 2180 1482 2218 a
1503 2163 1760 2218 fidelium
1789 2163 2083 2229 societate,

449 2250 558 2306 hac
603 2251 914 2307 donatione
959 2250 1299 2307 inconvulsa
1347 2255 1624 2322 perpetuo
1685 2253 2097 2325 permanente“

451 2339 622 2394 Facta
656 2339 889 2393 donatio
938 2337 1057 2394 haec
1100 2355 1253 2394 anno
1305 2338 1726 2394 Incarnationis
1773 2338 2084 2394 Dominicm

448 2425 607 2493 4037,
641 2425 954 2482 indictione
982 2444 1036 2494 ν,
1072 2442 1224 2482 anno
1258 2444 1334 2492 1x,
1387 2425 1753 2498 imperatoris
1797 2427 2078 2482 Romano-

449 2529 581 2569 rum
597 2513 866 2569 Conradi.

517 2601 634 2674 Ego
663 2602 862 2672 Nuspa
884 2600 1206 2657 monachus
1227 2601 1298 2656 ad
1322 2601 1502 2657 vicem
1536 2601 1734 2657 domni
1758 2601 2081 2658 cancellarii

445 2689 893 2762 scripsi,domno
918 2689 1264 2763 Leodegario
1286 2689 1718 2764 archiepiscopo
1743 2691 2079 2758 mandante,

445 2795 598 2836 anno
625 2777 1011 2834 ordinationis
1058 2779 1185 2848 ejus
1219 2795 1318 2846 vn,
1368 2778 1505 2834 feria
1555 2797 1572 2834 1
1619 2777 1884 2834 stationis
1914 2779 1984 2834 ad
2017 2778 2078 2834 8.

444 2865 775 2924 Ferreolum
803 2871 939 2922 ante
971 2867 1160 2922 natale
1191 2867 1444 2922 Domini.

516 2954 778 3010 Domnus
799 2955 1187 3027 Lcodegarius
1221 2954 1694 3027 archiepisc0pus
1729 2955 2078 3012 firmavit.S.

443 3041 614 3098 Sarili
644 3042 869 3098 decani.
901 3031 960 3096 S'.
994 3043 1217 3097 Artaldi
1251 3043 1562 3114 praepositi.
1591 3045 1648 3099 S.
1681 3042 1942 3098 Nortaldi
1976 3045 2079 3099 ab-

443 3129 616 3185 batis.
636 3129 695 3185 S.
728 3129 899 3186 Petri.
923 3135 978 3184 S.
1009 3130 1272 3202 Synfredi
1301 3130 1711 3186 archidiaconi.
1747 3131 1804 3186 8.
1837 3131 2078 3186 Arualdi

445 3217 856 3274 archidiaconi.
907 3217 964 3272 S.
1016 3217 1276 3273 Herberti
1323 3217 1733 3274 archidiaconi.
1786 3219 1844 3274 S.
1892 3219 2079 3274 Pontii

2191 663 2402 734 leidem
2437 662 2926 720 marchionissam
2967 677 3104 719 cum
3134 660 3274 719 ﬁliis
3329 658 3494 718 suis.
3540 657 3742 734 Longa
3771 674 3858 732 per

2193 755 2455 825 tempora
2479 751 2644 809 stetit
2664 753 2792 824 ipsa
2813 754 3046 808 moneta
3065 751 3224 807 bona
3248 749 3314 806 in
3337 749 3620 824 pondere
3642 751 3701 804 et
3721 763 3858 802 men-

2191 857 2332 898 sura
2359 841 2594 897 decena.
2629 841 2824 912 Nuper
2854 843 3052 895 autem
3097 843 3371 912 tempore
3425 835 3663 900 Odonis
3711 851 3857 894 mar-

2191 929 2416 986 chionis
2444 929 2552 1001 viri
2585 929 2676 986 sui
2722 927 2980 986 latrones
3029 931 3088 984 et
3135 925 3368 984 falsarii
3422 925 3490 982 in
3549 925 3740 999 burgo
3769 923 3858 997 qui

2191 1017 2408 1074 dicitur
2429 1015 2769 1090 Aquabella,
2793 1019 3180 1092 corruperunt
3191 1031 3325 1072 eam
3342 1019 3409 1072 et
3422 1013 3860 1078 confunderent

2189 1109 2246 1162 et
2266 1105 2641 1172 falsaverunt,
2664 1105 2970 1178 ignorante
2983 1103 3326 1179 supradicto
3345 1101 3730 1161 marchione.
3753 1101 3852 1168 Qui

2192 1194 2390 1250 statim
2407 1197 2472 1249 ut
2487 1193 2708 1252 audivit
2735 1193 3050 1250 clamorem
3073 1191 3411 1265 supradicti
3437 1186 3859 1262 archiepiscopi

2191 1281 2838 1355 Viennensis,priecepit
2851 1298 2924 1338 ne
2937 1279 3196 1354 amplius
3213 1281 3406 1336 fleret.
3416 1279 3630 1352 Neque
3644 1278 3856 1335 factum

2191 1375 2280 1426 est
2299 1387 2364 1426 eo
2390 1371 2632 1426 vivente.
2652 1373 2788 1428 Post
2807 1373 3048 1426 mortem
3071 1385 3206 1424 vero
3239 1368 3377 1440 ejus
3413 1368 3860 1424 insurrexerunt

2192 1461 2249 1514 et
2275 1457 2376 1514 alii
2405 1457 2682 1526 latrones,
2714 1461 2772 1512 et
2817 1457 3003 1514 secuti
3043 1460 3186 1513 sunt
3229 1455 3499 1530 priores,
3551 1458 3612 1510 et
3652 1453 3854 1510 iterum

2194 1545 3022 1618 falsaverunteam,quousque
3036 1543 3356 1617 praedictus
3373 1543 3858 1616 archiepiscOpus

2193 1633 2580 1706 Leodegarius
2611 1633 2766 1689 venit
2793 1633 2854 1688 in
2907 1631 3133 1689 Italiam
3183 1633 3256 1690 ad
3312 1631 3678 1704 praedictam
3710 1647 3851 1686 mar-

2193 1721 2548 1780 chionissam
2589 1723 2864 1778 domnam
2897 1719 3264 1778 Adeleidam.
3321 1723 3468 1787 Quae
3501 1717 3778 1778 similiter
3801 1721 3859 1773 ut

2193 1809 2432 1878 audivit,
2456 1827 2526 1864 ne
2547 1809 2798 1881 amplius
2821 1809 2984 1866 fieret
3003 1809 3298 1884 praecepit.
3332 1810 3573 1865 Tamen
3598 1810 3664 1864 ut
3681 1805 3855 1864 omni-

2192 1899 2304 1954 bus
2335 1903 2540 1954 notum
2575 1899 2696 1967 ﬁat,
2729 1897 3010 1970 trapezita
3039 1913 3072 1951 a
3101 1897 3322 1956 domno
3356 1897 3560 1952 Leone
3593 1911 3744 1976 papa
3769 1910 3855 1950 ex-

2193 1986 2680 2061 communicatus,
2700 1985 2954 2058 paralysi
2980 2001 3326 2058 percussus,
3358 1983 3660 2047 membris
3681 1980 3853 2046 omni-

2194 2074 2305 2132 bus
2333 2073 2678 2141 dissolutus,
2713 2073 2958 2149 impiam
2991 2073 3174 2128 vitam
3205 2073 3398 2145 digna
3434 2075 3632 2128 morte
3663 2069 3851 2126 ﬁnivit.

2195 2161 2363 2218 Modo
2393 2165 2592 2220 autem
2617 2161 2920 2235 ignorante
2950 2161 3292 2234 supradicta
3323 2161 3561 2216 domna
3589 2158 3853 2216 Adeleida

2193 2250 2638 2318 marchionissa,
2689 2249 2788 2306 alii
2832 2249 3014 2306 exorti
3061 2256 3227 2318 sunt,
3273 2253 3336 2305 et
3388 2249 3678 2326 praedicta
3707 2245 3852 2302 mala

2192 2343 2558 2410 sequuntur;
2591 2339 2694 2394 sed
2727 2337 3021 2394 mediante
3051 2339 3268 2397 domno
3315 2337 3587 2394 Adraldo
3634 2338 3850 2393 Breme-

2191 2427 2446 2483 tensium
2477 2426 2707 2495 abbate,
2738 2430 2795 2484 et
2818 2425 3059 2483 Artaldo
3090 2425 3371 2486 Ecclesia:
3405 2429 3626 2483 nostrae
3648 2440 3848 2498 praepo-

2191 2514 2324 2582 sito,
2357 2514 2734 2576 dimittuntur
2761 2513 3100 2586 supradicta
3129 2512 3320 2581 mala,
3365 2517 3428 2571 et
3477 2529 3560 2573 ne
3602 2509 3842 2588 amplius

2191 2603 2354 2670 ﬁant,
2387 2602 2673 2676 promittit
2693 2603 2910 2659 domna
2928 2600 3202 2660 Adeleida
3240 2600 3689 2658 marchionissa
3717 2614 3838 2656 cum

2192 2690 2328 2748 ﬁliis
2361 2692 2484 2748 suis
2510 2692 2679 2747 Petro
2709 2693 2766 2746 et
2795 2690 3042 2748 Amedeo
3075 2693 3133 2746 et
3161 2689 3390 2760 Odone,
3425 2689 3546 2746 Deo
3577 2693 3636 2744 et
3655 2690 3842 2744 sancto

2191 2779 2469 2835 Mauricio
2502 2779 2560 2833 in
2593 2795 2772 2834 manu
2802 2777 3014 2836 Domni
3045 2779 3397 2852 Leodegarii
3430 2773 3840 2850 archiepiscopi

2189 2866 2558 2933 Viennensis,
2581 2871 2646 2922 ut
2664 2865 2726 2922 in
2748 2871 2870 2922 tota
2891 2869 3180 2940 potestate
3200 2883 3312 2922 sua
3344 2865 3706 2928 Viennensis
3728 2878 3842 2926 mo-

2192 2959 2326 3012 neta
2345 2955 2601 3028 amplius
2627 2973 2742 3012 non
2766 2955 3027 3026 falsetur,
3067 2971 3260 3029 neque
3298 2957 3436 3024 fiat,
3478 2970 3669 3030 neque
3701 2968 3840 3018 vera.
3948 2959 3949 2976 ‘

2190 3058 2378 3116 neque
2401 3043 2548 3099 falsa
2567 3042 2667 3098 illa
2701 3060 2830 3116 quae
2868 3043 2928 3100 in
2969 3041 3198 3100 Vienna
3236 3043 3424 3104 fuerit
3455 3043 3630 3099 facta.
3658 3041 3720 3097 Et
3743 3039 3838 3094 hoc

2190 3133 2324 3188 fecit
2359 3149 2461 3204 pro
2499 3148 2699 3188 amore
2748 3131 2850 3186 Dei
2895 3135 2954 3188 et
2977 3131 3176 3188 Sancti
3205 3131 3489 3190 Mauricii.
3520 3145 3655 3187 cum
3685 3125 3842 3193 sociis

2189 3221 2312 3276 suis
2337 3238 2350 3288 ;
2379 3220 2450 3276 de
2470 3221 2642 3291 cujus
2673 3219 2960 3276 beneﬁcio
2984 3219 3274 3276 honorata
3303 3225 3422 3291 est,
3455 3225 3516 3278 et
3536 3235 3640 3292 pro
3661 3215 3840 3274 anima

443 3304 726 3361 canonici.
759 3305 817 3360 S.
850 3305 1128 3360 Senioreti
1161 3305 1444 3360 canonici.
1469 3307 1528 3362 S.
1561 3304 1792 3362 Geraldi
1824 3307 2074 3363 diaconi.
2107 3290 2150 3357 Ο
2191 3308 2436 3365 senioris
2457 3290 2826 3364 suiOddonis
2850 3307 3214 3366 marchionis
3245 3313 3306 3368 et
3341 3290 3452 3382 pro
3486 3290 3598 3365 sua
3626 3309 3682 3362 et
3708 3303 3838 3360 lilio-

440 3396 498 3449 8.
533 3393 809 3448 Bernardi
847 3391 1096 3449 diaconi.
1149 3393 1206 3447 8.
1255 3394 1468 3450 Ascarii
1515 3393 1716 3450 levitas.
1771 3395 1830 3450 S.
1859 3395 2077 3468 Ugonis

441 3479 722 3536 canonici.
755 3484 812 3536 S.
844 3480 1107 3536 Garnerii
1149 3481 1408 3537 canonici
1455 3482 1722 3556 magistri
1745 3483 1978 3540 scholae.
2013 3485 2072 3540 S.

2190 3413 2320 3452 rum
2335 3413 2577 3453 suorum
2597 3395 2807 3465 salute,
2831 3395 2932 3472 qui
2975 3395 3086 3452 hoc
3122 3395 3452 3456 laudantet
3484 3395 3834 3458 conﬁrmant,

2183 3485 2451 3541 videlicet
2479 3489 2686 3540 Petrus
2709 3482 3158 3558 primogenitus,
3182 3489 3242 3540 et
3269 3485 3574 3544 Amedeus
3593 3487 3650 3539 et
3669 3479 3834 3538 Oddo.

439 3567 677 3626 Gerardi
707 3568 992 3624 canonici.
1025 3569 1082 3624 S.
1111 3569 1337 3626 Girardi
1371 3571 1652 3626 canonici.
1703 3571 1760 3626 S.
1796 3570 2073 3628 Adalardi
2184 3570 2408 3628 Laudat
2464 3571 2572 3627 hoc
2624 3571 2879 3626 domnus
2930 3569 3224 3627 Adraldus
3274 3573 3467 3629 abbas
3520 3571 3834 3628 Bremeten-

341 3709 347 3715 .
439 3655 702 3713 canonici
724 3657 1110 3729 grammatici.
1137 3658 1196 3712 S.
1221 3657 1516 3730 Giudgerii
1543 3658 1826 3715 canonici.
1849 3665 1906 3714 S.
1932 3660 2079 3716 Ren-

443 3743 623 3800 conis.
649 3744 996 3802 S.Richardi
1017 3745 1276 3801 canonici
1315 3747 1676 3804 subdiacon‘i.
1729 3748 1786 3804 S.
1847 3747 2078 3806 Milonis

441 3831 704 3889 canonici
750 3837 805 3888 S.
840 3831 1149 3889 Rothbaldi
1196 3834 1562 3902 subdiaconi,
1604 3841 1661 3892 et
1715 3836 1905 3892 caeteri
1964 3853 2078 3894 uno

444 3920 641 3977 animo
672 3921 1072 3978 ﬁrmaverunt.

785 4081 860 4134 De
885 4085 1111 4154 moneta,
1135 4011 1424 4136 νὶἐνξξίωιςί
1452 4089 1732 4154 corrupta.

1064 4153 1252 4221 (Anno
1285 4153 1468 4222 1043.)

441 4215 635 4289 [Apud
664 4221 993 4288 Acnsnwm,
1023 4215 1214 4291 spicit.
1256 4228 1370 4276 vet.
1419 4215 1558 4278 edit.
1610 4227 1653 4278 t.
1711 4223 1830 4291 XII,
1864 4241 1918 4296 p.
1951 4226 2080 4293 284,

513 4321 582 4360 ex
611 4305 970 4450 chajrtutario
1012 4308 1327 4366 Viennensi
1376 4328 1411 4367 a
1455 4311 1520 4369 D.
1572 4311 1914 4368 d'iierouval
1943 4329 2079 4370 con-

515 4393 698 4433 cesso.

515 4393 698 4433 06880.

514 4447 730 4505 Notitia
759 4450 1104 4506 Viennensis
1149 4457 1412 4523 monetae,
1462 4470 1588 4525 quae
1637 4452 1788 4508 facta
1817 4460 1900 4510 est
1933 4452 2084 4508 inter

2187 3659 2290 3727 sis,
2335 3664 2394 3716 et
2443 3659 2714 3716 Artaldus
2761 3660 3111 3732 praepositus
3166 3659 3462 3722 Ecclesia
3500 3653 3834 3716 Viennensis

2185 3763 2320 3804 cum
2353 3747 2558 3805 ceteris
2588 3745 2860 3804 fidelibus
2889 3747 3036 3816 suis,
3071 3763 3335 3824 quorum
3383 3750 3502 3808 ista
3556 3750 3696 3808 sunt
3745 3759 3832 3800 no-

2191 3853 2373 3893 mina.

2263 4014 2412 4070 Data
2436 4029 2538 4086 per
2562 4029 2776 4069 manus
2797 4013 3042 4070 Bosonis
3063 4015 3138 4070 ad
3169 4011 3360 4071 vicem
3404 4012 3607 4073 domni
3628 4005 3832 4068 cancel-

2189 4101 2316 4158 larii
2347 4105 2405 4157 et
2448 4098 2825 4174 primiscrinii
2871 4118 2912 4156 II
2962 4101 3090 4157 Kal.
3143 4102 3516 4170 Decembris,
3564 4099 3702 4156 luna
3727 4110 3828 4160 xvr,

2189 4190 2333 4249 feria
2361 4206 2437 4262 ιν,
2476 4188 2744 4244 Heinrico
2790 4189 3048 4246 secundo
3077 4205 3238 4264 rege,
3286 4192 3561 4248 nondum
3591 4189 3830 4258 impera-

2189 4282 2336 4344 tore,
2376 4277 2620 4334 Caasaris
2667 4281 2726 4332 et
2770 4275 3146 4349 imperatoris
3185 4278 3328 4345 filio,
3385 4280 3567 4352 hujus
3622 4277 3826 4331 domne

2193 4365 2633 4422 marchionissae
2665 4381 2898 4437 genero.
2933 4365 3187 4442 Recepta
3232 4385 3340 4442 per
3386 4382 3602 4424 manus
3649 4356 3826 4424 demDi

2194 4451 2617 4526 archiepiscopi
2648 4452 3006 4526 Leodegarii.

513 4544 590 4616 (8)
622 4547 684 4602 Id
723 4551 812 4604 est
839 4548 1090 4604 ecclesias
1121 4549 1474 4605 cathedralis
1504 4567 1630 4621 quas
1659 4553 1714 4606 S.
1749 4549 2030 4605 Mauricio
2057 4566 2224 4606 sacra
2253 4556 2360 4607 est.

443 4635 3824 4688 W____H

2883 4666 3608 4686 :________m

1802 4751 1952 4790 ANNO
1982 4750 2188 4792 DOMINI
2219 4751 2462 4794 MLXVIII.

1467 4875 2816 5038 STEPHANUS

758 5115 1285 5210 SANCTxE
1348 5118 1929 5216 ROMAN/E
2002 5121 2654 5224 ECCLESI/E
2718 5123 3532 5223 CARDINALIS.

1912 5262 2329 5274 —-—-——_.

1557 5325 2018 5416 NOTITIA
2077 5327 2711 5420 HISTORICA.

511 5430 704 5502 (Αρυά
735 5439 788 5493 J-
819 5443 882 5493 G.
918 5442 1086 5495 Eccs.
1117 5443 1373 5512 Purpura
1401 5444 1826 5526 (ἰοσίρηεθυ-ζέθε
1848 5451 2020 5526 gesiz
2042 5450 2103 5526 ‘S.
2154 5455 2220 5526 ῃ,
2241 5521 2256 5526 _
2280 5452 2340 5526 E_.
2399 5451 2794 5526 car-diuquam,
2841 5453 3130 5526 desumpta
3155 5471 3228 5512 ea:
3282 5455 3559 5520 Ciaconia,
3609 5441 3809 5506 Αηάνεα

1490 5515 1790 5584 Victoretlo,
1820 5515 2120 5588 Augustino
2147 5521 2405 5589 Oldoino,
2438 5527 2575 5591 etc.,
2607 5523 2648 5591 l,
2678 5515 2792 5595 45.)

1928 5625 2338 5637 ...υ-

516 5641 617 5698 διε
645 5648 894 5722 phanus,
928 5659 1160 5714 natione
1179 5659 1401 5727 Gallus,
1424 5661 1510 5716 vir
1538 5680 1644 5718 suo
1671 5667 1932 5740 tempore
1951 5669 2433 5740 litteratissimus,
2467 5689 2501 5728 a
2527 5675 2586 5730 S.
2621 5674 2810 5732 Leone
2839 5673 2912 5730 IX
2939 5676 3012 5731 ad
3020 5677 3392 5754 jipurpuram
3411 5676 3653 5737 avsonias,
3677 5663 3809 5721 inter
