3978 6370
206 417 406 478 1413
1078 417 1591 481 PRIVILEGIUM
1644 421 1792 481 PRO
1839 421 2210 484 ECCLESIA
2258 423 2836 485 VINDOCINENSI.
3507 426 3661 485 1414

203 547 529 620 principis
558 547 809 603 civitatis
839 548 1104 618 ejusdem
1133 549 1363 605 evenire
1395 551 1581 621 possit
1628 568 1898 608 securum
1933 555 1985 620 Α
2017 555 2420 611 misericordia
2492 556 2708 611 senties
2785 555 3188 610 ecclesiastica:
3257 556 3661 611 districtionis.

200 637 410 692 facio.
445 637 612 702 Quod
644 637 693 692 si
727 653 830 691 nec
861 636 932 692 ad
966 654 1072 692 nos
1105 654 1208 693 nec
1240 639 1310 692 ad
1343 639 1647 695 dominum
1679 637 1900 710 Imeum
2012 643 2319 715 Exemplar
2349 645 2525 698 etiam
2560 645 2728 699 mitto
2759 643 3016 715 epistolze
3061 644 3239 713 hujus
3302 643 3604 714 potestatis
3636 661 3668 698 a

199 725 277 782 in
319 725 508 781 dictis
539 725 811 781 terminis
834 726 1030 780 venire
1051 726 1653 796 volueris,vindictam
1678 731 1900 802 absque
2010 733 2246 788 domino
2270 750 2396 788 meo
2419 733 2563 787 mihi
2587 733 2832 788 traditae.

1118 999 1230 1081 IN
1291 998 1846 1088 CONCILIO
1910 1001 2782 1089 BURDEGALENSI

569 1147 873 1220 Stephanus
902 1147 1239 1216 cardinalis,
1273 1148 1413 1203 sedis
1448 1150 1764 1220 apostolica:
1795 1152 2022 1219 legatus,
2047 1151 2242 1206 cellam
2271 1152 2327 1207 S.
2365 1152 2658 1208 Clementis
2678 1153 2743 1207 (lc
2768 1153 3028 1209 Crcdom‘o
3060 1154 3340 1209 monachis

1591 1221 2073 1278 Vindocinensibus
2111 1225 2327 1278 asserit.

654 1343 874 1414 (Edidit
903 1344 1062 1413 dom,
1096 1347 1371 1400 MARTENE
1404 1345 1551 1401 Thes.
1585 1347 1808 1415 Anecd.,
1842 1352 1886 1403 t.
1931 1347 2023 1415 IV,
2058 1347 2166 1404 col.
2199 1349 2325 1415 635,
2360 1365 2426 1404 ex
2461 1349 2749 1404 chartario
2780 1349 3250 1420 Vindocinensi.)

301 1578 475 1632 Licet
505 1577 930 1632 monachorum
963 1577 1018 1633 S.
1045 1576 1252 1632 Albani
1279 1577 1537 1648 querela,
1561 1595 1740 1649 quam
1764 1594 1902 1649 erga
1931 1591 1979 1654 Β
2012 1579 2112 1649 qui
2138 1581 2340 1634 eodem
2358 1598 2460 1652 pro
2484 1581 3291 1636 necessitatibusmonasterii
3313 1582 3404 1636 sui
3430 1586 3670 1636 Romam

225 1665 578 1722 monachos
597 1664 908 1720 Vindocini
925 1666 995 1720 de
1008 1664 1253 1720 ecclesia
1267 1666 1766 1736 Credonensijure
1789 1665 1901 1720 sibi
2012 1675 2363 1739 perrexerat,
2385 1686 2517 1724 cum
2542 1670 2599 1724 in
2628 1670 2874 1724 concilio
2893 1675 3029 1724 tunc
3052 1687 3245 1724 coram
3268 1670 3505 1725 Nicolao
3524 1689 3675 1743 papa

213 1755 460 1810 habere
490 1753 855 1821 videbantur,
881 1754 1096 1825 saepius
1116 1753 1410 1819 ventilata,
1426 1755 1650 1825 injuste
1672 1770 1905 1827 semper

215 1848 287 1901 et
319 1844 403 1899 de
435 1842 664 1898 invidiae
696 1847 822 1898 orta
852 1842 1047 1898 radice
1073 1843 1243 1915 legali
1269 1843 1492 1913 judicio
1524 1844 1904 1915 comprobata

218 1934 312 1990 sit
342 1951 357 1988 :
394 1948 632 2003 semper
657 1935 854 1987 tamen
879 1948 976 1986 eos
1006 1931 1200 1987 verbis
1232 1931 1538 1998 lacessere,
1572 1937 1628 1987 et
1675 1931 1905 2003 placitis

208 2023 361 2094 jam
380 2020 866 2076 definitisiterum
880 2020 1207 2091 inquietare
1225 2019 1396 2076 solita
1411 2038 1518 2076 sua
1537 2021 1906 2093 improbitate

221 2109 631 2168 contendunt.
666 2109 860 2163 Prima
892 2125 1146 2180 namque
1177 2107 1495 2175 calumnia,
1527 2126 1706 2181 quam
1730 2109 1813 2164 eis
1835 2109 1905 2164 de

222 2197 528 2272 praedicta
547 2196 793 2254 ecclesia
809 2197 1158 2263 intulerunt,
1183 2198 1456 2253 audiente
1479 2198 1694 2252 domno
1712 2197 1752 2251 E
1775 2197 1907 2267 [Eu-

221 2286 457 2358 sebio],
489 2287 933 2359 Andegavorum
972 2285 1266 2358 pontiﬁce,
1301 2290 1357 2341 et
1387 2287 1601 2341 domno
1637 2290 1727 2339 W.
1752 2285 1904 2356 [Wl-

222 2376 615 2450 grino],tunc
647 2375 857 2430 abbate
885 2377 940 2428 S.
973 2374 1181 2446 Sergii,
1215 2378 1419 2446 postea
1450 2375 1600 2430 facto
1633 2373 1906 2447 episcOpo

215 2462 615 2528 Cenomanis,
646 2463 864 2518 domno
895 2478 1131 2534 quoque
1162 2464 1227 2516 A.
1260 2463 1475 2517 abbate
1506 2463 1564 2518 S.
1613 2463 1906 2518 Vincentii

218 2553 508 2626 ejusdem
540 2551 809 2617 civitatis,
830 2550 1150 2622 multisque
1171 2550 1304 2607 aliis
1325 2551 1734 2623 probabilibus
1766 2553 1906 2607 viris

222 2639 636 2716 praesentibus
666 2656 859 2696 coram
892 2639 1148 2695 Goffrido
1189 2641 1400 2695 comite
1450 2640 1601 2696 facta
1642 2645 1752 2709 est,
1805 2641 1904 2713 qui

229 2748 382 2789 cum
420 2745 519 2786 eos
543 2728 888 2800 requisisset
918 2732 983 2784 ut
1011 2727 1238 2785 litteras
1261 2728 1346 2784 vel
1374 2732 1551 2784 testes
1567 2729 1909 2786 exhiberent

231 2822 311 2877 de
347 2818 668 2875 donatione
696 2817 798 2873 illa
822 2833 998 2889 quam
1031 2817 1144 2872 sibi
1176 2835 1209 2873 a
1239 2818 1462 2873 Suardo
1479 2818 1671 2873 vetulo
1694 2819 1906 2874 factam

235 2908 440 2965 fuisse
469 2907 824 2973 asserebant,
854 2909 911 2961 et
940 2907 1094 2977 quod
1126 2911 1289 2979 pater
1322 2924 1466 2962 suus
1497 2906 1670 2962 Fulco
1712 2924 1907 2963 comes

2013 1757 2253 1813 collecto
2295 1775 2429 1814 cum
2465 1758 2689 1814 caeteris
2723 1763 2960 1826 astaret,
2993 1769 3051 1813 et
3083 1761 3411 1814 accusatori
3444 1759 3526 1814 illi
3584 1777 3673 1815 ra-

2013 1847 2171 1902 tione
2185 1864 2444 1918 congrua
2463 1848 2532 1902 de
2556 1849 2706 1902 dono
2722 1847 2976 1902 ecclesiae
2995 1847 3349 1904 monasterio
3363 1849 3672 1904 Vindocini

2015 1937 2184 2004 facto,
2215 1937 2357 1990 etde
2380 1935 2605 2005 judicio
2660 1936 2992 2008 Andegavis
3042 1942 3243 2006 postea
3277 1954 3310 1990 a
3359 1939 3672 2008 smpedicto

2014 2023 2223 2079 comite
2255 2024 2320 2079 G.
2349 2023 2598 2095 aliisque
2628 2024 3130 2095 supranominatis
3153 2025 3292 2080 viris
3317 2024 3551 2096 publice
3575 2027 3671 2081 de-

2011 2113 2348 2178 terminato,
2386 2113 2820 2184 respondisset;
2853 2130 3164 2168 commune
3195 2114 3394 2168 domni
3425 2131 3588 2186 papae
3619 2120 3676 2169 et

2015 2201 2420 2274 episcoporum
2447 2201 2546 2273 qui
2570 2202 2807 2257 adfuere
2839 2203 3068 2257 decreto
3101 2202 3388 2257 sancitum
3423 2207 3513 2258 est
3534 2220 3676 2275 prae-

2016 2291 2195 2345 fatam
2230 2290 2532 2345 ecclesiam
2564 2295 2620 2344 S.
2655 2290 2966 2346 Clementis
2992 2291 3063 2346 de
3093 2291 3450 2347 Credonensi
3481 2295 3673 2347 castro

2016 2379 2086 2433 ad
2103 2379 2204 2449 jus
2223 2379 2446 2433 Sancta:
2471 2378 2776 2433 Trinitatis
2802 2379 3253 2435 Vindocinensis
3275 2380 3521 2434 cmnobii
3545 2398 3672 2452 pro-

2017 2466 2108 2522 cul
2140 2468 2319 2523 dubio
2353 2467 2618 2539 legaliter
2648 2467 2956 2539 pertinere.
2989 2468 3193 2522 Tantis
3226 2469 3406 2539 igitur
3429 2472 3668 2540 tamque

2017 2557 2372 2622 manifestis,
2405 2562 2461 2611 et
2493 2556 2734 2622 insuper
2755 2560 2916 2611 tanta
2937 2558 3284 2612 auctoritate
3302 2557 3559 2612 definitis
3575 2558 3674 2629 ju-

2017 2644 2187 2699 diciis
2205 2662 2356 2716 saepe
2381 2644 2649 2715 convicti,
2676 2645 3025 2700 innocentiae
3049 2645 3242 2701 adhuc
3267 2646 3664 2712 immemores,

2017 2738 2074 2788 et
2099 2737 2183 2788 tot.
2212 2732 2564 2803 injuriarum
2592 2751 2740 2804 quas
2774 2733 3078 2795 monachis
3110 2734 3416 2789 Vindocini
3447 2734 3572 2790 suis
3615 2735 3672 2788 in

2017 2821 2268 2890 Christo,
2302 2822 2482 2877 velint
2530 2820 2737 2890 nolint,
2789 2822 3070 2877 fratribus
3103 2823 3379 2891 fecerant,
3439 2823 3674 2895 penitus

2020 2928 2135 2966 non
2151 2912 2789 2978 recordantes,rursum
2814 2911 3024 2982 placita
3044 2910 3507 2983 iterare,judices
3530 2911 3676 2968 alios

236 2963 284 2965 -κ
811 2963 823 2973 ,
955 2963 974 2977 ,
1126 2963 1142 2979 .
2022 2963 3504 2983 εηαη-ηη---ωμ-η-
3532 2963 3673 2968 --έη

233 3003 296 3055 et
319 2998 458 3070 ipse
489 2997 712 3052 donum
743 2995 885 3050 illud
933 2995 1368 3065 auctorisasset,
1394 2997 1823 3069 responderunt
1849 3014 1909 3053 se
1940 2963 1982 3028 Ο
2021 2999 2080 3053 in
2097 2998 2304 3054 alienis
2318 2999 2656 3071 regionibus
2680 2999 2956 3053 adhibere
2979 2999 3678 3063 conatisunt.Quasivero

237 3088 394 3143 inde
427 3085 650 3141 litteras
679 3101 987 3156 nunquam
1019 3084 1325 3141 habuisse:
1361 3086 1460 3141 sed
1491 3090 1687 3141 tamen
1711 3091 1910 3141 utrum

237 3180 436 3233 testes
459 3174 674 3230 habere
704 3177 942 3246 possent
962 3189 1030 3229 ex
1045 3173 1385 3229 hominibus
1405 3174 1686 3246 temporis
1729 3174 1907 3242 illius,

239 3265 294 3322 si
327 3263 594 3338 spatium
623 3263 709 3319 eis
737 3263 1153 3320 concederetur
1177 3263 1492 3334 requirere.
1535 3267 1740 3319 Comes
1779 3281 1909 3319 vero

238 3351 894 3412 Goﬂ‘redusterminum
914 3351 1033 3407 illis
1045 3368 1265 3407 annum
1280 3352 1575 3423 integrum
1594 3358 1910 3424 ponens,ut

237 3443 405 3499 infra
425 3446 604 3498 testes
625 3458 784 3508 suos,
810 3445 866 3497 et
891 3441 1627 3512 undecunque,etiamsidc
1639 3441 1908 3496 hostibus

236 3532 374 3589 suis
406 3535 626 3598 essent,
660 3528 1008 3585 ﬁducialiter
1039 3535 1097 3584 et
1130 3530 1352 3601 absque
1381 3534 1540 3584 metu
1573 3529 1772 3600 aliquo
1794 3529 1905 3585 sibi

235 3621 610 3677 adducerent
637 3618 965 3691 imperavit.
1000 3619 1159 3684 Quod
1193 3635 1328 3673 cum
1377 3620 1564 3673 facere
1612 3618 1905 3689 nequivis-

235 3715 378 3766 sent
401 3710 585 3781 (quia,
612 3725 761 3780 quos
784 3724 1087 3780 nunquam
1107 3707 1714 3778 habuerant,rcperire
1727 3710 1904 3763 testes

236 3799 466 3856 alicubi
481 3815 596 3854 non
611 3796 1285 3868 valebant),calumniam
1302 3796 1534 3852 interim
1548 3796 1903 3862 omittentes,

236 3906 275 3945 ι
301 3887 481 3944 annis
499 3889 555 3943 et
575 3885 830 3958 amplius
853 3885 1070 3958 quibus
1088 3901 1283 3941 comes
1301 3883 1759 3940 Goifredusvixit
1775 3889 1907 3956 post

238 3991 314 4034 ea
344 3977 641 4034 siluerunt
665 3992 677 4031 :
713 3975 911 4031 statim
934 3991 1066 4031 vero
1088 3979 1224 4046 post
1250 3977 1495 4030 mortem
1517 3972 1679 4029 illius
1700 3979 1904 4046 aptum

240 4083 308 4123 se
320 4064 1031 4137 calumniandireperisse
1050 4068 1286 4136 tempus
1313 4062 1739 4131 existimantes,
1774 4080 1904 4119 rur-

237 4172 351 4212 sus
365 4172 518 4212 nova
536 4155 770 4211 decreta
787 4155 1208 4221 cudere,novos
1230 4152 1340 4208 sibi
1362 4151 1594 4222 judices
1623 4152 1904 4209 adversus

237 4244 572 4302 monachos
591 4243 898 4300 Vindocini
920 4260 1023 4315 per
1035 4257 1278 4298 manum
1297 4241 1550 4298 Gotfredi
1565 4241 1798 4298 comitis
1810 4243 1904 4313 ju-

2021 3089 2082 3142 in
2114 3087 2286 3143 aliam
2315 3091 2712 3143 transcurrere
2729 3088 3005 3160 patriam,
3025 3087 3417 3143 examinatam
3440 3087 3676 3144 rectitu-

2021 3176 2176 3232 dinis
2207 3176 2395 3248 possit
2416 3178 2754 3250 extinguere
2785 3177 3256 3232 veritatem.Post
3298 3176 3541 3249 longum
3572 3178 3676 3232 ita-

2021 3283 2132 3337 que
2163 3271 2417 3337 tempus,
2452 3283 2583 3321 cum
2617 3267 2856 3338 quidam
2881 3265 3211 3336 Stephanus
3227 3270 3287 3319 Β.
3307 3266 3457 3320 Petri
3482 3267 3678 3320 cardi-

2020 3353 2170 3409 nalis
2201 3354 2393 3409 dictus
2429 3354 2672 3410 Romani
2701 3354 2982 3409 antistitis
3002 3353 3309 3409 Alexandri
3334 3353 3671 3425 papaelega-

2017 3443 2176 3498 tione
2209 3444 2266 3497 in
2300 3442 2502 3498 Galliis
2533 3444 2874 3515 fungeretur
2899 3460 2912 3509 ;
2937 3447 3267 3497 remorante
3289 3442 3460 3496 illoin
3486 3443 3672 3497 Ande-

2017 3531 2253 3602 gavensi
2273 3532 2461 3603 patria
2479 3533 2632 3603 apud
2656 3537 2913 3586 castrum
2939 3530 3435 3596 Salmurum,ecce
3459 3532 3670 3586 iterum

2017 3619 2288 3675 monachi
2320 3625 2375 3674 S.
2412 3620 2621 3690 Albini,
2657 3620 2824 3691 quasi
2861 3619 3082 3674 noviter
3125 3623 3267 3675 tune
3322 3620 3669 3692 inciperent.

2015 3709 2442 3781 querimoniam
2478 3710 2547 3764 de
2580 3709 2885 3764 monachis
2932 3708 3242 3764 Vindocini
3293 3727 3395 3781 pro
3427 3709 3674 3764 ecclesia

2015 3798 2368 3854 Credonensi
2395 3800 2466 3854 ad
2501 3815 2671 3854 aures
2703 3797 2864 3854 illius
2892 3797 3277 3870 pertulerunt.
3315 3801 3386 3854 At
3433 3799 3530 3853 ille
3588 3799 3673 3852 eis

2016 3904 2130 3942 non
2144 3886 2342 3943 statim
2356 3887 2434 3941 ibi
2447 3887 2567 3954 ,sed
2585 3887 2740 3959 apud
2756 3887 3047 3941 civitatem
3065 3888 3142 3958 (2)
3162 3886 3666 3959 Burdigalam,ubi

2014 3981 2072 4032 et
2104 3975 2418 4031 concilium
2452 3975 2766 4031 habiturus
2793 3980 2935 4043 erat,
2970 3969 3333 4047 praemonitis
3367 3975 3673 4031 monachis

2011 4063 2322 4120 Vindocini
2353 4069 2410 4120 et
2440 4063 2578 4119 illuc
2606 4063 2844 4132 vocatis,
2880 4080 3304 4136 responsurum
3338 4081 3401 4119 se
3449 4067 3505 4118 et
3535 4081 3674 4119 cau-

2012 4171 2139 4210 sam
2177 4153 2491 4224 diligenter
2531 4153 2848 4226 spopondit
2876 4153 3372 4209 examinaturum.
3408 4155 3674 4226 Cumque

2014 4244 2084 4299 ad
2113 4242 2427 4298 concilium
2458 4242 2552 4298 die
2584 4242 2869 4298 Kalendas
2901 4242 3115 4315 Aprilis
3146 4242 3578 4309 convenissent,
3617 4248 3674 4297 et

237 4333 455 4400 nioris,
481 4332 734 4390 Goﬂ'redi
764 4331 1006 4388 alterius
1061 4331 1438 4402 successoris,
1494 4331 1678 4387 ascire
1717 4335 1902 4388 tenta-
1931 4336 1980 4402 D
2012 4331 2284 4388 monachi
2315 4332 2374 4387 S.
2408 4330 2604 4387 Albini
2636 4332 2954 4388 clamorem
2974 4348 3149 4388 suum
3178 4332 3406 4387 cunctis
3438 4331 3538 4403 qui
3571 4331 3671 4386 ad-

237 4424 392 4480 bant
414 4421 751 4492 ;nonnullos
772 4422 949 4478 etiam
972 4420 1300 4494 potentium
1317 4437 1700 4493 personarum
1722 4420 1897 4487 viros,

237 4527 398 4583 quos
422 4511 746 4585 improvide
768 4515 970 4568 contra
991 4512 1094 4582 jus
1115 4514 1173 4566 et
1191 4510 1280 4566 fas
1305 4510 1363 4564 in
1386 4509 1492 4566 hoc
1514 4509 1628 4566 sibi
1649 4511 1901 4566 maxime

235 4601 585 4672 profuturos
607 4601 944 4670 credebant,
969 4601 1294 4657 obaarantes
1320 4617 1334 4668 ;
1367 4604 1431 4654 ut
1459 4598 1725 4656 videlicet
1745 4601 1900 4671 quod

227 4689 405 4760 justa
433 4691 658 4748 ratione
679 4690 1082 4762 nequiverant,
1107 4688 1194 4744 vel
1227 4692 1526 4759 utcunque
1555 4689 1899 4745 muneribus

234 4778 474 4836 efﬁcere
505 4778 904 4853 praevalerent.
937 4778 1047 4835 Sed
1079 4795 1286 4834 eorum
1319 4793 1422 4850 spe
1452 4777 1509 4832 in
1563 4777 1671 4832 hac
1721 4778 1900 4833 etiam

234 4872 428 4940 parte,
461 4869 578 4926 Deo
609 4868 978 4941 disponente,
1012 4869 1316 4935 frustrata,
1343 4865 1458 4922 alia
1477 4867 1692 4922 iterum
1719 4867 1902 4938 adipi-

234 4959 442 5014 scendi
467 4958 624 5030 quod
654 4958 969 5030 cupiebant
991 4955 1178 5012 moliti
1204 4960 1345 5011 sunt
1371 4955 1584 5011 inferre
1604 4954 1900 5011 machina-

234 5050 462 5104 menta.
496 5047 786 5104 Miserunt
815 5063 1071 5120 namque
1095 5045 1352 5117 legatum
1377 5045 1572 5100 Romae
1598 5047 1687 5113 G.,
1713 5060 1897 5099 unum

234 5134 308 5191 de
333 5135 646 5193 monachis
677 5137 827 5205 suis,
850 5137 951 5208 qui
983 5151 1187 5192 eorum
1221 5151 1398 5206 super
1426 5133 1536 5189 hac
1567 5149 1628 5189 re
1661 5132 1898 5190 domino

233 5239 405 5297 papa
435 5226 763 5283 insinuaret
788 5223 1116 5298 querelam;
1153 5224 1253 5280 sed
1285 5223 1455 5294 longe
1505 5221 1672 5278 aliter
1719 5239 1894 5293 quam

231 5314 558 5384 sperabant
587 5314 798 5382 evenit,
819 5313 959 5385 quia
980 5316 1200 5386 quanto
1223 5311 1303 5366 ibi
1328 5309 1646 5366 districtior
1667 5314 1898 5367 tenetur

232 5415 488 5461 censura
508 5402 776 5475 justitize,
809 5406 971 5459 tanto
1005 5402 1204 5458 minus
1226 5399 1448 5456 invenit
1467 5399 1623 5472 quod
1641 5415 1895 5456 corrum-

231 5493 336 5560 pat
365 5492 616 5549 avaritia
646 5491 1012 5548 adinventrix
1023 5489 1290 5563 justitiae.
1316 5488 1581 5561 Denique
1598 5491 1662 5546 Ο.
1688 5489 1890 5558 abbas,

228 5727 483 5787 genuus.

2011 4425 2178 4478 erant
2206 4421 2586 4478 audientibus
2620 4421 2924 4489 fecissent;
2979 4421 3222 4494 quidam
3271 4421 3343 4477 de
3392 4419 3674 4476 fratribus

2009 4510 2320 4568 Vindocini
2351 4511 2451 4582 qui
2483 4510 2700 4566 idcirco
2730 4514 2984 4576 venerat,
3013 4508 3223 4565 Vitalis
3266 4508 3528 4575 nomine,
3591 4525 3675 4562 re-

2012 4599 2248 4672 spondit
2269 4597 2680 4656 causamillam
2693 4599 2819 4669 jam
2834 4597 3060 4670 pridem
3079 4597 3137 4652 in
3162 4598 3426 4653 Romana
3442 4596 3672 4668 synodo

2011 4689 2121 4745 sub
2139 4689 2489 4745 venerabilis
2521 4689 2813 4744 memoriae
2836 4686 3070 4743 Nicolao
3101 4703 3248 4758 papa
3292 4685 3523 4758 publice
3572 4687 3672 4740 de-

2010 4779 2388 4835 terminatam
2424 4779 2626 4843 fuisse,
2659 4777 3033 4832 audientibus
3065 4776 3420 4847 quibusdam
3451 4774 3672 4846 episco-

2010 4868 2101 4939 pis
2133 4869 2204 4923 de
2235 4866 2422 4923 Gallia
2453 4866 2522 4920 ad
2553 4865 2864 4920 concilium
2889 4865 3184 4936 profectis,
3209 4863 3670 4934 Hugonevideli-

2010 4961 2100 5013 cet
2121 4955 2485 5022 Niverncnsi,
2513 4955 2807 5011 Gualterio
2831 4953 3134 5023 Meldensi,
3159 4954 3416 5025 itemque
3432 4952 3673 5025 Ilugone

2008 5045 2302 5113 Trecensi,
2326 5049 2498 5115 atque
2522 5044 3247 5117 WigrinoCenomanensi,
3272 5059 3524 5115 quorum
3551 5048 3670 5098 tres

2008 5135 2074 5194 Η,
2106 5134 2332 5190 scilicet
2363 5137 2455 5189 W.
2492 5139 2546 5188 et
2568 5133 2719 5189 alius
2751 5133 2816 5190 H.
2855 5150 2986 5188 cum
3022 5133 3215 5189 adhuc
3271 5133 3529 5189 viverent
3613 5138 3669 5186 et

2007 5223 2280 5280 monachi
2304 5223 2566 5279 S.A1bini
2587 5223 2958 5296 saepedictam
2975 5223 3332 5279 calumniam
3360 5223 3671 5276 iterassent

2006 5312 2233 5368 litteras
2265 5330 2404 5368 suas
2430 5311 2830 5369 B.Turonensi
2854 5312 3297 5384 archiepiscOpo
3316 5314 3371 5366 et
3391 5311 3451 5363 E.
3485 5309 3671 5364 Ande-

2007 5417 2287 5474 gavorum
2319 5400 2579 5472 pontifici
2611 5401 2669 5456 in
2701 5401 3107 5458 testimonium
3132 5397 3436 5455 monachis
3453 5395 3666 5453 Vinde-

2006 5489 2122 5546 cini
2144 5488 3022 5563 transmiserunt,protestantes
3043 5489 3259 5545 vidisse
3277 5501 3340 5542 se
3361 5483 3666 5541 etaudisse

302 5642 738 5772 (ﬁngancilium
788 5643 1111 5720 Burdigalae
1144 5657 1295 5701 anno
1329 5642 1469 5698 1068
1510 5641 1824 5700 celebravit
1855 5641 2190 5716 Stephanus
2249 5640 2500 5714 legatus:
2534 5644 2606 5702 de
2637 5660 2751 5719 quo
2800 5643 2893 5700 hic
2941 5641 3106 5700 locus
3161 5637 3391 5695 videtur
3448 5634 3662 5698 intelli-
