3978 6388
163 361 408 444 141³7-
905 441 912 445 _
1199 358 1302 418 DE
1344 356 1836 430 INVENTIONB
1881 357 2265 420 CORPORIS
2310 357 2380 418 B.
2431 359 2694 420 MARCI.
3498 358 3672 454 1MB.

163 493 594 550 vindicabat.
609 491 864 566 Contigit
883 494 1077 548 autem
1092 495 1157 547 ut
1178 492 1593 565 pertransirent
1613 491 1749 547 inde
1770 491 1891 548 via-
1921 491 1978 559 Α
2007 491 2098 548 sui
2124 491 2769 564 episcopatusecclesiis
2783 491 2856 547 ab
2887 491 3108 564 iniquis
3130 495 3186 547 et
3208 491 3398 563 pravis
3409 491 3659 548 homini-

168 587 418 654 tores,
447 586 505 640 et
533 581 593 638 in
618 580 745 637 loco
776 582 978 638 eodem
993 581 1164 653 juxta
1193 580 1893 654 sepulcrum,nescientes
2003 581 2114 638 bus
2145 581 2461 650 desolatis;
2486 585 2542 637 et
2564 581 2704 636 dum
2733 582 2804 636 de
2834 580 2959 638 loco
2978 581 3037 636 in
3069 580 3265 636 locum
3282 581 3506 636 visendi
3529 595 3656 652 gra-

166 672 336 728 illic
356 671 738 746 requiescere
753 669 1302 726 sanctissimiMarci
1315 669 1639 728 venerabile
1661 687 1892 743 corpus,
2005 671 2084 726 tia
2115 671 2418 736 adfuisset,
2453 671 2718 743 pervenit
2748 671 2985 726 tandem
3022 672 3094 726 ad
3128 669 3490 743 episcopium
3515 669 3664 726 anti-

169 778 368 820 θυοδ
407 776 589 834 equos
616 758 831 816 vellent
859 759 1070 815 locare.
1100 758 1370 824 Quadam
1422 763 1620 816 autem
1680 758 1895 815 sancti-
2005 759 2302 832 quissimze
2331 761 2498 816 urbis
2527 760 2848 827 Atinensis,
2889 763 2945 816 et
2973 760 3279 832 ingressus
3319 758 3658 832 praedictam

173 845 514 908 monialis
545 848 769 906 femina
800 847 1079 904 clamosis
1105 847 1338 905 obsistit
1360 847 1623 915 vocibus,
1656 848 1893 904 dicens:
2006 848 2335 915 ecclesiam,
2358 844 2563 922 quaein
2587 849 2926 906 suburbano
2956 849 3248 920 praedictae
3281 847 3534 904 civitatis
3556 847 3658 903 ad-

177 962 219 991 ‹‹
258 937 512 1008 Nolite,
547 940 782 1007 fratres,
810 935 989 993 nolite
1009 936 1070 992 in
1087 937 1196 992 hoc
1215 940 1418 993 sancto
1439 935 1725 1010 hospitari
1747 937 1894 1005 loco,
2005 942 2115 1010 est,
2147 938 2647 1011 perlustransque,
2683 938 2902 994 invenit
2951 940 3085 993 ante
3145 941 3418 993 sanctum
3476 936 3662 993 altare

180 1046 278 1086 ne
316 1030 484 1086 forte
506 1027 728 1100 aliquid
751 1025 916 1082 vobis
938 1025 1078 1081 mali
1098 1026 1398 1098 contingat
1421 1043 1434 1094 ;
1459 1025 1716 1081 vidimus
1739 1025 1895 1081 enim
2005 1029 2334 1101 congeriem
2368 1027 2648 1100 lapidum,
2670 1044 2794 1100 quae
2816 1028 2887 1082 de
2908 1028 3161 1083 fractura
3178 1043 3481 1083 murorum
3507 1042 3662 1082 acer-

182 1118 314 1175 Dei
347 1115 657 1191 magnalia
686 1116 901 1188 saepius
931 1115 990 1170 in
1023 1114 1133 1170 hoc
1165 1114 1286 1170 ﬁeri
1312 1115 1686 1170 sanctissimo
1710 1113 1893 1170 loco.»
2004 1134 2141 1172 vum
2174 1118 2405 1182 fecerat,
2439 1122 2494 1172 et
2525 1117 2691 1172 valde
2723 1116 2846 1172 suis
2887 1117 3212 1189 alienisque
3241 1116 3427 1172 oculis
3453 1116 3658 1189 displi-

182 1210 279 1264 At
317 1206 444 1274 illi,
479 1224 582 1280 pro
613 1203 800 1261 nihilo
825 1205 1104 1260 ducentes
1134 1204 1255 1258 hazc
1285 1204 1478 1272 verba,
1503 1205 1705 1260 eadem
1729 1207 1896 1258 nocte
2005 1207 2190 1262 cebat.
2209 1208 2710 1262 Tuncconvocans
2729 1207 2798 1261 ad
2820 1223 2880 1262 sc
2895 1207 3208 1278 quemdam
3224 1207 3658 1277 presbyterum,

187 1299 585 1353 manserunt
606 1294 843 1360 ibidem,
869 1297 926 1349 et
942 1293 1091 1348 facto
1115 1309 1286 1348 mane
1308 1292 1657 1348 insultantes
1674 1309 1894 1348 sermo-
2004 1297 2316 1370 assignans
2348 1296 2604 1351 eilocum
2636 1297 2931 1368 praecepit,
2959 1297 3158 1352 dicens
3182 1313 3194 1350 :
3221 1319 3246 1345 ‹‹
3274 1296 3438 1350 Hunc
3461 1295 3657 1366 accipe

191 1387 416 1444 nibus
448 1387 578 1456 ejus
607 1387 910 1456 coeperunt
939 1382 1050 1454 iter
1079 1382 1353 1454 arripere.
1406 1382 1519 1437 Sed
1577 1386 1890 1453 antequam
2003 1384 2218 1453 locum,
2254 1385 2356 1455 fili,
2380 1389 2436 1440 et
2458 1385 2766 1456 diligenter
2785 1386 3060 1440 emunda.
3086 1407 3111 1433 η
3134 1385 3440 1457 Presbyter
3459 1388 3658 1440 autem

188 1476 408 1550 longe
440 1474 842 1548 procederent,
871 1471 942 1528 ad
975 1471 1215 1527 modum
1249 1469 1470 1543 sagittae
1518 1470 1670 1526 ictus
1702 1487 1894 1542 cmpe-
2004 1475 2115 1530 sibi
2138 1475 2470 1546 delegatum
2492 1473 2682 1529 locum
2709 1472 3022 1546 accipiens,
3044 1474 3243 1528 devote
3266 1474 3438 1546 C(Bpit
3453 1490 3659 1529 emun-

197 1568 374 1623 runt
399 1563 526 1636 jam
558 1563 838 1637 poenitere
859 1562 932 1617 de
947 1560 1119 1629 facto,
1140 1559 1279 1632 quia
1299 1577 1454 1616 unus
1476 1575 1679 1615 eorum
1702 1577 1894 1632 equus

196 1657 271 1712 in
312 1659 546 1710 terram
570 1650 792 1709 corruit
824 1654 1114 1718 mortuus,
1135 1649 1279 1706 alter
1295 1666 1450 1713 vero.
1481 1649 1743 1704 nondum
1769 1665 1896 1722 per-

2003 1566 2162 1629 dare,
2185 1568 2243 1619 et
2272 1565 2412 1619 dum
2437 1581 2538 1636 per
2557 1579 2766 1636 gyrum
2798 1562 2998 1618 altaris
3021 1563 3315 1628 effoderet,
3340 1563 3560 1618 invenit
3581 1561 3660 1617 la-

2003 1653 2241 1726 pideum
2274 1651 2512 1708 titulum
2545 1651 2851 1724 scriptum,
2874 1656 2951 1720 et,
2984 1651 3124 1707 licet
3155 1653 3660 1720 iractum,nomen

201 1749 361 1802 acto
399 1743 610 1811 stadio,
643 1741 704 1797 in
738 1742 867 1814 ipso
897 1740 1104 1796 itinere
1147 1739 1341 1812 periit,
1398 1738 1592 1795 taliter
1645 1738 1893 1795 Domino

200 1833 677 1929 cunctipotente
705 1830 797 1929 sui
827 1827 1007 1886 Marci
1039 1828 1234 1884 dilecti
1283 1828 1557 1929 martyris
1616 1827 1891 1899 injuriam
1921 1863 1970 1929 B

198 1923 586 1998 vindicante.
610 1919 741 1976 Alio
766 1919 965 1992 itaque
994 1923 1275 1991 tempore,
1301 1916 1452 1974 sicut
1473 1935 1504 1972 a
1536 1917 1891 1990 quibusdam

205 2011 512 2068 ﬁdelibus
534 2009 679 2065 mihi
709 2007 958 2065 relatum
980 2011 1086 2075 est,
1111 2023 1245 2062 cum
1274 2006 1546 2078 quisdam
1572 2005 1892 2062 Calabrites

207 2100 472 2158 onustis
501 2098 702 2157 asellis
734 2097 1029 2153 mercibus
1059 2096 1131 2152 ad
1163 2095 1504 2169 praedictum
1538 2095 1729 2152 locum
1762 2111 1891 2151 sero

207 2191 518 2257 venirent,
534 2186 925 2245 etdivertendi
938 2185 1259 2259 hospitium
1274 2185 1892 2257 quaererent,quaadam

207 2277 585 2338 venerabilis
607 2275 818 2333 mulier
836 2275 984 2331 dixit
1009 2273 1127 2330 illis
1152 2292 1164 2330 :
1188 2294 1208 2322 ι
1224 2273 1806 2341 Nolite,cbarissimi,
1830 2273 1891 2328 in

209 2371 336 2428 hoc
358 2369 489 2426 loco
518 2372 742 2424 vestros
773 2367 969 2422 asinos
1000 2363 1304 2431 collocare,
1349 2365 1487 2435 quia
1535 2362 1698 2418 locus
1756 2378 1892 2417 san-

212 2465 369 2516 ctus
401 2461 528 2514 est:
563 2472 700 2512 nam
732 2455 781 2510 si
815 2451 1194 2526 prasumitis,
1241 2469 1356 2507 non
1397 2452 1619 2523 absque
1676 2453 1892 2506 damno

217 2548 376 2606 hinc
407 2546 658 2622 transire
680 2541 970 2602 valebitis.
1011 2561 1038 2594 η
1083 2541 1191 2608 Qui
1223 2558 1331 2596 sua
1353 2540 1624 2596 inebriati
1655 2539 1894 2596 vesania

227 2627 524 2698 dixerunt
553 2635 625 2691 ad
655 2649 820 2690 eam:
854 2655 881 2682 «
915 2633 1065 2706 Ergo
1097 2634 1155 2688 et
1183 2647 1289 2686 nos
1321 2629 1538 2686 mortui
1571 2646 1800 2698 sumus,
1842 2629 1894 2685 si

217 2731 474 2784 nostros
487 2725 687 2781 asinos
701 2721 998 2778 custodire
1010 2737 1126 2776 non
1142 2736 1461 2792 possumus
1479 2737 1492 2788 ;
1507 2741 1534 2770 »
1556 2721 1613 2774 et
1633 2735 1766 2774 cum
1781 2733 1894 2774 nox

212 2817 356 2888 jam
392 2813 621 2888 plenius
653 2810 1007 2881 advenisset,
1031 2807 1380 2864 collocantes
1403 2823 1483 2877 se,
1509 2811 1564 2863 et
1594 2807 1653 2862 in
1701 2807 1894 2864 medio

229 2899 442 2963 asinos
473 2919 674 2961 eorum
708 2902 1024 2974 ponentes;
1057 2901 1114 2954 et
1143 2897 1411 2969 quamvis
1443 2896 1719 2952 audacter
1749 2895 1894 2952 fece-

233 2996 390 3063 rint,
416 2998 612 3050 tamen
645 2988 922 3063 suspecti,
955 3003 1026 3043 ne
1059 3003 1091 3042 a
1119 2985 1275 3059 lupis
1303 2985 1392 3042 vel
1415 2984 1790 3041 alatronibus
1811 3000 1900 3040 ra-

234 3081 892 3158 perentur,t’rustratam
924 3076 1251 3132 custodiam
1274 3078 1623 3148 posuerunt:
1639 3074 1903 3130 nescien-

232 3177 330 3231 tes
365 3171 753 3245 Scripturam,
787 3184 913 3240 quae
945 3165 1123 3221 dicit:
1163 3188 1183 3215 α
1213 3164 1392 3236 [Quod
1442 3165 1613 3219 timet
1657 3162 1900 3235 impius,

236 3255 441 3320 veniet
471 3276 648 3332 super
677 3275 834 3314 eum.
867 3279 895 3307 η
927 3255 1192 3326 Arreptis
1222 3254 1419 3326 itaque
1440 3269 1646 3309 somno
1665 3257 1721 3309 et
1744 3252 1902 3309 velut

237 3351 498 3409 mortuis
526 3349 766 3415 effectis,
790 3345 966 3419 lupus
989 3361 1018 3401 e
1039 3344 1266 3400 diverso
1286 3342 1544 3411 veniens,
1587 3342 1644 3396 in
1706 3341 1896 3398 medio

237 3457 450 3500 eorum
490 3439 812 3511 ingressus,
873 3433 1118 3490 asellum
1181 3431 1528 3488 abstrahens
1585 3428 1895 3487 interfecit.

239 3527 548 3587 Consimili
579 3541 833 3598 namque
860 3522 1212 3579 miraculum
1243 3520 1388 3577 mihi
1420 3521 1493 3575 ad
1553 3520 1898 3576 memoriam

233 3619 426 3690 venit,
457 3617 515 3673 id
542 3616 686 3689 ipsis
703 3612 1090 3670 referentibus
1113 3609 1213 3684 qui
1238 3611 1451 3682 priora.
1475 3610 1621 3665 Nam
1647 3609 1737 3664 die
1760 3625 1901 3682 qua-

243 3693 409 3777 dam,
443 3705 716 3764 similiter
745 3703 949 3760 eodem
983 3701 1041 3756 in
1070 3699 1219 3768 loco,
1251 3699 1372 3756 sole
1402 3699 1722 3764 occidente,
1771 3697 1900 3770 qui-

245 3788 388 3854 dam
419 3812 552 3852 cum
587 3810 693 3850 suo
725 3791 903 3848 asello
939 3790 1199 3857 veniens,
1259 3788 1582 3861 hospitium
1634 3803 1901 3860 quaerens

247 3885 506 3955 divertit,
539 3887 617 3952 et,
651 3882 793 3938 dum
825 3897 860 3936 a
886 3879 1104 3935 femina
1127 3877 1470 3950 supradicta
1526 3876 1904 3949 repelleretur

249 3992 324 4032 ne
345 3972 698 4038 divertisset,
729 3969 1009 4027 continuo
1039 3985 1174 4023 cum
1203 3983 1308 4022 suo
1344 3966 1510 4022 asino
1569 3965 1904 4038 hospitatus

251 4070 362 4131 est,
393 4067 452 4119 et
481 4062 688 4135 pedem
708 4057 873 4117 aselli
895 4075 1029 4115 cum
1052 4074 1159 4113 suo
1191 4054 1369 4112 simul
1399 4055 1620 4128 ligavit,
1646 4059 1818 4126 atque
1843 4070 1904 4110 se

252 4154 520 4227 protinus
551 4151 608 4206 in
640 4154 853 4206 terram
886 4147 1072 4221 gratia
1111 4144 1448 4219 quiescendi
1489 4145 1672 4201 dedit.
1743 4146 1906 4200 Tunc

255 4239 650 4315 praetergressi
682 4238 959 4302 latrones,
995 4236 1342 4291 invenerunt
1370 4251 1505 4291 eum
1543 4233 1701 4289 velut
1752 4250 1906 4288 mor-

254 4335 422 4394 tuum
457 4327 867 4398 dormientem,
903 4329 960 4381 et
989 4323 1240 4380 invicem
1273 4340 1334 4380 se
1365 4323 1423 4378 in
1457 4321 1681 4378 malum
1714 4322 1906 4378 conci-

255 4423 470 4489 tantes,
503 4417 708 4474 restim
739 4415 1014 4472 continuo
1039 4412 1487 4480 concidentes,ei
1513 4413 1748 4468 asinum
1775 4412 1906 4468 abs-

257 4489 557 4576 tulerunt;
591 4506 690 4580 qui
715 4505 984 4579 protinus
1006 4521 1040 4559 a
1059 4519 1266 4559 somno
1287 4502 1592 4576 evigilans,
1624 4502 1908 4557 damnum

2003 1741 2215 1798 Christi
2251 1741 2526 1814 martyris
2558 1741 2729 1796 Marci
2763 1741 3136 1796 intimantem
3164 1759 3177 1809 ;
3221 1757 3398 1812 quem
3456 1739 3662 1796 videns

2002 1830 2312 1903 episc0pus
2342 1828 2707 1900 exclamavit,
2739 1829 2972 1884 dicens:
3009 1851 3038 1878 «
3073 1829 3116 1884 Ο
3150 1834 3374 1901 martyr
3413 1827 3659 1899 magnel

2003 1921 2242 1976 ostende
2266 1919 2434 1975 nobis
2465 1918 2724 1991 indignis
2748 1922 2849 1974 tua
2871 1918 3116 1990 pignora
3136 1922 3372 1986 sancta;
3403 1940 3431 1966 n
3450 1917 3663 1973 deinde

2001 2027 2341 2078 conversus,
2359 2009 2674 2065 Dominum
2696 2007 2790 2062 his
2808 2008 3000 2063 verbis
3026 2007 3199 2079 ccepit
3220 2011 3342 2062 toto
3365 2007 3538 2062 corde
3560 2006 3661 2061 de-

2001 2099 2304 2155 votissime
2325 2097 2655 2170 supplicare
2679 2115 2737 2150 :«
2755 2097 3027 2166 Obsecro,
3043 2097 3309 2162 Domine,
3333 2096 3659 2151 obsccrout

2003 2188 2262 2262 digneris
2292 2187 2461 2242 nobis
2480 2186 2882 2258 peccatoribus
2915 2184 3109 2241 dilecti
3131 2185 3218 2240 tui
3239 2184 3418 2241 Marci
3442 2187 3662 2257 marty-

2004 2278 2084 2332 ris
2105 2277 2400 2333 tumulum
2425 2277 2857 2342 demonslrare;
2883 2291 3050 2346 spero
3074 2275 3311 2341 etenim,
3334 2278 3390 2329 et
3408 2274 3661 2329 ﬁdeliter

2004 2368 2175 2424 credo
2208 2366 2361 2439 quod
2394 2365 2489 2420 hic
2519 2364 2834 2437 requiescit
2863 2363 3041 2419 Marci
3089 2364 3367 2436 martyris
3425 2379 3660 2435 corpus,

2003 2458 2174 2527 cujus
2202 2455 2313 2511 iste
2335 2453 2544 2510 titulus
2566 2453 2736 2509 nobis
2758 2470 2970 2509 nomen
2995 2453 3380 2508 demonstrat.
3407 2475 3434 2503 »
3457 2452 3560 2508 His
3581 2452 3666 2507 ita

2004 2545 2273 2620 peractis,
2304 2544 2583 2600 continua
2613 2544 2682 2598 ad
2709 2543 2947 2616 propria
2975 2541 3290 2615 repedavit,
3337 2544 3394 2596 et
3452 2541 3660 2597 arden-

2003 2637 2236 2692 tissimo
2268 2633 2556 2690 desiderio
2584 2637 2812 2688 noctem
2833 2633 3102 2688 eamdem
3124 2631 3660 2687 duxitinsomnem.

2005 2727 2176 2782 Mane
2205 2725 2402 2795 itaque
2433 2723 2582 2778 facto
2614 2721 2780 2793 quasi
2813 2721 3094 2776 divinitus
3126 2720 3401 2793 przecepit
3429 2719 3662 2776 duobus

2007 2812 2360 2888 presbyteris
2380 2816 2445 2866 ut
2462 2811 2632 2881 irent,
2648 2815 2704 2866 et
2720 2814 2853 2865 ante
2875 2808 3057 2865 altare
3079 2809 3664 2879 foderentquousque

2004 2905 2222 2959 ibidem
2245 2902 2371 2974 ipse
2392 2901 2785 2956 descenderet.
2812 2899 3001 2954 Inerat
3030 2897 3184 2954 enin
3211 2897 3322 2952 sibi
3346 2914 3459 2953 non
3484 2912 3664 2969 parva

2009 2992 2317 3059 dubitatio,
2352 3007 2417 3047 eo
2445 2989 2599 3062 quod
2633 2987 2820 3044 multa
2857 3004 3100 3060 corpora
3155 2987 3466 3043 hominum
3521 2985 3662 3040 inde

2003 3082 2299 3156 jacebant,
2332 3085 2388 3135 et
2418 3079 2572 3151 quod
2607 3077 2927 3134 dubietatis
2958 3093 3259 3132 rancorem
3293 3094 3326 3132 a
3358 3092 3420 3132 se
3437 3075 3665 3130 auferre

2013 3192 2129 3230 non
2152 3176 2378 3245 poterat
2395 3169 2574 3225 :unde
2591 3171 2648 3224 et
2664 3167 2977 3222 Dominum
3001 3166 3235 3240 pulsare
3258 3165 3530 3238 precibus
3551 3180 3665 3219 cos-

2012 3263 2098 3337 pit
2125 3267 2189 3318 ut
2214 3260 2325 3316 sibi
2359 3259 2665 3315 ostendere
2695 3256 3038 3329 dignaretur
3063 3256 3219 3327 quod
3251 3256 3455 3310 devote
3503 3269 3667 3326 quaa-

2006 3353 2189 3408 rebat.
2220 3348 2544 3420 Presbyteri
2573 3351 2766 3402 autem
2790 3349 3094 3418 pergentes
3117 3344 3172 3398 in
3199 3345 3494 3399 dexteram
3528 3357 3663 3414 par-

2008 3445 2126 3497 tem
2159 3437 2360 3494 altaris
2392 3437 2450 3492 S.
2477 3433 2878 3490 Bartholomaei
2914 3437 3214 3505 coeperunt
3245 3432 3459 3487 fodere.
3484 3431 3660 3486 Secu-

2006 3535 2104 3585 tus
2126 3531 2320 3584 autem
2354 3542 2452 3582 eos
2480 3524 2810 3596 episcopus,
2835 3527 2891 3578 et
2928 3522 3146 3577 invenit
3201 3537 3299 3578 eos
3358 3524 3659 3576 incassum

2007 3619 2363 3684 laborantes,
2396 3615 2747 3684 intuensque
2795 3628 2894 3667 eos
2951 3610 3175 3682 accepit
3209 3609 3544 3677 fossorium,
3605 3612 3663 3665 et

2011 3709 2137 3781 ipse
2163 3703 2397 3779 propria
2419 3720 2592 3758 manu
2619 3701 2792 3774 cmpit
2814 3701 3026 3768 fodere,
3051 3705 3107 3756 ct
3127 3702 3271 3755 dum
3292 3699 3490 3755 labore
3511 3702 3667 3755 esset

2012 3799 2313 3868 fatigatus,
2331 3793 2584 3848 reddidit
2605 3790 2744 3857 illis,
2767 3795 2823 3846 et
2845 3790 3062 3845 factum
3086 3793 3175 3845 est
3196 3790 3338 3844 dum
3367 3788 3480 3860 ipsi
3502 3789 3669 3844 fode-

2013 3890 2160 3950 rent,
2195 3883 2582 3956 pervenerunt
2606 3881 2676 3934 ad
2701 3877 2997 3934 tumulum
3032 3879 3089 3933 in
3115 3895 3228 3950 quo
3247 3877 3431 3933 sancti
3458 3879 3671 3948 marty-

2014 3977 2095 4032 ris
2125 3973 2303 4028 Marci
2336 3987 2547 4042 corpus
2584 3969 3009 4042 requiesccbat,
3044 3973 3100 4022 et
3131 3967 3312 4022 nimio
3344 3965 3547 4038 repleti
3581 3981 3672 4021 ar-

2014 4067 2172 4132 dore,
2207 4061 2679 4117 exclamaverunt
2700 4058 2960 4113 dicentes
2984 4073 2997 4111 ε
3020 4080 3046 4106 ‹‹
3073 4058 3278 4130 Surge,
3303 4055 3552 4127 benigne
3574 4054 3677 4110 Pa-

2014 4161 2124 4226 ter,
2159 4151 2312 4224 quod
2344 4155 2406 4204 tu
2437 4147 2671 4221 quaeris,
2705 4164 2836 4203 ecce
2867 4152 3120 4202 tenetur.
3160 4168 3187 4194 ››
3221 4146 3327 4212 Qui
3374 4145 3574 4201 statim
3607 4144 3677 4198 de

2016 4243 2141 4300 loco
2164 4256 2436 4313 surgens,
2458 4238 2759 4310 humoque
2784 4241 3135 4308 prostratus,
3151 4236 3244 4291 his
3271 4234 3466 4290 verbis
3489 4233 3679 4289 omni-

2019 4334 2318 4406 potentem
2355 4327 2665 4384 Dominum
2714 4325 3117 4382 collaudabat:
3179 4349 3206 4376 «
3267 4325 3468 4381 Gratia
3524 4323 3682 4379 celsa

2019 4421 2147 4487 tibi,
2174 4419 2326 4492 regis
2344 4417 2442 4489 qui
2469 4415 2674 4471 munia
2709 4415 3052 4487 mundi,qui
3075 4415 3468 4486 quodcunque
3489 4412 3677 4485 cupis,

2019 4527 2156 4565 cum
2186 4509 2294 4575 vis,
2328 4507 2454 4562 sine
2487 4521 2650 4560 mora
2682 4509 2967 4577 patratur.
3004 4526 3030 4554 »
3065 4505 3339 4559 Gaudens
3371 4518 3603 4576 quoque
3623 4503 3682 4556 et

258 4597 499 4665 invenit,
533 4602 592 4652 et
621 4613 655 4652 a
682 4593 809 4651 loco
839 4593 1028 4650 tristis
1060 4592 1365 4649 abscessit.
1408 4596 1716 4663 Cmperunt
1770 4591 1906 4646 dicti
1941 4607 1988 4672 Ι)
2017 4599 2392 4654 vehementer
2408 4594 2677 4651 exultans
2699 4594 2770 4648 de
2793 4597 2955 4648 tanto
2978 4592 3088 4648 sibi
3111 4609 3386 4648 concesso
3410 4597 3678 4663 patrono,

261 4686 528 4743 homines
559 4690 820 4742 metuere
850 4682 1068 4751 locum,
1100 4685 1158 4738 et
1195 4683 1266 4738 ab
1317 4681 1534 4753 iniuria
1590 4685 1915 4737 reverenter
2023 4687 2256 4760 collegit
2279 4685 2524 4758 pignora
2556 4687 2792 4750 sancta;
2826 4683 2926 4738 sed
2959 4699 3074 4738 non
3105 4687 3225 4737 tam
3257 4681 3426 4736 laetus
3457 4681 3528 4734 de
3559 4683 3682 4735 toto

265 4792 513 4832 cessare.
573 4774 936 4847 Quapropter
997 4777 1230 4846 peracto
1295 4771 1448 4827 cives
1505 4769 1746 4827 consilio
1801 4768 1917 4825 nisi

266 4869 403 4922 sunt
428 4865 696 4922 eamdem
728 4862 1036 4919 ecclesiam
1082 4864 1434 4926 restaurare,
1494 4864 1552 4915 et
1603 4863 1914 4915 convocato

265 4953 533 5028 episcopo
565 4953 664 5027 qui
694 4956 834 5009 tunc
864 4951 1145 5024 temporis
1175 4951 1394 5019 aderat,
1420 4947 1601 5005 altare
1623 4947 1703 5003 ibi
1724 4948 1782 5003 in
1815 4948 1916 5004 ho-

270 5060 464 5100 norem
487 5042 813 5099 beatissimi
846 5040 1094 5114 apostoli
1115 5037 1521 5095 Bartholomaai
1545 5037 1812 5092 dedicare
1831 5038 1915 5093 fe-

269 5135 490 5200 cerunt,
512 5119 970 5188 nescientesillic
992 5128 1356 5202 requiescere
1375 5125 1722 5182 venerabilis
1736 5125 1915 5181 Marci

271 5221 542 5295 martyris
568 5237 807 5292 corpus,
838 5219 899 5275 in
931 5219 1105 5291 cujus
1123 5217 1362 5284 honore,
1387 5220 1452 5270 ut
1481 5213 1727 5283 mstimo,
1751 5215 1918 5286 prius

270 5310 454 5367 fuerat
481 5309 812 5366 benedicta.

338 5400 522 5474 Igitur
539 5409 797 5471 tempore
824 5415 938 5471 quo
955 5397 1261 5470 piissimus
1281 5393 1599 5466 imperator
1615 5392 1919 5451 Conradus

271 5481 565 5564 regnabat,
599 5505 753 5544 anno
776 5487 1091 5543 Dominicaa
1143 5482 1561 5540 incarnationis
1605 5481 1920 5540 millesimo

274 5577 713 5650 quadragesimo
735 5581 964 5648 quarto,
989 5575 1187 5632 divina
1211 5575 1430 5628 favente
1449 5572 1654 5643 gratia,
1674 5573 1920 5643 quidam

270 5663 382 5744 [illic
414 5666 720 5725 ordinatus
751 5666 1062 5740 episcopus
1084 5662 1372 5720 sollicitus
1394 5677 1496 5736 pro
1519 5663 1920 5722 restaurandis

585 5792 852 5864 PATROL.
900 5790 1162 5858 CXLIII.

2029 4793 2269 4848 corpore
2292 4791 2468 4846 quam
2498 4771 2685 4828 tristis
2717 4771 2941 4827 mansit
2959 4772 3030 4826 de
3060 4773 3267 4842 capite,
3292 4786 3358 4825 eo
3387 4769 3542 4841 quod
3568 4785 3685 4823 non

2027 4863 2596 4931 essetibidem;erat
2611 4860 2765 4915 enim
2793 4859 3114 4915 Sabbatum
3146 4859 3310 4931 quasi
3336 4858 3481 4914 hora
3502 4857 3686 4913 unde-

2027 4954 2199 5019 cima,
2232 4957 2288 5008 et
2318 4949 2586 5024 quamvis
2619 4949 2991 5006 interdiceret
3012 4965 3082 5005 ne
3106 4949 3278 5004 alicui
3308 4948 3684 5019 panderetur,

2027 5048 2218 5099 tamen
2249 5045 2370 5096 tota
2400 5039 2604 5096 civitas
2637 5039 2829 5095 subito
2863 5038 2931 5094 de
2963 5039 3120 5094 fama
3168 5037 3446 5110 repletur.
3505 5035 3688 5110 Coepit

2026 5136 2222 5187 autem
2254 5133 2456 5185 sancta
2478 5129 2722 5202 pignora
2754 5129 2879 5184 suis
2911 5128 3186 5184 manibus
3217 5128 3526 5202 diligenter
3575 5126 3684 5183 ab-

2025 5221 2208 5286 luere,
2231 5218 2362 5275 etin
2387 5219 2602 5274 scrinio
2635 5218 2940 5283 collocare,
2962 5221 3019 5273 et
3051 5219 3254 5275 eadem
3300 5223 3466 5273 nocte
3499 5217 3681 5288 depu-

2026 5310 2168 5366 tatis
2190 5307 2437 5374 clericis,
2457 5307 2514 5362 in
2540 5308 2778 5380 hymnis
2799 5313 2855 5364 et
2873 5307 3280 5379 spiritualibus
3303 5305 3546 5362 canticis
3564 5308 3687 5360 tota

2029 5403 2196 5454 nocte
2228 5396 2538 5470 pervigiles
2563 5397 2743 5467 jussit
2773 5414 3030 5460 manere,
3067 5401 3129 5453 ut
3185 5397 3332 5450 facto
3392 5409 3563 5447 mane
3613 5382 3685 5448 ad

2028 5486 2390 5560 episcopium
2423 5487 2688 5556 ejusdem
2726 5489 2886 5542 urbis
2919 5503 3050 5541 cum
3085 5485 3252 5538 laude
3285 5490 3338 5537 et
3371 5481 3555 5553 gloria
3585 5483 3687 5539 do-

2031 5580 2309 5649 portaret.

2102 5664 2408 5740 Presbyter
2426 5669 2645 5734 autem,
2670 5665 2767 5739 qui
2785 5666 2948 5739 prius
2965 5661 3198 5718 titulum
3225 5659 3521 5735 lapideum
3544 5661 3690 5719 scrin

3290 5789 3370 5874 45.
