  <div class='ocr_page' id='page_1' title='image "/cluster/home/n/w/nwhite01/storage/ocr_20150623/142-143/uc1.31175018423130/1449.png"; bbox 0 0 3978 6422; ppageno 0'>
   <div class='ocr_carea' id='block_1_1' title="bbox 438 406 594 470">
    <p class='ocr_par' dir='ltr' id='par_1_1' title="bbox 438 406 594 470">
     <span class='ocr_line' id='line_1_1' title="bbox 438 406 594 470; baseline 0.026 -6"><span class='ocrx_word' id='word_1_1' title='bbox 438 406 594 470; x_wconf 76' lang='grc'><strong>1419</strong></span> 
     </span>
    </p>
   </div>
   <div class='ocr_carea' id='block_1_2' title="bbox 437 535 2158 612">
    <p class='ocr_par' dir='ltr' id='par_1_2' title="bbox 437 535 2158 612">
     <span class='ocr_line' id='line_1_2' title="bbox 437 535 2158 612; baseline -0.002 -19"><span class='ocrx_word' id='word_1_2' title='bbox 437 541 604 610; x_wconf 87' lang='lat' dir='ltr'><strong>ptum</strong></span> <span class='ocrx_word' id='word_1_3' title='bbox 625 538 863 606; x_wconf 85' lang='lat' dir='ltr'><strong>invenit,</strong></span> <span class='ocrx_word' id='word_1_4' title='bbox 881 540 1050 611; x_wconf 82' lang='lat' dir='ltr'>cujus</span> <span class='ocrx_word' id='word_1_5' title='bbox 1067 543 1125 596; x_wconf 90' lang='lat' dir='ltr'><strong>et</strong></span> <span class='ocrx_word' id='word_1_6' title='bbox 1150 539 1422 612; x_wconf 83' lang='lat' dir='ltr'><strong>superius</strong></span> <span class='ocrx_word' id='word_1_7' title='bbox 1443 537 1785 594; x_wconf 88' lang='lat' dir='ltr'><strong>memoriam</strong></span> <span class='ocrx_word' id='word_1_8' title='bbox 1807 536 2072 607; x_wconf 91' lang='lat' dir='ltr'><strong>fecimus,</strong></span> <span class='ocrx_word' id='word_1_9' title='bbox 2104 535 2158 601; x_wconf 81' lang='grc' dir='ltr'><strong>Α</strong></span> 
     </span>
    </p>
   </div>
   <div class='ocr_carea' id='block_1_3' title="bbox 436 624 2072 691">
    <p class='ocr_par' dir='ltr' id='par_1_3' title="bbox 436 624 2072 691">
     <span class='ocr_line' id='line_1_3' title="bbox 436 624 2072 691; baseline -0.002 -9"><span class='ocrx_word' id='word_1_10' title='bbox 436 630 561 682; x_wconf 90' lang='lat' dir='ltr'><strong>erat</strong></span> <span class='ocrx_word' id='word_1_11' title='bbox 588 631 728 684; x_wconf 89' lang='lat' dir='ltr'><strong>tunc</strong></span> <span class='ocrx_word' id='word_1_12' title='bbox 758 628 816 683; x_wconf 92' lang='lat' dir='ltr'><strong>in</strong></span> <span class='ocrx_word' id='word_1_13' title='bbox 839 628 1176 684; x_wconf 91' lang='lat' dir='ltr'><strong>inﬁrmitate</strong></span> <span class='ocrx_word' id='word_1_14' title='bbox 1195 627 1358 682; x_wconf 87' lang='lat' dir='ltr'><strong>valde</strong></span> <span class='ocrx_word' id='word_1_15' title='bbox 1379 625 1656 691; x_wconf 80' lang='lat' dir='ltr'><strong>afflictus,</strong></span> <span class='ocrx_word' id='word_1_16' title='bbox 1679 625 1755 678; x_wconf 88' lang='lat' dir='ltr'><strong>ita</strong></span> <span class='ocrx_word' id='word_1_17' title='bbox 1778 629 1841 678; x_wconf 91' lang='lat' dir='ltr'><strong>ut</strong></span> <span class='ocrx_word' id='word_1_18' title='bbox 1862 625 1931 678; x_wconf 91' lang='lat' dir='ltr'><strong>de</strong></span> <span class='ocrx_word' id='word_1_19' title='bbox 1955 624 2072 679; x_wconf 92' lang='lat' dir='ltr'><strong>vita</strong></span> 
     </span>
    </p>
   </div>
   <div class='ocr_carea' id='block_1_4' title="bbox 437 711 2068 787">
    <p class='ocr_par' dir='ltr' id='par_1_4' title="bbox 437 711 2068 787">
     <span class='ocr_line' id='line_1_4' title="bbox 437 711 2068 787; baseline -0.002 -17"><span class='ocrx_word' id='word_1_20' title='bbox 437 713 773 787; x_wconf 81' lang='lat' dir='ltr'><strong>desperaret</strong></span> <span class='ocrx_word' id='word_1_21' title='bbox 796 741 810 783; x_wconf 89' lang='lat'><strong>;</strong></span> <span class='ocrx_word' id='word_1_22' title='bbox 833 716 933 787; x_wconf 85' lang='lat' dir='ltr'><strong>qui</strong></span> <span class='ocrx_word' id='word_1_23' title='bbox 965 719 1028 770; x_wconf 91' lang='lat' dir='ltr'><strong>ut</strong></span> <span class='ocrx_word' id='word_1_24' title='bbox 1055 715 1176 770; x_wconf 67' lang='lat' dir='ltr'><strong>haec</strong></span> <span class='ocrx_word' id='word_1_25' title='bbox 1209 714 1449 780; x_wconf 81' lang='lat' dir='ltr'><strong>audivit,</strong></span> <span class='ocrx_word' id='word_1_26' title='bbox 1483 713 1645 769; x_wconf 85' lang='lat' dir='ltr'><strong>misit</strong></span> <span class='ocrx_word' id='word_1_27' title='bbox 1675 711 1951 768; x_wconf 88' lang='lat' dir='ltr'><strong>continuo</strong></span> <span class='ocrx_word' id='word_1_28' title='bbox 1995 711 2068 766; x_wconf 90' lang='lat' dir='ltr'><strong>ad</strong></span> 
     </span>
    </p>
   </div>
   <div class='ocr_carea' id='block_1_5' title="bbox 438 801 2074 875">
    <p class='ocr_par' dir='ltr' id='par_1_5' title="bbox 438 801 2074 875">
     <span class='ocr_line' id='line_1_5' title="bbox 438 801 2074 875; baseline -0.002 -17"><span class='ocrx_word' id='word_1_29' title='bbox 438 817 573 858; x_wconf 88' lang='lat' dir='ltr'><strong>eum</strong></span> <span class='ocrx_word' id='word_1_30' title='bbox 605 806 670 857; x_wconf 94' lang='lat' dir='ltr'><strong>ut</strong></span> <span class='ocrx_word' id='word_1_31' title='bbox 697 803 1038 875; x_wconf 82' lang='lat' dir='ltr'><strong>dignaretur</strong></span> <span class='ocrx_word' id='word_1_32' title='bbox 1057 803 1168 858; x_wconf 88' lang='lat' dir='ltr'><strong>sibi</strong></span> <span class='ocrx_word' id='word_1_33' title='bbox 1192 818 1402 873; x_wconf 88' lang='lat' dir='ltr'><strong>aquam</strong></span> <span class='ocrx_word' id='word_1_34' title='bbox 1427 801 1654 856; x_wconf 85' lang='lat' dir='ltr'><strong>mittere</strong></span> <span class='ocrx_word' id='word_1_35' title='bbox 1676 801 1746 854; x_wconf 92' lang='lat' dir='ltr'><strong>de</strong></span> <span class='ocrx_word' id='word_1_36' title='bbox 1769 816 1885 870; x_wconf 91' lang='lat' dir='ltr'><strong>qua</strong></span> <span class='ocrx_word' id='word_1_37' title='bbox 1908 816 2074 855; x_wconf 91' lang='lat' dir='ltr'><strong>sacra</strong></span> 
     </span>
    </p>
   </div>
   <div class='ocr_carea' id='block_1_6' title="bbox 439 887 2076 961">
    <p class='ocr_par' dir='ltr' id='par_1_6' title="bbox 439 887 2076 961">
     <span class='ocr_line' id='line_1_6' title="bbox 439 887 2076 961; baseline -0.002 -15"><span class='ocrx_word' id='word_1_38' title='bbox 439 889 706 946; x_wconf 83' lang='lat' dir='ltr'><strong>abluerat</strong></span> <span class='ocrx_word' id='word_1_39' title='bbox 734 890 1002 961; x_wconf 88' lang='lat' dir='ltr'><strong>pignora,</strong></span> <span class='ocrx_word' id='word_1_40' title='bbox 1035 907 1209 960; x_wconf 91' lang='lat' dir='ltr'><strong>quam</strong></span> <span class='ocrx_word' id='word_1_41' title='bbox 1245 889 1528 945; x_wconf 86' lang='lat' dir='ltr'><strong>medelam</strong></span> <span class='ocrx_word' id='word_1_42' title='bbox 1563 889 1635 944; x_wconf 90' lang='lat' dir='ltr'><strong>ab</strong></span> <span class='ocrx_word' id='word_1_43' title='bbox 1693 903 1760 942; x_wconf 93' lang='lat' dir='ltr'><strong>eo</strong></span> <span class='ocrx_word' id='word_1_44' title='bbox 1817 887 2076 959; x_wconf 86' lang='lat' dir='ltr'><strong>accipere</strong></span> 
     </span>
    </p>
   </div>
   <div class='ocr_carea' id='block_1_7' title="bbox 443 975 2076 1048">
    <p class='ocr_par' dir='ltr' id='par_1_7' title="bbox 443 975 2076 1048">
     <span class='ocr_line' id='line_1_7' title="bbox 443 975 2076 1048; baseline -0.001 -16"><span class='ocrx_word' id='word_1_45' title='bbox 443 981 782 1032; x_wconf 84' lang='lat' dir='ltr'><strong>mereretur.</strong></span> <span class='ocrx_word' id='word_1_46' title='bbox 817 977 983 1032; x_wconf 89' lang='lat' dir='ltr'><strong>Mane</strong></span> <span class='ocrx_word' id='word_1_47' title='bbox 1013 977 1210 1048; x_wconf 85' lang='lat' dir='ltr'><strong>itaque</strong></span> <span class='ocrx_word' id='word_1_48' title='bbox 1243 977 1391 1032; x_wconf 90' lang='lat' dir='ltr'><strong>facto</strong></span> <span class='ocrx_word' id='word_1_49' title='bbox 1422 992 1783 1048; x_wconf 81' lang='lat' dir='ltr'><strong>consurgens</strong></span> <span class='ocrx_word' id='word_1_50' title='bbox 1831 975 2076 1030; x_wconf 86' lang='lat' dir='ltr'><strong>antistes</strong></span> 
     </span>
    </p>
   </div>
   <div class='ocr_carea' id='block_1_8' title="bbox 441 1063 2080 1136">
    <p class='ocr_par' dir='ltr' id='par_1_8' title="bbox 441 1063 2080 1136">
     <span class='ocr_line' id='line_1_8' title="bbox 441 1063 2080 1136; baseline -0.003 -15"><span class='ocrx_word' id='word_1_51' title='bbox 441 1065 746 1122; x_wconf 84' lang='lat' dir='ltr'><strong>admonuit</strong></span> <span class='ocrx_word' id='word_1_52' title='bbox 763 1063 1040 1135; x_wconf 91' lang='lat' dir='ltr'><strong>populum</strong></span> <span class='ocrx_word' id='word_1_53' title='bbox 1061 1068 1124 1118; x_wconf 91' lang='lat' dir='ltr'><strong>ut</strong></span> <span class='ocrx_word' id='word_1_54' title='bbox 1142 1064 1359 1136; x_wconf 91' lang='lat' dir='ltr'><strong>pariter</strong></span> <span class='ocrx_word' id='word_1_55' title='bbox 1378 1081 1509 1119; x_wconf 92' lang='lat' dir='ltr'><strong>cum</strong></span> <span class='ocrx_word' id='word_1_56' title='bbox 1530 1080 1595 1120; x_wconf 91' lang='lat' dir='ltr'><strong>eo</strong></span> <span class='ocrx_word' id='word_1_57' title='bbox 1617 1063 2007 1129; x_wconf 87' lang='lat' dir='ltr'><strong>descenderet,</strong></span> <span class='ocrx_word' id='word_1_58' title='bbox 2023 1066 2080 1118; x_wconf 91' lang='lat' dir='ltr'><strong>et</strong></span> 
     </span>
    </p>
   </div>
   <div class='ocr_carea' id='block_1_9' title="bbox 441 1150 2077 1224">
    <p class='ocr_par' dir='ltr' id='par_1_9' title="bbox 441 1150 2077 1224">
     <span class='ocr_line' id='line_1_9' title="bbox 441 1150 2077 1224; baseline -0.002 -16"><span class='ocrx_word' id='word_1_59' title='bbox 441 1168 574 1208; x_wconf 89' lang='lat' dir='ltr'><strong>cum</strong></span> <span class='ocrx_word' id='word_1_60' title='bbox 605 1151 764 1206; x_wconf 89' lang='lat' dir='ltr'><strong>omni</strong></span> <span class='ocrx_word' id='word_1_61' title='bbox 786 1151 1230 1207; x_wconf 89' lang='lat' dir='ltr'><strong>honoriﬁcentia</strong></span> <span class='ocrx_word' id='word_1_62' title='bbox 1251 1153 1322 1206; x_wconf 90' lang='lat' dir='ltr'><strong>ad</strong></span> <span class='ocrx_word' id='word_1_63' title='bbox 1344 1151 1740 1224; x_wconf 88' lang='lat' dir='ltr'><strong>supradictam</strong></span> <span class='ocrx_word' id='word_1_64' title='bbox 1771 1150 2077 1206; x_wconf 89' lang='lat' dir='ltr'><strong>ecclesiam</strong></span> 
     </span>
    </p>
   </div>
   <div class='ocr_carea' id='block_1_10' title="bbox 440 1239 2080 1311">
    <p class='ocr_par' dir='ltr' id='par_1_10' title="bbox 440 1239 2080 1311">
     <span class='ocr_line' id='line_1_10' title="bbox 440 1239 2080 1311; baseline -0.001 -16"><span class='ocrx_word' id='word_1_65' title='bbox 440 1241 613 1296; x_wconf 86' lang='lat' dir='ltr'><strong>Marci</strong></span> <span class='ocrx_word' id='word_1_66' title='bbox 637 1239 1077 1295; x_wconf 89' lang='lat' dir='ltr'><strong>sanctissimum</strong></span> <span class='ocrx_word' id='word_1_67' title='bbox 1101 1256 1311 1311; x_wconf 90' lang='lat' dir='ltr'><strong>corpus</strong></span> <span class='ocrx_word' id='word_1_68' title='bbox 1332 1240 1690 1295; x_wconf 82' lang='lat' dir='ltr'><strong>transferret.</strong></span> <span class='ocrx_word' id='word_1_69' title='bbox 1718 1240 1738 1292; x_wconf 88' lang='grc' dir='ltr'>Ι</span> <span class='ocrx_word' id='word_1_70' title='bbox 1747 1239 1963 1293; x_wconf 89' lang='lat' dir='ltr'><strong>ndntus</strong></span> <span class='ocrx_word' id='word_1_71' title='bbox 1983 1255 2080 1293; x_wconf 88' lang='lat' dir='ltr'><strong>au-</strong></span> 
     </span>
    </p>
   </div>
   <div class='ocr_carea' id='block_1_11' title="bbox 439 1326 2078 1398">
    <p class='ocr_par' dir='ltr' id='par_1_11' title="bbox 439 1326 2078 1398">
     <span class='ocr_line' id='line_1_11' title="bbox 439 1326 2078 1398; baseline -0.001 -16"><span class='ocrx_word' id='word_1_72' title='bbox 439 1332 558 1382; x_wconf 88' lang='lat' dir='ltr'><strong>tem</strong></span> <span class='ocrx_word' id='word_1_73' title='bbox 591 1327 774 1383; x_wconf 89' lang='lat' dir='ltr'><strong>sacris</strong></span> <span class='ocrx_word' id='word_1_74' title='bbox 803 1328 1065 1383; x_wconf 81' lang='lat' dir='ltr'><strong>vestibus</strong></span> <span class='ocrx_word' id='word_1_75' title='bbox 1095 1327 1271 1382; x_wconf 90' lang='lat' dir='ltr'><strong>simul</strong></span> <span class='ocrx_word' id='word_1_76' title='bbox 1294 1344 1425 1382; x_wconf 92' lang='lat' dir='ltr'><strong>cum</strong></span> <span class='ocrx_word' id='word_1_77' title='bbox 1451 1326 1736 1382; x_wconf 81' lang='lat' dir='ltr'><strong>ministris</strong></span> <span class='ocrx_word' id='word_1_78' title='bbox 1759 1326 1856 1398; x_wconf 89' lang='lat' dir='ltr'><strong>qui</strong></span> <span class='ocrx_word' id='word_1_79' title='bbox 1880 1341 2078 1381; x_wconf 89' lang='lat' dir='ltr'><strong>secum</strong></span> 
     </span>
    </p>
   </div>
   <div class='ocr_carea' id='block_1_12' title="bbox 441 1413 2080 1486">
    <p class='ocr_par' dir='ltr' id='par_1_12' title="bbox 441 1413 2080 1486">
     <span class='ocr_line' id='line_1_12' title="bbox 441 1413 2080 1486; baseline -0.002 -16"><span class='ocrx_word' id='word_1_80' title='bbox 441 1415 686 1471; x_wconf 89' lang='lat' dir='ltr'><strong>aderant</strong></span> <span class='ocrx_word' id='word_1_81' title='bbox 713 1432 844 1471; x_wconf 90' lang='lat' dir='ltr'><strong>cum</strong></span> <span class='ocrx_word' id='word_1_82' title='bbox 871 1416 1148 1472; x_wconf 89' lang='lat' dir='ltr'><strong>thuribus</strong></span> <span class='ocrx_word' id='word_1_83' title='bbox 1179 1421 1236 1471; x_wconf 90' lang='lat' dir='ltr'><strong>et</strong></span> <span class='ocrx_word' id='word_1_84' title='bbox 1262 1415 1593 1486; x_wconf 84' lang='lat' dir='ltr'><strong>ceraptatis,</strong></span> <span class='ocrx_word' id='word_1_85' title='bbox 1629 1419 1686 1470; x_wconf 93' lang='lat' dir='ltr'><strong>et</strong></span> <span class='ocrx_word' id='word_1_86' title='bbox 1729 1431 1860 1470; x_wconf 91' lang='lat' dir='ltr'><strong>cum</strong></span> <span class='ocrx_word' id='word_1_87' title='bbox 1920 1413 2080 1469; x_wconf 91' lang='lat' dir='ltr'><strong>omni</strong></span> 
     </span>
    </p>
   </div>
   <div class='ocr_carea' id='block_1_13' title="bbox 441 1502 2083 1576">
    <p class='ocr_par' dir='ltr' id='par_1_13' title="bbox 441 1502 2083 1576">
     <span class='ocr_line' id='line_1_13' title="bbox 441 1502 2083 1576; baseline -0.001 -18"><span class='ocrx_word' id='word_1_88' title='bbox 441 1507 726 1576; x_wconf 88' lang='lat' dir='ltr'><strong>apparatu</strong></span> <span class='ocrx_word' id='word_1_89' title='bbox 757 1503 1174 1571; x_wconf 89' lang='lat' dir='ltr'><strong>ecclesiastico,</strong></span> <span class='ocrx_word' id='word_1_90' title='bbox 1201 1503 1342 1558; x_wconf 91' lang='lat' dir='ltr'><strong>viris</strong></span> <span class='ocrx_word' id='word_1_91' title='bbox 1371 1508 1428 1558; x_wconf 93' lang='lat' dir='ltr'><strong>et</strong></span> <span class='ocrx_word' id='word_1_92' title='bbox 1460 1503 1826 1568; x_wconf 86' lang='lat' dir='ltr'><strong>mulieribus,</strong></span> <span class='ocrx_word' id='word_1_93' title='bbox 1886 1502 2083 1574; x_wconf 90' lang='lat' dir='ltr'><strong>pueris</strong></span> 
     </span>
    </p>
   </div>
   <div class='ocr_carea' id='block_1_14' title="bbox 440 1590 2081 1665">
    <p class='ocr_par' dir='ltr' id='par_1_14' title="bbox 440 1590 2081 1665">
     <span class='ocr_line' id='line_1_14' title="bbox 440 1590 2081 1665; baseline -0.001 -19"><span class='ocrx_word' id='word_1_94' title='bbox 440 1595 498 1646; x_wconf 90' lang='lat' dir='ltr'><strong>et</strong></span> <span class='ocrx_word' id='word_1_95' title='bbox 529 1591 758 1662; x_wconf 89' lang='lat' dir='ltr'><strong>puellis,</strong></span> <span class='ocrx_word' id='word_1_96' title='bbox 793 1592 1054 1646; x_wconf 90' lang='lat' dir='ltr'><strong>accensis</strong></span> <span class='ocrx_word' id='word_1_97' title='bbox 1085 1592 1286 1658; x_wconf 87' lang='lat' dir='ltr'><strong>cereis,</strong></span> <span class='ocrx_word' id='word_1_98' title='bbox 1323 1591 1715 1665; x_wconf 84' lang='lat' dir='ltr'><strong>impositaque</strong></span> <span class='ocrx_word' id='word_1_99' title='bbox 1753 1590 1977 1659; x_wconf 86' lang='lat' dir='ltr'><strong>litania,</strong></span> <span class='ocrx_word' id='word_1_100' title='bbox 2009 1590 2081 1644; x_wconf 92' lang='lat' dir='ltr'><strong>ad</strong></span> 
     </span>
    </p>
   </div>
   <div class='ocr_carea' id='block_1_15' title="bbox 438 1676 2086 1750">
    <p class='ocr_par' dir='ltr' id='par_1_15' title="bbox 438 1676 2086 1750">
     <span class='ocr_line' id='line_1_15' title="bbox 438 1676 2086 1750; baseline -0.002 -16"><span class='ocrx_word' id='word_1_101' title='bbox 438 1678 632 1734; x_wconf 89' lang='lat' dir='ltr'><strong>locum</strong></span> <span class='ocrx_word' id='word_1_102' title='bbox 665 1681 928 1745; x_wconf 89' lang='lat' dir='ltr'><strong>tetendit,</strong></span> <span class='ocrx_word' id='word_1_103' title='bbox 961 1684 1018 1734; x_wconf 90' lang='lat' dir='ltr'><strong>et</strong></span> <span class='ocrx_word' id='word_1_104' title='bbox 1050 1678 1234 1734; x_wconf 89' lang='lat' dir='ltr'><strong>levato</strong></span> <span class='ocrx_word' id='word_1_105' title='bbox 1255 1679 1391 1734; x_wconf 90' lang='lat' dir='ltr'><strong>inde</strong></span> <span class='ocrx_word' id='word_1_106' title='bbox 1413 1694 1672 1750; x_wconf 90' lang='lat' dir='ltr'><strong>corpore,</strong></span> <span class='ocrx_word' id='word_1_107' title='bbox 1694 1682 1750 1733; x_wconf 87' lang='lat' dir='ltr'><strong>et</strong></span> <span class='ocrx_word' id='word_1_108' title='bbox 1782 1678 1840 1732; x_wconf 92' lang='lat' dir='ltr'><strong>in</strong></span> <span class='ocrx_word' id='word_1_109' title='bbox 1881 1676 2086 1732; x_wconf 90' lang='lat' dir='ltr'><strong>lectiva</strong></span> 
     </span>
    </p>
   </div>
   <div class='ocr_carea' id='block_1_16' title="bbox 438 1764 2081 1839">
    <p class='ocr_par' dir='ltr' id='par_1_16' title="bbox 438 1764 2081 1839">
     <span class='ocr_line' id='line_1_16' title="bbox 438 1764 2081 1839; baseline -0.002 -17"><span class='ocrx_word' id='word_1_110' title='bbox 438 1767 786 1839; x_wconf 88' lang='lat' dir='ltr'><strong>composito,</strong></span> <span class='ocrx_word' id='word_1_111' title='bbox 813 1767 1046 1822; x_wconf 88' lang='lat' dir='ltr'><strong>laudem</strong></span> <span class='ocrx_word' id='word_1_112' title='bbox 1075 1767 1303 1823; x_wconf 90' lang='lat' dir='ltr'><strong>Domini</strong></span> <span class='ocrx_word' id='word_1_113' title='bbox 1328 1767 1711 1830; x_wconf 90' lang='lat' dir='ltr'><strong>decantando,</strong></span> <span class='ocrx_word' id='word_1_114' title='bbox 1730 1765 1986 1838; x_wconf 83' lang='lat' dir='ltr'><strong>pervenit</strong></span> <span class='ocrx_word' id='word_1_115' title='bbox 2009 1764 2081 1820; x_wconf 91' lang='lat' dir='ltr'><strong>ad</strong></span> 
     </span>
    </p>
   </div>
   <div class='ocr_carea' id='block_1_17' title="bbox 437 1854 2162 1958">
    <p class='ocr_par' dir='ltr' id='par_1_17' title="bbox 437 1854 2162 1958">
     <span class='ocr_line' id='line_1_17' title="bbox 437 1854 2162 1958; baseline -0.001 -48"><span class='ocrx_word' id='word_1_116' title='bbox 437 1854 888 1958; x_wconf 46' lang='lat' dir='ltr'><strong>civitatem.nS.ed</strong></span> <span class='ocrx_word' id='word_1_117' title='bbox 931 1859 1245 1926; x_wconf 87' lang='lat' dir='ltr'><strong>antequam</strong></span> <span class='ocrx_word' id='word_1_118' title='bbox 1269 1854 1637 1954; x_wconf 42' lang='lat' dir='ltr'><strong>.episcOpium</strong></span> <span class='ocrx_word' id='word_1_119' title='bbox 1665 1855 2081 1927; x_wconf 82' lang='lat' dir='ltr'><strong>ingrederetur,</strong></span> <span class='ocrx_word' id='word_1_120' title='bbox 2115 1893 2162 1958; x_wconf 79' lang='grc' dir='ltr'><strong>Β</strong></span> 
     </span>
    </p>
   </div>
   <div class='ocr_carea' id='block_1_18' title="bbox 445 1941 2086 2016">
    <p class='ocr_par' dir='ltr' id='par_1_18' title="bbox 445 1941 2086 2016">
     <span class='ocr_line' id='line_1_18' title="bbox 445 1941 2086 2016; baseline -0.001 -18"><span class='ocrx_word' id='word_1_121' title='bbox 445 1943 749 2016; x_wconf 82' lang='lat' dir='ltr'><strong>presbyter</strong></span> <span class='ocrx_word' id='word_1_122' title='bbox 762 1942 879 2008; x_wconf 89' lang='lat' dir='ltr'><strong>ille,</strong></span> <span class='ocrx_word' id='word_1_123' title='bbox 897 1959 1071 2015; x_wconf 91' lang='lat' dir='ltr'><strong>quem</strong></span> <span class='ocrx_word' id='word_1_124' title='bbox 1090 1941 1359 2014; x_wconf 88' lang='lat' dir='ltr'><strong>superius</strong></span> <span class='ocrx_word' id='word_1_125' title='bbox 1373 1959 1517 2014; x_wconf 91' lang='lat' dir='ltr'><strong>pene</strong></span> <span class='ocrx_word' id='word_1_126' title='bbox 1534 1947 1830 1998; x_wconf 90' lang='lat' dir='ltr'><strong>mortuum</strong></span> <span class='ocrx_word' id='word_1_127' title='bbox 1843 1986 1856 2007; x_wconf 86' lang='lat'><strong>,</strong></span> <span class='ocrx_word' id='word_1_128' title='bbox 1870 1957 2086 1996; x_wconf 89' lang='lat' dir='ltr'><strong>memo-</strong></span> 
     </span>
    </p>
   </div>
   <div class='ocr_carea' id='block_1_19' title="bbox 439 2029 2086 2101">
    <p class='ocr_par' dir='ltr' id='par_1_19' title="bbox 439 2029 2086 2101">
     <span class='ocr_line' id='line_1_19' title="bbox 439 2029 2086 2101; baseline -0.001 -15"><span class='ocrx_word' id='word_1_129' title='bbox 439 2031 725 2096; x_wconf 89' lang='lat' dir='ltr'><strong>ravimus,</strong></span> <span class='ocrx_word' id='word_1_130' title='bbox 739 2030 1052 2086; x_wconf 89' lang='lat' dir='ltr'><strong>incolumis</strong></span> <span class='ocrx_word' id='word_1_131' title='bbox 1073 2046 1205 2085; x_wconf 89' lang='lat' dir='ltr'><strong>cum</strong></span> <span class='ocrx_word' id='word_1_132' title='bbox 1225 2029 1488 2101; x_wconf 78' lang='lat' dir='ltr'><strong>accensis</strong></span> <span class='ocrx_word' id='word_1_133' title='bbox 1503 2029 1685 2086; x_wconf 90' lang='lat' dir='ltr'><strong>cereis</strong></span> <span class='ocrx_word' id='word_1_134' title='bbox 1705 2029 1932 2085; x_wconf 88' lang='lat' dir='ltr'><strong>obviam</strong></span> <span class='ocrx_word' id='word_1_135' title='bbox 1957 2046 2086 2084; x_wconf 85' lang='lat' dir='ltr'><strong>san-</strong></span> 
     </span>
    </p>
   </div>
   <div class='ocr_carea' id='block_1_20' title="bbox 447 2116 2082 2190">
    <p class='ocr_par' dir='ltr' id='par_1_20' title="bbox 447 2116 2082 2190">
     <span class='ocr_line' id='line_1_20' title="bbox 447 2116 2082 2190; baseline -0.004 -14"><span class='ocrx_word' id='word_1_136' title='bbox 447 2123 536 2176; x_wconf 89' lang='lat' dir='ltr'><strong>cto</strong></span> <span class='ocrx_word' id='word_1_137' title='bbox 559 2118 790 2174; x_wconf 87' lang='lat' dir='ltr'><strong>advenit</strong></span> <span class='ocrx_word' id='word_1_138' title='bbox 818 2117 1321 2190; x_wconf 81' lang='lat' dir='ltr'><strong>corpori,laudans</strong></span> <span class='ocrx_word' id='word_1_139' title='bbox 1351 2122 1407 2173; x_wconf 90' lang='lat' dir='ltr'><strong>et</strong></span> <span class='ocrx_word' id='word_1_140' title='bbox 1435 2118 1785 2173; x_wconf 88' lang='lat' dir='ltr'><strong>benedicens</strong></span> <span class='ocrx_word' id='word_1_141' title='bbox 1817 2116 2082 2172; x_wconf 90' lang='lat' dir='ltr'><strong>omnium</strong></span> 
     </span>
    </p>
   </div>
   <div class='ocr_carea' id='block_1_21' title="bbox 441 2207 2085 2279">
    <p class='ocr_par' dir='ltr' id='par_1_21' title="bbox 441 2207 2085 2279">
     <span class='ocr_line' id='line_1_21' title="bbox 441 2207 2085 2279; baseline -0.002 -17"><span class='ocrx_word' id='word_1_142' title='bbox 441 2207 834 2264; x_wconf 89' lang='lat' dir='ltr'><strong>Conditorem.</strong></span> <span class='ocrx_word' id='word_1_143' title='bbox 859 2207 1180 2278; x_wconf 88' lang='lat' dir='ltr'><strong>Episcopus</strong></span> <span class='ocrx_word' id='word_1_144' title='bbox 1203 2210 1396 2262; x_wconf 88' lang='lat' dir='ltr'><strong>autem</strong></span> <span class='ocrx_word' id='word_1_145' title='bbox 1427 2211 1621 2279; x_wconf 83' lang='lat' dir='ltr'><strong>grates</strong></span> <span class='ocrx_word' id='word_1_146' title='bbox 1647 2207 1966 2260; x_wconf 90' lang='lat' dir='ltr'><strong>immensas</strong></span> <span class='ocrx_word' id='word_1_147' title='bbox 1992 2221 2085 2258; x_wconf 91' lang='lat' dir='ltr'><strong>re-</strong></span> 
     </span>
    </p>
   </div>
   <div class='ocr_carea' id='block_1_22' title="bbox 442 2293 2083 2366">
    <p class='ocr_par' dir='ltr' id='par_1_22' title="bbox 442 2293 2083 2366">
     <span class='ocr_line' id='line_1_22' title="bbox 442 2293 2083 2366; baseline -0.001 -16"><span class='ocrx_word' id='word_1_148' title='bbox 442 2295 636 2352; x_wconf 88' lang='lat' dir='ltr'><strong>ferens</strong></span> <span class='ocrx_word' id='word_1_149' title='bbox 655 2294 917 2352; x_wconf 90' lang='lat' dir='ltr'><strong>omnium</strong></span> <span class='ocrx_word' id='word_1_150' title='bbox 941 2294 1293 2366; x_wconf 88' lang='lat' dir='ltr'><strong>redemptori</strong></span> <span class='ocrx_word' id='word_1_151' title='bbox 1312 2293 1555 2348; x_wconf 90' lang='lat' dir='ltr'><strong>Domino</strong></span> <span class='ocrx_word' id='word_1_152' title='bbox 1571 2293 1706 2360; x_wconf 90' lang='lat' dir='ltr'><strong>Deo,</strong></span> <span class='ocrx_word' id='word_1_153' title='bbox 1722 2293 2083 2366; x_wconf 88' lang='lat' dir='ltr'><strong>episcopium</strong></span> 
     </span>
    </p>
   </div>
   <div class='ocr_carea' id='block_1_23' title="bbox 442 2380 2085 2454">
    <p class='ocr_par' dir='ltr' id='par_1_23' title="bbox 442 2380 2085 2454">
     <span class='ocr_line' id='line_1_23' title="bbox 442 2380 2085 2454; baseline -0.004 -14"><span class='ocrx_word' id='word_1_154' title='bbox 442 2383 704 2454; x_wconf 83' lang='lat' dir='ltr'><strong>ejusdem</strong></span> <span class='ocrx_word' id='word_1_155' title='bbox 722 2381 1146 2453; x_wconf 73' lang='lat' dir='ltr'><strong>antiquissimae</strong></span> <span class='ocrx_word' id='word_1_156' title='bbox 1165 2380 1489 2454; x_wconf 85' lang='lat' dir='ltr'><strong>ingreditur</strong></span> <span class='ocrx_word' id='word_1_157' title='bbox 1503 2380 1664 2436; x_wconf 90' lang='lat' dir='ltr'><strong>urbis</strong></span> <span class='ocrx_word' id='word_1_158' title='bbox 1685 2387 1742 2436; x_wconf 90' lang='lat' dir='ltr'><strong>et</strong></span> <span class='ocrx_word' id='word_1_159' title='bbox 1762 2381 2085 2437; x_wconf 82' lang='lat' dir='ltr'><strong>venerabile</strong></span> 
     </span>
    </p>
   </div>
   <div class='ocr_carea' id='block_1_24' title="bbox 447 2467 2084 2542">
    <p class='ocr_par' dir='ltr' id='par_1_24' title="bbox 447 2467 2084 2542">
     <span class='ocr_line' id='line_1_24' title="bbox 447 2467 2084 2542; baseline -0.004 -13"><span class='ocrx_word' id='word_1_160' title='bbox 447 2485 663 2542; x_wconf 90' lang='lat' dir='ltr'><strong>corpus</strong></span> <span class='ocrx_word' id='word_1_161' title='bbox 695 2469 753 2524; x_wconf 90' lang='lat' dir='ltr'><strong>in</strong></span> <span class='ocrx_word' id='word_1_162' title='bbox 786 2468 1148 2524; x_wconf 84' lang='lat' dir='ltr'><strong>confessione</strong></span> <span class='ocrx_word' id='word_1_163' title='bbox 1169 2467 1269 2523; x_wconf 88' lang='lat' dir='ltr'><strong>Dei</strong></span> <span class='ocrx_word' id='word_1_164' title='bbox 1301 2467 1612 2524; x_wconf 90' lang='lat' dir='ltr'><strong>Genitricis</strong></span> <span class='ocrx_word' id='word_1_165' title='bbox 1644 2467 1961 2535; x_wconf 89' lang='lat' dir='ltr'><strong>collocavit,</strong></span> <span class='ocrx_word' id='word_1_166' title='bbox 1985 2485 2084 2524; x_wconf 86' lang='lat' dir='ltr'><strong>ex-</strong></span> 
     </span>
    </p>
   </div>
   <div class='ocr_carea' id='block_1_25' title="bbox 450 2554 2087 2630">
    <p class='ocr_par' dir='ltr' id='par_1_25' title="bbox 450 2554 2087 2630">
     <span class='ocr_line' id='line_1_25' title="bbox 450 2554 2087 2630; baseline -0.001 -16"><span class='ocrx_word' id='word_1_167' title='bbox 450 2561 721 2630; x_wconf 88' lang='lat' dir='ltr'><strong>spectans</strong></span> <span class='ocrx_word' id='word_1_168' title='bbox 749 2561 816 2612; x_wconf 91' lang='lat' dir='ltr'><strong>ut</strong></span> <span class='ocrx_word' id='word_1_169' title='bbox 846 2557 955 2613; x_wconf 90' lang='lat' dir='ltr'><strong>sibi</strong></span> <span class='ocrx_word' id='word_1_170' title='bbox 986 2556 1354 2627; x_wconf 87' lang='lat' dir='ltr'><strong>omnipotens</strong></span> <span class='ocrx_word' id='word_1_171' title='bbox 1372 2554 1526 2612; x_wconf 89' lang='lat' dir='ltr'><strong>Deus</strong></span> <span class='ocrx_word' id='word_1_172' title='bbox 1556 2557 1860 2613; x_wconf 87' lang='lat' dir='ltr'><strong>ostendere</strong></span> <span class='ocrx_word' id='word_1_173' title='bbox 1889 2558 2087 2630; x_wconf 87' lang='lat' dir='ltr'><strong>digna-</strong></span> 
     </span>
    </p>
   </div>
   <div class='ocr_carea' id='block_1_26' title="bbox 448 2643 2084 2716">
    <p class='ocr_par' dir='ltr' id='par_1_26' title="bbox 448 2643 2084 2716">
     <span class='ocr_line' id='line_1_26' title="bbox 448 2643 2084 2716; baseline -0.001 -15"><span class='ocrx_word' id='word_1_174' title='bbox 448 2649 609 2702; x_wconf 90' lang='lat' dir='ltr'><strong>retur</strong></span> <span class='ocrx_word' id='word_1_175' title='bbox 638 2645 830 2700; x_wconf 90' lang='lat' dir='ltr'><strong>locum</strong></span> <span class='ocrx_word' id='word_1_176' title='bbox 861 2661 1035 2716; x_wconf 91' lang='lat' dir='ltr'><strong>quem</strong></span> <span class='ocrx_word' id='word_1_177' title='bbox 1066 2644 1178 2700; x_wconf 89' lang='lat' dir='ltr'><strong>sibi</strong></span> <span class='ocrx_word' id='word_1_178' title='bbox 1209 2648 1409 2716; x_wconf 87' lang='lat' dir='ltr'><strong>aptum</strong></span> <span class='ocrx_word' id='word_1_179' title='bbox 1447 2643 1698 2716; x_wconf 88' lang='lat' dir='ltr'><strong>placeret</strong></span> <span class='ocrx_word' id='word_1_180' title='bbox 1753 2645 1824 2700; x_wconf 91' lang='lat' dir='ltr'><strong>ad</strong></span> <span class='ocrx_word' id='word_1_181' title='bbox 1885 2661 2084 2700; x_wconf 79' lang='lat' dir='ltr'><strong>recon-</strong></span> 
     </span>
    </p>
   </div>
   <div class='ocr_carea' id='block_1_27' title="bbox 443 2732 1773 2804">
    <p class='ocr_par' dir='ltr' id='par_1_27' title="bbox 443 2732 1773 2804">
     <span class='ocr_line' id='line_1_27' title="bbox 443 2732 1773 2804; baseline 0 -14"><span class='ocrx_word' id='word_1_182' title='bbox 443 2734 666 2790; x_wconf 88' lang='lat' dir='ltr'><strong>dendas</strong></span> <span class='ocrx_word' id='word_1_183' title='bbox 693 2732 983 2804; x_wconf 82' lang='lat' dir='ltr'><strong>reliquias</strong></span> <span class='ocrx_word' id='word_1_184' title='bbox 1013 2733 1393 2788; x_wconf 87' lang='lat' dir='ltr'><strong>venerandas.</strong></span> <span class='ocrx_word' id='word_1_185' title='bbox 1763 2779 1773 2790; x_wconf 48' lang='grc' dir='ltr'><strong>κ</strong></span> 
     </span>
    </p>
   </div>
   <div class='ocr_carea' id='block_1_28' title="bbox 515 2810 2086 2894">
    <p class='ocr_par' dir='ltr' id='par_1_28' title="bbox 515 2810 2086 2894">
     <span class='ocr_line' id='line_1_28' title="bbox 515 2810 2086 2894; baseline 0.001 -17"><span class='ocrx_word' id='word_1_186' title='bbox 515 2823 732 2879; x_wconf 89' lang='lat' dir='ltr'><strong>Eodem</strong></span> <span class='ocrx_word' id='word_1_187' title='bbox 764 2837 1003 2894; x_wconf 91' lang='lat' dir='ltr'><strong>quoque</strong></span> <span class='ocrx_word' id='word_1_188' title='bbox 1034 2821 1124 2876; x_wconf 89' lang='lat' dir='ltr'><strong>die</strong></span> <span class='ocrx_word' id='word_1_189' title='bbox 1155 2837 1270 2891; x_wconf 89' lang='lat' dir='ltr'><strong>quo</strong></span> <span class='ocrx_word' id='word_1_190' title='bbox 1299 2825 1564 2876; x_wconf 87' lang='lat' dir='ltr'><strong>sanctum</strong></span> <span class='ocrx_word' id='word_1_191' title='bbox 1598 2810 1774 2877; x_wconf 83' lang='lat' dir='ltr'><strong>Marci</strong></span> <span class='ocrx_word' id='word_1_192' title='bbox 1831 2821 2086 2879; x_wconf 90' lang='lat' dir='ltr'><strong>levatum</strong></span> 
     </span>
    </p>
   </div>
   <div class='ocr_carea' id='block_1_29' title="bbox 441 2909 2088 2982">
    <p class='ocr_par' dir='ltr' id='par_1_29' title="bbox 441 2909 2088 2982">
     <span class='ocr_line' id='line_1_29' title="bbox 441 2909 2088 2982; baseline -0.001 -14"><span class='ocrx_word' id='word_1_193' title='bbox 441 2915 535 2968; x_wconf 90' lang='lat' dir='ltr'><strong>est</strong></span> <span class='ocrx_word' id='word_1_194' title='bbox 575 2927 808 2982; x_wconf 87' lang='lat' dir='ltr'><strong>corpus,</strong></span> <span class='ocrx_word' id='word_1_195' title='bbox 869 2909 1081 2965; x_wconf 90' lang='lat' dir='ltr'><strong>accidit</strong></span> <span class='ocrx_word' id='word_1_196' title='bbox 1137 2913 1204 2963; x_wconf 91' lang='lat' dir='ltr'><strong>ut</strong></span> <span class='ocrx_word' id='word_1_197' title='bbox 1261 2909 1394 2964; x_wconf 91' lang='lat' dir='ltr'><strong>inde</strong></span> <span class='ocrx_word' id='word_1_198' title='bbox 1450 2911 1714 2980; x_wconf 83' lang='lat' dir='ltr'><strong>quaedam</strong></span> <span class='ocrx_word' id='word_1_199' title='bbox 1770 2911 2088 2966; x_wconf 88' lang='lat' dir='ltr'><strong>sanctimo-</strong></span> 
     </span>
    </p>
   </div>
   <div class='ocr_carea' id='block_1_30' title="bbox 445 2995 2091 3070">
    <p class='ocr_par' dir='ltr' id='par_1_30' title="bbox 445 2995 2091 3070">
     <span class='ocr_line' id='line_1_30' title="bbox 445 2995 2091 3070; baseline 0 -16"><span class='ocrx_word' id='word_1_200' title='bbox 445 2997 621 3054; x_wconf 87' lang='lat' dir='ltr'><strong>nialis</strong></span> <span class='ocrx_word' id='word_1_201' title='bbox 651 2997 949 3062; x_wconf 87' lang='lat' dir='ltr'><strong>transiret,</strong></span> <span class='ocrx_word' id='word_1_202' title='bbox 985 3002 1041 3052; x_wconf 87' lang='lat' dir='ltr'><strong>et</strong></span> <span class='ocrx_word' id='word_1_203' title='bbox 1070 2997 1211 3052; x_wconf 92' lang='lat' dir='ltr'><strong>dum</strong></span> <span class='ocrx_word' id='word_1_204' title='bbox 1251 2995 1482 3069; x_wconf 84' lang='lat' dir='ltr'><strong>longius</strong></span> <span class='ocrx_word' id='word_1_205' title='bbox 1527 2996 1610 3052; x_wconf 91' lang='lat' dir='ltr'><strong>ire</strong></span> <span class='ocrx_word' id='word_1_206' title='bbox 1666 3003 1974 3070; x_wconf 88' lang='lat' dir='ltr'><strong>satageret,</strong></span> <span class='ocrx_word' id='word_1_207' title='bbox 2025 3003 2091 3054; x_wconf 90' lang='lat' dir='ltr'><strong>ut</strong></span> 
     </span>
    </p>
   </div>
   <div class='ocr_carea' id='block_1_31' title="bbox 443 3085 2084 3153">
    <p class='ocr_par' dir='ltr' id='par_1_31' title="bbox 443 3085 2084 3153">
     <span class='ocr_line' id='line_1_31' title="bbox 443 3085 2084 3153; baseline -0.002 -8"><span class='ocrx_word' id='word_1_208' title='bbox 443 3086 670 3144; x_wconf 80' lang='lat' dir='ltr'><strong>audivit</strong></span> <span class='ocrx_word' id='word_1_209' title='bbox 698 3085 806 3140; x_wconf 90' lang='lat' dir='ltr'><strong>hoc</strong></span> <span class='ocrx_word' id='word_1_210' title='bbox 836 3085 1076 3152; x_wconf 88' lang='lat' dir='ltr'><strong>factum,</strong></span> <span class='ocrx_word' id='word_1_211' title='bbox 1137 3086 1410 3140; x_wconf 89' lang='lat' dir='ltr'><strong>eumdem</strong></span> <span class='ocrx_word' id='word_1_212' title='bbox 1469 3085 1704 3142; x_wconf 88' lang='lat' dir='ltr'><strong>divcrtit</strong></span> <span class='ocrx_word' id='word_1_213' title='bbox 1756 3087 1813 3140; x_wconf 90' lang='lat' dir='ltr'><strong>in</strong></span> <span class='ocrx_word' id='word_1_214' title='bbox 1870 3085 2084 3153; x_wconf 92' lang='lat' dir='ltr'><strong>locum,</strong></span> 
     </span>
    </p>
   </div>
   <div class='ocr_carea' id='block_1_32' title="bbox 447 3174 2088 3245">
    <p class='ocr_par' dir='ltr' id='par_1_32' title="bbox 447 3174 2088 3245">
     <span class='ocr_line' id='line_1_32' title="bbox 447 3174 2088 3245; baseline -0.001 -14"><span class='ocrx_word' id='word_1_215' title='bbox 447 3178 505 3231; x_wconf 88' lang='lat' dir='ltr'><strong>et</strong></span> <span class='ocrx_word' id='word_1_216' title='bbox 535 3174 678 3230; x_wconf 90' lang='lat' dir='ltr'><strong>dum</strong></span> <span class='ocrx_word' id='word_1_217' title='bbox 726 3189 788 3229; x_wconf 90' lang='lat' dir='ltr'><strong>se</strong></span> <span class='ocrx_word' id='word_1_218' title='bbox 844 3189 1028 3245; x_wconf 89' lang='lat' dir='ltr'><strong>prona</strong></span> <span class='ocrx_word' id='word_1_219' title='bbox 1081 3177 1468 3245; x_wconf 88' lang='lat' dir='ltr'><strong>prosterneret</strong></span> <span class='ocrx_word' id='word_1_220' title='bbox 1525 3179 1791 3230; x_wconf 91' lang='lat' dir='ltr'><strong>sanctum</strong></span> <span class='ocrx_word' id='word_1_221' title='bbox 1849 3175 2088 3230; x_wconf 90' lang='lat' dir='ltr'><strong>adorare</strong></span> 
     </span>
    </p>
   </div>
   <div class='ocr_carea' id='block_1_33' title="bbox 441 3250 2158 3335">
    <p class='ocr_par' dir='ltr' id='par_1_33' title="bbox 441 3250 2158 3335">
     <span class='ocr_line' id='line_1_33' title="bbox 441 3250 2158 3335; baseline -0.001 -18"><span class='ocrx_word' id='word_1_222' title='bbox 441 3261 803 3335; x_wconf 81' lang='lat' dir='ltr'><strong>sepulcrum,</strong></span> <span class='ocrx_word' id='word_1_223' title='bbox 883 3261 1156 3332; x_wconf 81' lang='lat' dir='ltr'><strong>respexit,</strong></span> <span class='ocrx_word' id='word_1_224' title='bbox 1234 3265 1292 3316; x_wconf 92' lang='lat' dir='ltr'><strong>et</strong></span> <span class='ocrx_word' id='word_1_225' title='bbox 1379 3278 1510 3317; x_wconf 91' lang='lat' dir='ltr'><strong>ecce</strong></span> <span class='ocrx_word' id='word_1_226' title='bbox 1585 3261 1869 3334; x_wconf 90' lang='lat' dir='ltr'><strong>particula</strong></span> <span class='ocrx_word' id='word_1_227' title='bbox 1954 3250 2158 3318; x_wconf 87' lang='lat' dir='ltr'><strong>reli-C</strong></span> 
     </span>
    </p>
   </div>
   <div class='ocr_carea' id='block_1_34' title="bbox 447 3349 2088 3423">
    <p class='ocr_par' dir='ltr' id='par_1_34' title="bbox 447 3349 2088 3423">
     <span class='ocr_line' id='line_1_34' title="bbox 447 3349 2088 3423; baseline 0 -17"><span class='ocrx_word' id='word_1_228' title='bbox 447 3350 720 3423; x_wconf 89' lang='lat' dir='ltr'><strong>quiarum</strong></span> <span class='ocrx_word' id='word_1_229' title='bbox 784 3349 843 3405; x_wconf 91' lang='lat' dir='ltr'><strong>in</strong></span> <span class='ocrx_word' id='word_1_230' title='bbox 902 3349 1093 3404; x_wconf 90' lang='lat' dir='ltr'><strong>medio</strong></span> <span class='ocrx_word' id='word_1_231' title='bbox 1137 3349 1364 3420; x_wconf 89' lang='lat' dir='ltr'><strong>jacens,</strong></span> <span class='ocrx_word' id='word_1_232' title='bbox 1445 3349 1660 3406; x_wconf 82' lang='lat' dir='ltr'><strong>furtim‘</strong></span> <span class='ocrx_word' id='word_1_233' title='bbox 1723 3349 1953 3417; x_wconf 87' lang='lat' dir='ltr'><strong>levavit,</strong></span> <span class='ocrx_word' id='word_1_234' title='bbox 2031 3355 2088 3406; x_wconf 88' lang='lat' dir='ltr'><strong>et</strong></span> 
     </span>
    </p>
   </div>
   <div class='ocr_carea' id='block_1_35' title="bbox 448 3437 2083 3512">
    <p class='ocr_par' dir='ltr' id='par_1_35' title="bbox 448 3437 2083 3512">
     <span class='ocr_line' id='line_1_35' title="bbox 448 3437 2083 3512; baseline -0.001 -17"><span class='ocrx_word' id='word_1_235' title='bbox 448 3439 647 3512; x_wconf 82' lang='lat' dir='ltr'><strong>gavisa</strong></span> <span class='ocrx_word' id='word_1_236' title='bbox 715 3437 929 3512; x_wconf 85' lang='lat' dir='ltr'><strong>gaudio</strong></span> <span class='ocrx_word' id='word_1_237' title='bbox 997 3453 1231 3510; x_wconf 84' lang='lat' dir='ltr'><strong>magno,</strong></span> <span class='ocrx_word' id='word_1_238' title='bbox 1289 3455 1489 3495; x_wconf 90' lang='lat' dir='ltr'><strong>secum</strong></span> <span class='ocrx_word' id='word_1_239' title='bbox 1562 3443 1792 3510; x_wconf 89' lang='lat' dir='ltr'><strong>portare</strong></span> <span class='ocrx_word' id='word_1_240' title='bbox 1863 3439 2083 3507; x_wconf 91' lang='lat' dir='ltr'><strong>voluit;</strong></span> 
     </span>
    </p>
   </div>
   <div class='ocr_carea' id='block_1_36' title="bbox 447 3525 2084 3600">
    <p class='ocr_par' dir='ltr' id='par_1_36' title="bbox 447 3525 2084 3600">
     <span class='ocr_line' id='line_1_36' title="bbox 447 3525 2084 3600; baseline -0.001 -17"><span class='ocrx_word' id='word_1_241' title='bbox 447 3543 576 3600; x_wconf 69' lang='lat' dir='ltr'><strong>qua:</strong></span> <span class='ocrx_word' id='word_1_242' title='bbox 597 3528 739 3582; x_wconf 91' lang='lat' dir='ltr'><strong>dum</strong></span> <span class='ocrx_word' id='word_1_243' title='bbox 757 3543 871 3582; x_wconf 91' lang='lat' dir='ltr'><strong>non</strong></span> <span class='ocrx_word' id='word_1_244' title='bbox 895 3525 1062 3597; x_wconf 87' lang='lat' dir='ltr'><strong>longe</strong></span> <span class='ocrx_word' id='word_1_245' title='bbox 1083 3525 1154 3580; x_wconf 90' lang='lat' dir='ltr'><strong>ab</strong></span> <span class='ocrx_word' id='word_1_246' title='bbox 1179 3527 1422 3582; x_wconf 89' lang='lat' dir='ltr'><strong>ecclesia</strong></span> <span class='ocrx_word' id='word_1_247' title='bbox 1441 3529 1613 3592; x_wconf 88' lang='lat' dir='ltr'><strong>esset,</strong></span> <span class='ocrx_word' id='word_1_248' title='bbox 1631 3533 1939 3598; x_wconf 83' lang='lat' dir='ltr'><strong>antequam</strong></span> <span class='ocrx_word' id='word_1_249' title='bbox 1963 3543 2084 3600; x_wconf 89' lang='lat' dir='ltr'><strong>per-</strong></span> 
     </span>
    </p>
   </div>
   <div class='ocr_carea' id='block_1_37' title="bbox 447 3613 2082 3681">
    <p class='ocr_par' dir='ltr' id='par_1_37' title="bbox 447 3613 2082 3681">
     <span class='ocr_line' id='line_1_37' title="bbox 447 3613 2082 3681; baseline -0.001 -10"><span class='ocrx_word' id='word_1_250' title='bbox 447 3615 749 3672; x_wconf 88' lang='lat' dir='ltr'><strong>veniretad</strong></span> <span class='ocrx_word' id='word_1_251' title='bbox 770 3615 982 3670; x_wconf 90' lang='lat' dir='ltr'><strong>vadum</strong></span> <span class='ocrx_word' id='word_1_252' title='bbox 1005 3613 1502 3678; x_wconf 86' lang='lat' dir='ltr'><strong>ﬂuminis,tantus</strong></span> <span class='ocrx_word' id='word_1_253' title='bbox 1521 3614 2082 3681; x_wconf 90' lang='lat' dir='ltr'><strong>timorinvasiteam,</strong></span> 
     </span>
    </p>
   </div>
   <div class='ocr_carea' id='block_1_38' title="bbox 447 3702 2085 3776">
    <p class='ocr_par' dir='ltr' id='par_1_38' title="bbox 447 3702 2085 3776">
     <span class='ocr_line' id='line_1_38' title="bbox 447 3702 2085 3776; baseline 0 -16"><span class='ocrx_word' id='word_1_254' title='bbox 447 3707 511 3765; x_wconf 86' lang='lat' dir='ltr'><strong>ut</strong></span> <span class='ocrx_word' id='word_1_255' title='bbox 530 3719 635 3760; x_wconf 89' lang='lat' dir='ltr'><strong>nec</strong></span> <span class='ocrx_word' id='word_1_256' title='bbox 655 3706 807 3760; x_wconf 90' lang='lat' dir='ltr'><strong>retro</strong></span> <span class='ocrx_word' id='word_1_257' title='bbox 826 3719 930 3758; x_wconf 90' lang='lat' dir='ltr'><strong>nec</strong></span> <span class='ocrx_word' id='word_1_258' title='bbox 950 3707 1082 3759; x_wconf 87' lang='lat' dir='ltr'><strong>ante</strong></span> <span class='ocrx_word' id='word_1_259' title='bbox 1105 3708 1300 3774; x_wconf 86' lang='lat' dir='ltr'><strong>posset</strong></span> <span class='ocrx_word' id='word_1_260' title='bbox 1321 3703 1636 3776; x_wconf 86' lang='lat' dir='ltr'><strong>aliquando</strong></span> <span class='ocrx_word' id='word_1_261' title='bbox 1657 3702 1965 3759; x_wconf 86' lang='lat' dir='ltr'><strong>declinare.</strong></span> <span class='ocrx_word' id='word_1_262' title='bbox 1981 3703 2085 3760; x_wconf 84' lang='lat' dir='ltr'><strong>Re-</strong></span> 
     </span>
    </p>
   </div>
   <div class='ocr_carea' id='block_1_39' title="bbox 445 3791 2082 3866">
    <p class='ocr_par' dir='ltr' id='par_1_39' title="bbox 445 3791 2082 3866">
     <span class='ocr_line' id='line_1_39' title="bbox 445 3791 2082 3866; baseline -0.001 -17"><span class='ocrx_word' id='word_1_263' title='bbox 445 3793 680 3849; x_wconf 88' lang='lat' dir='ltr'><strong>cordata</strong></span> <span class='ocrx_word' id='word_1_264' title='bbox 705 3795 899 3848; x_wconf 91' lang='lat' dir='ltr'><strong>autem</strong></span> <span class='ocrx_word' id='word_1_265' title='bbox 932 3791 1120 3848; x_wconf 87' lang='lat' dir='ltr'><strong>sancti</strong></span> <span class='ocrx_word' id='word_1_266' title='bbox 1151 3793 1423 3866; x_wconf 82' lang='lat' dir='ltr'><strong>martyris</strong></span> <span class='ocrx_word' id='word_1_267' title='bbox 1456 3792 1857 3865; x_wconf 90' lang='lat' dir='ltr'><strong>reliquiarum,</strong></span> <span class='ocrx_word' id='word_1_268' title='bbox 1897 3792 2082 3848; x_wconf 89' lang='lat' dir='ltr'><strong>conti-</strong></span> 
     </span>
    </p>
   </div>
   <div class='ocr_carea' id='block_1_40' title="bbox 441 3879 2078 3954">
    <p class='ocr_par' dir='ltr' id='par_1_40' title="bbox 441 3879 2078 3954">
     <span class='ocr_line' id='line_1_40' title="bbox 441 3879 2078 3954; baseline -0.002 -15"><span class='ocrx_word' id='word_1_269' title='bbox 441 3898 560 3939; x_wconf 89' lang='lat' dir='ltr'><strong>nuo</strong></span> <span class='ocrx_word' id='word_1_270' title='bbox 585 3880 860 3938; x_wconf 87' lang='lat' dir='ltr'><strong>sericium</strong></span> <span class='ocrx_word' id='word_1_271' title='bbox 887 3879 1076 3935; x_wconf 90' lang='lat' dir='ltr'><strong>velum</strong></span> <span class='ocrx_word' id='word_1_272' title='bbox 1099 3896 1214 3952; x_wconf 93' lang='lat' dir='ltr'><strong>quo</strong></span> <span class='ocrx_word' id='word_1_273' title='bbox 1236 3881 1726 3954; x_wconf 88' lang='lat' dir='ltr'><strong>caputtegebatur</strong></span> <span class='ocrx_word' id='word_1_274' title='bbox 1740 3881 1894 3949; x_wconf 87' lang='lat' dir='ltr'><strong>tulit,</strong></span> <span class='ocrx_word' id='word_1_275' title='bbox 1916 3886 1972 3936; x_wconf 89' lang='lat' dir='ltr'><strong>et</strong></span> <span class='ocrx_word' id='word_1_276' title='bbox 1991 3881 2078 3936; x_wconf 83' lang='lat' dir='ltr'><strong>in-</strong></span> 
     </span>
    </p>
   </div>
   <div class='ocr_carea' id='block_1_41' title="bbox 439 3967 2080 4040">
    <p class='ocr_par' dir='ltr' id='par_1_41' title="bbox 439 3967 2080 4040">
     <span class='ocr_line' id='line_1_41' title="bbox 439 3967 2080 4040; baseline 0 -16"><span class='ocrx_word' id='word_1_277' title='bbox 439 3969 767 4026; x_wconf 89' lang='lat' dir='ltr'><strong>volvensibi</strong></span> <span class='ocrx_word' id='word_1_278' title='bbox 788 3972 993 4024; x_wconf 88' lang='lat' dir='ltr'><strong>sancta</strong></span> <span class='ocrx_word' id='word_1_279' title='bbox 1012 3967 1258 4040; x_wconf 90' lang='lat' dir='ltr'><strong>pignora</strong></span> <span class='ocrx_word' id='word_1_280' title='bbox 1279 3969 1589 4025; x_wconf 89' lang='lat' dir='ltr'><strong>remisitad</strong></span> <span class='ocrx_word' id='word_1_281' title='bbox 1611 3985 1844 4040; x_wconf 90' lang='lat' dir='ltr'><strong>corpus,</strong></span> <span class='ocrx_word' id='word_1_282' title='bbox 1867 3973 1926 4024; x_wconf 91' lang='lat' dir='ltr'><strong>et</strong></span> <span class='ocrx_word' id='word_1_283' title='bbox 1948 3985 2080 4026; x_wconf 82' lang='lat' dir='ltr'><strong>mox</strong></span> 
     </span>
    </p>
   </div>
   <div class='ocr_carea' id='block_1_42' title="bbox 437 4054 2080 4130">
    <p class='ocr_par' dir='ltr' id='par_1_42' title="bbox 437 4054 2080 4130">
     <span class='ocr_line' id='line_1_42' title="bbox 437 4054 2080 4130; baseline 0 -16"><span class='ocrx_word' id='word_1_284' title='bbox 437 4057 610 4130; x_wconf 86' lang='lat' dir='ltr'><strong>quasi</strong></span> <span class='ocrx_word' id='word_1_285' title='bbox 631 4073 665 4112; x_wconf 87' lang='lat' dir='ltr'><strong>a</strong></span> <span class='ocrx_word' id='word_1_286' title='bbox 693 4054 942 4112; x_wconf 85' lang='lat' dir='ltr'><strong>vinculis</strong></span> <span class='ocrx_word' id='word_1_287' title='bbox 970 4055 1260 4123; x_wconf 88' lang='lat' dir='ltr'><strong>absoluta,</strong></span> <span class='ocrx_word' id='word_1_288' title='bbox 1293 4063 1546 4129; x_wconf 74' lang='lat' dir='ltr'><strong>ereptum</strong></span> <span class='ocrx_word' id='word_1_289' title='bbox 1569 4057 1790 4130; x_wconf 86' lang='lat' dir='ltr'><strong>peregit</strong></span> <span class='ocrx_word' id='word_1_290' title='bbox 1813 4057 1938 4114; x_wconf 88' lang='lat' dir='ltr'><strong>iter.</strong></span> <span class='ocrx_word' id='word_1_291' title='bbox 1960 4057 2080 4114; x_wconf 69' lang='lat' dir='ltr'><strong>Cre-</strong></span> 
     </span>
    </p>
   </div>
   <div class='ocr_carea' id='block_1_43' title="bbox 437 4143 2078 4218">
    <p class='ocr_par' dir='ltr' id='par_1_43' title="bbox 437 4143 2078 4218">
     <span class='ocr_line' id='line_1_43' title="bbox 437 4143 2078 4218; baseline 0.002 -20"><span class='ocrx_word' id='word_1_292' title='bbox 437 4145 526 4218; x_wconf 87' lang='lat' dir='ltr'><strong>pit</strong></span> <span class='ocrx_word' id='word_1_293' title='bbox 559 4143 772 4201; x_wconf 88' lang='lat' dir='ltr'><strong>dehinc</strong></span> <span class='ocrx_word' id='word_1_294' title='bbox 793 4143 1038 4200; x_wconf 88' lang='lat' dir='ltr'><strong>antistes</strong></span> <span class='ocrx_word' id='word_1_295' title='bbox 1067 4143 1439 4200; x_wconf 88' lang='lat' dir='ltr'><strong>vehementer</strong></span> <span class='ocrx_word' id='word_1_296' title='bbox 1467 4143 1736 4200; x_wconf 58' lang='lat' dir='ltr'><strong>hasitare</strong></span> <span class='ocrx_word' id='word_1_297' title='bbox 1765 4146 1905 4216; x_wconf 92' lang='lat' dir='ltr'><strong>quid</strong></span> <span class='ocrx_word' id='word_1_298' title='bbox 1944 4147 2078 4202; x_wconf 90' lang='lat' dir='ltr'><strong>inde</strong></span> 
     </span>
    </p>
   </div>
   <div class='ocr_carea' id='block_1_44' title="bbox 423 4230 2075 4304">
    <p class='ocr_par' dir='ltr' id='par_1_44' title="bbox 423 4230 2075 4304">
     <span class='ocr_line' id='line_1_44' title="bbox 423 4230 2075 4304; baseline 0.001 -16"><span class='ocrx_word' id='word_1_299' title='bbox 423 4233 670 4300; x_wconf 52' lang='lat' dir='ltr'><strong>,faceret,</strong></span> <span class='ocrx_word' id='word_1_300' title='bbox 692 4231 781 4287; x_wconf 90' lang='lat' dir='ltr'><strong>vel</strong></span> <span class='ocrx_word' id='word_1_301' title='bbox 813 4231 872 4286; x_wconf 88' lang='lat' dir='ltr'><strong>in</strong></span> <span class='ocrx_word' id='word_1_302' title='bbox 905 4247 1021 4303; x_wconf 91' lang='lat' dir='ltr'><strong>quo</strong></span> <span class='ocrx_word' id='word_1_303' title='bbox 1053 4230 1177 4286; x_wconf 92' lang='lat' dir='ltr'><strong>loco</strong></span> <span class='ocrx_word' id='word_1_304' title='bbox 1209 4247 1343 4288; x_wconf 92' lang='lat' dir='ltr'><strong>eum</strong></span> <span class='ocrx_word' id='word_1_305' title='bbox 1374 4239 1696 4304; x_wconf 85' lang='lat' dir='ltr'><strong>reponeret,</strong></span> <span class='ocrx_word' id='word_1_306' title='bbox 1727 4240 1829 4290; x_wconf 91' lang='lat' dir='ltr'><strong>aut</strong></span> <span class='ocrx_word' id='word_1_307' title='bbox 1857 4235 1905 4292; x_wconf 87' lang='lat' dir='ltr'><strong>si</strong></span> <span class='ocrx_word' id='word_1_308' title='bbox 1964 4234 2075 4290; x_wconf 90' lang='lat' dir='ltr'><strong>sibi</strong></span> 
     </span>
    </p>
   </div>
   <div class='ocr_carea' id='block_1_45' title="bbox 431 4319 2073 4394">
    <p class='ocr_par' dir='ltr' id='par_1_45' title="bbox 431 4319 2073 4394">
     <span class='ocr_line' id='line_1_45' title="bbox 431 4319 2073 4394; baseline 0.001 -17"><span class='ocrx_word' id='word_1_309' title='bbox 431 4319 728 4394; x_wconf 89' lang='lat' dir='ltr'><strong>propriam</strong></span> <span class='ocrx_word' id='word_1_310' title='bbox 749 4319 990 4375; x_wconf 85' lang='lat' dir='ltr'><strong>domum</strong></span> <span class='ocrx_word' id='word_1_311' title='bbox 1006 4322 1393 4388; x_wconf 89' lang='lat' dir='ltr'><strong>construeret;</strong></span> <span class='ocrx_word' id='word_1_312' title='bbox 1411 4325 1467 4376; x_wconf 91' lang='lat' dir='ltr'><strong>et</strong></span> <span class='ocrx_word' id='word_1_313' title='bbox 1481 4321 1624 4376; x_wconf 89' lang='lat' dir='ltr'><strong>dum</strong></span> <span class='ocrx_word' id='word_1_314' title='bbox 1647 4321 1765 4376; x_wconf 57' lang='lat' dir='ltr'><strong>haec</strong></span> <span class='ocrx_word' id='word_1_315' title='bbox 1781 4327 2073 4391; x_wconf 89' lang='lat' dir='ltr'><strong>tractaret,</strong></span> 
     </span>
    </p>
   </div>
   <div class='ocr_carea' id='block_1_46' title="bbox 432 4406 2077 4467">
    <p class='ocr_par' dir='ltr' id='par_1_46' title="bbox 432 4406 2077 4467">
     <span class='ocr_line' id='line_1_46' title="bbox 432 4406 2077 4467; baseline 0.001 -1"><span class='ocrx_word' id='word_1_316' title='bbox 432 4409 621 4466; x_wconf 83' lang='lat' dir='ltr'><strong>adfuit</strong></span> <span class='ocrx_word' id='word_1_317' title='bbox 649 4407 896 4465; x_wconf 89' lang='lat' dir='ltr'><strong>dilectus</strong></span> <span class='ocrx_word' id='word_1_318' title='bbox 915 4406 1386 4464; x_wconf 90' lang='lat' dir='ltr'><strong>DominiMarcus</strong></span> <span class='ocrx_word' id='word_1_319' title='bbox 1412 4408 1469 4464; x_wconf 92' lang='lat' dir='ltr'><strong>in</strong></span> <span class='ocrx_word' id='word_1_320' title='bbox 1495 4409 1718 4467; x_wconf 90' lang='lat' dir='ltr'><strong>somnis</strong></span> <span class='ocrx_word' id='word_1_321' title='bbox 1738 4411 1968 4466; x_wconf 90' lang='lat' dir='ltr'><strong>cuidam</strong></span> <span class='ocrx_word' id='word_1_322' title='bbox 1993 4427 2077 4466; x_wconf 88' lang='lat' dir='ltr'><strong>re-</strong></span> 
     </span>
    </p>
   </div>
   <div class='ocr_carea' id='block_1_47' title="bbox 433 4495 2071 4571">
    <p class='ocr_par' dir='ltr' id='par_1_47' title="bbox 433 4495 2071 4571">
     <span class='ocr_line' id='line_1_47' title="bbox 433 4495 2071 4571; baseline 0.001 -19"><span class='ocrx_word' id='word_1_323' title='bbox 433 4497 657 4571; x_wconf 72' lang='lat' dir='ltr'><strong>ligiosae</strong></span> <span class='ocrx_word' id='word_1_324' title='bbox 671 4497 920 4563; x_wconf 66' lang='lat' dir='ltr'><strong>femina),</strong></span> <span class='ocrx_word' id='word_1_325' title='bbox 939 4495 1165 4552; x_wconf 90' lang='lat' dir='ltr'><strong>dicens:</strong></span> <span class='ocrx_word' id='word_1_326' title='bbox 1188 4498 1384 4552; x_wconf 83' lang='lat' dir='ltr'><strong>«Vade</strong></span> <span class='ocrx_word' id='word_1_327' title='bbox 1401 4501 1456 4553; x_wconf 93' lang='lat' dir='ltr'><strong>et</strong></span> <span class='ocrx_word' id='word_1_328' title='bbox 1472 4497 1564 4554; x_wconf 88' lang='lat' dir='ltr'><strong>die</strong></span> <span class='ocrx_word' id='word_1_329' title='bbox 1575 4498 1868 4570; x_wconf 84' lang='lat' dir='ltr'><strong>episcopo,</strong></span> <span class='ocrx_word' id='word_1_330' title='bbox 1891 4499 2071 4554; x_wconf 85' lang='lat' dir='ltr'><strong>anim-</strong></span> 
     </span>
    </p>
   </div>
   <div class='ocr_carea' id='block_1_48' title="bbox 432 4585 2149 4675">
    <p class='ocr_par' dir='ltr' id='par_1_48' title="bbox 432 4585 2149 4675">
     <span class='ocr_line' id='line_1_48' title="bbox 432 4585 2149 4675; baseline 0.001 -33"><span class='ocrx_word' id='word_1_331' title='bbox 432 4587 696 4675; x_wconf 81' lang='lat' dir='ltr'><strong>advertat</strong></span> <span class='ocrx_word' id='word_1_332' title='bbox 726 4585 1061 4675; x_wconf 68' lang='lat' dir='ltr'><strong>diligenter,</strong></span> <span class='ocrx_word' id='word_1_333' title='bbox 1086 4589 1144 4640; x_wconf 90' lang='lat' dir='ltr'><strong>et</strong></span> <span class='ocrx_word' id='word_1_334' title='bbox 1179 4589 1442 4675; x_wconf 79' lang='lat' dir='ltr'><strong>nostrum</strong></span> <span class='ocrx_word' id='word_1_335' title='bbox 1475 4586 1768 4642; x_wconf 82' lang='lat' dir='ltr'><strong>evidenter</strong></span> <span class='ocrx_word' id='word_1_336' title='bbox 1825 4604 2074 4660; x_wconf 89' lang='lat' dir='ltr'><strong>perpen-</strong></span> <span class='ocrx_word' id='word_1_337' title='bbox 2102 4609 2149 4675; x_wconf 71' lang='grc' dir='ltr'><strong>Ι)</strong></span> 
     </span>
    </p>
   </div>
   <div class='ocr_carea' id='block_1_49' title="bbox 431 4673 2075 4745">
    <p class='ocr_par' dir='ltr' id='par_1_49' title="bbox 431 4673 2075 4745">
     <span class='ocr_line' id='line_1_49' title="bbox 431 4673 2075 4745; baseline 0.001 -14"><span class='ocrx_word' id='word_1_338' title='bbox 431 4675 532 4730; x_wconf 88' lang='lat' dir='ltr'><strong>dat</strong></span> <span class='ocrx_word' id='word_1_339' title='bbox 546 4674 824 4731; x_wconf 88' lang='lat' dir='ltr'><strong>honorem</strong></span> <span class='ocrx_word' id='word_1_340' title='bbox 843 4691 856 4741; x_wconf 89' lang='lat'><strong>;</strong></span> <span class='ocrx_word' id='word_1_341' title='bbox 877 4673 1015 4745; x_wconf 87' lang='lat' dir='ltr'><strong>quia</strong></span> <span class='ocrx_word' id='word_1_342' title='bbox 1031 4673 1241 4728; x_wconf 91' lang='lat' dir='ltr'><strong>domus</strong></span> <span class='ocrx_word' id='word_1_343' title='bbox 1264 4673 1334 4728; x_wconf 88' lang='lat' dir='ltr'><strong>de</strong></span> <span class='ocrx_word' id='word_1_344' title='bbox 1351 4690 1465 4744; x_wconf 90' lang='lat' dir='ltr'><strong>qua</strong></span> <span class='ocrx_word' id='word_1_345' title='bbox 1482 4678 1746 4729; x_wconf 89' lang='lat' dir='ltr'><strong>nostrum</strong></span> <span class='ocrx_word' id='word_1_346' title='bbox 1767 4675 1902 4731; x_wconf 89' lang='lat' dir='ltr'><strong>tulit</strong></span> <span class='ocrx_word' id='word_1_347' title='bbox 1921 4693 2075 4732; x_wconf 90' lang='lat' dir='ltr'><strong>nunc</strong></span> 
     </span>
    </p>
   </div>
   <div class='ocr_carea' id='block_1_50' title="bbox 428 4761 2065 4834">
    <p class='ocr_par' dir='ltr' id='par_1_50' title="bbox 428 4761 2065 4834">
     <span class='ocr_line' id='line_1_50' title="bbox 428 4761 2065 4834; baseline 0.002 -17"><span class='ocrx_word' id='word_1_348' title='bbox 428 4777 662 4834; x_wconf 91' lang='lat' dir='ltr'><strong>corpus,</strong></span> <span class='ocrx_word' id='word_1_349' title='bbox 699 4762 879 4819; x_wconf 90' lang='lat' dir='ltr'><strong>nostri</strong></span> <span class='ocrx_word' id='word_1_350' title='bbox 911 4761 1148 4818; x_wconf 87' lang='lat' dir='ltr'><strong>honoris</strong></span> <span class='ocrx_word' id='word_1_351' title='bbox 1179 4777 1356 4816; x_wconf 88' lang='lat' dir='ltr'><strong>causa</strong></span> <span class='ocrx_word' id='word_1_352' title='bbox 1386 4761 1628 4818; x_wconf 80' lang='lat' dir='ltr'><strong>mirifice</strong></span> <span class='ocrx_word' id='word_1_353' title='bbox 1649 4763 1868 4818; x_wconf 81' lang='lat' dir='ltr'><strong>exstitit</strong></span> <span class='ocrx_word' id='word_1_354' title='bbox 1889 4765 2065 4830; x_wconf 90' lang='lat' dir='ltr'><strong>facta;</strong></span> 
     </span>
    </p>
   </div>
   <div class='ocr_carea' id='block_1_51' title="bbox 427 4849 2072 4922">
    <p class='ocr_par' dir='ltr' id='par_1_51' title="bbox 427 4849 2072 4922">
     <span class='ocr_line' id='line_1_51' title="bbox 427 4849 2072 4922; baseline 0.002 -18"><span class='ocrx_word' id='word_1_355' title='bbox 427 4856 782 4922; x_wconf 87' lang='lat' dir='ltr'><strong>quapropter</strong></span> <span class='ocrx_word' id='word_1_356' title='bbox 804 4851 985 4905; x_wconf 65' lang='lat' dir='ltr'><strong>eadem</strong></span> <span class='ocrx_word' id='word_1_357' title='bbox 1011 4849 1304 4920; x_wconf 89' lang='lat' dir='ltr'><strong>propriam</strong></span> <span class='ocrx_word' id='word_1_358' title='bbox 1323 4865 1539 4922; x_wconf 70' lang='lat' dir='ltr'><strong>quaero,</strong></span> <span class='ocrx_word' id='word_1_359' title='bbox 1559 4851 1709 4922; x_wconf 90' lang='lat' dir='ltr'><strong>quod</strong></span> <span class='ocrx_word' id='word_1_360' title='bbox 1740 4851 1787 4907; x_wconf 89' lang='lat' dir='ltr'><strong>si</strong></span> <span class='ocrx_word' id='word_1_361' title='bbox 1812 4851 2072 4922; x_wconf 79' lang='lat' dir='ltr'><strong>neglexe-</strong></span> 
     </span>
    </p>
   </div>
   <div class='ocr_carea' id='block_1_52' title="bbox 424 4935 2062 5010">
    <p class='ocr_par' dir='ltr' id='par_1_52' title="bbox 424 4935 2062 5010">
     <span class='ocr_line' id='line_1_52' title="bbox 424 4935 2062 5010; baseline 0.001 -20"><span class='ocrx_word' id='word_1_362' title='bbox 424 4935 502 4990; x_wconf 90' lang='lat' dir='ltr'><strong>rit</strong></span> <span class='ocrx_word' id='word_1_363' title='bbox 531 4937 736 5000; x_wconf 87' lang='lat' dir='ltr'><strong>facere.</strong></span> <span class='ocrx_word' id='word_1_364' title='bbox 769 4937 918 4992; x_wconf 86' lang='lat' dir='ltr'><strong>sciat</strong></span> <span class='ocrx_word' id='word_1_365' title='bbox 948 4953 1009 4991; x_wconf 90' lang='lat' dir='ltr'><strong>sc</strong></span> <span class='ocrx_word' id='word_1_366' title='bbox 1039 4937 1148 4994; x_wconf 92' lang='lat' dir='ltr'><strong>hoc</strong></span> <span class='ocrx_word' id='word_1_367' title='bbox 1179 4953 1332 4992; x_wconf 92' lang='lat' dir='ltr'><strong>anno</strong></span> <span class='ocrx_word' id='word_1_368' title='bbox 1374 4939 1629 5009; x_wconf 89' lang='lat' dir='ltr'><strong>periculo</strong></span> <span class='ocrx_word' id='word_1_369' title='bbox 1679 4940 2000 5010; x_wconf 89' lang='lat' dir='ltr'><strong>subjacere.</strong></span> <span class='ocrx_word' id='word_1_370' title='bbox 2033 4963 2062 4991; x_wconf 84' lang='lat'><strong><em>»</em></strong></span> 
     </span>
    </p>
   </div>
   <div class='ocr_carea' id='block_1_53' title="bbox 421 5020 2064 5096">
    <p class='ocr_par' dir='ltr' id='par_1_53' title="bbox 421 5020 2064 5096">
     <span class='ocr_line' id='line_1_53' title="bbox 421 5020 2064 5096; baseline 0.004 -20"><span class='ocrx_word' id='word_1_371' title='bbox 421 5020 539 5076; x_wconf 84' lang='lat' dir='ltr'><strong>Hoc</strong></span> <span class='ocrx_word' id='word_1_372' title='bbox 567 5025 786 5090; x_wconf 87' lang='lat' dir='ltr'><strong>audito,</strong></span> <span class='ocrx_word' id='word_1_373' title='bbox 818 5024 1125 5095; x_wconf 90' lang='lat' dir='ltr'><strong>episcopus</strong></span> <span class='ocrx_word' id='word_1_374' title='bbox 1159 5024 1404 5096; x_wconf 82' lang='lat' dir='ltr'><strong>expavit,</strong></span> <span class='ocrx_word' id='word_1_375' title='bbox 1437 5031 1493 5081; x_wconf 91' lang='lat' dir='ltr'><strong>et</strong></span> <span class='ocrx_word' id='word_1_376' title='bbox 1521 5027 1590 5081; x_wconf 91' lang='lat' dir='ltr'><strong>de</strong></span> <span class='ocrx_word' id='word_1_377' title='bbox 1612 5027 1832 5083; x_wconf 86' lang='lat' dir='ltr'><strong>visione</strong></span> <span class='ocrx_word' id='word_1_378' title='bbox 1855 5027 1934 5082; x_wconf 91' lang='lat' dir='ltr'><strong>nil</strong></span> <span class='ocrx_word' id='word_1_379' title='bbox 1957 5029 2064 5083; x_wconf 90' lang='lat' dir='ltr'><strong>du-</strong></span> 
     </span>
    </p>
   </div>
   <div class='ocr_carea' id='block_1_54' title="bbox 423 5109 2063 5190">
    <p class='ocr_par' dir='ltr' id='par_1_54' title="bbox 423 5109 2063 5190">
     <span class='ocr_line' id='line_1_54' title="bbox 423 5109 2063 5190; baseline 0.005 -27"><span class='ocrx_word' id='word_1_380' title='bbox 423 5109 667 5180; x_wconf 88' lang='lat' dir='ltr'><strong>bitabat,</strong></span> <span class='ocrx_word' id='word_1_381' title='bbox 699 5111 977 5182; x_wconf 89' lang='lat' dir='ltr'><strong>quoniam</strong></span> <span class='ocrx_word' id='word_1_382' title='bbox 1010 5112 1220 5167; x_wconf 90' lang='lat' dir='ltr'><strong>mulier</strong></span> <span class='ocrx_word' id='word_1_383' title='bbox 1248 5112 1349 5168; x_wconf 92' lang='lat' dir='ltr'><strong>illa</strong></span> <span class='ocrx_word' id='word_1_384' title='bbox 1376 5114 1648 5170; x_wconf 88' lang='lat' dir='ltr'><strong>timorata</strong></span> <span class='ocrx_word' id='word_1_385' title='bbox 1685 5115 1883 5182; x_wconf 90' lang='lat' dir='ltr'><strong>nimis,</strong></span> <span class='ocrx_word' id='word_1_386' title='bbox 1937 5133 2063 5190; x_wconf 65' lang='lat' dir='ltr'><strong>quae</strong></span> 
     </span>
    </p>
   </div>
   <div class='ocr_carea' id='block_1_55' title="bbox 421 5195 2063 5269">
    <p class='ocr_par' dir='ltr' id='par_1_55' title="bbox 421 5195 2063 5269">
     <span class='ocr_line' id='line_1_55' title="bbox 421 5195 2063 5269; baseline 0.008 -22"><span class='ocrx_word' id='word_1_387' title='bbox 421 5195 666 5260; x_wconf 83' lang='lat' dir='ltr'><strong>viderat,</strong></span> <span class='ocrx_word' id='word_1_388' title='bbox 699 5215 834 5253; x_wconf 90' lang='lat' dir='ltr'><strong>cum</strong></span> <span class='ocrx_word' id='word_1_389' title='bbox 858 5200 1196 5269; x_wconf 88' lang='lat' dir='ltr'><strong>juramento</strong></span> <span class='ocrx_word' id='word_1_390' title='bbox 1227 5199 1470 5254; x_wconf 86' lang='lat' dir='ltr'><strong>terribili</strong></span> <span class='ocrx_word' id='word_1_391' title='bbox 1503 5203 1852 5258; x_wconf 90' lang='lat' dir='ltr'><strong>afﬁrmabat.</strong></span> <span class='ocrx_word' id='word_1_392' title='bbox 1876 5205 2063 5260; x_wconf 89' lang='lat' dir='ltr'><strong>Colla-</strong></span> 
     </span>
    </p>
   </div>
   <div class='ocr_carea' id='block_1_56' title="bbox 421 5282 2062 5361">
    <p class='ocr_par' dir='ltr' id='par_1_56' title="bbox 421 5282 2062 5361">
     <span class='ocr_line' id='line_1_56' title="bbox 421 5282 2062 5361; baseline 0.008 -25"><span class='ocrx_word' id='word_1_393' title='bbox 421 5282 578 5339; x_wconf 90' lang='lat' dir='ltr'><strong>tione</strong></span> <span class='ocrx_word' id='word_1_394' title='bbox 600 5285 796 5357; x_wconf 89' lang='lat' dir='ltr'><strong>itaque</strong></span> <span class='ocrx_word' id='word_1_395' title='bbox 821 5286 970 5341; x_wconf 80' lang='lat' dir='ltr'><strong>facta</strong></span> <span class='ocrx_word' id='word_1_396' title='bbox 992 5303 1122 5340; x_wconf 88' lang='lat' dir='ltr'><strong>cum</strong></span> <span class='ocrx_word' id='word_1_397' title='bbox 1148 5285 1294 5351; x_wconf 90' lang='lat' dir='ltr'><strong>suis,</strong></span> <span class='ocrx_word' id='word_1_398' title='bbox 1327 5286 1386 5340; x_wconf 93' lang='lat' dir='ltr'><strong>in</strong></span> <span class='ocrx_word' id='word_1_399' title='bbox 1419 5286 1542 5343; x_wconf 92' lang='lat' dir='ltr'><strong>loco</strong></span> <span class='ocrx_word' id='word_1_400' title='bbox 1573 5307 1686 5361; x_wconf 89' lang='lat' dir='ltr'><strong>quo</strong></span> <span class='ocrx_word' id='word_1_401' title='bbox 1734 5292 1845 5346; x_wconf 87' lang='lat' dir='ltr'><strong>sibi</strong></span> <span class='ocrx_word' id='word_1_402' title='bbox 1903 5310 2062 5348; x_wconf 91' lang='lat' dir='ltr'><strong>com-</strong></span> 
     </span>
    </p>
   </div>
   <div class='ocr_carea' id='block_1_57' title="bbox 423 5371 2058 5450">
    <p class='ocr_par' dir='ltr' id='par_1_57' title="bbox 423 5371 2058 5450">
     <span class='ocr_line' id='line_1_57' title="bbox 423 5371 2058 5450; baseline 0.009 -27"><span class='ocrx_word' id='word_1_403' title='bbox 423 5371 618 5440; x_wconf 86' lang='lat' dir='ltr'><strong>paruit</strong></span> <span class='ocrx_word' id='word_1_404' title='bbox 649 5375 845 5429; x_wconf 87' lang='lat' dir='ltr'><strong>statim</strong></span> <span class='ocrx_word' id='word_1_405' title='bbox 877 5376 949 5428; x_wconf 81' lang='lat' dir='ltr'><strong>ad</strong></span> <span class='ocrx_word' id='word_1_406' title='bbox 979 5372 1396 5443; x_wconf 89' lang='lat' dir='ltr'><strong>perﬁciendum</strong></span> <span class='ocrx_word' id='word_1_407' title='bbox 1429 5390 1575 5445; x_wconf 90' lang='lat' dir='ltr'><strong>opus</strong></span> <span class='ocrx_word' id='word_1_408' title='bbox 1622 5379 1794 5450; x_wconf 73' lang='lat' dir='ltr'><strong>cmpit</strong></span> <span class='ocrx_word' id='word_1_409' title='bbox 1849 5381 2058 5437; x_wconf 90' lang='lat' dir='ltr'><strong>funda-</strong></span> 
     </span>
    </p>
   </div>
   <div class='ocr_carea' id='block_1_58' title="bbox 421 5459 2061 5530">
    <p class='ocr_par' dir='ltr' id='par_1_58' title="bbox 421 5459 2061 5530">
     <span class='ocr_line' id='line_1_58' title="bbox 421 5459 2061 5530; baseline 0.008 -18"><span class='ocrx_word' id='word_1_410' title='bbox 421 5461 620 5512; x_wconf 84' lang='lat' dir='ltr'><strong>menta</strong></span> <span class='ocrx_word' id='word_1_411' title='bbox 641 5459 881 5527; x_wconf 87' lang='lat' dir='ltr'><strong>jactare.</strong></span> <span class='ocrx_word' id='word_1_412' title='bbox 908 5459 1018 5514; x_wconf 75' lang='lat' dir='ltr'><strong>Sed</strong></span> <span class='ocrx_word' id='word_1_413' title='bbox 1044 5475 1156 5514; x_wconf 91' lang='lat' dir='ltr'><strong>non</strong></span> <span class='ocrx_word' id='word_1_414' title='bbox 1176 5459 1397 5530; x_wconf 89' lang='lat' dir='ltr'><strong>absque</strong></span> <span class='ocrx_word' id='word_1_415' title='bbox 1417 5461 1612 5518; x_wconf 90' lang='lat' dir='ltr'><strong>divino</strong></span> <span class='ocrx_word' id='word_1_416' title='bbox 1637 5469 1778 5520; x_wconf 89' lang='lat' dir='ltr'><strong>nutu</strong></span> <span class='ocrx_word' id='word_1_417' title='bbox 1803 5468 1973 5524; x_wconf 89' lang='lat' dir='ltr'><strong>citius</strong></span> <span class='ocrx_word' id='word_1_418' title='bbox 1995 5474 2061 5526; x_wconf 90' lang='lat' dir='ltr'><strong>ut</strong></span> 
     </span>
    </p>
   </div>
   <div class='ocr_carea' id='block_1_59' title="bbox 421 5539 2054 5625">
    <p class='ocr_par' dir='ltr' id='par_1_59' title="bbox 421 5539 2054 5625">
     <span class='ocr_line' id='line_1_59' title="bbox 421 5539 2054 5625; baseline 0.014 -35"><span class='ocrx_word' id='word_1_419' title='bbox 421 5539 748 5625; x_wconf 67' lang='lat' dir='ltr'><strong>aestimabat</strong></span> <span class='ocrx_word' id='word_1_420' title='bbox 767 5545 1092 5616; x_wconf 89' lang='lat' dir='ltr'><strong>complevit.</strong></span> <span class='ocrx_word' id='word_1_421' title='bbox 1107 5545 1252 5600; x_wconf 91' lang='lat' dir='ltr'><strong>Nam</strong></span> <span class='ocrx_word' id='word_1_422' title='bbox 1276 5545 1323 5598; x_wconf 90' lang='lat' dir='ltr'><strong>si</strong></span> <span class='ocrx_word' id='word_1_423' title='bbox 1339 5545 1450 5601; x_wconf 90' lang='lat' dir='ltr'><strong>sibi</strong></span> <span class='ocrx_word' id='word_1_424' title='bbox 1471 5547 1641 5616; x_wconf 87' lang='lat' dir='ltr'><strong>Deus,</strong></span> <span class='ocrx_word' id='word_1_425' title='bbox 1657 5557 1721 5606; x_wconf 89' lang='lat' dir='ltr'><strong>ut</strong></span> <span class='ocrx_word' id='word_1_426' title='bbox 1740 5558 2054 5625; x_wconf 88' lang='lat' dir='ltr'><strong>optaverat,</strong></span> 
     </span>
    </p>
   </div>
   <div class='ocr_carea' id='block_1_60' title="bbox 421 5622 2054 5716">
    <p class='ocr_par' dir='ltr' id='par_1_60' title="bbox 421 5622 2054 5716">
     <span class='ocr_line' id='line_1_60' title="bbox 421 5622 2054 5716; baseline 0.011 -31"><span class='ocrx_word' id='word_1_427' title='bbox 421 5622 702 5685; x_wconf 82' lang='lat' dir='ltr'><strong>tribueret</strong></span> <span class='ocrx_word' id='word_1_428' title='bbox 721 5631 1070 5708; x_wconf 79' lang='lat' dir='ltr'><strong>facultatem,</strong></span> <span class='ocrx_word' id='word_1_429' title='bbox 1086 5631 1327 5688; x_wconf 82' lang='lat' dir='ltr'><strong>forsitan</strong></span> <span class='ocrx_word' id='word_1_430' title='bbox 1349 5629 1521 5694; x_wconf 87' lang='lat' dir='ltr'><strong>hodie</strong></span> <span class='ocrx_word' id='word_1_431' title='bbox 1537 5652 1652 5694; x_wconf 89' lang='lat' dir='ltr'><strong>non</strong></span> <span class='ocrx_word' id='word_1_432' title='bbox 1675 5622 1851 5716; x_wconf 31' lang='lat' dir='ltr'><strong>cap—ut</strong></span> <span class='ocrx_word' id='word_1_433' title='bbox 1873 5622 2054 5702; x_wconf 44' lang='lat' dir='ltr'><strong>mem?</strong></span> 
     </span>
    </p>
   </div>
   <div class='ocr_carea' id='block_1_61' title="bbox 1545 402 2702 470">
    <p class='ocr_par' dir='ltr' id='par_1_61' title="bbox 1545 402 2702 470">
     <span class='ocr_line' id='line_1_61' title="bbox 1545 402 2702 470; baseline -0.004 0"><span class='ocrx_word' id='word_1_434' title='bbox 1545 405 1823 470; x_wconf 82' lang='lat' dir='ltr'><strong>LEONIS</strong></span> <span class='ocrx_word' id='word_1_435' title='bbox 1871 402 2280 467; x_wconf 79' lang='lat' dir='ltr'><strong>ATINENSIS</strong></span> <span class='ocrx_word' id='word_1_436' title='bbox 2321 403 2702 468; x_wconf 86' lang='lat' dir='ltr'><strong>EPISCOPI.</strong></span> 
     </span>
    </p>
   </div>
   <div class='ocr_carea' id='block_1_62' title="bbox 3745 399 3885 462">
    <p class='ocr_par' dir='ltr' id='par_1_62' title="bbox 3745 399 3885 462">
     <span class='ocr_line' id='line_1_62' title="bbox 3745 399 3885 462; baseline 0 0"><span class='ocrx_word' id='word_1_437' title='bbox 3745 399 3885 462; x_wconf 69' lang='grc'><strong>1490</strong></span> 
     </span>
    </p>
   </div>
   <div class='ocr_carea' id='block_1_63' title="bbox 2189 529 3881 607">
    <p class='ocr_par' dir='ltr' id='par_1_63' title="bbox 2189 529 3881 607">
     <span class='ocr_line' id='line_1_63' title="bbox 2189 529 3881 607; baseline 0.001 -18"><span class='ocrx_word' id='word_1_438' title='bbox 2189 535 2292 592; x_wconf 88' lang='lat' dir='ltr'><strong>bra</strong></span> <span class='ocrx_word' id='word_1_439' title='bbox 2322 536 2622 592; x_wconf 90' lang='lat' dir='ltr'><strong>haberent.</strong></span> <span class='ocrx_word' id='word_1_440' title='bbox 2654 534 2913 604; x_wconf 89' lang='lat' dir='ltr'><strong>Qualiter</strong></span> <span class='ocrx_word' id='word_1_441' title='bbox 2943 536 3140 591; x_wconf 88' lang='lat' dir='ltr'><strong>autem</strong></span> <span class='ocrx_word' id='word_1_442' title='bbox 3170 529 3654 607; x_wconf 86' lang='lat' dir='ltr'><strong>gloriosissimi</strong></span> <span class='ocrx_word' id='word_1_443' title='bbox 3717 532 3881 590; x_wconf 83' lang='lat' dir='ltr'><strong>Marci</strong></span> 
     </span>
    </p>
   </div>
   <div class='ocr_carea' id='block_1_64' title="bbox 2182 621 3884 697">
    <p class='ocr_par' dir='ltr' id='par_1_64' title="bbox 2182 621 3884 697">
     <span class='ocr_line' id='line_1_64' title="bbox 2182 621 3884 697; baseline -0.001 -19"><span class='ocrx_word' id='word_1_444' title='bbox 2182 624 2454 696; x_wconf 82' lang='lat' dir='ltr'><strong>martyris</strong></span> <span class='ocrx_word' id='word_1_445' title='bbox 2475 628 2652 697; x_wconf 90' lang='lat' dir='ltr'><strong>caput</strong></span> <span class='ocrx_word' id='word_1_446' title='bbox 2673 625 2976 680; x_wconf 89' lang='lat' dir='ltr'><strong>inventum</strong></span> <span class='ocrx_word' id='word_1_447' title='bbox 3009 627 3118 692; x_wconf 89' lang='lat' dir='ltr'><strong>est,</strong></span> <span class='ocrx_word' id='word_1_448' title='bbox 3155 621 3424 678; x_wconf 88' lang='lat' dir='ltr'><strong>silentio</strong></span> <span class='ocrx_word' id='word_1_449' title='bbox 3461 639 3596 678; x_wconf 89' lang='lat' dir='ltr'><strong>non</strong></span> <span class='ocrx_word' id='word_1_450' title='bbox 3630 624 3728 678; x_wconf 85' lang='lat' dir='ltr'><strong>est</strong></span> <span class='ocrx_word' id='word_1_451' title='bbox 3750 637 3884 694; x_wconf 68' lang='lat' dir='ltr'><strong>pra-</strong></span> 
     </span>
    </p>
   </div>
   <div class='ocr_carea' id='block_1_65' title="bbox 2181 709 3880 783">
    <p class='ocr_par' dir='ltr' id='par_1_65' title="bbox 2181 709 3880 783">
     <span class='ocr_line' id='line_1_65' title="bbox 2181 709 3880 783; baseline -0.001 -15"><span class='ocrx_word' id='word_1_452' title='bbox 2181 714 2550 768; x_wconf 89' lang='lat' dir='ltr'><strong>tereundum.</strong></span> <span class='ocrx_word' id='word_1_453' title='bbox 2583 713 2730 768; x_wconf 89' lang='lat' dir='ltr'><strong>Nam</strong></span> <span class='ocrx_word' id='word_1_454' title='bbox 2775 713 3030 783; x_wconf 90' lang='lat' dir='ltr'><strong>quadam</strong></span> <span class='ocrx_word' id='word_1_455' title='bbox 3088 714 3261 766; x_wconf 89' lang='lat' dir='ltr'><strong>nocte</strong></span> <span class='ocrx_word' id='word_1_456' title='bbox 3296 709 3575 766; x_wconf 87' lang='lat' dir='ltr'><strong>cuidam</strong></span> <span class='ocrx_word' id='word_1_457' title='bbox 3609 713 3880 767; x_wconf 88' lang='lat' dir='ltr'><strong>veterano</strong></span> 
     </span>
    </p>
   </div>
   <div class='ocr_carea' id='block_1_66' title="bbox 2183 797 3884 872">
    <p class='ocr_par' dir='ltr' id='par_1_66' title="bbox 2183 797 3884 872">
     <span class='ocr_line' id='line_1_66' title="bbox 2183 797 3884 872; baseline -0.001 -18"><span class='ocrx_word' id='word_1_458' title='bbox 2183 801 2516 872; x_wconf 89' lang='lat' dir='ltr'><strong>presbytero</strong></span> <span class='ocrx_word' id='word_1_459' title='bbox 2541 799 2873 868; x_wconf 89' lang='lat' dir='ltr'><strong>dormienti,</strong></span> <span class='ocrx_word' id='word_1_460' title='bbox 2908 803 2972 856; x_wconf 90' lang='lat' dir='ltr'><strong>ut</strong></span> <span class='ocrx_word' id='word_1_461' title='bbox 3002 800 3128 872; x_wconf 91' lang='lat' dir='ltr'><strong>ipse</strong></span> <span class='ocrx_word' id='word_1_462' title='bbox 3155 797 3485 854; x_wconf 87' lang='lat' dir='ltr'><strong>hactenus</strong></span> <span class='ocrx_word' id='word_1_463' title='bbox 3520 800 3762 865; x_wconf 87' lang='lat' dir='ltr'><strong>narrat,</strong></span> <span class='ocrx_word' id='word_1_464' title='bbox 3788 814 3884 854; x_wconf 80' lang='lat' dir='ltr'><strong>vox</strong></span> 
     </span>
    </p>
   </div>
   <div class='ocr_carea' id='block_1_67' title="bbox 2185 885 3882 960">
    <p class='ocr_par' dir='ltr' id='par_1_67' title="bbox 2185 885 3882 960">
     <span class='ocr_line' id='line_1_67' title="bbox 2185 885 3882 960; baseline 0.001 -19"><span class='ocrx_word' id='word_1_465' title='bbox 2185 889 2336 942; x_wconf 90' lang='lat' dir='ltr'><strong>facta</strong></span> <span class='ocrx_word' id='word_1_466' title='bbox 2355 893 2464 954; x_wconf 90' lang='lat' dir='ltr'><strong>est,</strong></span> <span class='ocrx_word' id='word_1_467' title='bbox 2497 887 2702 944; x_wconf 89' lang='lat' dir='ltr'><strong>dicens</strong></span> <span class='ocrx_word' id='word_1_468' title='bbox 2728 905 2741 944; x_wconf 88' lang='lat'>:</span> <span class='ocrx_word' id='word_1_469' title='bbox 2779 911 2805 939; x_wconf 86' lang='grc'><em>‹‹</em></span> <span class='ocrx_word' id='word_1_470' title='bbox 2825 889 3031 960; x_wconf 83' lang='lat' dir='ltr'><strong>Surge,</strong></span> <span class='ocrx_word' id='word_1_471' title='bbox 3053 891 3112 943; x_wconf 92' lang='lat' dir='ltr'><strong>et</strong></span> <span class='ocrx_word' id='word_1_472' title='bbox 3137 885 3260 943; x_wconf 90' lang='lat' dir='ltr'><strong>noli</strong></span> <span class='ocrx_word' id='word_1_473' title='bbox 3300 886 3626 943; x_wconf 88' lang='lat' dir='ltr'><strong>dormire.</strong></span> <span class='ocrx_word' id='word_1_474' title='bbox 3655 909 3684 936; x_wconf 73' lang='grc' dir='ltr'><strong><em>υ</em></strong></span> <span class='ocrx_word' id='word_1_475' title='bbox 3706 889 3778 942; x_wconf 83' lang='lat' dir='ltr'><strong>At</strong></span> <span class='ocrx_word' id='word_1_476' title='bbox 3799 886 3882 942; x_wconf 89' lang='lat' dir='ltr'><strong>ille</strong></span> 
     </span>
    </p>
   </div>
   <div class='ocr_carea' id='block_1_68' title="bbox 2185 975 3885 1048">
    <p class='ocr_par' dir='ltr' id='par_1_68' title="bbox 2185 975 3885 1048">
     <span class='ocr_line' id='line_1_68' title="bbox 2185 975 3885 1048; baseline 0 -19"><span class='ocrx_word' id='word_1_477' title='bbox 2185 977 2676 1048; x_wconf 80' lang='lat' dir='ltr'><strong>exspergcfactus,</strong></span> <span class='ocrx_word' id='word_1_478' title='bbox 2711 976 2956 1048; x_wconf 88' lang='lat' dir='ltr'><strong>putabat</strong></span> <span class='ocrx_word' id='word_1_479' title='bbox 2980 992 3042 1031; x_wconf 89' lang='lat' dir='ltr'><strong>se</strong></span> <span class='ocrx_word' id='word_1_480' title='bbox 3071 990 3106 1030; x_wconf 90' lang='lat' dir='ltr'><strong>a</strong></span> <span class='ocrx_word' id='word_1_481' title='bbox 3137 991 3246 1031; x_wconf 89' lang='lat' dir='ltr'><strong>suo</strong></span> <span class='ocrx_word' id='word_1_482' title='bbox 3283 975 3474 1030; x_wconf 88' lang='lat' dir='ltr'><strong>socio</strong></span> <span class='ocrx_word' id='word_1_483' title='bbox 3523 975 3636 1047; x_wconf 89' lang='lat' dir='ltr'><strong>qui</strong></span> <span class='ocrx_word' id='word_1_484' title='bbox 3698 991 3885 1030; x_wconf 91' lang='lat' dir='ltr'><strong>secum</strong></span> 
     </span>
    </p>
   </div>
   <div class='ocr_carea' id='block_1_69' title="bbox 2187 1063 3883 1129">
    <p class='ocr_par' dir='ltr' id='par_1_69' title="bbox 2187 1063 3883 1129">
     <span class='ocr_line' id='line_1_69' title="bbox 2187 1063 3883 1129; baseline 0.001 -13"><span class='ocrx_word' id='word_1_485' title='bbox 2187 1063 2524 1118; x_wconf 86' lang='lat' dir='ltr'><strong>morabatur</strong></span> <span class='ocrx_word' id='word_1_486' title='bbox 2553 1063 2611 1118; x_wconf 92' lang='lat' dir='ltr'><strong>in</strong></span> <span class='ocrx_word' id='word_1_487' title='bbox 2644 1063 2770 1118; x_wconf 93' lang='lat' dir='ltr'><strong>loco</strong></span> <span class='ocrx_word' id='word_1_488' title='bbox 2814 1063 3027 1129; x_wconf 90' lang='lat' dir='ltr'><strong>vocari,</strong></span> <span class='ocrx_word' id='word_1_489' title='bbox 3083 1066 3143 1118; x_wconf 92' lang='lat' dir='ltr'><strong>et</strong></span> <span class='ocrx_word' id='word_1_490' title='bbox 3201 1063 3363 1118; x_wconf 90' lang='lat' dir='ltr'><strong>dum</strong></span> <span class='ocrx_word' id='word_1_491' title='bbox 3433 1063 3883 1119; x_wconf 88' lang='lat' dir='ltr'><strong>sciscitaretur:</strong></span> 
     </span>
    </p>
   </div>
   <div class='ocr_carea' id='block_1_70' title="bbox 2193 1150 3888 1222">
    <p class='ocr_par' dir='ltr' id='par_1_70' title="bbox 2193 1150 3888 1222">
     <span class='ocr_line' id='line_1_70' title="bbox 2193 1150 3888 1222; baseline 0.001 -18"><span class='ocrx_word' id='word_1_492' title='bbox 2193 1169 2214 1197; x_wconf 75' lang='grc' dir='ltr'>α</span> <span class='ocrx_word' id='word_1_493' title='bbox 2245 1153 2431 1215; x_wconf 87' lang='lat' dir='ltr'><strong>Quare</strong></span> <span class='ocrx_word' id='word_1_494' title='bbox 2453 1150 2480 1204; x_wconf 84' lang='lat'><strong>?</strong></span> <span class='ocrx_word' id='word_1_495' title='bbox 2512 1152 2619 1206; x_wconf 76' lang='lat' dir='ltr'><strong>n&#39;et</strong></span> <span class='ocrx_word' id='word_1_496' title='bbox 2649 1167 2820 1206; x_wconf 91' lang='lat' dir='ltr'><strong>nemo</strong></span> <span class='ocrx_word' id='word_1_497' title='bbox 2843 1150 2954 1205; x_wconf 92' lang='lat' dir='ltr'><strong>sibi</strong></span> <span class='ocrx_word' id='word_1_498' title='bbox 2977 1151 3404 1222; x_wconf 86' lang='lat' dir='ltr'><strong>responderet,</strong></span> <span class='ocrx_word' id='word_1_499' title='bbox 3432 1151 3672 1206; x_wconf 89' lang='lat' dir='ltr'><strong>iterum</strong></span> <span class='ocrx_word' id='word_1_500' title='bbox 3697 1151 3888 1206; x_wconf 85' lang='lat' dir='ltr'><strong>obdor-</strong></span> 
     </span>
    </p>
   </div>
   <div class='ocr_carea' id='block_1_71' title="bbox 2187 1237 3884 1310">
    <p class='ocr_par' dir='ltr' id='par_1_71' title="bbox 2187 1237 3884 1310">
     <span class='ocr_line' id='line_1_71' title="bbox 2187 1237 3884 1310; baseline 0.002 -19"><span class='ocrx_word' id='word_1_501' title='bbox 2187 1237 2374 1303; x_wconf 88' lang='lat' dir='ltr'><strong>mivit,</strong></span> <span class='ocrx_word' id='word_1_502' title='bbox 2407 1241 2464 1293; x_wconf 92' lang='lat' dir='ltr'><strong>et</strong></span> <span class='ocrx_word' id='word_1_503' title='bbox 2494 1238 2741 1293; x_wconf 91' lang='lat' dir='ltr'><strong>necdum</strong></span> <span class='ocrx_word' id='word_1_504' title='bbox 2775 1242 2974 1310; x_wconf 90' lang='lat' dir='ltr'><strong>aperte</strong></span> <span class='ocrx_word' id='word_1_505' title='bbox 3005 1237 3343 1302; x_wconf 87' lang='lat' dir='ltr'><strong>dormiens,</strong></span> <span class='ocrx_word' id='word_1_506' title='bbox 3382 1239 3602 1295; x_wconf 87' lang='lat' dir='ltr'><strong>denuo</strong></span> <span class='ocrx_word' id='word_1_507' title='bbox 3646 1255 3754 1295; x_wconf 82' lang='lat' dir='ltr'><strong>vox</strong></span> <span class='ocrx_word' id='word_1_508' title='bbox 3789 1255 3884 1294; x_wconf 87' lang='lat' dir='ltr'><strong>au-</strong></span> 
     </span>
    </p>
   </div>
   <div class='ocr_carea' id='block_1_72' title="bbox 2189 1325 3886 1399">
    <p class='ocr_par' dir='ltr' id='par_1_72' title="bbox 2189 1325 3886 1399">
     <span class='ocr_line' id='line_1_72' title="bbox 2189 1325 3886 1399; baseline 0.001 -19"><span class='ocrx_word' id='word_1_509' title='bbox 2189 1326 2311 1380; x_wconf 89' lang='lat' dir='ltr'><strong>dita</strong></span> <span class='ocrx_word' id='word_1_510' title='bbox 2329 1329 2435 1392; x_wconf 89' lang='lat' dir='ltr'><strong>est,</strong></span> <span class='ocrx_word' id='word_1_511' title='bbox 2456 1325 2739 1382; x_wconf 90' lang='lat' dir='ltr'><strong>dicensad</strong></span> <span class='ocrx_word' id='word_1_512' title='bbox 2758 1343 2893 1382; x_wconf 92' lang='lat' dir='ltr'><strong>eum</strong></span> <span class='ocrx_word' id='word_1_513' title='bbox 2922 1344 2934 1382; x_wconf 94' lang='lat'>:</span> <span class='ocrx_word' id='word_1_514' title='bbox 2965 1350 2984 1374; x_wconf 82' lang='lat' dir='ltr'><strong>a</strong></span> <span class='ocrx_word' id='word_1_515' title='bbox 3012 1325 3141 1382; x_wconf 87' lang='lat' dir='ltr'><strong>Noli</strong></span> <span class='ocrx_word' id='word_1_516' title='bbox 3165 1333 3294 1394; x_wconf 84' lang='lat' dir='ltr'><strong>tam</strong></span> <span class='ocrx_word' id='word_1_517' title='bbox 3321 1327 3517 1398; x_wconf 87' lang='lat' dir='ltr'><strong>piger</strong></span> <span class='ocrx_word' id='word_1_518' title='bbox 3536 1343 3698 1394; x_wconf 91' lang='lat' dir='ltr'><strong>esse,</strong></span> <span class='ocrx_word' id='word_1_519' title='bbox 3723 1343 3886 1399; x_wconf 82' lang='lat' dir='ltr'><strong>surge</strong></span> 
     </span>
    </p>
   </div>
   <div class='ocr_carea' id='block_1_73' title="bbox 2187 1413 3886 1487">
    <p class='ocr_par' dir='ltr' id='par_1_73' title="bbox 2187 1413 3886 1487">
     <span class='ocr_line' id='line_1_73' title="bbox 2187 1413 3886 1487; baseline 0.001 -19"><span class='ocrx_word' id='word_1_520' title='bbox 2187 1418 2245 1468; x_wconf 91' lang='lat' dir='ltr'><strong>et</strong></span> <span class='ocrx_word' id='word_1_521' title='bbox 2274 1413 2330 1467; x_wconf 91' lang='lat' dir='ltr'><strong>in</strong></span> <span class='ocrx_word' id='word_1_522' title='bbox 2365 1413 2577 1484; x_wconf 89' lang='lat' dir='ltr'><strong>angulo</strong></span> <span class='ocrx_word' id='word_1_523' title='bbox 2609 1414 2786 1481; x_wconf 85' lang='lat' dir='ltr'><strong>hujus</strong></span> <span class='ocrx_word' id='word_1_524' title='bbox 2819 1413 3074 1470; x_wconf 83' lang='lat' dir='ltr'><strong>basilicae</strong></span> <span class='ocrx_word' id='word_1_525' title='bbox 3097 1429 3299 1487; x_wconf 68' lang='lat' dir='ltr'><strong>quaere</strong></span> <span class='ocrx_word' id='word_1_526' title='bbox 3321 1415 3732 1472; x_wconf 88' lang='lat' dir='ltr'><strong>thesaurum.</strong></span> <span class='ocrx_word' id='word_1_527' title='bbox 3759 1438 3787 1464; x_wconf 75' lang='grc' dir='ltr'><strong><em>κ</em></strong></span> <span class='ocrx_word' id='word_1_528' title='bbox 3808 1417 3886 1470; x_wconf 78' lang='lat' dir='ltr'><strong>At-</strong></span> 
     </span>
    </p>
   </div>
   <div class='ocr_carea' id='block_1_74' title="bbox 2191 1499 3884 1574">
    <p class='ocr_par' dir='ltr' id='par_1_74' title="bbox 2191 1499 3884 1574">
     <span class='ocr_line' id='line_1_74' title="bbox 2191 1499 3884 1574; baseline 0.002 -20"><span class='ocrx_word' id='word_1_529' title='bbox 2191 1499 2409 1556; x_wconf 88' lang='lat' dir='ltr'><strong>tonitus</strong></span> <span class='ocrx_word' id='word_1_530' title='bbox 2441 1506 2636 1556; x_wconf 86' lang='lat' dir='ltr'><strong>autem</strong></span> <span class='ocrx_word' id='word_1_531' title='bbox 2670 1503 2976 1574; x_wconf 90' lang='lat' dir='ltr'><strong>presbyter</strong></span> <span class='ocrx_word' id='word_1_532' title='bbox 2995 1501 3114 1569; x_wconf 88' lang='lat' dir='ltr'><strong>ille,</strong></span> <span class='ocrx_word' id='word_1_533' title='bbox 3139 1507 3197 1557; x_wconf 91' lang='lat' dir='ltr'><strong>et</strong></span> <span class='ocrx_word' id='word_1_534' title='bbox 3219 1503 3565 1560; x_wconf 88' lang='lat' dir='ltr'><strong>admirans</strong></span> <span class='ocrx_word' id='word_1_535' title='bbox 3591 1518 3798 1559; x_wconf 78' lang='lat' dir='ltr'><strong>secum</strong></span> <span class='ocrx_word' id='word_1_536' title='bbox 3821 1503 3884 1558; x_wconf 88' lang='lat' dir='ltr'><strong>de</strong></span> 
     </span>
    </p>
   </div>
   <div class='ocr_carea' id='block_1_75' title="bbox 2188 1589 3882 1663">
    <p class='ocr_par' dir='ltr' id='par_1_75' title="bbox 2188 1589 3882 1663">
     <span class='ocr_line' id='line_1_75' title="bbox 2188 1589 3882 1663; baseline 0.001 -19"><span class='ocrx_word' id='word_1_537' title='bbox 2188 1589 2411 1644; x_wconf 90' lang='lat' dir='ltr'><strong>visione</strong></span> <span class='ocrx_word' id='word_1_538' title='bbox 2427 1589 2598 1660; x_wconf 71' lang='lat' dir='ltr'><strong>cmpit</strong></span> <span class='ocrx_word' id='word_1_539' title='bbox 2619 1594 2900 1657; x_wconf 89' lang='lat' dir='ltr'><strong>tractare;</strong></span> <span class='ocrx_word' id='word_1_540' title='bbox 2924 1591 3028 1646; x_wconf 89' lang='lat' dir='ltr'><strong>sed</strong></span> <span class='ocrx_word' id='word_1_541' title='bbox 3050 1595 3391 1663; x_wconf 86' lang='lat' dir='ltr'><strong>antequam</strong></span> <span class='ocrx_word' id='word_1_542' title='bbox 3414 1591 3496 1647; x_wconf 88' lang='lat' dir='ltr'><strong>de</strong></span> <span class='ocrx_word' id='word_1_543' title='bbox 3517 1589 3743 1647; x_wconf 89' lang='lat' dir='ltr'><strong>lectulo</strong></span> <span class='ocrx_word' id='word_1_544' title='bbox 3765 1607 3882 1646; x_wconf 89' lang='lat' dir='ltr'><strong>sur-</strong></span> 
     </span>
    </p>
   </div>
   <div class='ocr_carea' id='block_1_76' title="bbox 2192 1676 3882 1752">
    <p class='ocr_par' dir='ltr' id='par_1_76' title="bbox 2192 1676 3882 1752">
     <span class='ocr_line' id='line_1_76' title="bbox 2192 1676 3882 1752; baseline 0.002 -21"><span class='ocrx_word' id='word_1_545' title='bbox 2192 1685 2368 1750; x_wconf 77' lang='lat' dir='ltr'><strong>geret,</strong></span> <span class='ocrx_word' id='word_1_546' title='bbox 2393 1676 2716 1732; x_wconf 90' lang='lat' dir='ltr'><strong>consimilis</strong></span> <span class='ocrx_word' id='word_1_547' title='bbox 2745 1677 2916 1732; x_wconf 91' lang='lat' dir='ltr'><strong>tertia</strong></span> <span class='ocrx_word' id='word_1_548' title='bbox 2945 1678 3148 1734; x_wconf 90' lang='lat' dir='ltr'><strong>audita</strong></span> <span class='ocrx_word' id='word_1_549' title='bbox 3167 1682 3262 1734; x_wconf 88' lang='lat' dir='ltr'><strong>est</strong></span> <span class='ocrx_word' id='word_1_550' title='bbox 3283 1696 3411 1735; x_wconf 85' lang='lat' dir='ltr'><strong>vox</strong></span> <span class='ocrx_word' id='word_1_551' title='bbox 3434 1679 3797 1752; x_wconf 70' lang='lat' dir='ltr'><strong>praecipiens</strong></span> <span class='ocrx_word' id='word_1_552' title='bbox 3825 1685 3882 1734; x_wconf 89' lang='lat' dir='ltr'><strong>ut</strong></span> 
     </span>
    </p>
   </div>
   <div class='ocr_carea' id='block_1_77' title="bbox 2191 1763 3880 1836">
    <p class='ocr_par' dir='ltr' id='par_1_77' title="bbox 2191 1763 3880 1836">
     <span class='ocr_line' id='line_1_77' title="bbox 2191 1763 3880 1836; baseline 0.002 -18"><span class='ocrx_word' id='word_1_553' title='bbox 2191 1763 2467 1818; x_wconf 90' lang='lat' dir='ltr'><strong>continuo</strong></span> <span class='ocrx_word' id='word_1_554' title='bbox 2499 1769 2784 1836; x_wconf 86' lang='lat' dir='ltr'><strong>surgeret,</strong></span> <span class='ocrx_word' id='word_1_555' title='bbox 2816 1770 2873 1821; x_wconf 90' lang='lat' dir='ltr'><strong>et</strong></span> <span class='ocrx_word' id='word_1_556' title='bbox 2902 1764 3154 1822; x_wconf 91' lang='lat' dir='ltr'><strong>ulterius</strong></span> <span class='ocrx_word' id='word_1_557' title='bbox 3185 1767 3258 1822; x_wconf 93' lang='lat' dir='ltr'><strong>de</strong></span> <span class='ocrx_word' id='word_1_558' title='bbox 3291 1767 3549 1824; x_wconf 87' lang='lat' dir='ltr'><strong>visione</strong></span> <span class='ocrx_word' id='word_1_559' title='bbox 3580 1785 3703 1823; x_wconf 91' lang='lat' dir='ltr'><strong>non</strong></span> <span class='ocrx_word' id='word_1_560' title='bbox 3722 1767 3880 1822; x_wconf 90' lang='lat' dir='ltr'><strong>dubi-</strong></span> 
     </span>
    </p>
   </div>
   <div class='ocr_carea' id='block_1_78' title="bbox 2191 1852 3878 1929">
    <p class='ocr_par' dir='ltr' id='par_1_78' title="bbox 2191 1852 3878 1929">
     <span class='ocr_line' id='line_1_78' title="bbox 2191 1852 3878 1929; baseline 0.005 -25"><span class='ocrx_word' id='word_1_561' title='bbox 2191 1855 2360 1906; x_wconf 87' lang='lat' dir='ltr'><strong>tarct.</strong></span> <span class='ocrx_word' id='word_1_562' title='bbox 2393 1852 2556 1906; x_wconf 89' lang='lat' dir='ltr'><strong>Tunc</strong></span> <span class='ocrx_word' id='word_1_563' title='bbox 2588 1853 2890 1924; x_wconf 87' lang='lat' dir='ltr'><strong>presbyter</strong></span> <span class='ocrx_word' id='word_1_564' title='bbox 2911 1853 3080 1910; x_wconf 71' lang='lat' dir='ltr'><strong>laetus</strong></span> <span class='ocrx_word' id='word_1_565' title='bbox 3101 1855 3383 1922; x_wconf 81' lang='lat' dir='ltr'><strong>etl&#39;ectus,</strong></span> <span class='ocrx_word' id='word_1_566' title='bbox 3412 1861 3768 1929; x_wconf 88' lang='lat' dir='ltr'><strong>putansque</strong></span> <span class='ocrx_word' id='word_1_567' title='bbox 3788 1870 3878 1927; x_wconf 84' lang='lat' dir='ltr'><strong>pe-</strong></span> 
     </span>
    </p>
   </div>
   <div class='ocr_carea' id='block_1_79' title="bbox 2192 1939 3880 2012">
    <p class='ocr_par' dir='ltr' id='par_1_79' title="bbox 2192 1939 3880 2012">
     <span class='ocr_line' id='line_1_79' title="bbox 2192 1939 3880 2012; baseline 0.004 -19"><span class='ocrx_word' id='word_1_568' title='bbox 2192 1939 2425 1994; x_wconf 89' lang='lat' dir='ltr'><strong>cuniam</strong></span> <span class='ocrx_word' id='word_1_569' title='bbox 2457 1940 2672 1996; x_wconf 88' lang='lat' dir='ltr'><strong>certius</strong></span> <span class='ocrx_word' id='word_1_570' title='bbox 2704 1941 2981 1998; x_wconf 91' lang='lat' dir='ltr'><strong>invenire.</strong></span> <span class='ocrx_word' id='word_1_571' title='bbox 3016 1942 3267 1999; x_wconf 89' lang='lat' dir='ltr'><strong>festinus</strong></span> <span class='ocrx_word' id='word_1_572' title='bbox 3301 1944 3606 2012; x_wconf 85' lang='lat' dir='ltr'><strong>surrexit,</strong></span> <span class='ocrx_word' id='word_1_573' title='bbox 3627 1949 3688 2000; x_wconf 92' lang='lat' dir='ltr'><strong>et</strong></span> <span class='ocrx_word' id='word_1_574' title='bbox 3711 1945 3880 2000; x_wconf 84' lang='lat' dir='ltr'><strong>ferra-</strong></span> 
     </span>
    </p>
   </div>
   <div class='ocr_carea' id='block_1_80' title="bbox 2193 2029 3871 2104">
    <p class='ocr_par' dir='ltr' id='par_1_80' title="bbox 2193 2029 3871 2104">
     <span class='ocr_line' id='line_1_80' title="bbox 2193 2029 3871 2104; baseline 0.002 -23"><span class='ocrx_word' id='word_1_575' title='bbox 2193 2031 2454 2082; x_wconf 88' lang='lat' dir='ltr'><strong>mentum</strong></span> <span class='ocrx_word' id='word_1_576' title='bbox 2471 2031 2609 2098; x_wconf 91' lang='lat' dir='ltr'><strong>aptu</strong></span> <span class='ocrx_word' id='word_1_577' title='bbox 2620 2044 2674 2082; x_wconf 89' lang='lat' dir='ltr'><strong>m</strong></span> <span class='ocrx_word' id='word_1_578' title='bbox 2689 2029 2759 2083; x_wconf 91' lang='lat' dir='ltr'><strong>ad</strong></span> <span class='ocrx_word' id='word_1_579' title='bbox 2775 2045 2980 2101; x_wconf 88' lang='lat' dir='ltr'><strong>vepres</strong></span> <span class='ocrx_word' id='word_1_580' title='bbox 2993 2029 3361 2088; x_wconf 86' lang='lat' dir='ltr'><strong>scindendas</strong></span> <span class='ocrx_word' id='word_1_581' title='bbox 3377 2031 3506 2088; x_wconf 87' lang='lat' dir='ltr'><strong>arri</strong></span> <span class='ocrx_word' id='word_1_582' title='bbox 3513 2031 3871 2104; x_wconf 85' lang='lat' dir='ltr'><strong>piens,quasi</strong></span> 
     </span>
    </p>
   </div>
   <div class='ocr_carea' id='block_1_81' title="bbox 2193 2114 3875 2192">
    <p class='ocr_par' dir='ltr' id='par_1_81' title="bbox 2193 2114 3875 2192">
     <span class='ocr_line' id='line_1_81' title="bbox 2193 2114 3875 2192; baseline 0.003 -25"><span class='ocrx_word' id='word_1_583' title='bbox 2193 2114 2478 2169; x_wconf 89' lang='lat' dir='ltr'><strong>divinitus</strong></span> <span class='ocrx_word' id='word_1_584' title='bbox 2499 2116 2566 2170; x_wconf 90' lang='lat' dir='ltr'><strong>ad</strong></span> <span class='ocrx_word' id='word_1_585' title='bbox 2594 2115 2782 2172; x_wconf 91' lang='lat' dir='ltr'><strong>locum</strong></span> <span class='ocrx_word' id='word_1_586' title='bbox 2811 2117 3094 2188; x_wconf 85' lang='lat' dir='ltr'><strong>pervenit,</strong></span> <span class='ocrx_word' id='word_1_587' title='bbox 3118 2122 3176 2174; x_wconf 90' lang='lat' dir='ltr'><strong>et</strong></span> <span class='ocrx_word' id='word_1_588' title='bbox 3194 2135 3421 2191; x_wconf 89' lang='lat' dir='ltr'><strong>vepres</strong></span> <span class='ocrx_word' id='word_1_589' title='bbox 3445 2119 3680 2192; x_wconf 90' lang='lat' dir='ltr'><strong>quibus</strong></span> <span class='ocrx_word' id='word_1_590' title='bbox 3728 2118 3875 2174; x_wconf 89' lang='lat' dir='ltr'><strong>locus</strong></span> 
     </span>
    </p>
   </div>
   <div class='ocr_carea' id='block_1_82' title="bbox 2193 2194 3870 2281">
    <p class='ocr_par' dir='ltr' id='par_1_82' title="bbox 2193 2194 3870 2281">
     <span class='ocr_line' id='line_1_82' title="bbox 2193 2194 3870 2281; baseline 0.002 -25"><span class='ocrx_word' id='word_1_591' title='bbox 2193 2203 2516 2273; x_wconf 86' lang='lat' dir='ltr'><strong>tegebatur,</strong></span> <span class='ocrx_word' id='word_1_592' title='bbox 2549 2203 2820 2272; x_wconf 90' lang='lat' dir='ltr'><strong>abscidit,</strong></span> <span class='ocrx_word' id='word_1_593' title='bbox 2853 2209 3030 2278; x_wconf 90' lang='lat' dir='ltr'><strong>atque</strong></span> <span class='ocrx_word' id='word_1_594' title='bbox 3050 2206 3110 2261; x_wconf 92' lang='lat' dir='ltr'><strong>in</strong></span> <span class='ocrx_word' id='word_1_595' title='bbox 3134 2194 3264 2279; x_wconf 84' lang='lat' dir='ltr'><strong>ipso</strong></span> <span class='ocrx_word' id='word_1_596' title='bbox 3289 2207 3532 2281; x_wconf 87' lang='lat' dir='ltr'><strong>angulo</strong></span> <span class='ocrx_word' id='word_1_597' title='bbox 3556 2208 3616 2262; x_wconf 87' lang='lat' dir='ltr'><strong>in</strong></span> <span class='ocrx_word' id='word_1_598' title='bbox 3643 2206 3870 2263; x_wconf 88' lang='lat' dir='ltr'><strong>modum</strong></span> 
     </span>
    </p>
   </div>
   <div class='ocr_carea' id='block_1_83' title="bbox 2192 2290 3866 2368">
    <p class='ocr_par' dir='ltr' id='par_1_83' title="bbox 2192 2290 3866 2368">
     <span class='ocr_line' id='line_1_83' title="bbox 2192 2290 3866 2368; baseline 0.005 -24"><span class='ocrx_word' id='word_1_599' title='bbox 2192 2291 2442 2363; x_wconf 71' lang='lat' dir='ltr'><strong>capsula:</strong></span> <span class='ocrx_word' id='word_1_600' title='bbox 2466 2290 2720 2346; x_wconf 92' lang='lat' dir='ltr'><strong>loculum</strong></span> <span class='ocrx_word' id='word_1_601' title='bbox 2758 2294 2974 2350; x_wconf 89' lang='lat' dir='ltr'><strong>factum</strong></span> <span class='ocrx_word' id='word_1_602' title='bbox 3007 2294 3250 2363; x_wconf 91' lang='lat' dir='ltr'><strong>invenit,</strong></span> <span class='ocrx_word' id='word_1_603' title='bbox 3279 2312 3476 2368; x_wconf 91' lang='lat' dir='ltr'><strong>quem</strong></span> <span class='ocrx_word' id='word_1_604' title='bbox 3505 2295 3719 2352; x_wconf 89' lang='lat' dir='ltr'><strong>statim</strong></span> <span class='ocrx_word' id='word_1_605' title='bbox 3743 2309 3866 2367; x_wconf 84' lang='lat' dir='ltr'><strong>ape-</strong></span> 
     </span>
    </p>
   </div>
   <div class='ocr_carea' id='block_1_84' title="bbox 2193 2379 3867 2457">
    <p class='ocr_par' dir='ltr' id='par_1_84' title="bbox 2193 2379 3867 2457">
     <span class='ocr_line' id='line_1_84' title="bbox 2193 2379 3867 2457; baseline 0.002 -25"><span class='ocrx_word' id='word_1_606' title='bbox 2193 2379 2332 2442; x_wconf 90' lang='lat' dir='ltr'><strong>ruit,</strong></span> <span class='ocrx_word' id='word_1_607' title='bbox 2353 2383 2409 2434; x_wconf 91' lang='lat' dir='ltr'><strong>et</strong></span> <span class='ocrx_word' id='word_1_608' title='bbox 2428 2379 2720 2436; x_wconf 87' lang='lat' dir='ltr'><strong>invenitin</strong></span> <span class='ocrx_word' id='word_1_609' title='bbox 2745 2398 2811 2436; x_wconf 92' lang='lat' dir='ltr'><strong>eo</strong></span> <span class='ocrx_word' id='word_1_610' title='bbox 2837 2388 3012 2454; x_wconf 88' lang='lat' dir='ltr'><strong>caput</strong></span> <span class='ocrx_word' id='word_1_611' title='bbox 3045 2383 3480 2457; x_wconf 70' lang='lat' dir='ltr'><strong>gloriosissima</strong></span> <span class='ocrx_word' id='word_1_612' title='bbox 3521 2383 3708 2440; x_wconf 88' lang='lat' dir='ltr'><strong>Marci</strong></span> <span class='ocrx_word' id='word_1_613' title='bbox 3727 2397 3867 2438; x_wconf 88' lang='lat' dir='ltr'><strong>mar-</strong></span> 
     </span>
    </p>
   </div>
   <div class='ocr_carea' id='block_1_85' title="bbox 2191 2467 3866 2545">
    <p class='ocr_par' dir='ltr' id='par_1_85' title="bbox 2191 2467 3866 2545">
     <span class='ocr_line' id='line_1_85' title="bbox 2191 2467 3866 2545; baseline 0.004 -26"><span class='ocrx_word' id='word_1_614' title='bbox 2191 2467 2334 2538; x_wconf 83' lang='lat' dir='ltr'><strong>tyris</strong></span> <span class='ocrx_word' id='word_1_615' title='bbox 2366 2467 2543 2523; x_wconf 90' lang='lat' dir='ltr'><strong>simul</strong></span> <span class='ocrx_word' id='word_1_616' title='bbox 2577 2469 2755 2525; x_wconf 91' lang='lat' dir='ltr'><strong>clavis</strong></span> <span class='ocrx_word' id='word_1_617' title='bbox 2786 2470 2976 2526; x_wconf 81' lang='lat' dir='ltr'><strong>affixis</strong></span> <span class='ocrx_word' id='word_1_618' title='bbox 3007 2488 3143 2527; x_wconf 90' lang='lat' dir='ltr'><strong>cum</strong></span> <span class='ocrx_word' id='word_1_619' title='bbox 3176 2473 3414 2545; x_wconf 88' lang='lat' dir='ltr'><strong>quibus</strong></span> <span class='ocrx_word' id='word_1_620' title='bbox 3449 2472 3628 2545; x_wconf 90' lang='lat' dir='ltr'><strong>impii</strong></span> <span class='ocrx_word' id='word_1_621' title='bbox 3654 2470 3866 2527; x_wconf 88' lang='lat' dir='ltr'><strong>crucia-</strong></span> 
     </span>
    </p>
   </div>
   <div class='ocr_carea' id='block_1_86' title="bbox 2193 2555 3866 2633">
    <p class='ocr_par' dir='ltr' id='par_1_86' title="bbox 2193 2555 3866 2633">
     <span class='ocr_line' id='line_1_86' title="bbox 2193 2555 3866 2633; baseline 0.002 -25"><span class='ocrx_word' id='word_1_622' title='bbox 2193 2560 2393 2610; x_wconf 89' lang='lat' dir='ltr'><strong>verant</strong></span> <span class='ocrx_word' id='word_1_623' title='bbox 2422 2555 2610 2626; x_wconf 89' lang='lat' dir='ltr'><strong>illum,</strong></span> <span class='ocrx_word' id='word_1_624' title='bbox 2636 2564 2688 2612; x_wconf 92' lang='lat' dir='ltr'><strong>et</strong></span> <span class='ocrx_word' id='word_1_625' title='bbox 2721 2559 2990 2630; x_wconf 87' lang='lat' dir='ltr'><strong>quamvis</strong></span> <span class='ocrx_word' id='word_1_626' title='bbox 3021 2561 3178 2631; x_wconf 93' lang='lat' dir='ltr'><strong>quod</strong></span> <span class='ocrx_word' id='word_1_627' title='bbox 3238 2565 3574 2633; x_wconf 85' lang='lat' dir='ltr'><strong>putaverat</strong></span> <span class='ocrx_word' id='word_1_628' title='bbox 3639 2558 3866 2615; x_wconf 86' lang='lat' dir='ltr'><strong>minime</strong></span> 
     </span>
    </p>
   </div>
   <div class='ocr_carea' id='block_1_87' title="bbox 2194 2642 3862 2722">
    <p class='ocr_par' dir='ltr' id='par_1_87' title="bbox 2194 2642 3862 2722">
     <span class='ocr_line' id='line_1_87' title="bbox 2194 2642 3862 2722; baseline 0.001 -25"><span class='ocrx_word' id='word_1_629' title='bbox 2194 2642 2706 2709; x_wconf 90' lang='lat' dir='ltr'><strong>inveniret,tamen</strong></span> <span class='ocrx_word' id='word_1_630' title='bbox 2720 2646 2934 2718; x_wconf 89' lang='lat' dir='ltr'><strong>gaudio</strong></span> <span class='ocrx_word' id='word_1_631' title='bbox 2968 2663 3184 2720; x_wconf 89' lang='lat' dir='ltr'><strong>magno</strong></span> <span class='ocrx_word' id='word_1_632' title='bbox 3214 2645 3862 2722; x_wconf 71' lang='lat' dir='ltr'><strong>gavisus,laatabundus</strong></span> 
     </span>
    </p>
   </div>
   <div class='ocr_carea' id='block_1_88' title="bbox 2195 2732 3857 2808">
    <p class='ocr_par' dir='ltr' id='par_1_88' title="bbox 2195 2732 3857 2808">
     <span class='ocr_line' id='line_1_88' title="bbox 2195 2732 3857 2808; baseline 0.001 -22"><span class='ocrx_word' id='word_1_633' title='bbox 2195 2733 2264 2786; x_wconf 92' lang='lat' dir='ltr'><strong>ad</strong></span> <span class='ocrx_word' id='word_1_634' title='bbox 2290 2732 2628 2804; x_wconf 83' lang='lat' dir='ltr'><strong>episcOpurn</strong></span> <span class='ocrx_word' id='word_1_635' title='bbox 2651 2733 2826 2798; x_wconf 90' lang='lat' dir='ltr'><strong>venit,</strong></span> <span class='ocrx_word' id='word_1_636' title='bbox 2842 2739 2899 2790; x_wconf 90' lang='lat' dir='ltr'><strong>et</strong></span> <span class='ocrx_word' id='word_1_637' title='bbox 2917 2739 3131 2792; x_wconf 86' lang='lat' dir='ltr'><strong>cuncta</strong></span> <span class='ocrx_word' id='word_1_638' title='bbox 3147 2753 3278 2808; x_wconf 63' lang='lat' dir='ltr'><strong>quae</strong></span> <span class='ocrx_word' id='word_1_639' title='bbox 3300 2737 3545 2793; x_wconf 89' lang='lat' dir='ltr'><strong>viderat</strong></span> <span class='ocrx_word' id='word_1_640' title='bbox 3565 2732 3857 2791; x_wconf 84' lang='lat' dir='ltr'><strong>enarravit.</strong></span> 
     </span>
    </p>
   </div>
   <div class='ocr_carea' id='block_1_89' title="bbox 2196 2818 3855 2898">
    <p class='ocr_par' dir='ltr' id='par_1_89' title="bbox 2196 2818 3855 2898">
     <span class='ocr_line' id='line_1_89' title="bbox 2196 2818 3855 2898; baseline -0.002 -22"><span class='ocrx_word' id='word_1_641' title='bbox 2196 2821 2404 2894; x_wconf 87' lang='lat' dir='ltr'><strong>Magno</strong></span> <span class='ocrx_word' id='word_1_642' title='bbox 2438 2821 2634 2893; x_wconf 89' lang='lat' dir='ltr'><strong>itaque</strong></span> <span class='ocrx_word' id='word_1_643' title='bbox 2663 2822 2877 2894; x_wconf 90' lang='lat' dir='ltr'><strong>gaudio</strong></span> <span class='ocrx_word' id='word_1_644' title='bbox 2911 2822 3170 2895; x_wconf 90' lang='lat' dir='ltr'><strong>repletus</strong></span> <span class='ocrx_word' id='word_1_645' title='bbox 3204 2829 3297 2880; x_wconf 90' lang='lat' dir='ltr'><strong>est</strong></span> <span class='ocrx_word' id='word_1_646' title='bbox 3328 2825 3676 2898; x_wconf 85' lang='lat' dir='ltr'><strong>episcopus,</strong></span> <span class='ocrx_word' id='word_1_647' title='bbox 3705 2825 3766 2878; x_wconf 90' lang='lat' dir='ltr'><strong>ut</strong></span> <span class='ocrx_word' id='word_1_648' title='bbox 3813 2818 3855 2875; x_wconf 89' lang='lat' dir='ltr'><strong>si</strong></span> 
     </span>
    </p>
   </div>
   <div class='ocr_carea' id='block_1_90' title="bbox 2195 2909 3855 2984">
    <p class='ocr_par' dir='ltr' id='par_1_90' title="bbox 2195 2909 3855 2984">
     <span class='ocr_line' id='line_1_90' title="bbox 2195 2909 3855 2984; baseline -0.001 -21"><span class='ocrx_word' id='word_1_649' title='bbox 2195 2909 2394 2964; x_wconf 91' lang='lat' dir='ltr'><strong>decem</strong></span> <span class='ocrx_word' id='word_1_650' title='bbox 2427 2909 2612 2965; x_wconf 91' lang='lat' dir='ltr'><strong>millia</strong></span> <span class='ocrx_word' id='word_1_651' title='bbox 2641 2909 2765 2966; x_wconf 90' lang='lat' dir='ltr'><strong>auri</strong></span> <span class='ocrx_word' id='word_1_652' title='bbox 2797 2909 3016 2967; x_wconf 88' lang='lat' dir='ltr'><strong>talenta</strong></span> <span class='ocrx_word' id='word_1_653' title='bbox 3047 2913 3399 2984; x_wconf 85' lang='lat' dir='ltr'><strong>invenisset,</strong></span> <span class='ocrx_word' id='word_1_654' title='bbox 3426 2929 3546 2969; x_wconf 93' lang='lat' dir='ltr'><strong>non</strong></span> <span class='ocrx_word' id='word_1_655' title='bbox 3567 2916 3686 2968; x_wconf 87' lang='lat' dir='ltr'><strong>tam</strong></span> <span class='ocrx_word' id='word_1_656' title='bbox 3703 2909 3855 2965; x_wconf 63' lang='lat' dir='ltr'><strong>laetus</strong></span> 
     </span>
    </p>
   </div>
   <div class='ocr_carea' id='block_1_91' title="bbox 2198 2997 3852 3073">
    <p class='ocr_par' dir='ltr' id='par_1_91' title="bbox 2198 2997 3852 3073">
     <span class='ocr_line' id='line_1_91' title="bbox 2198 2997 3852 3073; baseline -0.001 -21"><span class='ocrx_word' id='word_1_657' title='bbox 2198 2997 2525 3052; x_wconf 89' lang='lat' dir='ltr'><strong>efﬁceretur</strong></span> <span class='ocrx_word' id='word_1_658' title='bbox 2554 3015 2733 3069; x_wconf 90' lang='lat' dir='ltr'><strong>quam</strong></span> <span class='ocrx_word' id='word_1_659' title='bbox 2767 3000 2838 3054; x_wconf 92' lang='lat' dir='ltr'><strong>de</strong></span> <span class='ocrx_word' id='word_1_660' title='bbox 2871 2998 2981 3056; x_wconf 93' lang='lat' dir='ltr'><strong>hoc</strong></span> <span class='ocrx_word' id='word_1_661' title='bbox 3011 3000 3201 3072; x_wconf 85' lang='lat' dir='ltr'><strong>capite</strong></span> <span class='ocrx_word' id='word_1_662' title='bbox 3228 3001 3432 3058; x_wconf 89' lang='lat' dir='ltr'><strong>sancti</strong></span> <span class='ocrx_word' id='word_1_663' title='bbox 3463 2999 3760 3073; x_wconf 90' lang='lat' dir='ltr'><strong>martyris,</strong></span> <span class='ocrx_word' id='word_1_664' title='bbox 3803 3001 3852 3052; x_wconf 87' lang='lat' dir='ltr'><strong>et</strong></span> 
     </span>
    </p>
   </div>
   <div class='ocr_carea' id='block_1_92' title="bbox 2197 3082 3850 3146">
    <p class='ocr_par' dir='ltr' id='par_1_92' title="bbox 2197 3082 3850 3146">
     <span class='ocr_line' id='line_1_92' title="bbox 2197 3082 3850 3146; baseline -0.001 -8"><span class='ocrx_word' id='word_1_665' title='bbox 2197 3083 2330 3138; x_wconf 91' lang='lat' dir='ltr'><strong>licet</strong></span> <span class='ocrx_word' id='word_1_666' title='bbox 2359 3084 2478 3139; x_wconf 76' lang='lat' dir='ltr'><strong>bznc</strong></span> <span class='ocrx_word' id='word_1_667' title='bbox 2507 3085 2654 3141; x_wconf 87' lang='lat' dir='ltr'><strong>visio</strong></span> <span class='ocrx_word' id='word_1_668' title='bbox 2686 3103 2800 3141; x_wconf 92' lang='lat' dir='ltr'><strong>non</strong></span> <span class='ocrx_word' id='word_1_669' title='bbox 2833 3087 3052 3144; x_wconf 91' lang='lat' dir='ltr'><strong>certius</strong></span> <span class='ocrx_word' id='word_1_670' title='bbox 3113 3105 3337 3146; x_wconf 90' lang='lat' dir='ltr'><strong>nomen</strong></span> <span class='ocrx_word' id='word_1_671' title='bbox 3395 3090 3579 3146; x_wconf 83' lang='lat' dir='ltr'><strong>istius</strong></span> <span class='ocrx_word' id='word_1_672' title='bbox 3637 3082 3850 3144; x_wconf 88' lang='lat' dir='ltr'><strong>Domini</strong></span> 
     </span>
    </p>
   </div>
   <div class='ocr_carea' id='block_1_93' title="bbox 2195 3171 3844 3250">
    <p class='ocr_par' dir='ltr' id='par_1_93' title="bbox 2195 3171 3844 3250">
     <span class='ocr_line' id='line_1_93' title="bbox 2195 3171 3844 3250; baseline -0.001 -22"><span class='ocrx_word' id='word_1_673' title='bbox 2195 3171 2421 3228; x_wconf 76' lang='lat' dir='ltr'><strong>athletze</strong></span> <span class='ocrx_word' id='word_1_674' title='bbox 2445 3172 2820 3240; x_wconf 88' lang='lat' dir='ltr'><strong>declarasset,</strong></span> <span class='ocrx_word' id='word_1_675' title='bbox 2845 3175 2941 3231; x_wconf 90' lang='lat' dir='ltr'><strong>ille</strong></span> <span class='ocrx_word' id='word_1_676' title='bbox 2964 3180 3164 3232; x_wconf 89' lang='lat' dir='ltr'><strong>tamen</strong></span> <span class='ocrx_word' id='word_1_677' title='bbox 3194 3178 3547 3234; x_wconf 88' lang='lat' dir='ltr'><strong>afﬁrmabat</strong></span> <span class='ocrx_word' id='word_1_678' title='bbox 3585 3176 3722 3250; x_wconf 88' lang='lat' dir='ltr'><strong>quia</strong></span> <span class='ocrx_word' id='word_1_679' title='bbox 3749 3173 3844 3229; x_wconf 86' lang='lat' dir='ltr'><strong>hoc</strong></span> 
     </span>
    </p>
   </div>
   <div class='ocr_carea' id='block_1_94' title="bbox 2198 3259 3846 3339">
    <p class='ocr_par' dir='ltr' id='par_1_94' title="bbox 2198 3259 3846 3339">
     <span class='ocr_line' id='line_1_94' title="bbox 2198 3259 3846 3339; baseline -0.001 -24"><span class='ocrx_word' id='word_1_680' title='bbox 2198 3264 2288 3316; x_wconf 89' lang='lat' dir='ltr'><strong>est</strong></span> <span class='ocrx_word' id='word_1_681' title='bbox 2317 3261 2675 3338; x_wconf 86' lang='lat' dir='ltr'><strong>sanctissimi</strong></span> <span class='ocrx_word' id='word_1_682' title='bbox 2709 3264 2982 3336; x_wconf 89' lang='lat' dir='ltr'><strong>martyris</strong></span> <span class='ocrx_word' id='word_1_683' title='bbox 3011 3270 3211 3337; x_wconf 89' lang='lat' dir='ltr'><strong>caput,</strong></span> <span class='ocrx_word' id='word_1_684' title='bbox 3240 3271 3301 3322; x_wconf 87' lang='lat' dir='ltr'><strong>et</strong></span> <span class='ocrx_word' id='word_1_685' title='bbox 3345 3266 3456 3323; x_wconf 91' lang='lat' dir='ltr'><strong>Dei</strong></span> <span class='ocrx_word' id='word_1_686' title='bbox 3499 3259 3846 3339; x_wconf 79' lang='lat' dir='ltr'><strong>providentia</strong></span> 
     </span>
    </p>
   </div>
   <div class='ocr_carea' id='block_1_95' title="bbox 2195 3351 3830 3427">
    <p class='ocr_par' dir='ltr' id='par_1_95' title="bbox 2195 3351 3830 3427">
     <span class='ocr_line' id='line_1_95' title="bbox 2195 3351 3830 3427; baseline -0.002 -23"><span class='ocrx_word' id='word_1_687' title='bbox 2195 3355 2549 3426; x_wconf 84' lang='lat' dir='ltr'><strong>reservatum</strong></span> <span class='ocrx_word' id='word_1_688' title='bbox 2576 3367 2589 3418; x_wconf 93' lang='lat'><strong>;</strong></span> <span class='ocrx_word' id='word_1_689' title='bbox 2621 3367 2692 3406; x_wconf 90' lang='lat' dir='ltr'><strong>ne</strong></span> <span class='ocrx_word' id='word_1_690' title='bbox 2721 3367 2932 3423; x_wconf 91' lang='lat' dir='ltr'><strong>corpus</strong></span> <span class='ocrx_word' id='word_1_691' title='bbox 2962 3352 3187 3425; x_wconf 91' lang='lat' dir='ltr'><strong>absque</strong></span> <span class='ocrx_word' id='word_1_692' title='bbox 3215 3355 3415 3427; x_wconf 88' lang='lat' dir='ltr'><strong>capite</strong></span> <span class='ocrx_word' id='word_1_693' title='bbox 3477 3351 3830 3410; x_wconf 87' lang='lat' dir='ltr'><strong>conderetur.</strong></span> 
     </span>
    </p>
   </div>
   <div class='ocr_carea' id='block_1_96' title="bbox 2193 3436 3837 3512">
    <p class='ocr_par' dir='ltr' id='par_1_96' title="bbox 2193 3436 3837 3512">
     <span class='ocr_line' id='line_1_96' title="bbox 2193 3436 3837 3512; baseline -0.002 -20"><span class='ocrx_word' id='word_1_694' title='bbox 2193 3439 2358 3493; x_wconf 92' lang='lat' dir='ltr'><strong>Anno</strong></span> <span class='ocrx_word' id='word_1_695' title='bbox 2381 3436 2574 3510; x_wconf 90' lang='lat' dir='ltr'><strong>itaque</strong></span> <span class='ocrx_word' id='word_1_696' title='bbox 2595 3439 2906 3512; x_wconf 90' lang='lat' dir='ltr'><strong>completo,</strong></span> <span class='ocrx_word' id='word_1_697' title='bbox 2925 3446 3344 3499; x_wconf 85' lang='lat' dir='ltr'><strong>consummata</strong></span> <span class='ocrx_word' id='word_1_698' title='bbox 3375 3441 3630 3500; x_wconf 87' lang='lat' dir='ltr'><strong>ecclesia</strong></span> <span class='ocrx_word' id='word_1_699' title='bbox 3647 3438 3705 3494; x_wconf 91' lang='lat' dir='ltr'><strong>in</strong></span> <span class='ocrx_word' id='word_1_700' title='bbox 3726 3437 3837 3508; x_wconf 86' lang='lat' dir='ltr'><strong>ejus</strong></span> 
     </span>
    </p>
   </div>
   <div class='ocr_carea' id='block_1_97' title="bbox 2193 3523 3832 3602">
    <p class='ocr_par' dir='ltr' id='par_1_97' title="bbox 2193 3523 3832 3602">
     <span class='ocr_line' id='line_1_97' title="bbox 2193 3523 3832 3602; baseline -0.001 -22"><span class='ocrx_word' id='word_1_701' title='bbox 2193 3523 2432 3592; x_wconf 89' lang='lat' dir='ltr'><strong>honore,</strong></span> <span class='ocrx_word' id='word_1_702' title='bbox 2465 3531 2520 3581; x_wconf 93' lang='lat' dir='ltr'><strong>et</strong></span> <span class='ocrx_word' id='word_1_703' title='bbox 2543 3527 2730 3598; x_wconf 89' lang='lat' dir='ltr'><strong>capite</strong></span> <span class='ocrx_word' id='word_1_704' title='bbox 2751 3529 2962 3599; x_wconf 89' lang='lat' dir='ltr'><strong>juncto</strong></span> <span class='ocrx_word' id='word_1_705' title='bbox 2993 3530 3224 3602; x_wconf 89' lang='lat' dir='ltr'><strong>corpori</strong></span> <span class='ocrx_word' id='word_1_706' title='bbox 3245 3546 3492 3588; x_wconf 88' lang='lat' dir='ltr'><strong>summa</strong></span> <span class='ocrx_word' id='word_1_707' title='bbox 3522 3543 3657 3586; x_wconf 91' lang='lat' dir='ltr'><strong>cum</strong></span> <span class='ocrx_word' id='word_1_708' title='bbox 3695 3539 3832 3580; x_wconf 86' lang='lat' dir='ltr'><strong>reve-</strong></span> 
     </span>
    </p>
   </div>
   <div class='ocr_carea' id='block_1_98' title="bbox 2193 3614 3832 3678">
    <p class='ocr_par' dir='ltr' id='par_1_98' title="bbox 2193 3614 3832 3678">
     <span class='ocr_line' id='line_1_98' title="bbox 2193 3614 3832 3678; baseline -0.001 -10"><span class='ocrx_word' id='word_1_709' title='bbox 2193 3615 2378 3670; x_wconf 89' lang='lat' dir='ltr'><strong>rentia</strong></span> <span class='ocrx_word' id='word_1_710' title='bbox 2398 3619 2486 3670; x_wconf 90' lang='lat' dir='ltr'><strong>est</strong></span> <span class='ocrx_word' id='word_1_711' title='bbox 2499 3616 2666 3670; x_wconf 90' lang='lat' dir='ltr'><strong>tertio</strong></span> <span class='ocrx_word' id='word_1_712' title='bbox 2687 3615 2882 3673; x_wconf 90' lang='lat' dir='ltr'><strong>Nonas</strong></span> <span class='ocrx_word' id='word_1_713' title='bbox 2896 3616 3163 3674; x_wconf 91' lang='lat' dir='ltr'><strong>Octobris</strong></span> <span class='ocrx_word' id='word_1_714' title='bbox 3182 3617 3540 3676; x_wconf 89' lang='lat' dir='ltr'><strong>solemniter</strong></span> <span class='ocrx_word' id='word_1_715' title='bbox 3558 3614 3832 3678; x_wconf 86' lang='lat' dir='ltr'><strong>dedicata;</strong></span> 
     </span>
    </p>
   </div>
   <div class='ocr_carea' id='block_1_99' title="bbox 2191 3701 3829 3780">
    <p class='ocr_par' dir='ltr' id='par_1_99' title="bbox 2191 3701 3829 3780">
     <span class='ocr_line' id='line_1_99' title="bbox 2191 3701 3829 3780; baseline 0.001 -22"><span class='ocrx_word' id='word_1_716' title='bbox 2191 3701 2426 3774; x_wconf 90' lang='lat' dir='ltr'><strong>scripsit</strong></span> <span class='ocrx_word' id='word_1_717' title='bbox 2447 3707 2639 3759; x_wconf 89' lang='lat' dir='ltr'><strong>autem</strong></span> <span class='ocrx_word' id='word_1_718' title='bbox 2667 3708 2724 3758; x_wconf 91' lang='lat' dir='ltr'><strong>et</strong></span> <span class='ocrx_word' id='word_1_719' title='bbox 2755 3703 2994 3760; x_wconf 86' lang='lat' dir='ltr'><strong>titulum</strong></span> <span class='ocrx_word' id='word_1_720' title='bbox 3026 3705 3328 3778; x_wconf 88' lang='lat' dir='ltr'><strong>lapideum</strong></span> <span class='ocrx_word' id='word_1_721' title='bbox 3368 3712 3437 3763; x_wconf 89' lang='lat' dir='ltr'><strong>ut</strong></span> <span class='ocrx_word' id='word_1_722' title='bbox 3466 3705 3736 3780; x_wconf 88' lang='lat' dir='ltr'><strong>priorem,</strong></span> <span class='ocrx_word' id='word_1_723' title='bbox 3783 3701 3829 3753; x_wconf 63' lang='lat' dir='ltr'><strong>et</strong></span> 
     </span>
    </p>
   </div>
   <div class='ocr_carea' id='block_1_100' title="bbox 2181 3789 3625 3864">
    <p class='ocr_par' dir='ltr' id='par_1_100' title="bbox 2181 3789 3625 3864">
     <span class='ocr_line' id='line_1_100' title="bbox 2181 3789 3625 3864; baseline 0.002 -20"><span class='ocrx_word' id='word_1_724' title='bbox 2181 3789 2353 3860; x_wconf 84' lang='lat' dir='ltr'><strong>juxta</strong></span> <span class='ocrx_word' id='word_1_725' title='bbox 2381 3789 2572 3846; x_wconf 89' lang='lat' dir='ltr'><strong>locum</strong></span> <span class='ocrx_word' id='word_1_726' title='bbox 2606 3792 2802 3864; x_wconf 90' lang='lat' dir='ltr'><strong>posuit</strong></span> <span class='ocrx_word' id='word_1_727' title='bbox 2831 3793 3232 3851; x_wconf 90' lang='lat' dir='ltr'><strong>continentem</strong></span> <span class='ocrx_word' id='word_1_728' title='bbox 3265 3794 3382 3853; x_wconf 90' lang='lat' dir='ltr'><strong>hoc</strong></span> <span class='ocrx_word' id='word_1_729' title='bbox 3415 3794 3625 3852; x_wconf 90' lang='lat' dir='ltr'><strong>modo:</strong></span> 
     </span>
    </p>
   </div>
   <div class='ocr_carea' id='block_1_101' title="bbox 2263 3878 3714 3956">
    <p class='ocr_par' dir='ltr' id='par_1_101' title="bbox 2263 3878 3714 3956">
     <span class='ocr_line' id='line_1_101' title="bbox 2263 3878 3714 3956; baseline 0.001 -24"><span class='ocrx_word' id='word_1_730' title='bbox 2263 3878 2358 3933; x_wconf 80' lang='lat' dir='ltr'><strong>Hic</strong></span> <span class='ocrx_word' id='word_1_731' title='bbox 2378 3885 2590 3950; x_wconf 83' lang='lat' dir='ltr'><strong>martyr</strong></span> <span class='ocrx_word' id='word_1_732' title='bbox 2616 3897 2856 3952; x_wconf 81' lang='lat' dir='ltr'><strong>magnus</strong></span> <span class='ocrx_word' id='word_1_733' title='bbox 2885 3883 3179 3952; x_wconf 74' lang='lat' dir='ltr'><strong>requiescit</strong></span> <span class='ocrx_word' id='word_1_734' title='bbox 3208 3899 3440 3956; x_wconf 77' lang='lat' dir='ltr'><strong>corpore</strong></span> <span class='ocrx_word' id='word_1_735' title='bbox 3469 3886 3714 3944; x_wconf 69' lang='lat' dir='ltr'><strong>Marcus,</strong></span> 
     </span>
    </p>
   </div>
   <div class='ocr_carea' id='block_1_102' title="bbox 2332 3966 3468 4034">
    <p class='ocr_par' dir='ltr' id='par_1_102' title="bbox 2332 3966 3468 4034">
     <span class='ocr_line' id='line_1_102' title="bbox 2332 3966 3468 4034; baseline 0.006 -13"><span class='ocrx_word' id='word_1_736' title='bbox 2332 3966 2480 4034; x_wconf 82' lang='lat' dir='ltr'><strong>Quod</strong></span> <span class='ocrx_word' id='word_1_737' title='bbox 2502 3967 2779 4023; x_wconf 80' lang='lat' dir='ltr'><strong>tribuente</strong></span> <span class='ocrx_word' id='word_1_738' title='bbox 2809 3970 2916 4024; x_wconf 88' lang='lat' dir='ltr'><strong>Deo</strong></span> <span class='ocrx_word' id='word_1_739' title='bbox 2946 3969 3192 4026; x_wconf 80' lang='lat' dir='ltr'><strong>condidit</strong></span> <span class='ocrx_word' id='word_1_740' title='bbox 3211 3987 3334 4028; x_wconf 83' lang='lat' dir='ltr'><strong>ecce</strong></span> <span class='ocrx_word' id='word_1_741' title='bbox 3363 3975 3468 4028; x_wconf 85' lang='lat' dir='ltr'><strong>Leo</strong></span> 
     </span>
    </p>
   </div>
   <div class='ocr_carea' id='block_1_103' title="bbox 2259 4056 3644 4130">
    <p class='ocr_par' dir='ltr' id='par_1_103' title="bbox 2259 4056 3644 4130">
     <span class='ocr_line' id='line_1_103' title="bbox 2259 4056 3644 4130; baseline 0.001 -20"><span class='ocrx_word' id='word_1_742' title='bbox 2259 4056 2476 4112; x_wconf 69' lang='grc' dir='ltr'><strong>Ρνίωαι</strong></span> <span class='ocrx_word' id='word_1_743' title='bbox 2505 4056 2802 4125; x_wconf 75' lang='lat' dir='ltr'><strong>Atinensis,</strong></span> <span class='ocrx_word' id='word_1_744' title='bbox 2828 4057 2970 4130; x_wconf 75' lang='lat' dir='ltr'><strong>lapis</strong></span> <span class='ocrx_word' id='word_1_745' title='bbox 3002 4058 3091 4114; x_wconf 79' lang='lat' dir='ltr'><strong>hic</strong></span> <span class='ocrx_word' id='word_1_746' title='bbox 3117 4062 3226 4116; x_wconf 80' lang='lat' dir='ltr'><strong>erit</strong></span> <span class='ocrx_word' id='word_1_747' title='bbox 3249 4064 3302 4116; x_wconf 79' lang='lat' dir='ltr'><strong>et</strong></span> <span class='ocrx_word' id='word_1_748' title='bbox 3331 4061 3449 4118; x_wconf 76' lang='lat' dir='ltr'><strong>sibi</strong></span> <span class='ocrx_word' id='word_1_749' title='bbox 3474 4058 3644 4116; x_wconf 77' lang='lat' dir='ltr'><strong>testis.</strong></span> 
     </span>
    </p>
   </div>
   <div class='ocr_carea' id='block_1_104' title="bbox 2257 4142 3816 4206">
    <p class='ocr_par' dir='ltr' id='par_1_104' title="bbox 2257 4142 3816 4206">
     <span class='ocr_line' id='line_1_104' title="bbox 2257 4142 3816 4206; baseline 0 -8"><span class='ocrx_word' id='word_1_750' title='bbox 2257 4142 2560 4198; x_wconf 86' lang='lat' dir='ltr'><strong>Inventum</strong></span> <span class='ocrx_word' id='word_1_751' title='bbox 2586 4147 2676 4199; x_wconf 90' lang='lat' dir='ltr'><strong>est</strong></span> <span class='ocrx_word' id='word_1_752' title='bbox 2703 4149 2899 4200; x_wconf 90' lang='lat' dir='ltr'><strong>autem</strong></span> <span class='ocrx_word' id='word_1_753' title='bbox 2941 4149 3102 4203; x_wconf 79' lang='lat' dir='ltr'><strong>sexto</strong></span> <span class='ocrx_word' id='word_1_754' title='bbox 3130 4147 3364 4206; x_wconf 87' lang='lat' dir='ltr'><strong>decimo</strong></span> <span class='ocrx_word' id='word_1_755' title='bbox 3397 4145 3682 4204; x_wconf 85' lang='lat' dir='ltr'><strong>Kalendas</strong></span> <span class='ocrx_word' id='word_1_756' title='bbox 3710 4143 3816 4194; x_wconf 76' lang='lat' dir='ltr'><strong>Au-</strong></span> 
     </span>
    </p>
   </div>
   <div class='ocr_carea' id='block_1_105' title="bbox 2185 4229 3815 4302">
    <p class='ocr_par' dir='ltr' id='par_1_105' title="bbox 2185 4229 3815 4302">
     <span class='ocr_line' id='line_1_105' title="bbox 2185 4229 3815 4302; baseline 0.002 -17"><span class='ocrx_word' id='word_1_757' title='bbox 2185 4231 2362 4302; x_wconf 87' lang='lat' dir='ltr'><strong>gusti,</strong></span> <span class='ocrx_word' id='word_1_758' title='bbox 2396 4247 2548 4288; x_wconf 91' lang='lat' dir='ltr'><strong>anno</strong></span> <span class='ocrx_word' id='word_1_759' title='bbox 2580 4229 3336 4294; x_wconf 65' lang='lat' dir='ltr'><strong>Dominicaaincarnationis</strong></span> <span class='ocrx_word' id='word_1_760' title='bbox 3358 4233 3668 4292; x_wconf 85' lang='lat' dir='ltr'><strong>millesimo</strong></span> <span class='ocrx_word' id='word_1_761' title='bbox 3690 4242 3815 4301; x_wconf 71' lang='lat' dir='ltr'><strong>qua-</strong></span> 
     </span>
    </p>
   </div>
   <div class='ocr_carea' id='block_1_106' title="bbox 2183 4315 3811 4390">
    <p class='ocr_par' dir='ltr' id='par_1_106' title="bbox 2183 4315 3811 4390">
     <span class='ocr_line' id='line_1_106' title="bbox 2183 4315 3811 4390; baseline -0.002 -17"><span class='ocrx_word' id='word_1_762' title='bbox 2183 4319 2514 4390; x_wconf 86' lang='lat' dir='ltr'><strong>dragesimo</strong></span> <span class='ocrx_word' id='word_1_763' title='bbox 2545 4324 2725 4375; x_wconf 82' lang='lat' dir='ltr'><strong>sexto.</strong></span> <span class='ocrx_word' id='word_1_764' title='bbox 2750 4317 2886 4377; x_wconf 87' lang='lat' dir='ltr'><strong>Erat</strong></span> <span class='ocrx_word' id='word_1_765' title='bbox 2907 4327 3104 4379; x_wconf 89' lang='lat' dir='ltr'><strong>autem</strong></span> <span class='ocrx_word' id='word_1_766' title='bbox 3126 4328 3268 4380; x_wconf 91' lang='lat' dir='ltr'><strong>tunc</strong></span> <span class='ocrx_word' id='word_1_767' title='bbox 3289 4325 3583 4382; x_wconf 85' lang='lat' dir='ltr'><strong>immensa</strong></span> <span class='ocrx_word' id='word_1_768' title='bbox 3603 4315 3811 4375; x_wconf 83' lang='lat' dir='ltr'><strong>siccitas</strong></span> 
     </span>
    </p>
   </div>
   <div class='ocr_carea' id='block_1_107' title="bbox 2183 4401 3811 4487">
    <p class='ocr_par' dir='ltr' id='par_1_107' title="bbox 2183 4401 3811 4487">
     <span class='ocr_line' id='line_1_107' title="bbox 2183 4401 3811 4487; baseline -0.001 -25"><span class='ocrx_word' id='word_1_769' title='bbox 2183 4424 2360 4479; x_wconf 87' lang='lat' dir='ltr'><strong>super</strong></span> <span class='ocrx_word' id='word_1_770' title='bbox 2387 4412 2626 4476; x_wconf 88' lang='lat' dir='ltr'><strong>terram,</strong></span> <span class='ocrx_word' id='word_1_771' title='bbox 2655 4409 2736 4465; x_wconf 89' lang='lat' dir='ltr'><strong>ita</strong></span> <span class='ocrx_word' id='word_1_772' title='bbox 2766 4413 2830 4466; x_wconf 90' lang='lat' dir='ltr'><strong>ut</strong></span> <span class='ocrx_word' id='word_1_773' title='bbox 2851 4409 3091 4482; x_wconf 90' lang='lat' dir='ltr'><strong>plurimi</strong></span> <span class='ocrx_word' id='word_1_774' title='bbox 3111 4427 3179 4468; x_wconf 86' lang='lat' dir='ltr'><strong>ex</strong></span> <span class='ocrx_word' id='word_1_775' title='bbox 3201 4413 3425 4487; x_wconf 88' lang='lat' dir='ltr'><strong>pepulo</strong></span> <span class='ocrx_word' id='word_1_776' title='bbox 3456 4408 3742 4469; x_wconf 86' lang='lat' dir='ltr'><strong>crederent</strong></span> <span class='ocrx_word' id='word_1_777' title='bbox 3757 4401 3811 4456; x_wconf 82' lang='lat' dir='ltr'><strong>ll-</strong></span> 
     </span>
    </p>
   </div>
   <div class='ocr_carea' id='block_1_108' title="bbox 2182 4496 3806 4571">
    <p class='ocr_par' dir='ltr' id='par_1_108' title="bbox 2182 4496 3806 4571">
     <span class='ocr_line' id='line_1_108' title="bbox 2182 4496 3806 4571; baseline 0 -20"><span class='ocrx_word' id='word_1_778' title='bbox 2182 4513 2314 4551; x_wconf 90' lang='lat' dir='ltr'><strong>ncm</strong></span> <span class='ocrx_word' id='word_1_779' title='bbox 2345 4496 2549 4553; x_wconf 90' lang='lat' dir='ltr'><strong>adesse</strong></span> <span class='ocrx_word' id='word_1_780' title='bbox 2579 4498 2805 4564; x_wconf 90' lang='lat' dir='ltr'><strong>mundi,</strong></span> <span class='ocrx_word' id='word_1_781' title='bbox 2831 4515 2896 4554; x_wconf 90' lang='lat' dir='ltr'><strong>eo</strong></span> <span class='ocrx_word' id='word_1_782' title='bbox 2928 4501 3087 4571; x_wconf 90' lang='lat' dir='ltr'><strong>quod</strong></span> <span class='ocrx_word' id='word_1_783' title='bbox 3118 4500 3395 4560; x_wconf 89' lang='lat' dir='ltr'><strong>incendia</strong></span> <span class='ocrx_word' id='word_1_784' title='bbox 3413 4505 3470 4559; x_wconf 90' lang='lat' dir='ltr'><strong>et</strong></span> <span class='ocrx_word' id='word_1_785' title='bbox 3489 4497 3666 4570; x_wconf 79' lang='lat' dir='ltr'><strong>caligo</strong></span> <span class='ocrx_word' id='word_1_786' title='bbox 3694 4506 3806 4547; x_wconf 79' lang='lat' dir='ltr'><strong>ma-</strong></span> 
     </span>
    </p>
   </div>
   <div class='ocr_carea' id='block_1_109' title="bbox 2179 4578 3804 4656">
    <p class='ocr_par' dir='ltr' id='par_1_109' title="bbox 2179 4578 3804 4656">
     <span class='ocr_line' id='line_1_109' title="bbox 2179 4578 3804 4656; baseline -0.004 -18"><span class='ocrx_word' id='word_1_787' title='bbox 2179 4599 2296 4656; x_wconf 90' lang='lat' dir='ltr'><strong>gna</strong></span> <span class='ocrx_word' id='word_1_788' title='bbox 2317 4588 2502 4640; x_wconf 87' lang='lat' dir='ltr'><strong>totum</strong></span> <span class='ocrx_word' id='word_1_789' title='bbox 2525 4584 2859 4642; x_wconf 87' lang='lat' dir='ltr'><strong>invaserant</strong></span> <span class='ocrx_word' id='word_1_790' title='bbox 2881 4587 3106 4644; x_wconf 90' lang='lat' dir='ltr'><strong>orbem.</strong></span> <span class='ocrx_word' id='word_1_791' title='bbox 3130 4588 3280 4646; x_wconf 85' lang='lat' dir='ltr'><strong>Nam</strong></span> <span class='ocrx_word' id='word_1_792' title='bbox 3301 4591 3500 4648; x_wconf 68' lang='lat' dir='ltr'><strong>herbae</strong></span> <span class='ocrx_word' id='word_1_793' title='bbox 3521 4579 3700 4655; x_wconf 86' lang='lat' dir='ltr'><strong>campi</strong></span> <span class='ocrx_word' id='word_1_794' title='bbox 3719 4578 3804 4634; x_wconf 82' lang='lat' dir='ltr'><strong>de-</strong></span> 
     </span>
    </p>
   </div>
   <div class='ocr_carea' id='block_1_110' title="bbox 2184 4671 3798 4751">
    <p class='ocr_par' dir='ltr' id='par_1_110' title="bbox 2184 4671 3798 4751">
     <span class='ocr_line' id='line_1_110' title="bbox 2184 4671 3798 4751; baseline -0.002 -25"><span class='ocrx_word' id='word_1_795' title='bbox 2184 4673 2460 4740; x_wconf 89' lang='lat' dir='ltr'><strong>fecerant,</strong></span> <span class='ocrx_word' id='word_1_796' title='bbox 2491 4673 2736 4731; x_wconf 88' lang='lat' dir='ltr'><strong>virentia</strong></span> <span class='ocrx_word' id='word_1_797' title='bbox 2766 4679 2979 4732; x_wconf 90' lang='lat' dir='ltr'><strong>cuncta</strong></span> <span class='ocrx_word' id='word_1_798' title='bbox 3009 4677 3319 4735; x_wconf 90' lang='lat' dir='ltr'><strong>ardebant.</strong></span> <span class='ocrx_word' id='word_1_799' title='bbox 3355 4680 3417 4736; x_wconf 93' lang='lat' dir='ltr'><strong>In</strong></span> <span class='ocrx_word' id='word_1_800' title='bbox 3451 4678 3574 4751; x_wconf 89' lang='lat' dir='ltr'><strong>ipso</strong></span> <span class='ocrx_word' id='word_1_801' title='bbox 3626 4671 3798 4727; x_wconf 84' lang='lat' dir='ltr'><strong>autem</strong></span> 
     </span>
    </p>
   </div>
   <div class='ocr_carea' id='block_1_111' title="bbox 2181 4755 3796 4835">
    <p class='ocr_par' dir='ltr' id='par_1_111' title="bbox 2181 4755 3796 4835">
     <span class='ocr_line' id='line_1_111' title="bbox 2181 4755 3796 4835; baseline -0.004 -19"><span class='ocrx_word' id='word_1_802' title='bbox 2181 4760 2437 4832; x_wconf 89' lang='lat' dir='ltr'><strong>periculo</strong></span> <span class='ocrx_word' id='word_1_803' title='bbox 2467 4762 2739 4835; x_wconf 90' lang='lat' dir='ltr'><strong>apparuit</strong></span> <span class='ocrx_word' id='word_1_804' title='bbox 2769 4761 3020 4820; x_wconf 89' lang='lat' dir='ltr'><strong>dilectus</strong></span> <span class='ocrx_word' id='word_1_805' title='bbox 3051 4765 3287 4822; x_wconf 88' lang='lat' dir='ltr'><strong>Domini</strong></span> <span class='ocrx_word' id='word_1_806' title='bbox 3321 4771 3547 4823; x_wconf 81' lang='lat' dir='ltr'><strong>Marcus</strong></span> <span class='ocrx_word' id='word_1_807' title='bbox 3589 4755 3796 4817; x_wconf 86' lang='lat' dir='ltr'><strong>cuidam</strong></span> 
     </span>
    </p>
   </div>
   <div class='ocr_carea' id='block_1_112' title="bbox 2177 4839 3792 4926">
    <p class='ocr_par' dir='ltr' id='par_1_112' title="bbox 2177 4839 3792 4926">
     <span class='ocr_line' id='line_1_112' title="bbox 2177 4839 3792 4926; baseline 0.009 -23"><span class='ocrx_word' id='word_1_808' title='bbox 2177 4849 2606 4906; x_wconf 89' lang='lat' dir='ltr'><strong>sanetimoniali</strong></span> <span class='ocrx_word' id='word_1_809' title='bbox 2629 4851 2877 4918; x_wconf 68' lang='lat' dir='ltr'><strong>feminea,</strong></span> <span class='ocrx_word' id='word_1_810' title='bbox 2901 4852 3178 4924; x_wconf 76' lang='lat' dir='ltr'><strong>praeclaro</strong></span> <span class='ocrx_word' id='word_1_811' title='bbox 3201 4855 3394 4926; x_wconf 87' lang='lat' dir='ltr'><strong>vultu,</strong></span> <span class='ocrx_word' id='word_1_812' title='bbox 3419 4856 3586 4924; x_wconf 84' lang='lat' dir='ltr'><strong>longo</strong></span> <span class='ocrx_word' id='word_1_813' title='bbox 3613 4852 3665 4904; x_wconf 65' lang='grc' dir='ltr'><strong>ϐε</strong></span> <span class='ocrx_word' id='word_1_814' title='bbox 3679 4839 3792 4916; x_wconf 61' lang='grc'><strong><em>1³⁸³1⁸</em></strong></span> 
     </span>
    </p>
   </div>
   <div class='ocr_carea' id='block_1_113' title="bbox 2175 4927 3785 5014">
    <p class='ocr_par' dir='ltr' id='par_1_113' title="bbox 2175 4927 3785 5014">
     <span class='ocr_line' id='line_1_113' title="bbox 2175 4927 3785 5014; baseline 0.002 -23"><span class='ocrx_word' id='word_1_815' title='bbox 2175 4936 2312 4992; x_wconf 91' lang='lat' dir='ltr'><strong>chro</strong></span> <span class='ocrx_word' id='word_1_816' title='bbox 2343 4955 2601 5010; x_wconf 89' lang='lat' dir='ltr'><strong>corpore,</strong></span> <span class='ocrx_word' id='word_1_817' title='bbox 2631 4939 2808 4996; x_wconf 89' lang='lat' dir='ltr'><strong>barba</strong></span> <span class='ocrx_word' id='word_1_818' title='bbox 2837 4946 2894 4995; x_wconf 88' lang='lat' dir='ltr'><strong>et</strong></span> <span class='ocrx_word' id='word_1_819' title='bbox 2915 4941 3101 5014; x_wconf 91' lang='lat' dir='ltr'><strong>capite</strong></span> <span class='ocrx_word' id='word_1_820' title='bbox 3129 4945 3410 5014; x_wconf 90' lang='lat' dir='ltr'><strong>candido,</strong></span> <span class='ocrx_word' id='word_1_821' title='bbox 3441 4941 3685 5010; x_wconf 82' lang='lat' dir='ltr'><strong>dixitque</strong></span> <span class='ocrx_word' id='word_1_822' title='bbox 3709 4927 3785 4984; x_wconf 76' lang='grc' dir='ltr'><strong>οῖε</strong></span> 
     </span>
    </p>
   </div>
   <div class='ocr_carea' id='block_1_114' title="bbox 2174 5025 3784 5106">
    <p class='ocr_par' dir='ltr' id='par_1_114' title="bbox 2174 5025 3784 5106">
     <span class='ocr_line' id='line_1_114' title="bbox 2174 5025 3784 5106; baseline 0 -27"><span class='ocrx_word' id='word_1_823' title='bbox 2174 5047 2202 5074; x_wconf 92' lang='grc'><strong>‹‹</strong></span> <span class='ocrx_word' id='word_1_824' title='bbox 2234 5030 2435 5097; x_wconf 86' lang='lat' dir='ltr'><strong>Surge,</strong></span> <span class='ocrx_word' id='word_1_825' title='bbox 2467 5032 2524 5082; x_wconf 92' lang='lat' dir='ltr'><strong>et</strong></span> <span class='ocrx_word' id='word_1_826' title='bbox 2552 5027 2644 5084; x_wconf 90' lang='lat' dir='ltr'><strong>dic</strong></span> <span class='ocrx_word' id='word_1_827' title='bbox 2676 5029 2944 5102; x_wconf 78' lang='lat' dir='ltr'><strong>episcopo</strong></span> <span class='ocrx_word' id='word_1_828' title='bbox 2967 5047 3148 5101; x_wconf 91' lang='lat' dir='ltr'><strong>quare</strong></span> <span class='ocrx_word' id='word_1_829' title='bbox 3171 5049 3388 5106; x_wconf 89' lang='lat' dir='ltr'><strong>corpus</strong></span> <span class='ocrx_word' id='word_1_830' title='bbox 3411 5033 3658 5089; x_wconf 90' lang='lat' dir='ltr'><strong>nostrum</strong></span> <span class='ocrx_word' id='word_1_831' title='bbox 3676 5025 3784 5074; x_wconf 75' lang='lat' dir='ltr'><strong>tan-</strong></span> 
     </span>
    </p>
   </div>
   <div class='ocr_carea' id='block_1_115' title="bbox 2173 5107 3778 5191">
    <p class='ocr_par' dir='ltr' id='par_1_115' title="bbox 2173 5107 3778 5191">
     <span class='ocr_line' id='line_1_115' title="bbox 2173 5107 3778 5191; baseline 0.006 -23"><span class='ocrx_word' id='word_1_832' title='bbox 2173 5113 2273 5168; x_wconf 90' lang='lat' dir='ltr'><strong>diu</strong></span> <span class='ocrx_word' id='word_1_833' title='bbox 2301 5115 2511 5170; x_wconf 88' lang='lat' dir='ltr'><strong>retinet</strong></span> <span class='ocrx_word' id='word_1_834' title='bbox 2540 5132 2715 5188; x_wconf 84' lang='lat' dir='ltr'><strong>super</strong></span> <span class='ocrx_word' id='word_1_835' title='bbox 2733 5122 2946 5172; x_wconf 88' lang='lat' dir='ltr'><strong>terram</strong></span> <span class='ocrx_word' id='word_1_836' title='bbox 2965 5116 2992 5171; x_wconf 70' lang='lat' dir='ltr'><strong>‘I</strong></span> <span class='ocrx_word' id='word_1_837' title='bbox 3015 5119 3155 5174; x_wconf 84' lang='lat' dir='ltr'><strong>Ecce</strong></span> <span class='ocrx_word' id='word_1_838' title='bbox 3170 5122 3298 5191; x_wconf 87' lang='lat' dir='ltr'><strong>jam</strong></span> <span class='ocrx_word' id='word_1_839' title='bbox 3323 5123 3532 5179; x_wconf 86' lang='lat' dir='ltr'><strong>domus</strong></span> <span class='ocrx_word' id='word_1_840' title='bbox 3552 5107 3678 5172; x_wconf 88' lang='lat' dir='ltr'><strong>mihi</strong></span> <span class='ocrx_word' id='word_1_841' title='bbox 3695 5119 3778 5191; x_wconf 66' lang='grc' dir='ltr'><strong>Ρδῖ</strong></span> 
     </span>
    </p>
   </div>
   <div class='ocr_carea' id='block_1_116' title="bbox 2171 5188 3778 5283">
    <p class='ocr_par' dir='ltr' id='par_1_116' title="bbox 2171 5188 3778 5283">
     <span class='ocr_line' id='line_1_116' title="bbox 2171 5188 3778 5283; baseline -0.001 -26"><span class='ocrx_word' id='word_1_842' title='bbox 2171 5207 2296 5258; x_wconf 88' lang='lat' dir='ltr'><strong>rata</strong></span> <span class='ocrx_word' id='word_1_843' title='bbox 2327 5207 2435 5270; x_wconf 89' lang='lat' dir='ltr'><strong>est,</strong></span> <span class='ocrx_word' id='word_1_844' title='bbox 2472 5203 2611 5275; x_wconf 90' lang='lat' dir='ltr'><strong>quid</strong></span> <span class='ocrx_word' id='word_1_845' title='bbox 2645 5210 2906 5260; x_wconf 90' lang='lat' dir='ltr'><strong>moratur</strong></span> <span class='ocrx_word' id='word_1_846' title='bbox 2926 5206 2953 5259; x_wconf 84' lang='lat'><strong>?</strong></span> <span class='ocrx_word' id='word_1_847' title='bbox 2975 5188 3254 5279; x_wconf 82' lang='lat' dir='ltr'><strong>Nunquid</strong></span> <span class='ocrx_word' id='word_1_848' title='bbox 3278 5227 3393 5266; x_wconf 84' lang='lat' dir='ltr'><strong>non</strong></span> <span class='ocrx_word' id='word_1_849' title='bbox 3433 5203 3606 5265; x_wconf 88' lang='lat' dir='ltr'><strong>cernit</strong></span> <span class='ocrx_word' id='word_1_850' title='bbox 3648 5188 3778 5283; x_wconf 73' lang='grc' dir='ltr'><strong>φιοᾷ</strong></span> 
     </span>
    </p>
   </div>
   <div class='ocr_carea' id='block_1_117' title="bbox 2169 5283 3774 5374">
    <p class='ocr_par' dir='ltr' id='par_1_117' title="bbox 2169 5283 3774 5374">
     <span class='ocr_line' id='line_1_117' title="bbox 2169 5283 3774 5374; baseline 0 -29"><span class='ocrx_word' id='word_1_851' title='bbox 2169 5291 2422 5362; x_wconf 85' lang='lat' dir='ltr'><strong>populus</strong></span> <span class='ocrx_word' id='word_1_852' title='bbox 2443 5292 2705 5348; x_wconf 76' lang='lat' dir='ltr'><strong>siccitate</strong></span> <span class='ocrx_word' id='word_1_853' title='bbox 2735 5292 3142 5364; x_wconf 84' lang='lat' dir='ltr'><strong>periclitatur?</strong></span> <span class='ocrx_word' id='word_1_854' title='bbox 3163 5296 3324 5353; x_wconf 87' lang='lat' dir='ltr'><strong>Sciat</strong></span> <span class='ocrx_word' id='word_1_855' title='bbox 3345 5296 3588 5371; x_wconf 87' lang='lat' dir='ltr'><strong>profecto</strong></span> <span class='ocrx_word' id='word_1_856' title='bbox 3602 5283 3774 5374; x_wconf 38' lang='lat' dir='ltr'><strong>quis?</strong></span> 
     </span>
    </p>
   </div>
   <div class='ocr_carea' id='block_1_118' title="bbox 2168 5366 3774 5458">
    <p class='ocr_par' dir='ltr' id='par_1_118' title="bbox 2168 5366 3774 5458">
     <span class='ocr_line' id='line_1_118' title="bbox 2168 5366 3774 5458; baseline -0.001 -23"><span class='ocrx_word' id='word_1_857' title='bbox 2168 5396 2378 5452; x_wconf 81' lang='lat' dir='ltr'><strong>corpus</strong></span> <span class='ocrx_word' id='word_1_858' title='bbox 2410 5399 2606 5438; x_wconf 88' lang='lat' dir='ltr'><strong>meum</strong></span> <span class='ocrx_word' id='word_1_859' title='bbox 2634 5382 2906 5438; x_wconf 91' lang='lat' dir='ltr'><strong>redditur</strong></span> <span class='ocrx_word' id='word_1_860' title='bbox 2935 5383 3132 5450; x_wconf 88' lang='lat' dir='ltr'><strong>terris,</strong></span> <span class='ocrx_word' id='word_1_861' title='bbox 3157 5366 3366 5442; x_wconf 66' lang='lat' dir='ltr'><strong>statim</strong></span> <span class='ocrx_word' id='word_1_862' title='bbox 3403 5399 3546 5458; x_wconf 87' lang='lat' dir='ltr'><strong>aqua</strong></span> <span class='ocrx_word' id='word_1_863' title='bbox 3573 5366 3774 5434; x_wconf 75' lang='lat' dir='ltr'><strong>Domiui</strong></span> 
     </span>
    </p>
   </div>
   <div class='ocr_carea' id='block_1_119' title="bbox 2167 5465 3770 5542">
    <p class='ocr_par' dir='ltr' id='par_1_119' title="bbox 2167 5465 3770 5542">
     <span class='ocr_line' id='line_1_119' title="bbox 2167 5465 3770 5542; baseline 0.006 -20"><span class='ocrx_word' id='word_1_864' title='bbox 2167 5468 2446 5524; x_wconf 89' lang='lat' dir='ltr'><strong>beneﬁcio</strong></span> <span class='ocrx_word' id='word_1_865' title='bbox 2479 5474 2598 5526; x_wconf 86' lang='lat' dir='ltr'><strong>tota</strong></span> <span class='ocrx_word' id='word_1_866' title='bbox 2623 5475 2776 5526; x_wconf 91' lang='lat' dir='ltr'><strong>terra</strong></span> <span class='ocrx_word' id='word_1_867' title='bbox 2806 5471 3047 5541; x_wconf 88' lang='lat' dir='ltr'><strong>rigatur.</strong></span> <span class='ocrx_word' id='word_1_868' title='bbox 3085 5494 3114 5521; x_wconf 81' lang='grc'><strong>»</strong></span> <span class='ocrx_word' id='word_1_869' title='bbox 3167 5472 3342 5530; x_wconf 84' lang='lat' dir='ltr'><strong>Facto</strong></span> <span class='ocrx_word' id='word_1_870' title='bbox 3399 5475 3582 5542; x_wconf 75' lang='lat' dir='ltr'><strong>itaque</strong></span> <span class='ocrx_word' id='word_1_871' title='bbox 3629 5465 3770 5542; x_wconf 60' lang='lat'><strong>“139°</strong></span> 
     </span>
    </p>
   </div>
   <div class='ocr_carea' id='block_1_120' title="bbox 2166 5541 3768 5631">
    <p class='ocr_par' dir='ltr' id='par_1_120' title="bbox 2166 5541 3768 5631">
     <span class='ocr_line' id='line_1_120' title="bbox 2166 5541 3768 5631; baseline 0.014 -21"><span class='ocrx_word' id='word_1_872' title='bbox 2166 5557 2422 5613; x_wconf 83' lang='lat' dir='ltr'><strong>surrexit</strong></span> <span class='ocrx_word' id='word_1_873' title='bbox 2453 5557 2690 5627; x_wconf 89' lang='lat' dir='ltr'><strong>femina,</strong></span> <span class='ocrx_word' id='word_1_874' title='bbox 2723 5564 2781 5615; x_wconf 81' lang='lat' dir='ltr'><strong>et</strong></span> <span class='ocrx_word' id='word_1_875' title='bbox 2820 5576 2947 5631; x_wconf 57' lang='lat' dir='ltr'><strong>quae</strong></span> <span class='ocrx_word' id='word_1_876' title='bbox 2979 5559 3207 5616; x_wconf 66' lang='lat' dir='ltr'><strong>Viderat</strong></span> <span class='ocrx_word' id='word_1_877' title='bbox 3237 5541 3542 5619; x_wconf 64' lang='grc' dir='ltr'><strong>ἱηῐὶῐῐιανίί·</strong></span> <span class='ocrx_word' id='word_1_878' title='bbox 3582 5555 3648 5607; x_wconf 57' lang='lat' dir='ltr'><strong>At</strong></span> <span class='ocrx_word' id='word_1_879' title='bbox 3689 5541 3768 5631; x_wconf 72' lang='grc' dir='ltr'><strong>ίυο</strong></span> 
     </span>
    </p>
   </div>
   <div class='ocr_carea' id='block_1_121' title="bbox 2165 5630 3764 5724">
    <p class='ocr_par' dir='ltr' id='par_1_121' title="bbox 2165 5630 3764 5724">
     <span class='ocr_line' id='line_1_121' title="bbox 2165 5630 3764 5724; baseline -0.001 -23"><span class='ocrx_word' id='word_1_880' title='bbox 2165 5644 2433 5704; x_wconf 81' lang='lat' dir='ltr'><strong>haesitare</strong></span> <span class='ocrx_word' id='word_1_881' title='bbox 2465 5647 2638 5722; x_wconf 83' lang='lat' dir='ltr'><strong>coepit</strong></span> <span class='ocrx_word' id='word_1_882' title='bbox 2667 5647 2806 5724; x_wconf 91' lang='lat' dir='ltr'><strong>quid</strong></span> <span class='ocrx_word' id='word_1_883' title='bbox 2833 5630 3058 5722; x_wconf 82' lang='lat' dir='ltr'><strong>ageret;</strong></span> <span class='ocrx_word' id='word_1_884' title='bbox 3092 5648 3429 5711; x_wconf 89' lang='lat' dir='ltr'><strong>decreverat</strong></span> <span class='ocrx_word' id='word_1_885' title='bbox 3450 5645 3593 5707; x_wconf 88' lang='lat' dir='ltr'><strong>enim</strong></span> <span class='ocrx_word' id='word_1_886' title='bbox 3612 5630 3764 5697; x_wconf 75' lang='grc' dir='ltr'><strong><em>οοάίο</em></strong></span> 
     </span>
    </p>
   </div>
  </div>
