3922 6430
316 506 438 573 276

320 642 362 699 9
468 643 782 701 Posuerunt
812 641 876 698 in
900 637 1096 698 caelum
1115 655 1172 698 os
1201 655 1366 698 suum
1395 658 1416 696 :

471 733 540 789 Et
565 731 764 803 lingua
791 745 984 788 eorum
1013 732 1273 787 transivit
1300 731 1361 786 in
1390 735 1562 788 terra.

399 825 440 878 C
470 819 640 879 Ponit
669 821 731 877 in
762 820 975 879 cmlum
1024 838 1090 878 os
1136 836 1335 888 suum,
1367 819 1469 893 qui
1509 819 1731 888 Jovem,
1767 819 1997 875 Mercu-

324 910 485 968 rium
518 913 843 982 ceteraque
873 912 1166 982 portenta,
1198 909 1313 967 Deo
1363 913 1530 982 putat
1577 923 1708 965 esse
1751 907 1992 964 similia.

331 999 404 1058 Et
430 997 637 1072 lingua
663 1014 867 1054 eorum
899 998 1170 1055 transivit
1198 997 1259 1054 in
1293 1002 1469 1068 terra,
1504 997 1606 1070 qui
1637 996 1792 1053 ultra
1813 1013 1995 1070 quam

326 1089 496 1147 decet
521 1088 868 1163 loquuntur,
899 1092 978 1157 et,
1011 1089 1152 1145 dum
1185 1091 1326 1144 sunt
1353 1087 1467 1162 ipsi
1508 1087 1764 1162 fragiles,
1800 1091 1995 1144 tenere

323 1189 388 1232 se
416 1174 782 1233 immortales
813 1175 1109 1233 mstimant
1137 1173 1482 1250 dignitates;
1516 1175 1605 1232 vel
1655 1174 1756 1248 qui
1809 1179 1992 1231 Deum

320 1268 559 1341 peccata
586 1282 704 1324 non
735 1265 945 1338 punire
975 1269 1208 1340 putant.
1244 1262 1289 1321 li
1318 1265 1436 1322 Aut
1482 1265 1584 1338 qui
1635 1282 1736 1338 per
1786 1281 1991 1338 super-

319 1355 479 1412 biam
511 1354 768 1413 scientias
796 1355 974 1412 locuti
1007 1359 1152 1412 sunt
1180 1358 1384 1411 contra
1411 1355 1807 1411 llabitatorem
1834 1353 1990 1436 coeli;

275 1447 283 1452 ’
319 1443 406 1501 illi
437 1448 757 1518 posuerunt
789 1444 850 1501 in
883 1443 1095 1501 omium
1127 1461 1193 1500 os
1224 1459 1422 1512 suum,
1457 1445 1558 1500 sed
1603 1442 1990 1500 humiliatum

321 1533 405 1592 esi
431 1521 706 1608 iniquum
733 1533 1037 1607 eloquium
1086 1549 1293 1590 eorum
1344 1550 1532 1608 usque
1563 1534 1623 1589 in
1659 1537 1901 1601 terram,
1935 1537 1992 1588 et

1247 505 1312 567 S.
1358 504 1754 570 BRUNONIS
1801 501 2429 568 HERBIPOLENSIS
2475 503 2854 567 EPISCOPI.

2016 639 2072 708 Α
2101 641 2160 696 et
2189 637 2668 711 sanctorum,qui
2694 635 2969 695 dixerunt
2991 639 3049 694 et
3079 634 3444 712 scripserunt
3473 641 3528 696 te
3551 637 3746 697 huma-

3642 504 3747 566 2'16

2107 745 2184 785 na
2214 744 2420 786 curare
2448 732 2506 784 et
2525 729 2761 800 justum
2791 743 2919 784 esse
2951 727 3010 784 in
3042 727 3320 801 praemiis.

2107 820 2177 875 16
2251 819 2316 873 Et
2341 817 2727 874 existimabam
2753 825 2816 873 ut
2838 833 3210 887 cognoscerem
3241 833 3256 872 :

2250 909 2358 964 Hoc
2387 908 2542 963 labor
2567 911 2649 963 est
2675 915 2804 963 ante
2831 922 2942 962 me.

2178 997 2223 1053 ll
2257 997 2358 1053 Hic
2407 995 2694 1070 prepheta
2742 994 3005 1069 loquitur
3053 1011 3066 1052 :
3111 993 3559 1062 Existimabam,
3591 995 3643 1051 id
3674 1001 3754 1053 est

2105 1089 2510 1161 perscrutatus
2538 1102 2672 1142 sum
2703 1089 3002 1154 cuncta,et
3032 1084 3305 1158 quamvis
3333 1083 3752 1152 laboriose,exi-

2104 1175 2334 1234 stimavi
2365 1180 2561 1232 tamen
2589 1192 2726 1231 cum
2757 1173 3058 1248 Apostolo,
3092 1173 3250 1247 quod
3271 1191 3390 1230 non
3414 1178 3550 1230 sunt
3572 1175 3754 1230 condi-

2102 1283 2230 1340 gnze
2265 1266 2570 1339 passiones
2601 1264 2785 1337 hujus
2815 1263 3098 1336 temporis
3128 1263 3200 1318 ad
3233 1263 3492 1319 futuram
3522 1262 3752 1336 gloriam

2103 1357 2278 1425 (Rom.
2311 1355 2453 1425 vm).
2487 1359 2527 1409 C
2567 1352 2669 1410 Vel
2717 1353 2886 1427 prius
2912 1352 3239 1410 existimavi
3288 1369 3384 1409 me
3428 1352 3750 1426 intelligere,

2105 1463 2241 1502 cum
2267 1443 2443 1502 stulte
2474 1445 2817 1517 cogitarem,
2853 1443 2954 1499 sed
2982 1458 3140 1499 nunc
3185 1440 3556 1498 illuminatus
3605 1441 3754 1498 video

2100 1551 2230 1591 esse
2261 1532 2521 1590 laborem
2551 1549 2833 1609 maguum
2865 1530 3117 1589 scrutari
3147 1547 3253 1588 cur
3283 1531 3446 1588 Deus
3497 1532 3609 1588 ista
3636 1549 3755 1605 per-

323 1622 682 1698 pertransiit,
717 1623 858 1697 quia
887 1624 1120 1680 ﬁrmam
1155 1622 1473 1680 stationem
1503 1640 1620 1679 non
1652 1621 1879 1680 habuit.
2101 1625 2325 1680 mittat.

325 1711 394 1770 10
466 1711 589 1770 Ideo
614 1718 957 1770 convertatur
979 1713 1215 1787 populus
1246 1729 1395 1769 meus
1424 1713 1550 1769 hic:
2101 1715 2168 1769 17
2241 1714 2419 1770 Donec
2447 1714 2650 1770 intrem
2681 1714 2742 1768 in
2769 1713 3152 1769 sanctuarium
3177 1712 3276 1768 Dei
3304 1729 3328 1767 :

468 1803 533 1858 ει
560 1801 676 1858 dies
698 1803 856 1875 pleni
885 1803 1240 1859 invenientur
1267 1804 1328 1858 in
1358 1805 1457 1859 eis.
2255 1804 2386 1868 v-j-Et
2425 1803 2776 1875 :intclligans
2788 1804 2849 1858 in
2869 1799 3185 1858 novissimis
3201 1815 3414 1857 eorum.
3435 1800 3754 1873 Diapsulma.

396 1893 438 1946 Ο
464 1891 804 1965 Congruum
831 1894 923 1948 est
951 1891 1086 1948 illos
1113 1891 1366 1966 populos
1395 1891 1490 1948 hic
1531 1891 1850 1959 advertere,
1883 1891 1984 1964 qui
2172 1894 2212 1946 C
2243 1890 2658 1948 Sanctuarium
2691 1889 2791 1947 Dei
2824 1894 2916 1946 est
2945 1889 3038 1946 lex
3076 1888 3199 1958 Dei,
3256 1890 3415 1963 quod
3467 1892 3757 1947 contuetur

323 1978 712 2054 aliquandoin
730 1983 968 2052 accepta
985 1977 1084 2036 Dei
1124 1979 1250 2053 lege
1263 1984 1630 2046 manserunt,
1659 1981 1761 2037 sed
1779 1997 1879 2054 per
1895 1997 1986 2036 va-
2027 2021 2074 2088 Β
2107 1984 2174 2037 ut
2205 1980 2558 2054 intelligeret
2589 1978 2912 2036 novissima
2941 1983 3338 2053 peccatorum,
3385 1979 3659 2052 quoniam
3700 1977 3752 2034 in

323 2068 412 2126 ria
439 2068 731 2126 desideria
759 2068 1029 2142 dispersi,
1072 2069 1286 2126 iterum
1320 2086 1456 2126 vero
1487 2069 1754 2138 correcti,
1787 2070 1859 2126 ad
1891 2069 1995 2126 Dei
2027 2065 2074 2088 ”
2107 2071 2306 2128 futuro
2330 2069 2559 2142 judicio
2579 2067 2826 2126 felicitas
2839 2068 3102 2125 humana
3123 2067 3649 2140 damnabitur,qua3
3667 2065 3752 2123 hic

324 2161 614 2232 pracepta
645 2158 966 2216 redierunt.
1003 2157 1136 2216 Dies
1167 2158 1345 2232 pleni,
1380 2163 1540 2223 sunt,
1575 2161 1811 2232 quando
1832 2159 1995 2216 Chri-
2107 2159 2181 2216 ad
2213 2165 2447 2233 tempus
2478 2159 2682 2215 ﬂorere
2711 2162 3094 2215 monstratur.
3127 2159 3210 2214 Ex
3258 2157 3393 2215 istis
3433 2155 3750 2214 novissimis

321 2251 456 2305 stus
491 2248 781 2306 Dominus
809 2247 868 2306 in
900 2247 1265 2322 plenitudine
1295 2247 1580 2322 temporis
1609 2249 1883 2306 advenire
1915 2249 2002 2304 di-
2109 2248 2355 2324 quaestio
2385 2248 2578 2306 soluta
2607 2252 2828 2316 est,cur
2856 2247 3045 2304 malos
3075 2247 3282 2304 florere
3313 2245 3411 2303 hic
3442 2247 3595 2303 Deus
3631 2256 3746 2318 per-

323 2339 540 2412 gnatus
571 2337 747 2394 est.'H
777 2337 880 2395 Vel
913 2339 985 2394 de
1015 2337 1381 2410 quibuslibet
1413 2337 1583 2396 bonis
1607 2335 2000 2412 loquitur.qui
2113 2339 2389 2406 mittat,et
2412 2339 2609 2410 justos
2641 2337 2830 2394 vexari
2865 2337 2926 2393 in
2958 2336 3249 2412 paucis,in
3299 2335 3616 2394 novissimo
3645 2348 3748 2390 sivo

322 2426 467 2484 visis
496 2425 592 2484 his
623 2443 752 2501 qua)
783 2427 942 2484 dicta
970 2431 1133 2497 sunt,
1164 2426 1301 2501 plus
1332 2427 1405 2484 ad
1441 2431 1625 2485 Deum
1657 2431 2002 2485 convertun-
2111 2429 2332 2502 optime
2353 2426 2585 2501 disponi
2611 2427 2873 2501 pramio.

327 2520 453 2575 tur.
2119 2521 2184 2574 18
2261 2517 2640 2574 Verumtamen
2668 2525 2892 2591 propter
2917 2517 3069 2574 dolos
3091 2517 3332 2591 posuisti
3358 2519 3439 2574 eis

337 2607 400 2664 11
479 2609 547 2664 ει
571 2605 836 2662 distet-mu
859 2624 878 2662 :
911 2606 1181 2675 Quomodo
1207 2608 1311 2663 scit
1339 2607 1478 2663 Deus
1513 2623 1527 2662 :
2260 2608 2517 2680 checisti
2541 2623 2630 2664 eos
2659 2607 2792 2664 dum
2821 2608 3212 2664 allevarentur.

2188 2699 2233 2752 A
2263 2697 2682 2752 Verumtamen
2704 2700 2942 2770 propter
2962 2695 3265 2763 dolos,hoc
3295 2701 3389 2752 est
3418 2695 3556 2768 quia
3575 2691 3759 2751 dolum

2119 2785 2362 2853 faciunt,
2395 2785 2597 2842 dolum
2631 2785 2950 2858 patiantur,
2987 2790 3055 2842 ut
3101 2785 3354 2858 decepti,
3406 2789 3630 2843 terrena
3669 2779 3761 2838 eli—

2119 2879 2262 2950 gant
2311 2879 2368 2932 et
2415 2873 2758 2948 relinquant
2805 2879 3040 2932 aeterna.
3095 2876 3256 2942 Quod
3311 2873 3600 2948 contingit
3638 2885 3758 2929 cum

2118 2965 2436 3021 traduntur
2464 2964 2694 3038 reprobi
2727 2964 2788 3020 in
2821 2964 3115 3021 desideria
3139 2965 3333 3022 cordis
3363 2964 3672 3034 (Rmn.1),ut
3689 2959 3759 3017 fa-

479 2697 549 2754 ει
575 2695 629 2751 si
653 2698 733 2750 est
752 2695 987 2752 scientia
1016 2696 1077 2750 in
1105 2695 1344 2752 Excelso.

413 2783 462 2841 Η
489 2787 771 2858 Ignorant
797 2783 957 2840 enim
991 2787 1329 2857 peccatores
1372 2783 1559 2840 Deum
1611 2784 1810 2839 omnia
1838 2801 2010 2858 posse

347 2889 719 2952 cognoscere,
754 2872 1102 2943 nescientes,
1141 2873 1360 2942 miseri,
1389 2873 1531 2946 quia
1566 2872 1712 2929 nihil
1761 2873 1834 2930 ab
1881 2875 2010 2947 ejus

352 2963 540 3020 oculis
565 2963 968 3020 absconditur.

351 3053 421 3110 l2
494 3057 628 3112 Ecce
655 3053 766 3128 ipsi
788 3059 1093 3126 peccatores
1119 3061 1172 3111 et
1198 3053 1538 3110 abundantes
1565 3053 1621 3109 ia
1649 3054 1852 3110 saeculo
1885 3070 1898 3110 :

491 3142 890 3201 Obstinuerunt
915 3143 1160 3200 divitias.

418 3233 465 3292 Η
497 3233 638 3290 Ecce
669 3232 782 3306 ipsi
813 3237 1168 3308 peccatores,
1210 3233 1579 3290 abundantes
1627 3231 1847 3290 divitiis
1901 3250 2005 3290 saa-

340 3321 866 3396 culi,perdiderunt
887 3322 1041 3378 dona
1061 3321 1388 3396 paradisi.C
1416 3322 1709 3379 Putabant
1727 3321 1840 3378 insi
1848 3323 2009 3396 pien-

2117 3053 2276 3112 ciant
2303 3071 2431 3127 quas
2461 3071 2577 3110 non
2611 3053 2984 3110 conveniunt.
3018 3053 3060 3111 Ο
3090 3056 3350 3121 Quorum
3382 3052 3638 3123 elevatio,
3667 3050 3758 3106 de-

2111 3144 2290 3218 jectio
2311 3148 2541 3216 est,quo
2571 3143 2730 3200 enim
2765 3141 2969 3200 celsim
2998 3142 3239 3200 ruinosa
3267 3142 3754 3205 conscendunt,eo

2119 3233 2246 3307 ipso
2279 3231 2665 3306 periculosius
2697 3236 2896 3300 ruunt,
2932 3231 3016 3288 sic
3040 3231 3199 3290 enim
3241 3231 3464 3300 efferri;
3506 3233 3627 3305 jam
3677 3243 3756 3284 ca-

2117 3323 2220 3379 dre
2248 3326 2359 3378 est.

336 3415 426 3470 tes
453 3417 638 3470 Deum
668 3411 894 3469 nescire
941 3411 1098 3484 quod
1151 3413 1405 3486 agebant
1450 3411 1611 3480 mali,
1645 3427 1715 3468 ex
1762 3428 1830 3467 eo
1863 3411 2000 3484 quia
2031 3399 2076 3465 C
2117 3412 2186 3468 t9
2260 3411 2533 3481 Quomodo
2560 3413 2698 3483 facti
2721 3419 2852 3468 sunt
2879 3413 2936 3468 in
2969 3411 3397 3468 desolationem?
3419 3411 3596 3468 subito
3621 3406 3755 3478 deleo

340 3504 678 3574 peccatores
707 3499 944 3557 divitias
975 3499 1379 3572 possidebant,
1412 3505 1470 3556 et
1491 3501 1640 3572 justi
1673 3517 1789 3557 non
1811 3503 2004 3574 ;quasi

327 3589 516 3661 justis
539 3593 598 3645 et
626 3587 904 3645 ﬁdelibus
932 3588 1076 3644 talia
1105 3588 1183 3645 sit
1212 3588 1530 3661 pollicitus,
1559 3594 1616 3646 et
1664 3607 1779 3647 non
1812 3591 2003 3666 magis

341 3693 629 3750 pauperes
656 3676 718 3732 in
750 3677 973 3733 mundo
1000 3693 1130 3734 esse
1159 3676 1407 3734 voluerit
1453 3679 1672 3751 quibus
1721 3680 2000 3738 caelorum

338 3777 522 3840 regna
548 3763 843 3839 promisit.

337 3855 410 3912 13
483 3858 554 3914 ει
789 3861 803 3921 ζ
836 3859 978 3925 Ergo
1005 3857 1126 3912 sine
1151 3872 1320 3914 causa
1337 3858 1642 3930 justiﬁcaoi
1675 3876 1770 3915 cor
1797 3876 1998 3917 nicum.

481 3946 548 4002 Et
573 3945 690 4001 lavi
718 3945 865 4002 inter
891 3947 1206 4004 innocentes
1236 3963 1434 4003 manus
1457 3965 1627 4004 meas.

407 4034 453 4092 Ο
481 4034 608 4092 Vox
637 4033 845 4091 anima
878 4035 1217 4092 fluctuantis
1239 4040 1294 4092 et
1319 4036 1500 4094 anxias
1525 4039 1594 4094 de
1617 4040 2003 4112 prosperitate

337 4127 736 4199 peccatorum,
788 4129 847 4181 et
893 4125 1198 4183 affluentia
1243 4143 1469 4184 eorum.
1515 4127 1869 4186 Justilicatio
1912 4133 2004 4187 est

339 4213 559 4283 cordis;
588 4213 974 4286 cogitationes
1003 4215 1486 4286 mundae,ablutio
1512 4235 2003 4292 manuum,opera

337 4302 734 4359 rectitudinis.
786 4301 979 4360 Causa
1021 4308 1220 4361 autem
1268 4321 1302 4361 a
1347 4322 1479 4362 casu
1531 4306 1687 4364 dicta
1733 4313 1844 4375 est,
1871 4325 2002 4380 quae

336 4408 489 4464 sape
517 4392 673 4448 bona
704 4391 802 4458 sit,
835 4407 988 4467 saepe
1019 4392 1208 4463 mala;
1243 4396 1398 4467 quod
1432 4411 1619 4469 genus
1667 4413 1858 4454 causis
1897 4413 2000 4454 an-

337 4495 474 4554 ceps
505 4479 740 4548 dicitur,
773 4483 1055 4556 quoniam
1086 4482 1302 4541 dubius
1333 4489 1424 4541 est
1452 4483 1690 4542 animus
1721 4485 1864 4558 quid
1911 4502 1999 4542 se-

332 4573 518 4642 quatu
527 4587 572 4626 r.

335 4657 406 4716 i-i
479 4660 545 4715 Et
571 4660 664 4732 fui
688 4661 1002 4732 flagellatus
1032 4665 1146 4718 tota
1171 4661 1262 4720 die
1295 4679 1310 4719 :

482 4749 548 4806 Et
569 4751 858 4823 castigatio
884 4767 1012 4808 mea
1040 4752 1100 4806 in
1130 4749 1456 4806 matutinis?

405 4839 451 4897 Ο
479 4837 690 4896 Anima
717 4845 994 4910 sstuans,
1023 4840 1218 4895 adhuc
1245 4839 1318 4894 de
1349 4837 1728 4896 tribulatione
1775 4859 1884 4898 sua
1912 4841 1997 4900 lo-

337 4925 558 5001 quitur,
589 4945 772 5003 quam
802 4929 864 4984 in
896 4927 1171 5002 praesnti
1196 4926 1597 4997 seculo,velut
1617 4933 1738 4986 tota
1755 4931 1849 4988 die
1871 4949 2000 4988 sus-

335 5013 536 5092 tinuit,
565 5018 738 5090 quasi
766 5017 928 5073 irrita
959 5015 1326 5085 sustinuerit,
1357 5017 1500 5074 dum
1535 5017 1768 5076 divitias
1799 5021 1996 5078 saeculi

334 5108 600 5180 (propter
619 5105 776 5164 bona
799 5121 976 5178 opera
995 5107 1054 5162 et
1071 5105 1502 5179 tribulationes)
1512 5125 1625 5165 non
1656 5109 1994 5168 obtinuerit.

337 5195 408 5252 15
477 5195 545 5251 Si
571 5195 822 5250 dicebam
852 5211 871 5248 :
901 5193 1148 5252 Narrabo
1176 5197 1259 5254 sic
1285 5215 1304 5251 :

479 5283 612 5338 Ecce
639 5284 926 5339 nationem
944 5283 1191 5356 ﬁliorum
1221 5289 1442 5342 tuorum
1466 5289 1771 5360 reprobari.

407 5370 454 5425 Η
487 5370 708 5426 Sensus
736 5369 847 5427 iste
877 5376 985 5439 est,
1020 5389 1088 5430 ac
1117 5373 1167 5431 si
1211 5374 1369 5430 dicat
1395 5375 1596 5434 anima
1636 5395 1650 5433 :
1705 5379 1855 5436 Dum
1907 5397 2000 5437 me

334 5471 548 5514 accuso
575 5456 638 5513 in
669 5458 1036 5517 orationibus
1067 5462 1396 5533 matutinis,
1429 5465 1476 5521 si
1519 5466 1757 5524 voluero
1806 5468 2000 5526 taliter

331 5545 612 5612 dicere,et
641 5547 726 5603 sic
757 5547 858 5606 Dei
889 5549 1118 5608 occulta
1144 5552 1368 5621 rimari,
1403 5552 1618 5627 incipio
1650 5572 1684 5612 a
1714 5557 1853 5614 filiis
1880 5558 1998 5614 tuis

333 5633 566 5692 alienus
597 5636 742 5705 fieri,
777 5639 876 5711 qui
913 5656 1016 5712 per
1046 5655 1236 5696 meam
1268 5642 1738 5712 praedicationem
1772 5647 1858 5702 tui
1893 5647 1998 5703 filii

336 5722 474 5780 facti
531 5729 693 5781 sunt.
751 5729 797 5784 A
844 5728 947 5786 Vel
1017 5729 1318 5802 reprohavi
1390 5731 1684 5789 nationem
1743 5735 1997 5793 ﬁliorum

335 5814 665 5884 tuorum,id
678 5817 1061 5889 est,cmnium
1082 5817 1998 5895 patriarcharum,prophetarum

2328 3508 2522 3558 cerunt
2549 3519 2566 3556 :

2253 3592 2550 3648 Perierunt
2575 3599 2799 3663 propter
2827 3591 3185 3663 iniquitatem
3212 3607 3396 3647 suam.

2183 3684 2223 3736 Ο
2253 3680 2577 3747 Quomodo,
2609 3679 2963 3737 admirantis
2994 3683 3084 3736 est
3115 3697 3243 3745 vox,
3276 3682 3342 3736 ut
3370 3677 3568 3737 subito
3613 3676 3761 3732 deso-

2111 3769 2268 3827 latus
2300 3773 2601 3844 appareat,
2634 3769 2734 3842 qui
2766 3773 2932 3825 tanta
2963 3769 3234 3826 felicitate
3283 3769 3560 3841 pollebat.
3592 3767 3758 3837 Expo-

2111 3857 2198 3914 nit
2228 3857 2404 3915 etiam
2436 3858 2680 3914 modum
2725 3857 3126 3923 desolationis,
3159 3858 3301 3930 quia
3325 3858 3522 3915 subito
3551 3855 3758 3913 defece-

2111 3952 2278 4016 runt;
2313 3949 2469 4020 quod
2503 3947 2800 4020 signiﬁcat
2825 3948 3139 4020 repentinae
3181 3947 3386 4004 mortis
3437 3948 3754 4004 adventum.

2110 4036 2436 4106 Perierunt,
2471 4037 2614 4109 quia
2662 4035 2800 4094 mali
2833 4037 2918 4093 sic
2952 4036 3012 4093 in
3042 4036 3152 4094 hoc
3201 4034 3418 4094 saeculo
3474 4032 3754 4096 deﬁciunt,

2110 4131 2178 4183 ut
2207 4125 2418 4182 iterum
2453 4129 2734 4199 perpetua
2762 4126 2928 4184 clade
2959 4127 3306 4184 moriantur.

2108 4217 2182 4271 20
2259 4217 2410 4272 Velut
2431 4217 2709 4272 somnium
2735 4218 3082 4288 surgentium
3111 4235 3133 4272 :

2255 4307 2508 4372 Domine,
2541 4307 2602 4361 in
2645 4308 2867 4362 civitate
2911 4315 3012 4362 tua
3061 4307 3365 4378 imaginem
3411 4309 3652 4380 ipsorum
3693 4295 3756 4354 ad

2322 4396 2566 4451 nihilum
2594 4394 2826 4467 redigcs.

2183 4484 2225 4540 C
2255 4484 2506 4540 Pulchra
2535 4482 2969 4558 comparatione
2997 4482 3177 4541 talem
3198 4483 3340 4540 dicit
3369 4499 3501 4540 esse
3531 4478 3758 4538 {elicita-

2111 4577 2230 4630 tem
2257 4572 2547 4631 malorum
2568 4573 2740 4646 quale
2757 4573 3056 4630 somnium
3069 4569 3592 4647 evigilantium.Sic
3610 4565 3754 4626 enim

2101 4663 2230 4735 jam
2263 4663 2478 4719 mortui
2519 4662 2757 4720 divitias
2803 4663 3104 4737 possidere
3152 4679 3270 4720 non
3317 4664 3586 4736 possunt,
3617 4656 3760 4716 sicut

2033 4771 2078 4838 ο
2109 4751 2450 4827 evigilantes
2501 4770 2612 4808 sua
2656 4753 2877 4827 gaudia
2917 4753 3318 4827 perdiderunt.
3354 4751 3508 4809 Perit
3536 4757 3756 4838 quoque

2108 4842 2304 4916 imago
2337 4843 3014 4916 pecccatorum,quande
3045 4860 3108 4900 se
3137 4842 3223 4899 eis
3244 4841 3374 4915 ipsa
3398 4840 3611 4898 veritas
3631 4833 3758 4894 alie-

2108 4935 2247 4988 nata
2276 4930 2632 4987 subtraxerit
2677 4931 2736 4987 in
2785 4931 3008 4988 scelesti
3057 4930 3452 4999 Hierusalem;
3485 4927 3564 4984 ibi
3608 4923 3755 4982 enim

2106 5037 2311 5078 eorum
2342 5019 2567 5094 etligies
2595 5037 2713 5076 non
2742 5018 3164 5094 videbitur,qui
3185 5019 3246 5076 in
3267 5018 3545 5094 gehennea
3563 5026 3759 5087 seque-

2106 5109 2452 5168 strationem
2484 5109 2754 5166 mittendi
2784 5114 2946 5166 sunt.

2105 5201 2171 5257 21
2253 5201 2396 5271 Quia
2419 5200 2828 5270 inﬂammatum
2869 5207 2950 5256 est
2995 5215 3087 5256 cor
3129 5215 3316 5256 meum
3347 5214 3362 5255 :
3393 5205 3447 5257 et
3475 5210 3627 5254 renes
3653 5187 3759 5248 mei

2320 5291 2643 5346 commutati
2669 5294 2801 5346 sunt
2831 5307 2846 5345 :

2250 5379 2314 5435 Et
2343 5395 2437 5450 ego
2465 5377 2538 5434 ad
2569 5377 2812 5436 nihilum
2837 5378 3094 5436 redactus
3121 5394 3244 5434 sum
3270 5381 3325 5435 et
3351 5375 3576 5434 nescivi.

2180 5468 2226 5525 H
2257 5467 2524 5524 Christus
2555 5467 2843 5525 Dominus
2875 5483 3032 5524 nunc
3063 5466 3346 5540 loquitur,
3369 5465 3506 5541 quia
3535 5460 3755 5518 inﬂam-

2105 5562 2360 5625 matum,
2393 5561 2503 5612 etc.
2539 5557 2980 5615 lnﬂammatum
3010 5560 3100 5614 est
3127 5557 3286 5613 enim
3317 5572 3418 5613 cor
3446 5549 3675 5616 Christi,
3697 5546 3757 5599 ut

2109 5647 2282 5703 faciat
2310 5645 2672 5701 voluntatem
2697 5627 3111 5704 Patrisﬂenes‘
3129 5642 3476 5702 commutati
3507 5639 3666 5704 sunt,
3689 5645 3755 5688 ne

2109 5735 2254 5791 mihi
2269 5733 3076 5810 praevaleretullainquinatio
3089 5732 3752 5810 cogitationishumanaz.

2107 5823 2498 5881 Humiliatum
2523 5841 2758 5898 quoque
2785 5843 2849 5884 se
2878 5825 3042 5897 dicit,
3074 5828 3140 5884 ut
3169 5823 3527 5882 monstraret
3545 5833 3606 5878 se
3631 5825 3754 5874 esse
