3978 6368
154 409 358 476 i434

1181 409 1281 471 DE
1326 409 1808 473 INVENTIONE
1852 409 2236 475 CORPORIS
2282 412 2352 474 B.
2393 411 2664 477 MARCI.

3471 419 3627 481 1422

151 560 308 617 quo
346 557 570 615 corpus
615 539 921 598 inventum
973 540 1183 609 fuerat,
1234 542 1540 598 basilicam
1573 544 1863 598 dedicare.
1895 546 1948 612 Α
1981 550 2111 600 ante
2143 563 2374 602 sacrum
2412 545 2707 601 tumulum
2743 546 3014 603 flebiliter
3034 546 3348 604 Dominum
3371 550 3628 622 rogando

152 633 351 690 Nam
391 631 645 688 fideliter
671 630 928 702 populus
951 630 1202 687 irruerat
1232 648 1410 704 super
1439 649 1595 700 eum,
1624 632 1827 688 dicens
1852 650 1865 688 :

157 744 196 774 ‹‹
236 721 564 778 Nolumus
586 721 714 793 jam
736 719 844 774 tibi
872 719 1128 792 amplius
1163 721 1417 788 credere,
1453 721 1503 776 si
1544 721 1664 777 haec
1697 722 1867 777 bene-

153 811 330 867 ﬁcia
351 828 396 867 a
415 811 531 867 Deo
557 809 730 866 nobis
749 808 1046 882 promissa
1071 810 1364 866 retardare
1384 809 1661 866 volueris.
1683 832 1710 860 »
1729 811 1869 866 San-

151 897 565 957 ctimonialis
592 903 788 955 autem
819 898 1043 954 femina
1068 915 1205 954 cum
1231 899 1572 968 juramento
1605 899 1868 955 afﬁrma-

151 989 284 1046 bat
315 1007 333 1045 :
390 1011 418 1039 «
455 989 546 1044 Me
576 987 636 1042 in
664 987 937 1043 custodia
966 986 1232 1058 retinete,
1266 991 1325 1043 et
1354 992 1626 1044 sanctum
1658 1006 1870 1061 corpus

154 1077 434 1134 reddite
481 1075 888 1148 sepulturae,et
902 1075 952 1131 si
977 1075 1150 1131 tertia
1169 1075 1264 1131 die
1282 1075 1542 1147 pluviam
1561 1093 1679 1132 non
1698 1076 1869 1133 habe-

157 1168 286 1239 tis,
315 1167 462 1223 sine
483 1182 650 1222 mora
671 1181 870 1221 meum
893 1168 1072 1237 caput
1093 1165 1456 1222 detruncata.
1484 1187 1513 1214 »
1537 1165 1869 1221 Convictus-

160 1260 408 1314 autem
438 1259 560 1311 tam
609 1253 876 1310 mulieris
925 1254 1354 1310 assertionibus
1396 1270 1575 1325 quam
1605 1255 1782 1310 etiam
1812 1258 1869 1310 et

152 1344 406 1419 populi
437 1342 975 1416 objurgationibus,
995 1347 1220 1415 quarta
1249 1341 1521 1399 videlicet
1569 1343 1713 1399 feria
1743 1343 1867 1415 ipse

157 1451 322 1492 cum
360 1432 689 1506 aliquantis
731 1433 802 1487 de
852 1432 1068 1505 populo
1108 1432 1420 1504 jejunavit,
1465 1436 1524 1487 et
1572 1449 1707 1487 cum
1738 1449 1866 1488 sero

156 1527 373 1592 esset,
404 1522 552 1595 ipsis
576 1520 721 1578 solis
751 1520 945 1578 locum
970 1521 1316 1588 scientibus,
1342 1521 1624 1577 secretius
1655 1538 1867 1592 corpus

159 1612 491 1678 humavit,
525 1614 700 1682 atque
732 1614 941 1666 cuncto
963 1609 1180 1682 populo
1209 1608 1362 1665 diem
1388 1610 1735 1666 sacrationis
1767 1610 1866 1665 de-

157 1700 518 1759 nuntiavit.
578 1700 938 1771 Factumque
991 1703 1081 1754 est
1112 1703 1177 1753 ut
1206 1698 1299 1754 die
1331 1697 1431 1753 illo
1479 1698 1775 1766 transiret,
1811 1703 1868 1754 et

163 1792 353 1848 sicut
380 1788 599 1846 mulier
619 1787 976 1861 repromisit,
998 1787 1116 1843 alia
1137 1788 1230 1844 die
1247 1791 1469 1843 tantam
1493 1787 1865 1860 omnipotens

157 1880 342 1938 Deus
380 1896 492 1952 pro
517 1878 736 1934 honore
767 1877 858 1933 sui
891 1876 1088 1933 dilecti
1123 1877 1401 1949 martyris
1424 1878 1712 1932 concessit
1742 1876 1866 1949 plu-

160 1971 370 2038 viam,
405 1972 475 2024 ut
498 1967 693 2023 subito
725 1969 851 2022 tota
871 1970 1028 2022 terra
1058 1983 1211 2038 aqua
1234 1966 1748 2022 abundantissime
1777 1983 1861 2021 re-

160 2059 480 2132 pleretur.
513 2057 596 2112 Ad
630 2056 750 2111 haec
781 2060 905 2112 tota
936 2054 1140 2112 civitas
1165 2055 1418 2122 laetatur,
1443 2056 1583 2128 quia
1611 2055 1668 2110 id
1702 2055 1858 2126 quod

164 2149 525 2222 optaverat,
556 2144 682 2200 sine
713 2161 878 2200 mora
909 2146 1163 2201 tenebat.

246 2234 763 2293 Praetermisimus
784 2237 984 2289 autem
1007 2249 1288 2305 magnum
1304 2238 1359 2288 et
1372 2234 1730 2306 stupendum
1755 2232 1861 2288 mi-

167 2325 471 2384 raculum
504 2324 660 2397 quod
711 2323 1081 2396 omnipotens
1125 2323 1279 2378 Deus
1329 2323 1532 2379 eodem
1575 2323 1687 2390 die,
1722 2339 1856 2377 cum

169 2414 389 2472 adhuc
424 2417 661 2470 sanctas
695 2411 972 2484 reliquias
998 2410 1272 2467 manibus
1292 2416 1550 2468 versaret
1575 2413 1854 2482 pontifex,

170 2503 425 2578 operari
454 2502 734 2576 dignatus
755 2506 863 2558 est.
890 2502 1037 2557 Nam
1060 2501 1202 2556 dum
1230 2500 1470 2572 quidam
1485 2500 1725 2572 juvenis
1743 2500 1855 2555 ari-

171 2595 324 2651 dam
361 2609 614 2648 manum
645 2591 870 2647 habens
898 2589 1317 2662 superveniret,
1351 2593 1408 2645 et
1438 2589 1496 2645 in
1529 2589 1721 2644 medio
1745 2589 1855 2644 cir-

173 2679 625 2739 cumstantium
658 2679 857 2753 populi
881 2696 942 2735 se
968 2679 1274 2750 objiciens,
1306 2678 1667 2750 prospiciens
1700 2679 1856 2750 quod

173 2771 512 2846 episcopus
542 2767 960 2842 languentibus
983 2786 1196 2840 aquam
1222 2769 1292 2824 de
1315 2785 1430 2840 qua
1453 2784 1629 2823 sacraa
1651 2768 1855 2823 ablue-

174 2863 410 2918 bantur
451 2859 709 2931 reliquiae
759 2858 830 2913 ad
855 2859 1179 2931 potandum
1222 2857 1565 2929 porrigeret,
1598 2857 1772 2928 cmpit
1801 2861 1858 2912 et

177 2951 313 3024 ipse
336 2949 522 3024 plena
539 2948 654 3003 ﬁde
674 2947 1000 3020 devotaque
1027 2951 1222 3003 mente
1245 2946 1542 3018 postulare
1565 2950 1857 3018 quatenus

177 3041 231 3098 ei
253 3057 365 3113 pro
379 3036 646 3095 remedio
665 3053 784 3092 suae
807 3036 1012 3092 salutis
1030 3036 1375 3110 dignaretur
1395 3035 1507 3091 sibi
1529 3035 1854 3108 porrigere;

180 3128 286 3202 qui
318 3127 529 3186 statim
557 3130 792 3199 accepto
821 3125 1058 3182 vasculo
1091 3125 1406 3192 benedixit,
1439 3125 1609 3197 eique
1647 3125 1717 3180 ad
1753 3141 1858 3196 po-

181 3219 445 3275 tandum
477 3216 752 3290 porrexit.
785 3215 894 3270 Sed
927 3215 1127 3271 statim
1161 3218 1224 3270 ut
1242 3216 1312 3270 ad
1345 3232 1409 3270 os
1439 3214 1601 3270 illius
1632 3213 1856 3270 exstitit

185 3308 601 3382 propinatum,
625 3304 820 3360 divina
844 3305 1067 3360 favente
1089 3304 1298 3377 gratia,
1320 3303 1476 3360 illico
1495 3319 1706 3359 manus
1728 3304 1858 3374 ejus

185 3395 517 3454 incolumis
547 3395 798 3462 reddita,
847 3392 1127 3449 haustum
1181 3392 1482 3449 vasculum
1536 3410 1570 3448 a
1617 3392 1851 3465 proprio

188 3503 290 3544 ore
321 3483 593 3543 removit.
625 3483 763 3540 Viso
812 3486 1009 3539 autem
1058 3487 1222 3538 tanto
1262 3482 1546 3538 miraculo
1577 3479 1854 3538 admirati

186 3579 505 3650 coeperunt
533 3589 740 3629 omnes
765 3571 1091 3645 gloriﬁcare
1138 3571 1624 3645 omnipotentiam
1654 3571 1851 3628 Salva-

187 3667 339 3723 tOris
369 3663 476 3738 qui
511 3667 676 3719 tanta
704 3661 764 3717 in
794 3661 888 3718 his
919 3661 1144 3718 ultimis
1167 3661 1375 3718 diebus
1395 3661 1466 3718 ad
1499 3662 1851 3717 conﬁrman-

189 3757 338 3813 dum
369 3753 639 3810 ﬁdelium
692 3755 918 3809 mentes
973 3750 1260 3808 miracula
1308 3751 1536 3824 operari
1577 3751 1853 3824 dignatus

191 3849 304 3904 est.

265 3932 553 3990 Praesenti
585 3946 820 4005 quoque
851 3947 1026 3999 anno,
1051 3931 1192 4004 quid
1214 3931 1274 3986 in
1305 3930 1415 3986 hac
1436 3931 1576 3987 urbe
1597 3930 1856 3986 clemens

191 4023 489 4081 Dominus
519 4022 675 4095 apud
707 4020 867 4077 illius
909 4018 1417 4077 venerabilissima
1449 4020 1690 4093 pignora
1720 4037 1855 4092 ope-

198 4113 315 4169 rari
345 4112 627 4185 dignatus
658 4114 769 4179 est,
798 4109 1034 4166 silentio
1066 4110 1539 4183 praetereundum
1595 4126 1711 4165 non
1743 4114 1852 4166 est.

198 4201 350 4258 Nam
377 4201 521 4257 dum
553 4201 862 4272 cujusdam
897 4198 1047 4255 fabri
1074 4199 1194 4254 ﬁlia
1213 4199 1285 4255 ab
1307 4197 1548 4270 antiquo
1571 4199 1738 4255 hoste
1759 4200 1858 4254 de-

201 4306 371 4347 mens
401 4290 752 4359 efﬁceretur,
785 4289 868 4344 ita
896 4293 960 4343 ut
989 4287 1049 4344 in
1083 4287 1209 4345 loco
1242 4288 1299 4343 in
1346 4275 1461 4362 quo
1493 4288 1858 4354 consisteret,

201 4379 290 4436 vel
310 4397 484 4436 suam
504 4378 694 4452 ipsam
718 4378 1060 4452 genitricem
1083 4378 1380 4452 ignoraret
1406 4393 1420 4434 :
1448 4379 1726 4434 continuo
1745 4395 1861 4434 ma-

205 4471 296 4524 ter
322 4469 454 4539 ejus
485 4483 618 4524 cum
650 4467 1259 4541 cognovisset,festina
1281 4468 1352 4523 de
1375 4483 1513 4541 agro
1545 4467 1604 4523 in
1638 4484 1754 4538 quo
1788 4469 1858 4523 ad

207 4557 572 4628 pascendum
601 4557 779 4613 boves
813 4557 1072 4624 miserat,
1115 4557 1187 4612 ad
1239 4556 1602 4629 episcopium
1630 4573 1764 4612 cum
1797 4575 1865 4613 ea

208 4645 491 4712 cucurrit,
522 4651 580 4702 et
603 4646 875 4719 pmsenti
903 4646 1176 4719 episcopo
1200 4646 1504 4702 indicavit.
1532 4647 1637 4711 Qui
1661 4647 1861 4702 statim
1878 4667 1923 4731 D

210 4737 276 4789 ut
303 4733 574 4807 cognovit
601 4751 730 4791 eam
763 4735 836 4792 ob
857 4735 1137 4790 invidiam
1159 4735 1387 4807 antiqui
1409 4735 1595 4792 hostis
1617 4735 1866 4792 misera-

211 4821 406 4879 biliter
436 4822 832 4892 immutatam,
866 4823 1012 4880 dixit
1037 4825 1108 4880 ad
1141 4841 1266 4882 eam
1296 4841 1308 4879 :
1337 4848 1364 4875 «
1389 4824 1432 4881 Ο
1457 4825 1699 4880 mulier!
1728 4825 1866 4898 quid

211 4909 317 4968 tibi
341 4912 549 4970 faciam
564 4913 794 4987 ignoro,
819 4913 920 4970 sed
947 4917 1230 4986 tanquam
1251 4914 1714 4970 misericordiam
1739 4931 1869 4970 con-

216 5005 473 5068 secutus,
503 5001 818 5058 consilium
853 5003 1262 5076 recuperandaa
1294 5002 1428 5058 ﬁliae
1458 5007 1659 5058 vestrm
1691 5003 1869 5060 saluti

218 5089 462 5160 praebeo.
496 5090 741 5164 Suscipe
798 5107 936 5165 ergo
991 5096 1049 5149 et
1102 5093 1382 5149 continuo
1430 5108 1559 5149 eam
1593 5093 1652 5147 in
1684 5093 1870 5148 nostri

222 5177 535 5236 Salvatoris
584 5184 726 5237 Jesu
774 5181 990 5237 Christi
1041 5182 1257 5238 ﬁducia
1302 5187 1436 5237 ante
1467 5197 1701 5237 sacrum
1742 5183 1870 5254 ejus

225 5262 456 5336 gloriosi
481 5270 756 5343 martyris
778 5271 1078 5327 tumulum
1103 5271 1322 5344 projice
1348 5288 1362 5338 ;
1387 5270 1614 5326 conﬁdo
1637 5271 1792 5326 enim
1816 5276 1872 5327 et

225 5353 568 5415 ﬁducialiter
597 5359 791 5427 credo,
817 5377 922 5432 per
939 5361 1069 5434 ejus
1093 5377 1326 5416 sacrum
1349 5357 1635 5415 auxilium
1659 5377 1764 5415 suo
1788 5360 1872 5416 in-

228 5445 578 5504 terveniente
609 5447 909 5522 suffragio,
944 5451 1016 5505 ab
1067 5448 1179 5504 ista
1210 5447 1586 5504 infestatione
1618 5447 1740 5503 ﬁlia
1769 5452 1876 5506 tua

231 5535 548 5592 sanabitur.
583 5559 612 5589 »
644 5537 778 5602 Qua:
813 5554 947 5594 mox
979 5542 1043 5594 ut
1073 5537 1316 5605 audivit,
1360 5535 1685 5593 confortata
1709 5537 1873 5594 illius

234 5622 478 5694 oraculo,
503 5642 605 5698 per
627 5641 870 5683 manum
893 5644 1021 5683 eam
1045 5625 1509 5700 apprehendens,
1533 5630 1591 5681 et
1610 5625 1670 5681 in
1692 5626 1873 5683 eccle-

234 5708 377 5773 siam
400 5711 570 5790 plena
589 5714 702 5773 ﬁde
725 5715 1046 5793 devotaque
1069 5715 1282 5777 ﬁducia
1303 5713 1645 5788 introduxit,
1667 5719 1724 5775 et
1743 5732 1874 5776 eam

1981 635 2242 706 projecit.
2277 637 2410 691 Erat
2439 642 2633 693 autem
2664 640 2805 692 tunc
2835 637 2982 692 hora
3019 636 3192 694 tertia
3229 638 3366 707 diei,
3414 643 3472 694 et
3501 653 3630 711 per-

1980 725 2199 780 mansit
2230 725 2286 778 in
2322 724 2429 780 hac
2461 726 2720 781 oratione
2747 726 2863 782 fere
2894 726 3039 783 hora
3070 726 3298 798 quinta,
3332 731 3509 799 atque
3531 744 3633 799 pro

1979 829 2046 868 ea
2076 814 2429 870 sacriﬁcium
2460 815 2575 870 Deo
2609 815 2893 883 oblatum,
2947 815 3284 884 incolumis,
3319 816 3637 874 auxiliante

1979 903 2243 972 Domino,
2278 904 2450 970 facta,
2487 920 2620 960 cum
2653 921 2762 959 sua
2792 903 2970 960 simul
3003 904 3304 976 genitrice,
3338 923 3466 978 quae
3491 922 3636 961 cum

1977 992 2138 1064 gravi
2178 993 2454 1064 angustia
2482 996 2539 1048 et
2577 992 2774 1048 dolore
2821 993 2891 1048 ad
2940 994 3303 1066 episcopium
3334 999 3633 1063 venerant,

1978 1097 2113 1136 cum
2145 1081 2359 1152 gaudio
2387 1084 2440 1137 et
2472 1081 2672 1137 laetitia
2703 1083 2775 1137 ad
2808 1083 3042 1154 propria
3073 1087 3213 1140 sunt
3242 1101 3504 1140 reverere.

2048 1169 2306 1240 Denique
2339 1186 2470 1225 cum
2505 1171 2575 1225 ad
2609 1170 2718 1225 hoc
2761 1170 3112 1227 miraculum
3147 1173 3217 1228 ad
3250 1173 3486 1229 laudem
3518 1173 3631 1229 Do-

1979 1257 2122 1312 mini
2147 1259 2331 1314 nostri
2352 1259 2492 1314 Jesu
2517 1259 2725 1314 Christi
2751 1264 2806 1315 et
2827 1261 3116 1331 praeconia
3140 1262 3231 1317 sui
3252 1261 3450 1318 dilecti
3473 1279 3630 1319 mar-

1976 1348 2119 1420 tyris
2143 1348 2319 1403 Marci
2345 1348 2716 1417 scriberetur,
2741 1353 2796 1404 et
2822 1349 2891 1404 de
2913 1349 3007 1406 his
3028 1351 3342 1407 virtutibus
3366 1353 3630 1424 stupenti

1977 1437 2173 1492 anima
2195 1438 2528 1502 miraretur,
2548 1437 2788 1508 quidam
2808 1439 3131 1495 monachus
3150 1441 3313 1496 bonae
3333 1441 3628 1498 memoriae

1977 1527 2036 1582 S.
2070 1526 2363 1582 Benedicti
2389 1527 2629 1582 caenobii
2655 1527 3011 1582 adnodatum
3041 1529 3391 1585 miraculum
3424 1532 3629 1588 devote

1976 1616 2046 1671 de
2078 1616 2355 1671 manibus
2384 1615 2703 1687 accipiens,
2737 1617 3098 1673 sanctissimi
3129 1618 3307 1690 hujus
3353 1620 3629 1692 martyris

1975 1720 2143 1775 prece
2173 1705 2514 1776 deposcens,
2549 1722 2665 1777 quo
2707 1706 2814 1761 sibi
2862 1707 3208 1778 dignaretur
3238 1709 3545 1764 subvenire
3575 1713 3633 1764 et

1975 1793 2234 1849 dolorem
2259 1794 2348 1848 sui
2373 1794 2724 1865 capitis,quo
2749 1794 2961 1867 saepius
2981 1796 3628 1870 cruciabatur,auferre,

1977 1885 2154 1953 atque
2185 1883 2402 1954 stylum
2433 1899 2538 1954 per
2566 1881 2779 1939 lectum
2805 1884 2862 1938 in
2891 1888 3137 1956 utraque
3159 1889 3322 1956 parte
3353 1886 3444 1942 sui
3477 1887 3632 1958 capi-

1972 1969 2046 2025 tis
2065 1971 2663 2043 ponens,suppliciter
2683 1989 2744 2027 se
2771 1972 3089 2029 sustollens
3110 1973 3170 2028 in
3191 1991 3360 2046 prece
3386 1975 3623 2047 agebat:

1969 2060 2148 2128 «Eia,
2199 2061 2449 2116 verende
2506 2061 2741 2134 Martyr,
2805 2062 2949 2117 mihi
3008 2079 3283 2120 succurre
3340 2065 3622 2136 precanti,

1969 2153 2142 2221 atque
2172 2166 2274 2220 pro
2306 2153 2406 2205 tuo
2437 2150 2653 2206 honore
2685 2151 2797 2205 mei
2845 2151 3051 2224 capitis
3103 2152 3240 2208 tolle
3273 2155 3554 2210 dolorem.
3594 2176 3623 2204 ››

1969 2239 2035 2292 Et
2065 2255 2195 2293 cum
2229 2239 2350 2294 haec
2382 2240 2755 2295 devotissime
2795 2241 3032 2312 diceret,
3082 2243 3359 2298 continuo
3392 2245 3624 2300 Domini

1967 2327 2250 2400 largiente
2267 2315 2610 2396 clementia,
2645 2328 2811 2385 dolor
2841 2331 3048 2403 capitis
3074 2332 3146 2387 ab
3176 2349 3241 2388 eo
3263 2335 3540 2389 recessit:
3567 2337 3627 2389 et

1969 2433 2102 2472 mox
2124 2417 2494 2474 laetabundus
2516 2418 2586 2473 ad
2613 2436 2719 2474 nos
2743 2419 3017 2476 continuo
3041 2422 3354 2492 repedavit,
3371 2428 3426 2478 et
3444 2441 3628 2494 quan-

1967 2509 2088 2561 tam
2120 2506 2231 2561 sibi
2263 2511 2416 2562 Deus
2449 2507 2647 2563 fecerit
2669 2508 3132 2565 misericordiam
3157 2511 3379 2567 meritis
3411 2512 3502 2566 sui
3535 2512 3624 2567 di-

1967 2594 2101 2650 lecti
2132 2595 2336 2650 famuli
2367 2598 2700 2665 enarrabat,
2727 2597 3024 2670 humoque
3046 2604 3397 2671 prostratus,
3416 2606 3468 2656 et
3491 2618 3621 2657 ere-

1968 2683 2076 2740 ctis
2108 2683 2167 2738 in
2199 2683 2410 2739 cmlum
2445 2685 2743 2752 manibus,
2779 2687 2952 2757 coepit
2976 2701 3192 2758 magna
3217 2671 3627 2744 cuni'exsulta-

1968 2772 2448 2828 tioneDominum
2480 2779 2536 2829 et
2561 2775 2688 2844 ejus
2720 2779 3034 2847 martyrem
3070 2773 3420 2831 collaudare.
3444 2777 3621 2832 Laete-

1969 2861 2329 2933 muritaque,
2356 2862 2560 2916 fratres
2579 2861 2997 2930 charissimi,et
3016 2864 3151 2920 totis
3177 2865 3398 2920 viribus
3413 2866 3627 2936 jucun-

1969 2951 2196 3020 demur,
2229 2949 2593 3006 exsultemus
2623 2955 2680 3006 et
2725 2951 3084 3008 delectemur
3127 2954 3186 3008 in
3218 2953 3489 3024 Domino,
3521 2970 3624 3026 pro

1969 3041 2135 3111 cujus
2155 3056 2371 3105 amore,
2397 3040 2490 3095 hic
2508 3037 2972 3111 gloriosissimus
2993 3047 3216 3115 martyr
3237 3044 3467 3100 Marcus
3491 3059 3627 3117 sup-

1968 3128 2210 3200 plicium
2245 3129 2482 3201 pertulit
2530 3130 2756 3196 mortis,
2811 3134 2868 3185 et
2901 3148 3013 3187 non
3047 3139 3165 3186 tam
3214 3133 3285 3188 de
3325 3133 3627 3190 miraculis

1971 3235 2149 3290 quam
2182 3219 2253 3274 de
2283 3219 2410 3288 eius
2441 3218 2786 3275 dulcissimo
2820 3220 3144 3292 patrocinio
3185 3221 3530 3293 gloriemur,
3563 3223 3622 3278 in

1964 3324 2079 3379 quo
2105 3323 2236 3362 cum
2262 3323 2459 3362 amore
2487 3311 2696 3362 nostra:
2722 3307 3044 3363 devotionis
3071 3325 3234 3381 spem
3267 3312 3323 3363 et
3343 3309 3622 3365 ﬁduciam

1963 3397 2259 3469 ponimus,
2285 3397 2506 3467 absque
2530 3396 2708 3451 dubio
2733 3397 2801 3451 de
2824 3397 3058 3468 magnis
3084 3395 3364 3468 periculis
3395 3398 3467 3452 ab
3489 3399 3625 3469 ejus

1963 3489 2167 3542 sancta
2188 3483 2606 3540 intercessione
2627 3486 2867 3556 protecti
2893 3484 2989 3540 hic
3013 3489 3069 3542 et
3091 3487 3148 3540 in
3172 3485 3368 3541 futuro
3390 3485 3622 3543 liberati
3652 3502 3662 3512 '

1961 3575 2308 3632 laetabimur.
2342 3575 2421 3629 De
2455 3574 2638 3645 signis
2669 3572 2937 3630 videlicet
2965 3579 3140 3647 atque
3171 3576 3454 3648 prodigiis
3497 3593 3611 3633 non

1961 3678 2194 3738 semper
2223 3679 2517 3736 quemque
2546 3661 2824 3718 admirari
2855 3668 3101 3736 Oportet,
3135 3665 3612 3738 quandoquidem

1965 3772 2081 3811 non
2111 3759 2342 3809 tantum
2375 3753 2582 3821 sancti,
2629 3752 2730 3808 sed
2763 3752 2938 3808 etiam
2969 3757 3025 3808 et
3056 3758 3387 3826 peccatores
3417 3755 3477 3811 in
3510 3773 3615 3813 no-

1965 3843 2122 3900 mine
2151 3841 2384 3898 Domini
2416 3841 2602 3897 facere
2625 3846 2908 3914 possunt;
2943 3843 3098 3898 unde
3127 3842 3186 3897 in
3217 3843 3528 3915 Evangelio
3557 3845 3618 3900 in

1965 3932 2059 3988 die
2083 3931 2290 4004 judicii
2312 3931 2524 3986 dicturi
2555 3935 2693 3986 sunt
2716 3949 2764 3986 :«
2793 3931 3056 3997 Domine,
3076 3949 3266 3988 nonne
3291 3932 3349 3986 in
3381 3933 3622 3990 nomine

1966 4027 2066 4078 tuo
2098 4019 2385 4076 daamonia
2413 4020 2714 4090 ejecimus,
2747 4025 2804 4075 et
2853 4020 3039 4076 multa
3068 4022 3238 4093 signa
3267 4022 3562 4079 fecimus?
3593 4046 3622 4073 κ

1968 4111 2193 4176 Quibus
2211 4110 2478 4165 dicturus
2501 4109 2919 4166 estDominus:
2947 4111 3281 4167 «Discedite
3301 4129 3334 4166 a
3355 4128 3470 4178 me,
3493 4129 3626 4185 ope-

1970 4205 2195 4257 ratores
2223 4198 2575 4270 iniquitatis,
2610 4199 2751 4272 quia
2781 4216 2897 4254 non
2929 4200 3059 4255 novi
3091 4217 3213 4256 vos.
3252 4225 3278 4250 »
3299 4201 3445 4257 Nam
3476 4207 3533 4258 et
3561 4203 3624 4258 B.

1972 4289 2286 4363 Gregorius
2308 4288 2365 4342 in
2391 4305 2555 4343 sacro
2578 4287 2811 4361 eloquio
2843 4290 3014 4362 signa
3035 4305 3269 4363 quoque
3291 4291 3630 4348 inﬁdelibus

1972 4381 2108 4436 data
2137 4395 2264 4435 esse
2287 4378 2482 4433 refert.
2509 4377 2651 4449 Ergo
2685 4378 2730 4433 si
2755 4378 2924 4451 signa
2947 4379 3287 4436 inﬁdelibus
3305 4381 3633 4436 concedun-

1974 4475 2091 4536 tur,
2125 4486 2230 4525 cur
2260 4485 2366 4524 nos
2391 4465 2589 4523 ﬁdeles
2613 4468 2672 4522 in
2697 4467 2884 4539 signis
2907 4471 2965 4523 et
2995 4469 3296 4525 miraculis
3319 4470 3626 4538 miramur,

1975 4563 2031 4615 et
2059 4576 2172 4614 non
2230 4558 2425 4630 potius
2452 4557 2509 4611 in
2559 4557 2868 4612 sanctitate
2901 4557 3300 4614 confidimus?
3345 4558 3492 4616 Nam
3526 4559 3631 4614 ubi

1976 4649 2188 4705 desunt
2218 4649 2405 4720 signa,
2440 4647 2656 4701 adsunt
2687 4650 2742 4700 et
2775 4645 3054 4719 suffragia
3084 4645 3432 4702 sanctitatis.
3466 4647 3631 4702 Ideo-

1978 4755 2110 4810 que,
2144 4735 2498 4803 charissimi,
2524 4734 2682 4790 omni
2708 4735 2922 4790 ﬁducia
2954 4739 3187 4807 totaque
3218 4736 3432 4790 mentis
3463 4736 3633 4791 devo-

1979 4826 2136 4882 tione
2169 4823 2290 4881 solo
2323 4823 2622 4896 prostrati,
2645 4824 2799 4895 apud
2829 4823 2986 4879 hunc
3017 4828 3286 4880 sanctum
3316 4827 3632 4896 martyrem

1979 4915 2226 4971 Domino
2255 4913 2484 4969 veniam
2536 4912 2925 4986 postulemus,
2960 4918 3250 4986 quatenus
3289 4914 3418 4985 ejus
3451 4912 3636 4969 sacris

1980 5003 2206 5060 meritis
2237 5003 2549 5075 impetrare
2571 5018 2920 5058 mereamur.
2945 5003 3090 5058 Nam
3124 5003 3170 5059 si
3205 5021 3272 5060 ex
3316 5007 3434 5060 toto
3466 5005 3638 5059 corde

1981 5097 2036 5150 et
2059 5093 2175 5148 ﬁda
2197 5095 2392 5148 mente
2418 5107 2694 5164 rogamus
2719 5093 2874 5164 quod
2902 5110 3004 5165 pro
3026 5092 3215 5149 salute
3239 5099 3443 5151 nostra
3465 5095 3640 5166 depo-

1982 5183 2226 5250 scimus,
2268 5181 2497 5237 dicente
2549 5182 2831 5238 Domino:
2863 5207 2888 5233 ‹‹
2926 5184 2982 5239 Si
3016 5183 3156 5255 quid
3203 5183 3487 5255 petieritis
3536 5183 3640 5238 Pa-

1979 5278 2131 5328 trem
2162 5271 2220 5326 in
2254 5271 2494 5327 nomine
2526 5287 2680 5340 meo,
2738 5271 2979 5330 dabitur
3015 5273 3201 5330 vobis.
3238 5294 3266 5322 »
3298 5274 3641 5336 Quaeramus

1981 5361 2162 5434 igitur
2193 5357 2478 5415 auxilium
2530 5361 2601 5415 ab
2635 5377 2700 5416 eo
2751 5361 2850 5432 qui
2883 5367 3090 5434 potens
3123 5365 3228 5429 est,
3282 5365 3339 5415 et
3368 5363 3641 5416 sanctum

1984 5465 2196 5506 nomen
2229 5449 2376 5520 ejus,
2413 5453 2470 5503 et
2501 5449 2601 5520 qui
2633 5465 2772 5506 suos
2805 5459 3091 5523 martyres
3120 5450 3492 5504 in'aeternum
3523 5446 3643 5519 glo-

1983 5539 2193 5604 riﬁcat,
2227 5553 2330 5609 pro
2363 5535 2602 5593 illorum
2645 5538 2870 5594 meritis
2904 5556 3006 5594 nos
3038 5539 3108 5593 de
3139 5535 3414 5610 periculis
3446 5535 3640 5590 immi-

1985 5626 2260 5684 nentibus
2274 5625 2512 5683 assidue
2528 5627 2750 5684 liberet.
2767 5627 3160 5684 Scimusenim
3174 5624 3494 5681 etindubitz
3512 5631 3642 5681 nter

1986 5715 2281 5774 credimus
2308 5715 2488 5790 quod,
2514 5717 2560 5774 si
2595 5717 2727 5791 quis
2758 5733 2892 5774 eum
2926 5733 3039 5773 non
3068 5714 3264 5789 tepida
3282 5718 3476 5773 mente
3509 5728 3639 5808 pre:
