  <div class='ocr_page' id='page_1' title='image "/cluster/home/n/w/nwhite01/storage/ocr_20150623/142-143/uc1.31175018423130/1451.png"; bbox 0 0 3978 6412; ppageno 0'>
   <div class='ocr_carea' id='block_1_1' title="bbox 427 485 580 544">
    <p class='ocr_par' dir='ltr' id='par_1_1' title="bbox 427 485 580 544">
     <span class='ocr_line' id='line_1_1' title="bbox 427 485 580 544; baseline -0.007 0"><span class='ocrx_word' id='word_1_1' title='bbox 427 488 454 544; x_wconf 80' lang='grc'><strong>1</strong></span> <span class='ocrx_word' id='word_1_2' title='bbox 466 485 580 544; x_wconf 74' lang='grc'>423</span> 
     </span>
    </p>
   </div>
   <div class='ocr_carea' id='block_1_2' title="bbox 1534 469 2680 537">
    <p class='ocr_par' dir='ltr' id='par_1_2' title="bbox 1534 469 2680 537">
     <span class='ocr_line' id='line_1_2' title="bbox 1534 469 2680 537; baseline -0.008 0"><span class='ocrx_word' id='word_1_3' title='bbox 1534 474 1809 537; x_wconf 85' lang='lat' dir='ltr'><strong>LEONIS</strong></span> <span class='ocrx_word' id='word_1_4' title='bbox 1853 471 2264 534; x_wconf 81' lang='lat' dir='ltr'>ATINENSIS</span> <span class='ocrx_word' id='word_1_5' title='bbox 2309 469 2680 532; x_wconf 83' lang='lat' dir='ltr'>EPISCOPI.</span> 
     </span>
    </p>
   </div>
   <div class='ocr_carea' id='block_1_3' title="bbox 3749 416 3884 522">
    <p class='ocr_par' dir='ltr' id='par_1_3' title="bbox 3749 416 3884 522">
     <span class='ocr_line' id='line_1_3' title="bbox 3749 416 3884 522; baseline 0 -1"><span class='ocrx_word' id='word_1_6' title='bbox 3749 416 3884 522; x_wconf 66' lang='lat' dir='ltr'>tisi</span> 
     </span>
    </p>
   </div>
   <div class='ocr_carea' id='block_1_4' title="bbox 425 592 3885 685">
    <p class='ocr_par' dir='ltr' id='par_1_4' title="bbox 425 592 3885 685">
     <span class='ocr_line' id='line_1_4' title="bbox 425 592 3885 685; baseline -0.005 -16"><span class='ocrx_word' id='word_1_7' title='bbox 425 615 594 671; x_wconf 81' lang='lat' dir='ltr'>cibus</span> <span class='ocrx_word' id='word_1_8' title='bbox 614 612 828 685; x_wconf 87' lang='lat' dir='ltr'>pulsat,</span> <span class='ocrx_word' id='word_1_9' title='bbox 842 612 1124 684; x_wconf 89' lang='lat' dir='ltr'>quidquid</span> <span class='ocrx_word' id='word_1_10' title='bbox 1149 627 1252 683; x_wconf 92' lang='lat' dir='ltr'>pro</span> <span class='ocrx_word' id='word_1_11' title='bbox 1268 625 1376 664; x_wconf 89' lang='lat' dir='ltr'>sua</span> <span class='ocrx_word' id='word_1_12' title='bbox 1393 607 1577 663; x_wconf 85' lang='lat' dir='ltr'>salute</span> <span class='ocrx_word' id='word_1_13' title='bbox 1595 606 2055 677; x_wconf 85' lang='lat' dir='ltr'>rogitat,absque</span> <span class='ocrx_word' id='word_1_14' title='bbox 2080 609 2136 674; x_wconf 74' lang='grc' dir='ltr'><strong>Α</strong></span> <span class='ocrx_word' id='word_1_15' title='bbox 2169 608 2465 659; x_wconf 82' lang='lat' dir='ltr'>merentur</span> <span class='ocrx_word' id='word_1_16' title='bbox 2490 608 2547 658; x_wconf 79' lang='lat' dir='ltr'>et</span> <span class='ocrx_word' id='word_1_17' title='bbox 2574 602 2845 657; x_wconf 84' lang='lat' dir='ltr'>eﬁ&#39;ectum</span> <span class='ocrx_word' id='word_1_18' title='bbox 2876 599 3066 673; x_wconf 89' lang='lat' dir='ltr'>precis</span> <span class='ocrx_word' id='word_1_19' title='bbox 3087 615 3224 655; x_wconf 68' lang='lat' dir='ltr'>sum</span> <span class='ocrx_word' id='word_1_20' title='bbox 3262 594 3755 685; x_wconf 79' lang='lat' dir='ltr'>adipiscuntur.</span> <span class='ocrx_word' id='word_1_21' title='bbox 3785 592 3885 685; x_wconf 64' lang='lat' dir='ltr'>v9:</span> 
     </span>
    </p>
   </div>
   <div class='ocr_carea' id='block_1_5' title="bbox 426 692 2056 769">
    <p class='ocr_par' dir='ltr' id='par_1_5' title="bbox 426 692 2056 769">
     <span class='ocr_line' id='line_1_5' title="bbox 426 692 2056 769; baseline -0.006 -12"><span class='ocrx_word' id='word_1_22' title='bbox 426 702 604 759; x_wconf 91' lang='lat' dir='ltr'>dubio</span> <span class='ocrx_word' id='word_1_23' title='bbox 634 700 934 767; x_wconf 80' lang='lat' dir='ltr'>obtinebit,</span> <span class='ocrx_word' id='word_1_24' title='bbox 968 707 1031 754; x_wconf 90' lang='lat' dir='ltr'>ut</span> <span class='ocrx_word' id='word_1_25' title='bbox 1060 699 1183 769; x_wconf 89' lang='lat' dir='ltr'>ipse</span> <span class='ocrx_word' id='word_1_26' title='bbox 1213 695 1482 753; x_wconf 86' lang='lat' dir='ltr'>ﬁdelibus</span> <span class='ocrx_word' id='word_1_27' title='bbox 1525 695 1649 750; x_wconf 86' lang='lat' dir='ltr'>suis</span> <span class='ocrx_word' id='word_1_28' title='bbox 1680 692 1934 765; x_wconf 83' lang='lat' dir='ltr'>polliceri</span> <span class='ocrx_word' id='word_1_29' title='bbox 1967 698 2056 748; x_wconf 92' lang='lat' dir='ltr'>est</span> 
     </span>
    </p>
   </div>
   <div class='ocr_carea' id='block_1_6' title="bbox 425 782 2053 863">
    <p class='ocr_par' dir='ltr' id='par_1_6' title="bbox 425 782 2053 863">
     <span class='ocr_line' id='line_1_6' title="bbox 425 782 2053 863; baseline -0.007 -17"><span class='ocrx_word' id='word_1_30' title='bbox 425 791 729 863; x_wconf 85' lang='lat' dir='ltr'>dignatus;</span> <span class='ocrx_word' id='word_1_31' title='bbox 758 788 895 844; x_wconf 86' lang='lat' dir='ltr'>dicit</span> <span class='ocrx_word' id='word_1_32' title='bbox 916 786 1104 843; x_wconf 89' lang='lat' dir='ltr'>enim:</span> <span class='ocrx_word' id='word_1_33' title='bbox 1140 807 1166 834; x_wconf 79' lang='grc' dir='ltr'>ι(</span> <span class='ocrx_word' id='word_1_34' title='bbox 1190 786 1248 841; x_wconf 92' lang='lat' dir='ltr'>Si</span> <span class='ocrx_word' id='word_1_35' title='bbox 1272 783 1593 839; x_wconf 81' lang='lat' dir='ltr'>habueritis</span> <span class='ocrx_word' id='word_1_36' title='bbox 1619 782 1816 849; x_wconf 89' lang='lat' dir='ltr'>ﬁdem,</span> <span class='ocrx_word' id='word_1_37' title='bbox 1841 787 1903 836; x_wconf 90' lang='lat' dir='ltr'>ut</span> <span class='ocrx_word' id='word_1_38' title='bbox 1923 798 2053 853; x_wconf 84' lang='lat' dir='ltr'>gra-</span> 
     </span>
    </p>
   </div>
   <div class='ocr_carea' id='block_1_7' title="bbox 426 870 2059 949">
    <p class='ocr_par' dir='ltr' id='par_1_7' title="bbox 426 870 2059 949">
     <span class='ocr_line' id='line_1_7' title="bbox 426 870 2059 949; baseline -0.006 -16"><span class='ocrx_word' id='word_1_39' title='bbox 426 895 569 937; x_wconf 86' lang='lat' dir='ltr'>num</span> <span class='ocrx_word' id='word_1_40' title='bbox 599 877 837 949; x_wconf 78' lang='lat' dir='ltr'>sinapis,</span> <span class='ocrx_word' id='word_1_41' title='bbox 870 874 1137 930; x_wconf 76' lang='lat' dir='ltr'>diceretis</span> <span class='ocrx_word' id='word_1_42' title='bbox 1166 873 1301 928; x_wconf 88' lang='lat' dir='ltr'>huic</span> <span class='ocrx_word' id='word_1_43' title='bbox 1330 871 1513 927; x_wconf 90' lang='lat' dir='ltr'>monti</span> <span class='ocrx_word' id='word_1_44' title='bbox 1539 889 1550 926; x_wconf 94' lang='lat'><strong>:</strong></span> <span class='ocrx_word' id='word_1_45' title='bbox 1577 870 1782 926; x_wconf 82' lang='lat' dir='ltr'>Transi</span> <span class='ocrx_word' id='word_1_46' title='bbox 1812 870 1968 936; x_wconf 87' lang='lat' dir='ltr'>hinc,</span> <span class='ocrx_word' id='word_1_47' title='bbox 2002 874 2059 924; x_wconf 92' lang='lat' dir='ltr'>et</span> 
     </span>
    </p>
   </div>
   <div class='ocr_carea' id='block_1_8' title="bbox 424 958 2057 1035">
    <p class='ocr_par' dir='ltr' id='par_1_8' title="bbox 424 958 2057 1035">
     <span class='ocr_line' id='line_1_8' title="bbox 424 958 2057 1035; baseline -0.006 -13"><span class='ocrx_word' id='word_1_48' title='bbox 424 966 688 1035; x_wconf 72' lang='lat' dir='ltr'>transiet,</span> <span class='ocrx_word' id='word_1_49' title='bbox 705 969 763 1020; x_wconf 91' lang='lat' dir='ltr'>et</span> <span class='ocrx_word' id='word_1_50' title='bbox 782 964 832 1019; x_wconf 91' lang='lat' dir='ltr'>si</span> <span class='ocrx_word' id='word_1_51' title='bbox 856 963 913 1018; x_wconf 90' lang='lat' dir='ltr'>in</span> <span class='ocrx_word' id='word_1_52' title='bbox 930 964 1042 1018; x_wconf 83' lang='lat' dir='ltr'>ﬁde</span> <span class='ocrx_word' id='word_1_53' title='bbox 1064 978 1178 1017; x_wconf 91' lang='lat' dir='ltr'>non</span> <span class='ocrx_word' id='word_1_54' title='bbox 1190 960 1613 1027; x_wconf 67' lang='lat' dir='ltr'>hmsitaveritis,</span> <span class='ocrx_word' id='word_1_55' title='bbox 1630 958 1916 1029; x_wconf 88' lang='lat' dir='ltr'>quidquid</span> <span class='ocrx_word' id='word_1_56' title='bbox 1932 958 2057 1017; x_wconf 85' lang='lat' dir='ltr'>sine</span> 
     </span>
    </p>
   </div>
   <div class='ocr_carea' id='block_1_9' title="bbox 426 1047 2061 1124">
    <p class='ocr_par' dir='ltr' id='par_1_9' title="bbox 426 1047 2061 1124">
     <span class='ocr_line' id='line_1_9' title="bbox 426 1047 2061 1124; baseline -0.006 -15"><span class='ocrx_word' id='word_1_57' title='bbox 426 1054 604 1109; x_wconf 91' lang='lat' dir='ltr'>dubio</span> <span class='ocrx_word' id='word_1_58' title='bbox 633 1053 787 1124; x_wconf 89' lang='lat' dir='ltr'>quod</span> <span class='ocrx_word' id='word_1_59' title='bbox 810 1050 1109 1124; x_wconf 84' lang='lat' dir='ltr'>petieritis,</span> <span class='ocrx_word' id='word_1_60' title='bbox 1130 1049 1516 1121; x_wconf 89' lang='lat' dir='ltr'>impetrabitis</span> <span class='ocrx_word' id='word_1_61' title='bbox 1538 1047 1595 1102; x_wconf 89' lang='lat' dir='ltr'>id</span> <span class='ocrx_word' id='word_1_62' title='bbox 1616 1047 1830 1118; x_wconf 90' lang='lat' dir='ltr'>ipsum.</span> <span class='ocrx_word' id='word_1_63' title='bbox 1854 1066 1880 1098; x_wconf 71' lang='grc' dir='ltr'><strong><em>ι</em></strong></span> <span class='ocrx_word' id='word_1_64' title='bbox 1913 1047 2061 1101; x_wconf 89' lang='lat' dir='ltr'>Sunt</span> 
     </span>
    </p>
   </div>
   <div class='ocr_carea' id='block_1_10' title="bbox 427 1134 2059 1213">
    <p class='ocr_par' dir='ltr' id='par_1_10' title="bbox 427 1134 2059 1213">
     <span class='ocr_line' id='line_1_10' title="bbox 427 1134 2059 1213; baseline -0.007 -14"><span class='ocrx_word' id='word_1_65' title='bbox 427 1141 664 1213; x_wconf 88' lang='lat' dir='ltr'>quidem</span> <span class='ocrx_word' id='word_1_66' title='bbox 697 1137 960 1197; x_wconf 89' lang='lat' dir='ltr'>nonnulli</span> <span class='ocrx_word' id='word_1_67' title='bbox 992 1138 1091 1210; x_wconf 89' lang='lat' dir='ltr'>qui</span> <span class='ocrx_word' id='word_1_68' title='bbox 1137 1142 1343 1209; x_wconf 90' lang='lat' dir='ltr'>petunt</span> <span class='ocrx_word' id='word_1_69' title='bbox 1370 1136 1565 1208; x_wconf 88' lang='lat' dir='ltr'>tepida</span> <span class='ocrx_word' id='word_1_70' title='bbox 1611 1136 1745 1202; x_wconf 90' lang='lat' dir='ltr'>ﬁde,</span> <span class='ocrx_word' id='word_1_71' title='bbox 1786 1134 1914 1189; x_wconf 91' lang='lat' dir='ltr'>ideo</span> <span class='ocrx_word' id='word_1_72' title='bbox 1944 1150 2059 1189; x_wconf 92' lang='lat' dir='ltr'>non</span> 
     </span>
    </p>
   </div>
   <div class='ocr_carea' id='block_1_11' title="bbox 429 1221 2063 1299">
    <p class='ocr_par' dir='ltr' id='par_1_11' title="bbox 429 1221 2063 1299">
     <span class='ocr_line' id='line_1_11' title="bbox 429 1221 2063 1299; baseline -0.006 -15"><span class='ocrx_word' id='word_1_73' title='bbox 429 1233 726 1285; x_wconf 89' lang='lat' dir='ltr'>merentur</span> <span class='ocrx_word' id='word_1_74' title='bbox 753 1227 907 1299; x_wconf 88' lang='lat' dir='ltr'>quod</span> <span class='ocrx_word' id='word_1_75' title='bbox 941 1229 1210 1298; x_wconf 70' lang='lat' dir='ltr'>quaerunt</span> <span class='ocrx_word' id='word_1_76' title='bbox 1238 1224 1496 1297; x_wconf 85' lang='lat' dir='ltr'>accipere</span> <span class='ocrx_word' id='word_1_77' title='bbox 1528 1228 1542 1277; x_wconf 75' lang='grc' dir='ltr'>ε</span> <span class='ocrx_word' id='word_1_78' title='bbox 1574 1227 1632 1278; x_wconf 92' lang='lat' dir='ltr'>ct</span> <span class='ocrx_word' id='word_1_79' title='bbox 1669 1226 1807 1278; x_wconf 91' lang='lat' dir='ltr'>sunt</span> <span class='ocrx_word' id='word_1_80' title='bbox 1831 1221 1930 1277; x_wconf 86' lang='lat' dir='ltr'>alii</span> <span class='ocrx_word' id='word_1_81' title='bbox 1963 1221 2063 1293; x_wconf 90' lang='lat' dir='ltr'>qui</span> 
     </span>
    </p>
   </div>
   <div class='ocr_carea' id='block_1_12' title="bbox 428 1310 2062 1385">
    <p class='ocr_par' dir='ltr' id='par_1_12' title="bbox 428 1310 2062 1385">
     <span class='ocr_line' id='line_1_12' title="bbox 428 1310 2062 1385; baseline -0.006 -11"><span class='ocrx_word' id='word_1_82' title='bbox 428 1321 551 1373; x_wconf 89' lang='lat' dir='ltr'>tam</span> <span class='ocrx_word' id='word_1_83' title='bbox 578 1314 993 1374; x_wconf 88' lang='lat' dir='ltr'>ardentissima</span> <span class='ocrx_word' id='word_1_84' title='bbox 1019 1314 1133 1370; x_wconf 92' lang='lat' dir='ltr'>ﬁde</span> <span class='ocrx_word' id='word_1_85' title='bbox 1170 1318 1396 1385; x_wconf 92' lang='lat' dir='ltr'>petunt,</span> <span class='ocrx_word' id='word_1_86' title='bbox 1426 1330 1493 1368; x_wconf 89' lang='lat' dir='ltr'>ac</span> <span class='ocrx_word' id='word_1_87' title='bbox 1522 1312 1569 1368; x_wconf 87' lang='lat' dir='ltr'>si</span> <span class='ocrx_word' id='word_1_88' title='bbox 1616 1315 1930 1384; x_wconf 55' lang='lat' dir='ltr'>praesentes</span> <span class='ocrx_word' id='word_1_89' title='bbox 1960 1310 2062 1365; x_wconf 84' lang='lat' dir='ltr'>ha-</span> 
     </span>
    </p>
   </div>
   <div class='ocr_carea' id='block_1_13' title="bbox 429 1398 2065 1474">
    <p class='ocr_par' dir='ltr' id='par_1_13' title="bbox 429 1398 2065 1474">
     <span class='ocr_line' id='line_1_13' title="bbox 429 1398 2065 1474; baseline -0.003 -14"><span class='ocrx_word' id='word_1_90' title='bbox 429 1406 623 1473; x_wconf 87' lang='lat' dir='ltr'>beant,</span> <span class='ocrx_word' id='word_1_91' title='bbox 654 1409 711 1461; x_wconf 89' lang='lat' dir='ltr'>et</span> <span class='ocrx_word' id='word_1_92' title='bbox 756 1420 822 1460; x_wconf 91' lang='lat' dir='ltr'>os</span> <span class='ocrx_word' id='word_1_93' title='bbox 850 1404 920 1460; x_wconf 89' lang='lat' dir='ltr'>ad</span> <span class='ocrx_word' id='word_1_94' title='bbox 952 1420 1017 1459; x_wconf 90' lang='lat' dir='ltr'>os</span> <span class='ocrx_word' id='word_1_95' title='bbox 1062 1402 1397 1474; x_wconf 90' lang='lat' dir='ltr'>loquantur.</span> <span class='ocrx_word' id='word_1_96' title='bbox 1432 1401 1498 1456; x_wconf 83' lang='lat' dir='ltr'>Hi</span> <span class='ocrx_word' id='word_1_97' title='bbox 1545 1400 1756 1455; x_wconf 92' lang='lat' dir='ltr'>idcirco</span> <span class='ocrx_word' id='word_1_98' title='bbox 1803 1398 2065 1455; x_wconf 80' lang='lat' dir='ltr'>exaudiri</span> 
     </span>
    </p>
   </div>
   <div class='ocr_carea' id='block_1_14' title="bbox 2163 682 3884 763">
    <p class='ocr_par' dir='ltr' id='par_1_14' title="bbox 2163 682 3884 763">
     <span class='ocr_line' id='line_1_14' title="bbox 2163 682 3884 763; baseline -0.005 -17"><span class='ocrx_word' id='word_1_99' title='bbox 2163 693 2357 763; x_wconf 90' lang='lat' dir='ltr'>itaque</span> <span class='ocrx_word' id='word_1_100' title='bbox 2369 691 2663 757; x_wconf 85' lang='lat' dir='ltr'>adhortor,</span> <span class='ocrx_word' id='word_1_101' title='bbox 2680 688 3037 755; x_wconf 87' lang='lat' dir='ltr'>cbarissimi,</span> <span class='ocrx_word' id='word_1_102' title='bbox 3053 687 3357 758; x_wconf 83' lang='lat' dir='ltr'>uthujus</span> <span class='ocrx_word' id='word_1_103' title='bbox 3376 683 3597 741; x_wconf 82' lang='lat' dir='ltr'>sancti</span> <span class='ocrx_word' id='word_1_104' title='bbox 3620 682 3884 757; x_wconf 73' lang='lat' dir='ltr'>martyris</span> 
     </span>
    </p>
   </div>
   <div class='ocr_carea' id='block_1_15' title="bbox 2165 773 3887 850">
    <p class='ocr_par' dir='ltr' id='par_1_15' title="bbox 2165 773 3887 850">
     <span class='ocr_line' id='line_1_15' title="bbox 2165 773 3887 850; baseline -0.003 -16"><span class='ocrx_word' id='word_1_105' title='bbox 2165 781 2340 836; x_wconf 88' lang='lat' dir='ltr'>Marci</span> <span class='ocrx_word' id='word_1_106' title='bbox 2360 780 2641 834; x_wconf 76' lang='lat' dir='ltr'>auxilium</span> <span class='ocrx_word' id='word_1_107' title='bbox 2662 778 3067 850; x_wconf 90' lang='lat' dir='ltr'>imploremus,</span> <span class='ocrx_word' id='word_1_108' title='bbox 3091 782 3159 832; x_wconf 90' lang='lat' dir='ltr'>ut</span> <span class='ocrx_word' id='word_1_109' title='bbox 3178 792 3325 831; x_wconf 86' lang='lat' dir='ltr'>una</span> <span class='ocrx_word' id='word_1_110' title='bbox 3339 773 3695 830; x_wconf 86' lang='lat' dir='ltr'>nobiscum</span> <span class='ocrx_word' id='word_1_111' title='bbox 3713 773 3773 826; x_wconf 92' lang='lat' dir='ltr'>in</span> <span class='ocrx_word' id='word_1_112' title='bbox 3793 789 3887 828; x_wconf 87' lang='lat' dir='ltr'>suo</span> 
     </span>
    </p>
   </div>
   <div class='ocr_carea' id='block_1_16' title="bbox 2166 862 3891 939">
    <p class='ocr_par' dir='ltr' id='par_1_16' title="bbox 2166 862 3891 939">
     <span class='ocr_line' id='line_1_16' title="bbox 2166 862 3891 939; baseline -0.004 -15"><span class='ocrx_word' id='word_1_113' title='bbox 2166 868 2482 939; x_wconf 91' lang='lat' dir='ltr'>patrocinio</span> <span class='ocrx_word' id='word_1_114' title='bbox 2514 866 3010 939; x_wconf 87' lang='lat' dir='ltr'>congratulemur,</span> <span class='ocrx_word' id='word_1_115' title='bbox 3040 870 3109 921; x_wconf 90' lang='lat' dir='ltr'>ut</span> <span class='ocrx_word' id='word_1_116' title='bbox 3139 864 3251 920; x_wconf 87' lang='lat' dir='ltr'>cui</span> <span class='ocrx_word' id='word_1_117' title='bbox 3289 862 3575 919; x_wconf 82' lang='lat' dir='ltr'>assidue</span> <span class='ocrx_word' id='word_1_118' title='bbox 3606 862 3891 936; x_wconf 58' lang='lat' dir='ltr'>praeconia</span> 
     </span>
    </p>
   </div>
   <div class='ocr_carea' id='block_1_17' title="bbox 2167 952 3893 1023">
    <p class='ocr_par' dir='ltr' id='par_1_17' title="bbox 2167 952 3893 1023">
     <span class='ocr_line' id='line_1_17' title="bbox 2167 952 3893 1023; baseline -0.004 -11"><span class='ocrx_word' id='word_1_119' title='bbox 2167 957 2489 1013; x_wconf 82' lang='lat' dir='ltr'>sanctitatis</span> <span class='ocrx_word' id='word_1_120' title='bbox 2513 956 2574 1010; x_wconf 92' lang='lat' dir='ltr'>in</span> <span class='ocrx_word' id='word_1_121' title='bbox 2598 956 2768 1011; x_wconf 89' lang='lat' dir='ltr'>terris</span> <span class='ocrx_word' id='word_1_122' title='bbox 2788 952 3341 1023; x_wconf 87' lang='lat' dir='ltr'>attollimus,illius</span> <span class='ocrx_word' id='word_1_123' title='bbox 3366 952 3771 1009; x_wconf 84' lang='lat' dir='ltr'>consortium</span> <span class='ocrx_word' id='word_1_124' title='bbox 3789 966 3893 1006; x_wconf 54' lang='lat' dir='ltr'>me</span> 
     </span>
    </p>
   </div>
   <div class='ocr_carea' id='block_1_18' title="bbox 2169 1040 3892 1101">
    <p class='ocr_par' dir='ltr' id='par_1_18' title="bbox 2169 1040 3892 1101">
     <span class='ocr_line' id='line_1_18' title="bbox 2169 1040 3892 1101; baseline -0.003 -1"><span class='ocrx_word' id='word_1_125' title='bbox 2169 1063 2400 1101; x_wconf 87' lang='lat' dir='ltr'>reamur</span> <span class='ocrx_word' id='word_1_126' title='bbox 2431 1045 2641 1099; x_wconf 89' lang='lat' dir='ltr'>habere</span> <span class='ocrx_word' id='word_1_127' title='bbox 2671 1044 2733 1098; x_wconf 90' lang='lat' dir='ltr'>in</span> <span class='ocrx_word' id='word_1_128' title='bbox 2763 1042 2925 1098; x_wconf 84' lang='lat' dir='ltr'>caelis</span> <span class='ocrx_word' id='word_1_129' title='bbox 2951 1060 2965 1097; x_wconf 89' lang='lat'><strong>:</strong></span> <span class='ocrx_word' id='word_1_130' title='bbox 2999 1042 3354 1099; x_wconf 82' lang='lat' dir='ltr'>auxiliante</span> <span class='ocrx_word' id='word_1_131' title='bbox 3382 1040 3668 1098; x_wconf 92' lang='lat' dir='ltr'>Domino</span> <span class='ocrx_word' id='word_1_132' title='bbox 3703 1044 3892 1096; x_wconf 86' lang='lat' dir='ltr'>nostro</span> 
     </span>
    </p>
   </div>
   <div class='ocr_carea' id='block_1_19' title="bbox 2168 1129 3894 1205">
    <p class='ocr_par' dir='ltr' id='par_1_19' title="bbox 2168 1129 3894 1205">
     <span class='ocr_line' id='line_1_19' title="bbox 2168 1129 3894 1205; baseline -0.005 -14"><span class='ocrx_word' id='word_1_133' title='bbox 2168 1136 2306 1191; x_wconf 86' lang='lat' dir='ltr'>Jesu</span> <span class='ocrx_word' id='word_1_134' title='bbox 2337 1134 2588 1199; x_wconf 91' lang='lat' dir='ltr'>Christo,</span> <span class='ocrx_word' id='word_1_135' title='bbox 2623 1133 2722 1204; x_wconf 89' lang='lat' dir='ltr'>qui</span> <span class='ocrx_word' id='word_1_136' title='bbox 2747 1148 2882 1189; x_wconf 88' lang='lat' dir='ltr'>cum</span> <span class='ocrx_word' id='word_1_137' title='bbox 2915 1133 3085 1188; x_wconf 85' lang='lat' dir='ltr'>Patre</span> <span class='ocrx_word' id='word_1_138' title='bbox 3116 1136 3177 1188; x_wconf 89' lang='lat' dir='ltr'>et</span> <span class='ocrx_word' id='word_1_139' title='bbox 3204 1132 3475 1205; x_wconf 81' lang='lat' dir='ltr'>Spiritu</span> <span class='ocrx_word' id='word_1_140' title='bbox 3511 1135 3737 1188; x_wconf 79' lang='lat' dir='ltr'>sancto</span> <span class='ocrx_word' id='word_1_141' title='bbox 3763 1129 3894 1183; x_wconf 82' lang='lat' dir='ltr'>vivit</span> 
     </span>
    </p>
   </div>
   <div class='ocr_carea' id='block_1_20' title="bbox 2170 1218 3892 1294">
    <p class='ocr_par' dir='ltr' id='par_1_20' title="bbox 2170 1218 3892 1294">
     <span class='ocr_line' id='line_1_20' title="bbox 2170 1218 3892 1294; baseline -0.002 -16"><span class='ocrx_word' id='word_1_142' title='bbox 2170 1228 2228 1278; x_wconf 91' lang='lat' dir='ltr'>et</span> <span class='ocrx_word' id='word_1_143' title='bbox 2284 1226 2486 1294; x_wconf 88' lang='lat' dir='ltr'>regnat</span> <span class='ocrx_word' id='word_1_144' title='bbox 2534 1222 2688 1277; x_wconf 87' lang='lat' dir='ltr'>Deus</span> <span class='ocrx_word' id='word_1_145' title='bbox 2735 1237 2839 1292; x_wconf 89' lang='lat' dir='ltr'>per</span> <span class='ocrx_word' id='word_1_146' title='bbox 2890 1220 3126 1277; x_wconf 89' lang='lat' dir='ltr'>inﬁnita</span> <span class='ocrx_word' id='word_1_147' title='bbox 3196 1221 3459 1277; x_wconf 72' lang='lat' dir='ltr'>saecula</span> <span class='ocrx_word' id='word_1_148' title='bbox 3510 1218 3892 1276; x_wconf 65' lang='lat' dir='ltr'>seculorum.</span> 
     </span>
    </p>
   </div>
   <div class='ocr_carea' id='block_1_21' title="bbox 2174 1316 2378 1365">
    <p class='ocr_par' dir='ltr' id='par_1_21' title="bbox 2174 1316 2378 1365">
     <span class='ocr_line' id='line_1_21' title="bbox 2174 1316 2378 1365; baseline -0.005 0"><span class='ocrx_word' id='word_1_149' title='bbox 2174 1316 2378 1365; x_wconf 87' lang='lat' dir='ltr'>Amen.</span> 
     </span>
    </p>
   </div>
   <div class='ocr_carea' id='block_1_22' title="bbox 429 1543 3895 1584">
    <p class='ocr_par' dir='ltr' id='par_1_22' title="bbox 429 1543 3895 1584">
     <span class='ocr_line' id='line_1_22' title="bbox 429 1543 3895 1584; baseline -0.003 -1"><span class='ocrx_word' id='word_1_150' title='bbox 429 1543 3895 1584; x_wconf 51' lang='grc' dir='ltr'><strong>Μ</strong></span> 
     </span>
    </p>
   </div>
   <div class='ocr_carea' id='block_1_23' title="bbox 1491 1697 2755 1814">
    <p class='ocr_par' dir='ltr' id='par_1_23' title="bbox 1491 1697 2755 1814">
     <span class='ocr_line' id='line_1_23' title="bbox 1491 1697 2755 1814; baseline -0.001 -3"><span class='ocrx_word' id='word_1_151' title='bbox 1491 1697 2755 1814; x_wconf 79' lang='lat' dir='ltr'>DOMNILEONIS</span> 
     </span>
    </p>
   </div>
   <div class='ocr_carea' id='block_1_24' title="bbox 1725 1896 2526 1967">
    <p class='ocr_par' dir='ltr' id='par_1_24' title="bbox 1725 1896 2526 1967">
     <span class='ocr_line' id='line_1_24' title="bbox 1725 1896 2526 1967; baseline -0.005 0"><span class='ocrx_word' id='word_1_152' title='bbox 1725 1905 2134 1967; x_wconf 81' lang='lat' dir='ltr'>ATINENSlS</span> <span class='ocrx_word' id='word_1_153' title='bbox 2179 1896 2526 1966; x_wconf 80' lang='lat' dir='ltr'>EPISCOPI</span> 
     </span>
    </p>
   </div>
   <div class='ocr_carea' id='block_1_25' title="bbox 1073 2063 3193 2145">
    <p class='ocr_par' dir='ltr' id='par_1_25' title="bbox 1073 2063 3193 2145">
     <span class='ocr_line' id='line_1_25' title="bbox 1073 2063 3193 2145; baseline -0.001 -16"><span class='ocrx_word' id='word_1_154' title='bbox 1073 2069 1326 2130; x_wconf 84' lang='lat' dir='ltr'>Donatio</span> <span class='ocrx_word' id='word_1_155' title='bbox 1356 2066 1623 2128; x_wconf 74' lang='lat' dir='ltr'>solemnis</span> <span class='ocrx_word' id='word_1_156' title='bbox 1656 2067 1824 2145; x_wconf 80' lang='lat' dir='ltr'>facta</span> <span class='ocrx_word' id='word_1_157' title='bbox 1855 2065 2147 2127; x_wconf 73' lang='lat' dir='ltr'>canonicis</span> <span class='ocrx_word' id='word_1_158' title='bbox 2185 2063 2521 2145; x_wconf 58' lang='lat' dir='ltr'>clericique</span> <span class='ocrx_word' id='word_1_159' title='bbox 2551 2064 2849 2124; x_wconf 64' lang='lat' dir='ltr'>Atzizensis</span> <span class='ocrx_word' id='word_1_160' title='bbox 2881 2063 3193 2126; x_wconf 67' lang='lat' dir='ltr'>Ecclesiae.</span> 
     </span>
    </p>
   </div>
   <div class='ocr_carea' id='block_1_26' title="bbox 1454 2191 2816 2297">
    <p class='ocr_par' dir='ltr' id='par_1_26' title="bbox 1454 2191 2816 2297">
     <span class='ocr_line' id='line_1_26' title="bbox 1454 2191 2816 2297; baseline -0.003 -18"><span class='ocrx_word' id='word_1_161' title='bbox 1454 2224 1641 2297; x_wconf 87' lang='lat' dir='ltr'>(Apud</span> <span class='ocrx_word' id='word_1_162' title='bbox 1676 2191 1943 2291; x_wconf 54' lang='lat' dir='ltr'>UGnsiLi,</span> <span class='ocrx_word' id='word_1_163' title='bbox 1976 2224 2136 2278; x_wconf 74' lang='lat' dir='ltr'>Italia</span> <span class='ocrx_word' id='word_1_164' title='bbox 2164 2239 2341 2291; x_wconf 77' lang='lat' dir='ltr'>sacra,</span> <span class='ocrx_word' id='word_1_165' title='bbox 2373 2226 2414 2276; x_wconf 92' lang='lat' dir='ltr'>t.</span> <span class='ocrx_word' id='word_1_166' title='bbox 2448 2214 2544 2290; x_wconf 87' lang='lat' dir='ltr'>VI,</span> <span class='ocrx_word' id='word_1_167' title='bbox 2575 2239 2632 2293; x_wconf 92' lang='lat' dir='ltr'>p.</span> <span class='ocrx_word' id='word_1_168' title='bbox 2666 2224 2816 2288; x_wconf 71' lang='grc'>432.)</span> 
     </span>
    </p>
   </div>
   <div class='ocr_carea' id='block_1_27' title="bbox 510 2532 1745 2595">
    <p class='ocr_par' dir='ltr' id='par_1_27' title="bbox 510 2532 1745 2595">
     <span class='ocr_line' id='line_1_27' title="bbox 510 2532 1745 2595; baseline -0.007 0"><span class='ocrx_word' id='word_1_169' title='bbox 510 2541 570 2595; x_wconf 92' lang='lat' dir='ltr'>In</span> <span class='ocrx_word' id='word_1_170' title='bbox 604 2538 837 2593; x_wconf 90' lang='lat' dir='ltr'>nomine</span> <span class='ocrx_word' id='word_1_171' title='bbox 866 2534 1094 2592; x_wconf 86' lang='lat' dir='ltr'>Domini</span> <span class='ocrx_word' id='word_1_172' title='bbox 1127 2533 1309 2590; x_wconf 87' lang='lat' dir='ltr'>nostri</span> <span class='ocrx_word' id='word_1_173' title='bbox 1338 2533 1479 2589; x_wconf 88' lang='lat' dir='ltr'>Jesu</span> <span class='ocrx_word' id='word_1_174' title='bbox 1510 2532 1745 2588; x_wconf 80' lang='lat' dir='ltr'>Christi.</span> 
     </span>
    </p>
   </div>
   <div class='ocr_carea' id='block_1_28' title="bbox 509 2621 2076 2693">
    <p class='ocr_par' dir='ltr' id='par_1_28' title="bbox 509 2621 2076 2693">
     <span class='ocr_line' id='line_1_28' title="bbox 509 2621 2076 2693; baseline -0.005 -10"><span class='ocrx_word' id='word_1_175' title='bbox 509 2629 673 2683; x_wconf 85' lang='lat' dir='ltr'>Anno</span> <span class='ocrx_word' id='word_1_176' title='bbox 702 2626 774 2682; x_wconf 89' lang='lat' dir='ltr'>ab</span> <span class='ocrx_word' id='word_1_177' title='bbox 805 2623 1205 2680; x_wconf 88' lang='lat' dir='ltr'>Incarnatione</span> <span class='ocrx_word' id='word_1_178' title='bbox 1230 2623 1357 2693; x_wconf 89' lang='lat' dir='ltr'>ejus</span> <span class='ocrx_word' id='word_1_179' title='bbox 1390 2621 1694 2677; x_wconf 89' lang='lat' dir='ltr'>millesimo</span> <span class='ocrx_word' id='word_1_180' title='bbox 1718 2621 2076 2692; x_wconf 88' lang='lat' dir='ltr'>quinquage-</span> 
     </span>
    </p>
   </div>
   <div class='ocr_carea' id='block_1_29' title="bbox 439 2709 2075 2781">
    <p class='ocr_par' dir='ltr' id='par_1_29' title="bbox 439 2709 2075 2781">
     <span class='ocr_line' id='line_1_29' title="bbox 439 2709 2075 2781; baseline -0.005 -9"><span class='ocrx_word' id='word_1_181' title='bbox 439 2716 588 2773; x_wconf 92' lang='lat' dir='ltr'>simo</span> <span class='ocrx_word' id='word_1_182' title='bbox 619 2719 798 2781; x_wconf 86' lang='lat' dir='ltr'>sexto,</span> <span class='ocrx_word' id='word_1_183' title='bbox 851 2728 1051 2769; x_wconf 89' lang='lat' dir='ltr'>mense</span> <span class='ocrx_word' id='word_1_184' title='bbox 1079 2711 1256 2778; x_wconf 88' lang='lat' dir='ltr'>Julio,</span> <span class='ocrx_word' id='word_1_185' title='bbox 1306 2711 1503 2766; x_wconf 91' lang='lat' dir='ltr'>indict.</span> <span class='ocrx_word' id='word_1_186' title='bbox 1558 2728 1632 2775; x_wconf 82' lang='lat' dir='ltr'>IX,</span> <span class='ocrx_word' id='word_1_187' title='bbox 1676 2709 1965 2765; x_wconf 88' lang='lat' dir='ltr'>residente</span> <span class='ocrx_word' id='word_1_188' title='bbox 2016 2710 2075 2764; x_wconf 91' lang='lat' dir='ltr'>in</span> 
     </span>
    </p>
   </div>
   <div class='ocr_carea' id='block_1_30' title="bbox 439 2798 2075 2871">
    <p class='ocr_par' dir='ltr' id='par_1_30' title="bbox 439 2798 2075 2871">
     <span class='ocr_line' id='line_1_30' title="bbox 439 2798 2075 2871; baseline -0.004 -12"><span class='ocrx_word' id='word_1_189' title='bbox 439 2804 581 2859; x_wconf 89' lang='lat' dir='ltr'>urbe</span> <span class='ocrx_word' id='word_1_190' title='bbox 612 2802 795 2859; x_wconf 87' lang='lat' dir='ltr'>Roma</span> <span class='ocrx_word' id='word_1_191' title='bbox 824 2817 1055 2857; x_wconf 89' lang='lat' dir='ltr'>summo</span> <span class='ocrx_word' id='word_1_192' title='bbox 1094 2799 1491 2857; x_wconf 78' lang='lat' dir='ltr'>et&#39;universali</span> <span class='ocrx_word' id='word_1_193' title='bbox 1540 2798 1809 2871; x_wconf 89' lang='lat' dir='ltr'>pontiﬁce</span> <span class='ocrx_word' id='word_1_194' title='bbox 1839 2798 2075 2853; x_wconf 88' lang='lat' dir='ltr'>domino</span> 
     </span>
    </p>
   </div>
   <div class='ocr_carea' id='block_1_31' title="bbox 436 2886 2075 2965">
    <p class='ocr_par' dir='ltr' id='par_1_31' title="bbox 436 2886 2075 2965">
     <span class='ocr_line' id='line_1_31' title="bbox 436 2886 2075 2965; baseline -0.005 -16"><span class='ocrx_word' id='word_1_195' title='bbox 436 2909 587 2965; x_wconf 88' lang='lat' dir='ltr'>papa</span> <span class='ocrx_word' id='word_1_196' title='bbox 606 2890 851 2957; x_wconf 88' lang='lat' dir='ltr'>Victore,</span> <span class='ocrx_word' id='word_1_197' title='bbox 870 2890 1260 2962; x_wconf 91' lang='lat' dir='ltr'>etimperante</span> <span class='ocrx_word' id='word_1_198' title='bbox 1282 2888 1517 2945; x_wconf 88' lang='lat' dir='ltr'>domino</span> <span class='ocrx_word' id='word_1_199' title='bbox 1531 2887 1791 2942; x_wconf 90' lang='lat' dir='ltr'>Conrado</span> <span class='ocrx_word' id='word_1_200' title='bbox 1811 2886 2075 2958; x_wconf 87' lang='lat' dir='ltr'>piissimo</span> 
     </span>
    </p>
   </div>
   <div class='ocr_carea' id='block_1_32' title="bbox 437 2975 2075 3051">
    <p class='ocr_par' dir='ltr' id='par_1_32' title="bbox 437 2975 2075 3051">
     <span class='ocr_line' id='line_1_32' title="bbox 437 2975 2075 3051; baseline -0.004 -16"><span class='ocrx_word' id='word_1_201' title='bbox 437 2981 808 3051; x_wconf 78' lang='lat' dir='ltr'>imperatore,</span> <span class='ocrx_word' id='word_1_202' title='bbox 838 2982 896 3033; x_wconf 88' lang='lat' dir='ltr'>et</span> <span class='ocrx_word' id='word_1_203' title='bbox 949 2978 1283 3048; x_wconf 87' lang='lat' dir='ltr'>Capuanam</span> <span class='ocrx_word' id='word_1_204' title='bbox 1342 2975 1656 3030; x_wconf 81' lang='lat' dir='ltr'>Ecelesiam</span> <span class='ocrx_word' id='word_1_205' title='bbox 1716 2975 2075 3046; x_wconf 86' lang='lat' dir='ltr'>gubernante</span> 
     </span>
    </p>
   </div>
   <div class='ocr_carea' id='block_1_33' title="bbox 439 3062 2077 3137">
    <p class='ocr_par' dir='ltr' id='par_1_33' title="bbox 439 3062 2077 3137">
     <span class='ocr_line' id='line_1_33' title="bbox 439 3062 2077 3137; baseline -0.003 -14"><span class='ocrx_word' id='word_1_206' title='bbox 439 3067 673 3125; x_wconf 89' lang='lat' dir='ltr'>domino</span> <span class='ocrx_word' id='word_1_207' title='bbox 701 3064 1043 3137; x_wconf 85' lang='lat' dir='ltr'>Adenulpho</span> <span class='ocrx_word' id='word_1_208' title='bbox 1087 3064 1541 3136; x_wconf 86' lang='lat' dir='ltr'>archiepiscopo.</span> <span class='ocrx_word' id='word_1_209' title='bbox 1576 3063 1692 3119; x_wconf 88' lang='lat' dir='ltr'>Nos</span> <span class='ocrx_word' id='word_1_210' title='bbox 1743 3062 1854 3117; x_wconf 79' lang='lat' dir='ltr'>Lso</span> <span class='ocrx_word' id='word_1_211' title='bbox 1884 3062 2077 3118; x_wconf 85' lang='lat' dir='ltr'>divina</span> 
     </span>
    </p>
   </div>
   <div class='ocr_carea' id='block_1_34' title="bbox 437 3150 2077 3228">
    <p class='ocr_par' dir='ltr' id='par_1_34' title="bbox 437 3150 2077 3228">
     <span class='ocr_line' id='line_1_34' title="bbox 437 3150 2077 3228; baseline -0.002 -18"><span class='ocrx_word' id='word_1_212' title='bbox 437 3154 626 3228; x_wconf 87' lang='lat' dir='ltr'>gratia</span> <span class='ocrx_word' id='word_1_213' title='bbox 655 3152 1049 3224; x_wconf 80' lang='lat' dir='ltr'>dispensante,</span> <span class='ocrx_word' id='word_1_214' title='bbox 1083 3151 1298 3207; x_wconf 88' lang='lat' dir='ltr'>Eccles.</span> <span class='ocrx_word' id='word_1_215' title='bbox 1332 3150 1630 3207; x_wconf 88' lang='lat' dir='ltr'>Atinensis</span> <span class='ocrx_word' id='word_1_216' title='bbox 1659 3150 1963 3222; x_wconf 88' lang='lat' dir='ltr'>episcopus</span> <span class='ocrx_word' id='word_1_217' title='bbox 1994 3167 2077 3206; x_wconf 93' lang='lat' dir='ltr'>re-</span> 
     </span>
    </p>
   </div>
   <div class='ocr_carea' id='block_1_35' title="bbox 438 3238 2075 3311">
    <p class='ocr_par' dir='ltr' id='par_1_35' title="bbox 438 3238 2075 3311">
     <span class='ocr_line' id='line_1_35' title="bbox 438 3238 2075 3311; baseline -0.004 -12"><span class='ocrx_word' id='word_1_218' title='bbox 438 3248 528 3299; x_wconf 93' lang='lat' dir='ltr'>cto</span> <span class='ocrx_word' id='word_1_219' title='bbox 558 3239 1039 3299; x_wconf 89' lang='lat' dir='ltr'>considerationis</span> <span class='ocrx_word' id='word_1_220' title='bbox 1070 3238 1235 3296; x_wconf 91' lang='lat' dir='ltr'>oculo</span> <span class='ocrx_word' id='word_1_221' title='bbox 1266 3256 1334 3295; x_wconf 86' lang='lat' dir='ltr'>ea</span> <span class='ocrx_word' id='word_1_222' title='bbox 1363 3256 1489 3311; x_wconf 72' lang='lat' dir='ltr'>qua:</span> <span class='ocrx_word' id='word_1_223' title='bbox 1520 3239 1592 3294; x_wconf 88' lang='lat' dir='ltr'>ad</span> <span class='ocrx_word' id='word_1_224' title='bbox 1623 3238 1934 3294; x_wconf 84' lang='lat' dir='ltr'>utilitatem</span> <span class='ocrx_word' id='word_1_225' title='bbox 1968 3240 2075 3293; x_wconf 86' lang='lat' dir='ltr'>Ec-</span> 
     </span>
    </p>
   </div>
   <div class='ocr_carea' id='block_1_36' title="bbox 439 3326 2075 3405">
    <p class='ocr_par' dir='ltr' id='par_1_36' title="bbox 439 3326 2075 3405">
     <span class='ocr_line' id='line_1_36' title="bbox 439 3326 2075 3405; baseline -0.004 -17"><span class='ocrx_word' id='word_1_226' title='bbox 439 3331 626 3389; x_wconf 65' lang='lat' dir='ltr'>clesiae</span> <span class='ocrx_word' id='word_1_227' title='bbox 676 3329 968 3405; x_wconf 89' lang='lat' dir='ltr'>pertinent</span> <span class='ocrx_word' id='word_1_228' title='bbox 1020 3329 1322 3396; x_wconf 92' lang='lat' dir='ltr'>intuendo,</span> <span class='ocrx_word' id='word_1_229' title='bbox 1374 3331 1437 3383; x_wconf 92' lang='lat' dir='ltr'>ut</span> <span class='ocrx_word' id='word_1_230' title='bbox 1465 3326 1889 3384; x_wconf 77' lang='lat' dir='ltr'>ccclesiastiCus</span> <span class='ocrx_word' id='word_1_231' title='bbox 1934 3328 2075 3384; x_wconf 91' lang='lat' dir='ltr'>ordo</span> 
     </span>
    </p>
   </div>
   <div class='ocr_carea' id='block_1_37' title="bbox 431 3415 2077 3493">
    <p class='ocr_par' dir='ltr' id='par_1_37' title="bbox 431 3415 2077 3493">
     <span class='ocr_line' id='line_1_37' title="bbox 431 3415 2077 3493; baseline -0.003 -18"><span class='ocrx_word' id='word_1_232' title='bbox 431 3420 593 3493; x_wconf 72' lang='lat' dir='ltr'>justo</span> <span class='ocrx_word' id='word_1_233' title='bbox 622 3423 679 3475; x_wconf 90' lang='lat' dir='ltr'>et</span> <span class='ocrx_word' id='word_1_234' title='bbox 709 3417 800 3491; x_wconf 90' lang='lat' dir='ltr'>pie</span> <span class='ocrx_word' id='word_1_235' title='bbox 829 3417 888 3473; x_wconf 88' lang='lat' dir='ltr'>in</span> <span class='ocrx_word' id='word_1_236' title='bbox 910 3417 1082 3474; x_wconf 89' lang='lat' dir='ltr'>domo</span> <span class='ocrx_word' id='word_1_237' title='bbox 1116 3415 1337 3473; x_wconf 91' lang='lat' dir='ltr'>Domini</span> <span class='ocrx_word' id='word_1_238' title='bbox 1364 3416 1550 3472; x_wconf 85' lang='lat' dir='ltr'>vivere</span> <span class='ocrx_word' id='word_1_239' title='bbox 1575 3416 1779 3484; x_wconf 86' lang='lat' dir='ltr'>valeat,</span> <span class='ocrx_word' id='word_1_240' title='bbox 1805 3415 2077 3471; x_wconf 87' lang='lat' dir='ltr'>ordinan-</span> 
     </span>
    </p>
   </div>
   <div class='ocr_carea' id='block_1_38' title="bbox 440 3503 2073 3566">
    <p class='ocr_par' dir='ltr' id='par_1_38' title="bbox 440 3503 2073 3566">
     <span class='ocr_line' id='line_1_38' title="bbox 440 3503 2073 3566; baseline -0.002 -3"><span class='ocrx_word' id='word_1_241' title='bbox 440 3507 603 3566; x_wconf 88' lang='lat' dir='ltr'>tesin</span> <span class='ocrx_word' id='word_1_242' title='bbox 624 3511 817 3563; x_wconf 87' lang='lat' dir='ltr'>mente</span> <span class='ocrx_word' id='word_1_243' title='bbox 835 3505 1149 3561; x_wconf 90' lang='lat' dir='ltr'>statuimus</span> <span class='ocrx_word' id='word_1_244' title='bbox 1168 3509 1230 3561; x_wconf 88' lang='lat' dir='ltr'>ut</span> <span class='ocrx_word' id='word_1_245' title='bbox 1247 3504 1551 3560; x_wconf 85' lang='lat' dir='ltr'>Atinenses</span> <span class='ocrx_word' id='word_1_246' title='bbox 1566 3503 1754 3560; x_wconf 87' lang='lat' dir='ltr'>clerici</span> <span class='ocrx_word' id='word_1_247' title='bbox 1777 3504 1845 3558; x_wconf 88' lang='lat' dir='ltr'>ad</span> <span class='ocrx_word' id='word_1_248' title='bbox 1870 3504 2073 3559; x_wconf 90' lang='lat' dir='ltr'>ecclcs.</span> 
     </span>
    </p>
   </div>
   <div class='ocr_carea' id='block_1_39' title="bbox 442 3592 2075 3667">
    <p class='ocr_par' dir='ltr' id='par_1_39' title="bbox 442 3592 2075 3667">
     <span class='ocr_line' id='line_1_39' title="bbox 442 3592 2075 3667; baseline -0.004 -14"><span class='ocrx_word' id='word_1_249' title='bbox 442 3596 502 3653; x_wconf 88' lang='lat' dir='ltr'>S.</span> <span class='ocrx_word' id='word_1_250' title='bbox 534 3595 725 3651; x_wconf 70' lang='lat' dir='ltr'>Marias</span> <span class='ocrx_word' id='word_1_251' title='bbox 757 3598 960 3667; x_wconf 88' lang='lat' dir='ltr'>sponte</span> <span class='ocrx_word' id='word_1_252' title='bbox 990 3599 1046 3651; x_wconf 90' lang='lat' dir='ltr'>et</span> <span class='ocrx_word' id='word_1_253' title='bbox 1072 3593 1396 3650; x_wconf 87' lang='lat' dir='ltr'>voluntarie</span> <span class='ocrx_word' id='word_1_254' title='bbox 1425 3593 1642 3665; x_wconf 89' lang='lat' dir='ltr'>pariter</span> <span class='ocrx_word' id='word_1_255' title='bbox 1680 3592 2075 3660; x_wconf 87' lang='lat' dir='ltr'>convenirent,</span> 
     </span>
    </p>
   </div>
   <div class='ocr_carea' id='block_1_40' title="bbox 439 3680 2072 3741">
    <p class='ocr_par' dir='ltr' id='par_1_40' title="bbox 439 3680 2072 3741">
     <span class='ocr_line' id='line_1_40' title="bbox 439 3680 2072 3741; baseline -0.002 0"><span class='ocrx_word' id='word_1_256' title='bbox 439 3690 496 3741; x_wconf 89' lang='lat' dir='ltr'>et</span> <span class='ocrx_word' id='word_1_257' title='bbox 533 3683 795 3740; x_wconf 84' lang='lat' dir='ltr'>divinum</span> <span class='ocrx_word' id='word_1_258' title='bbox 827 3683 1126 3739; x_wconf 85' lang='lat' dir='ltr'>servitium</span> <span class='ocrx_word' id='word_1_259' title='bbox 1158 3682 1513 3738; x_wconf 86' lang='lat' dir='ltr'>unanimiter</span> <span class='ocrx_word' id='word_1_260' title='bbox 1552 3682 1797 3737; x_wconf 90' lang='lat' dir='ltr'>Domino</span> <span class='ocrx_word' id='word_1_261' title='bbox 1836 3680 2072 3737; x_wconf 82' lang='lat' dir='ltr'>exhibe-</span> 
     </span>
    </p>
   </div>
   <div class='ocr_carea' id='block_1_41' title="bbox 439 3768 2072 3853">
    <p class='ocr_par' dir='ltr' id='par_1_41' title="bbox 439 3768 2072 3853">
     <span class='ocr_line' id='line_1_41' title="bbox 439 3768 2072 3853; baseline -0.002 -26"><span class='ocrx_word' id='word_1_262' title='bbox 439 3777 593 3853; x_wconf 84' lang='lat' dir='ltr'>rent;</span> <span class='ocrx_word' id='word_1_263' title='bbox 609 3773 713 3829; x_wconf 91' lang='lat' dir='ltr'>hoc</span> <span class='ocrx_word' id='word_1_264' title='bbox 731 3775 937 3828; x_wconf 76' lang='lat' dir='ltr'>nostrae</span> <span class='ocrx_word' id='word_1_265' title='bbox 952 3769 1266 3829; x_wconf 85' lang='lat' dir='ltr'>voluntatis</span> <span class='ocrx_word' id='word_1_266' title='bbox 1279 3770 1583 3825; x_wconf 88' lang='lat' dir='ltr'>arbitrium</span> <span class='ocrx_word' id='word_1_267' title='bbox 1612 3768 1913 3842; x_wconf 84' lang='lat' dir='ltr'>placuit,et</span> <span class='ocrx_word' id='word_1_268' title='bbox 1928 3770 2072 3842; x_wconf 91' lang='lat' dir='ltr'>ipse,</span> 
     </span>
    </p>
   </div>
   <div class='ocr_carea' id='block_1_42' title="bbox 438 3858 2073 3934">
    <p class='ocr_par' dir='ltr' id='par_1_42' title="bbox 438 3858 2073 3934">
     <span class='ocr_line' id='line_1_42' title="bbox 438 3858 2073 3934; baseline -0.004 -15"><span class='ocrx_word' id='word_1_269' title='bbox 438 3879 472 3918; x_wconf 87' lang='lat' dir='ltr'>a</span> <span class='ocrx_word' id='word_1_270' title='bbox 500 3879 615 3934; x_wconf 93' lang='lat' dir='ltr'>quo</span> <span class='ocrx_word' id='word_1_271' title='bbox 637 3877 809 3917; x_wconf 88' lang='lat' dir='ltr'>omne</span> <span class='ocrx_word' id='word_1_272' title='bbox 831 3861 1050 3916; x_wconf 91' lang='lat' dir='ltr'>bonum</span> <span class='ocrx_word' id='word_1_273' title='bbox 1072 3858 1349 3931; x_wconf 88' lang='lat' dir='ltr'>procedit,</span> <span class='ocrx_word' id='word_1_274' title='bbox 1382 3858 1488 3915; x_wconf 81' lang='lat' dir='ltr'>lioc</span> <span class='ocrx_word' id='word_1_275' title='bbox 1515 3876 1623 3913; x_wconf 86' lang='lat' dir='ltr'>sua</span> <span class='ocrx_word' id='word_1_276' title='bbox 1641 3858 1947 3913; x_wconf 89' lang='lat' dir='ltr'>clementia</span> <span class='ocrx_word' id='word_1_277' title='bbox 1971 3860 2073 3913; x_wconf 89' lang='lat' dir='ltr'>tri-</span> 
     </span>
    </p>
   </div>
   <div class='ocr_carea' id='block_1_43' title="bbox 435 3944 2074 4020">
    <p class='ocr_par' dir='ltr' id='par_1_43' title="bbox 435 3944 2074 4020">
     <span class='ocr_line' id='line_1_43' title="bbox 435 3944 2074 4020; baseline -0.002 -16"><span class='ocrx_word' id='word_1_278' title='bbox 435 3948 562 4005; x_wconf 92' lang='lat' dir='ltr'>buit</span> <span class='ocrx_word' id='word_1_279' title='bbox 581 3953 639 4007; x_wconf 89' lang='lat' dir='ltr'>et</span> <span class='ocrx_word' id='word_1_280' title='bbox 658 3947 963 4012; x_wconf 86' lang='lat' dir='ltr'>concessit,</span> <span class='ocrx_word' id='word_1_281' title='bbox 986 3946 1263 4020; x_wconf 88' lang='lat' dir='ltr'>quoniam</span> <span class='ocrx_word' id='word_1_282' title='bbox 1288 3946 1429 4019; x_wconf 89' lang='lat' dir='ltr'>ipse,</span> <span class='ocrx_word' id='word_1_283' title='bbox 1455 3946 1551 4017; x_wconf 89' lang='lat' dir='ltr'>qui</span> <span class='ocrx_word' id='word_1_284' title='bbox 1571 3947 1786 4001; x_wconf 83' lang='lat' dir='ltr'>bonam</span> <span class='ocrx_word' id='word_1_285' title='bbox 1806 3944 2074 4002; x_wconf 89' lang='lat' dir='ltr'>volunta-</span> 
     </span>
    </p>
   </div>
   <div class='ocr_carea' id='block_1_44' title="bbox 433 4034 2070 4108">
    <p class='ocr_par' dir='ltr' id='par_1_44' title="bbox 433 4034 2070 4108">
     <span class='ocr_line' id='line_1_44' title="bbox 433 4034 2070 4108; baseline -0.001 -16"><span class='ocrx_word' id='word_1_286' title='bbox 433 4041 550 4092; x_wconf 90' lang='lat' dir='ltr'>tem</span> <span class='ocrx_word' id='word_1_287' title='bbox 580 4035 841 4108; x_wconf 87' lang='lat' dir='ltr'>largitur,</span> <span class='ocrx_word' id='word_1_288' title='bbox 878 4035 1095 4107; x_wconf 68' lang='lat' dir='ltr'>prcebet</span> <span class='ocrx_word' id='word_1_289' title='bbox 1123 4040 1179 4089; x_wconf 91' lang='lat' dir='ltr'>et</span> <span class='ocrx_word' id='word_1_290' title='bbox 1199 4034 1554 4106; x_wconf 86' lang='lat' dir='ltr'>Operationis</span> <span class='ocrx_word' id='word_1_291' title='bbox 1587 4034 1745 4105; x_wconf 89' lang='lat' dir='ltr'>pium</span> <span class='ocrx_word' id='word_1_292' title='bbox 1778 4035 2070 4091; x_wconf 84' lang='lat' dir='ltr'>etl‘ectum.</span> 
     </span>
    </p>
   </div>
   <div class='ocr_carea' id='block_1_45' title="bbox 432 4122 2071 4195">
    <p class='ocr_par' dir='ltr' id='par_1_45' title="bbox 432 4122 2071 4195">
     <span class='ocr_line' id='line_1_45' title="bbox 432 4122 2071 4195; baseline -0.001 -14"><span class='ocrx_word' id='word_1_293' title='bbox 432 4123 771 4181; x_wconf 87' lang='lat' dir='ltr'>Convocatis</span> <span class='ocrx_word' id='word_1_294' title='bbox 794 4123 974 4195; x_wconf 85' lang='lat' dir='ltr'>igitur</span> <span class='ocrx_word' id='word_1_295' title='bbox 995 4124 1283 4187; x_wconf 86' lang='lat' dir='ltr'>universis</span> <span class='ocrx_word' id='word_1_296' title='bbox 1300 4122 1525 4179; x_wconf 89' lang='lat' dir='ltr'>clericis</span> <span class='ocrx_word' id='word_1_297' title='bbox 1545 4141 1659 4179; x_wconf 88' lang='lat' dir='ltr'>una</span> <span class='ocrx_word' id='word_1_298' title='bbox 1678 4142 1809 4180; x_wconf 91' lang='lat' dir='ltr'>cum</span> <span class='ocrx_word' id='word_1_299' title='bbox 1834 4124 2071 4179; x_wconf 91' lang='lat' dir='ltr'>domino</span> 
     </span>
    </p>
   </div>
   <div class='ocr_carea' id='block_1_46' title="bbox 430 4210 2071 4278">
    <p class='ocr_par' dir='ltr' id='par_1_46' title="bbox 430 4210 2071 4278">
     <span class='ocr_line' id='line_1_46' title="bbox 430 4210 2071 4278; baseline -0.001 -9"><span class='ocrx_word' id='word_1_300' title='bbox 430 4212 629 4271; x_wconf 84' lang='lat' dir='ltr'>Lando</span> <span class='ocrx_word' id='word_1_301' title='bbox 653 4211 1051 4268; x_wconf 89' lang='lat' dir='ltr'>illustrissimo</span> <span class='ocrx_word' id='word_1_302' title='bbox 1075 4210 1307 4278; x_wconf 69' lang='lat' dir='ltr'>comite,</span> <span class='ocrx_word' id='word_1_303' title='bbox 1336 4214 1392 4267; x_wconf 91' lang='lat' dir='ltr'>et</span> <span class='ocrx_word' id='word_1_304' title='bbox 1414 4218 1607 4268; x_wconf 89' lang='lat' dir='ltr'>nostro</span> <span class='ocrx_word' id='word_1_305' title='bbox 1632 4213 1907 4268; x_wconf 87' lang='lat' dir='ltr'>advocato</span> <span class='ocrx_word' id='word_1_306' title='bbox 1939 4213 2071 4268; x_wconf 90' lang='lat' dir='ltr'>Ber-</span> 
     </span>
    </p>
   </div>
   <div class='ocr_carea' id='block_1_47' title="bbox 430 4298 2068 4373">
    <p class='ocr_par' dir='ltr' id='par_1_47' title="bbox 430 4298 2068 4373">
     <span class='ocr_line' id='line_1_47' title="bbox 430 4298 2068 4373; baseline -0.001 -15"><span class='ocrx_word' id='word_1_307' title='bbox 430 4302 611 4358; x_wconf 89' lang='lat' dir='ltr'>nardo</span> <span class='ocrx_word' id='word_1_308' title='bbox 634 4300 849 4373; x_wconf 89' lang='lat' dir='ltr'>pariter</span> <span class='ocrx_word' id='word_1_309' title='bbox 869 4316 1001 4355; x_wconf 89' lang='lat' dir='ltr'>cum</span> <span class='ocrx_word' id='word_1_310' title='bbox 1023 4298 1183 4356; x_wconf 91' lang='lat' dir='ltr'>omni</span> <span class='ocrx_word' id='word_1_311' title='bbox 1215 4298 1426 4372; x_wconf 90' lang='lat' dir='ltr'>populo</span> <span class='ocrx_word' id='word_1_312' title='bbox 1458 4300 1724 4368; x_wconf 79' lang='lat' dir='ltr'>civitatis,</span> <span class='ocrx_word' id='word_1_313' title='bbox 1746 4307 1952 4356; x_wconf 72' lang='lat' dir='ltr'>nostra:</span> <span class='ocrx_word' id='word_1_314' title='bbox 1972 4318 2068 4357; x_wconf 92' lang='lat' dir='ltr'>vo-</span> 
     </span>
    </p>
   </div>
   <div class='ocr_carea' id='block_1_48' title="bbox 426 4388 2067 4461">
    <p class='ocr_par' dir='ltr' id='par_1_48' title="bbox 426 4388 2067 4461">
     <span class='ocr_line' id='line_1_48' title="bbox 426 4388 2067 4461; baseline -0.002 -14"><span class='ocrx_word' id='word_1_315' title='bbox 426 4390 671 4447; x_wconf 89' lang='lat' dir='ltr'>luntatis</span> <span class='ocrx_word' id='word_1_316' title='bbox 699 4389 1002 4447; x_wconf 86' lang='lat' dir='ltr'>arbitrium</span> <span class='ocrx_word' id='word_1_317' title='bbox 1053 4388 1467 4456; x_wconf 88' lang='lat' dir='ltr'>disseruimus,</span> <span class='ocrx_word' id='word_1_318' title='bbox 1513 4395 1569 4445; x_wconf 89' lang='lat' dir='ltr'>et</span> <span class='ocrx_word' id='word_1_319' title='bbox 1612 4389 1976 4461; x_wconf 88' lang='lat' dir='ltr'>propositum</span> <span class='ocrx_word' id='word_1_320' title='bbox 2010 4390 2067 4445; x_wconf 91' lang='lat' dir='ltr'>in</span> 
     </span>
    </p>
   </div>
   <div class='ocr_carea' id='block_1_49' title="bbox 428 4476 2068 4550">
    <p class='ocr_par' dir='ltr' id='par_1_49' title="bbox 428 4476 2068 4550">
     <span class='ocr_line' id='line_1_49' title="bbox 428 4476 2068 4550; baseline -0.002 -13"><span class='ocrx_word' id='word_1_321' title='bbox 428 4484 622 4537; x_wconf 89' lang='lat' dir='ltr'>mente</span> <span class='ocrx_word' id='word_1_322' title='bbox 651 4481 993 4550; x_wconf 87' lang='lat' dir='ltr'>conceptum</span> <span class='ocrx_word' id='word_1_323' title='bbox 1027 4476 1145 4534; x_wconf 89' lang='lat' dir='ltr'>illis</span> <span class='ocrx_word' id='word_1_324' title='bbox 1192 4477 1464 4534; x_wconf 90' lang='lat' dir='ltr'>omnibus</span> <span class='ocrx_word' id='word_1_325' title='bbox 1493 4478 1621 4534; x_wconf 90' lang='lat' dir='ltr'>viva</span> <span class='ocrx_word' id='word_1_326' title='bbox 1667 4494 1806 4534; x_wconf 90' lang='lat' dir='ltr'>voce</span> <span class='ocrx_word' id='word_1_327' title='bbox 1844 4478 2068 4550; x_wconf 86' lang='lat' dir='ltr'>aperire</span> 
     </span>
    </p>
   </div>
   <div class='ocr_carea' id='block_1_50' title="bbox 428 4566 2065 4638">
    <p class='ocr_par' dir='ltr' id='par_1_50' title="bbox 428 4566 2065 4638">
     <span class='ocr_line' id='line_1_50' title="bbox 428 4566 2065 4638; baseline -0.004 -11"><span class='ocrx_word' id='word_1_328' title='bbox 428 4568 781 4633; x_wconf 79' lang='lat' dir='ltr'>curavimus,</span> <span class='ocrx_word' id='word_1_329' title='bbox 816 4572 880 4623; x_wconf 91' lang='lat' dir='ltr'>ut</span> <span class='ocrx_word' id='word_1_330' title='bbox 911 4566 1057 4623; x_wconf 91' lang='lat' dir='ltr'>nihil</span> <span class='ocrx_word' id='word_1_331' title='bbox 1088 4566 1146 4622; x_wconf 92' lang='lat' dir='ltr'>in</span> <span class='ocrx_word' id='word_1_332' title='bbox 1179 4567 1350 4622; x_wconf 89' lang='lat' dir='ltr'>domo</span> <span class='ocrx_word' id='word_1_333' title='bbox 1382 4566 1611 4622; x_wconf 90' lang='lat' dir='ltr'>Domini</span> <span class='ocrx_word' id='word_1_334' title='bbox 1642 4567 1862 4638; x_wconf 87' lang='lat' dir='ltr'>absque</span> <span class='ocrx_word' id='word_1_335' title='bbox 1892 4566 2065 4638; x_wconf 88' lang='lat' dir='ltr'>digno</span> 
     </span>
    </p>
   </div>
   <div class='ocr_carea' id='block_1_51' title="bbox 427 4654 2064 4728">
    <p class='ocr_par' dir='ltr' id='par_1_51' title="bbox 427 4654 2064 4728">
     <span class='ocr_line' id='line_1_51' title="bbox 427 4654 2064 4728; baseline -0.002 -15"><span class='ocrx_word' id='word_1_336' title='bbox 427 4658 671 4717; x_wconf 91' lang='lat' dir='ltr'>consilio</span> <span class='ocrx_word' id='word_1_337' title='bbox 694 4658 815 4723; x_wconf 85' lang='lat' dir='ltr'>ﬁat,</span> <span class='ocrx_word' id='word_1_338' title='bbox 839 4655 979 4728; x_wconf 86' lang='lat' dir='ltr'>quia</span> <span class='ocrx_word' id='word_1_339' title='bbox 1023 4655 1310 4728; x_wconf 89' lang='lat' dir='ltr'>scriptum</span> <span class='ocrx_word' id='word_1_340' title='bbox 1337 4660 1427 4711; x_wconf 91' lang='lat' dir='ltr'>est</span> <span class='ocrx_word' id='word_1_341' title='bbox 1454 4673 1466 4711; x_wconf 89' lang='lat'>:</span> <span class='ocrx_word' id='word_1_342' title='bbox 1496 4678 1523 4704; x_wconf 90' lang='grc'><strong>‹‹</strong></span> <span class='ocrx_word' id='word_1_343' title='bbox 1558 4654 1765 4710; x_wconf 89' lang='lat' dir='ltr'>Omnia</span> <span class='ocrx_word' id='word_1_344' title='bbox 1804 4655 1891 4709; x_wconf 86' lang='lat' dir='ltr'>fac</span> <span class='ocrx_word' id='word_1_345' title='bbox 1930 4671 2064 4710; x_wconf 93' lang='lat' dir='ltr'>cum</span> 
     </span>
    </p>
   </div>
   <div class='ocr_carea' id='block_1_52' title="bbox 425 4743 2063 4817">
    <p class='ocr_par' dir='ltr' id='par_1_52' title="bbox 425 4743 2063 4817">
     <span class='ocr_line' id='line_1_52' title="bbox 425 4743 2063 4817; baseline -0.001 -15"><span class='ocrx_word' id='word_1_346' title='bbox 425 4746 689 4813; x_wconf 87' lang='lat' dir='ltr'>consilio,</span> <span class='ocrx_word' id='word_1_347' title='bbox 719 4750 777 4802; x_wconf 90' lang='lat' dir='ltr'>et</span> <span class='ocrx_word' id='word_1_348' title='bbox 806 4749 937 4817; x_wconf 88' lang='lat' dir='ltr'>post</span> <span class='ocrx_word' id='word_1_349' title='bbox 966 4746 1182 4800; x_wconf 87' lang='lat' dir='ltr'>factum</span> <span class='ocrx_word' id='word_1_350' title='bbox 1208 4760 1322 4801; x_wconf 89' lang='lat' dir='ltr'>non</span> <span class='ocrx_word' id='word_1_351' title='bbox 1354 4743 1677 4817; x_wconf 88' lang='lat' dir='ltr'>pecnitebis.</span> <span class='ocrx_word' id='word_1_352' title='bbox 1718 4766 1744 4791; x_wconf 87' lang='grc'><strong>››</strong></span> <span class='ocrx_word' id='word_1_353' title='bbox 1777 4743 2063 4800; x_wconf 80' lang='lat' dir='ltr'>Patefacto</span> 
     </span>
    </p>
   </div>
   <div class='ocr_carea' id='block_1_53' title="bbox 424 4832 2060 4905">
    <p class='ocr_par' dir='ltr' id='par_1_53' title="bbox 424 4832 2060 4905">
     <span class='ocr_line' id='line_1_53' title="bbox 424 4832 2060 4905; baseline -0.002 -16"><span class='ocrx_word' id='word_1_354' title='bbox 424 4834 676 4905; x_wconf 88' lang='lat' dir='ltr'>denique</span> <span class='ocrx_word' id='word_1_355' title='bbox 697 4833 961 4901; x_wconf 90' lang='lat' dir='ltr'>consilio,</span> <span class='ocrx_word' id='word_1_356' title='bbox 992 4833 1237 4905; x_wconf 89' lang='lat' dir='ltr'>dignum</span> <span class='ocrx_word' id='word_1_357' title='bbox 1266 4834 1564 4904; x_wconf 81' lang='lat' dir='ltr'>etjustum</span> <span class='ocrx_word' id='word_1_358' title='bbox 1596 4832 1786 4888; x_wconf 89' lang='lat' dir='ltr'>visum</span> <span class='ocrx_word' id='word_1_359' title='bbox 1817 4836 1904 4888; x_wconf 90' lang='lat' dir='ltr'>est</span> <span class='ocrx_word' id='word_1_360' title='bbox 1933 4832 2060 4888; x_wconf 89' lang='lat' dir='ltr'>uni-</span> 
     </span>
    </p>
   </div>
   <div class='ocr_carea' id='block_1_54' title="bbox 423 4920 2061 4994">
    <p class='ocr_par' dir='ltr' id='par_1_54' title="bbox 423 4920 2061 4994">
     <span class='ocr_line' id='line_1_54' title="bbox 423 4920 2061 4994; baseline -0.001 -17"><span class='ocrx_word' id='word_1_361' title='bbox 423 4920 603 4979; x_wconf 87' lang='lat' dir='ltr'>versis</span> <span class='ocrx_word' id='word_1_362' title='bbox 636 4939 706 4976; x_wconf 92' lang='lat' dir='ltr'>ne</span> <span class='ocrx_word' id='word_1_363' title='bbox 739 4920 927 4976; x_wconf 90' lang='lat' dir='ltr'>clerici</span> <span class='ocrx_word' id='word_1_364' title='bbox 959 4937 1061 4993; x_wconf 90' lang='lat' dir='ltr'>per</span> <span class='ocrx_word' id='word_1_365' title='bbox 1089 4920 1317 4978; x_wconf 89' lang='lat' dir='ltr'>diversa</span> <span class='ocrx_word' id='word_1_366' title='bbox 1343 4926 1638 4994; x_wconf 87' lang='lat' dir='ltr'>vagantes,</span> <span class='ocrx_word' id='word_1_367' title='bbox 1672 4926 1728 4977; x_wconf 90' lang='lat' dir='ltr'>et</span> <span class='ocrx_word' id='word_1_368' title='bbox 1758 4920 2061 4976; x_wconf 64' lang='lat' dir='ltr'>saeculares</span> 
     </span>
    </p>
   </div>
   <div class='ocr_carea' id='block_1_55' title="bbox 423 5008 2060 5081">
    <p class='ocr_par' dir='ltr' id='par_1_55' title="bbox 423 5008 2060 5081">
     <span class='ocr_line' id='line_1_55' title="bbox 423 5008 2060 5081; baseline 0.001 -18"><span class='ocrx_word' id='word_1_369' title='bbox 423 5025 593 5065; x_wconf 86' lang='lat' dir='ltr'>curas</span> <span class='ocrx_word' id='word_1_370' title='bbox 615 5014 788 5079; x_wconf 90' lang='lat' dir='ltr'>atque</span> <span class='ocrx_word' id='word_1_371' title='bbox 801 5008 1221 5064; x_wconf 79' lang='lat' dir='ltr'>sollicitudines</span> <span class='ocrx_word' id='word_1_372' title='bbox 1235 5013 1758 5081; x_wconf 88' lang='lat' dir='ltr'>sempergerentes,</span> <span class='ocrx_word' id='word_1_373' title='bbox 1784 5010 1841 5064; x_wconf 92' lang='lat' dir='ltr'>in</span> <span class='ocrx_word' id='word_1_374' title='bbox 1865 5010 2060 5065; x_wconf 88' lang='lat' dir='ltr'>divino</span> 
     </span>
    </p>
   </div>
   <div class='ocr_carea' id='block_1_56' title="bbox 422 5094 2058 5170">
    <p class='ocr_par' dir='ltr' id='par_1_56' title="bbox 422 5094 2058 5170">
     <span class='ocr_line' id='line_1_56' title="bbox 422 5094 2058 5170; baseline 0.002 -19"><span class='ocrx_word' id='word_1_375' title='bbox 422 5114 483 5151; x_wconf 92' lang='lat' dir='ltr'>se</span> <span class='ocrx_word' id='word_1_376' title='bbox 514 5094 795 5151; x_wconf 77' lang='lat' dir='ltr'>famulatu</span> <span class='ocrx_word' id='word_1_377' title='bbox 839 5111 1099 5151; x_wconf 84' lang='lat' dir='ltr'>exercere</span> <span class='ocrx_word' id='word_1_378' title='bbox 1143 5103 1316 5167; x_wconf 90' lang='lat' dir='ltr'>prout</span> <span class='ocrx_word' id='word_1_379' title='bbox 1344 5098 1619 5153; x_wconf 85' lang='lat' dir='ltr'>condecet</span> <span class='ocrx_word' id='word_1_380' title='bbox 1659 5098 1897 5153; x_wconf 89' lang='lat' dir='ltr'>minime</span> <span class='ocrx_word' id='word_1_381' title='bbox 1927 5115 2058 5170; x_wconf 90' lang='lat' dir='ltr'>pos-</span> 
     </span>
    </p>
   </div>
   <div class='ocr_carea' id='block_1_57' title="bbox 422 5182 2056 5257">
    <p class='ocr_par' dir='ltr' id='par_1_57' title="bbox 422 5182 2056 5257">
     <span class='ocr_line' id='line_1_57' title="bbox 422 5182 2056 5257; baseline -0.001 -15"><span class='ocrx_word' id='word_1_382' title='bbox 422 5190 579 5251; x_wconf 89' lang='lat' dir='ltr'>sent;</span> <span class='ocrx_word' id='word_1_383' title='bbox 598 5184 838 5257; x_wconf 89' lang='lat' dir='ltr'>proinde</span> <span class='ocrx_word' id='word_1_384' title='bbox 858 5182 1049 5238; x_wconf 86' lang='lat' dir='ltr'>clerici</span> <span class='ocrx_word' id='word_1_385' title='bbox 1073 5184 1544 5251; x_wconf 84' lang='lat' dir='ltr'>consiliohabito,</span> <span class='ocrx_word' id='word_1_386' title='bbox 1566 5186 1803 5256; x_wconf 88' lang='lat' dir='ltr'>quidam</span> <span class='ocrx_word' id='word_1_387' title='bbox 1827 5203 1894 5241; x_wconf 80' lang='lat' dir='ltr'>ex</span> <span class='ocrx_word' id='word_1_388' title='bbox 1914 5185 2056 5257; x_wconf 92' lang='lat' dir='ltr'>ipsis</span> 
     </span>
    </p>
   </div>
   <div class='ocr_carea' id='block_1_58' title="bbox 2101 2530 3879 2610">
    <p class='ocr_par' dir='ltr' id='par_1_58' title="bbox 2101 2530 3879 2610">
     <span class='ocr_line' id='line_1_58' title="bbox 2101 2530 3879 2610; baseline 0.002 -25"><span class='ocrx_word' id='word_1_389' title='bbox 2101 2535 2147 2600; x_wconf 85' lang='grc' dir='ltr'><strong>Β</strong></span> <span class='ocrx_word' id='word_1_390' title='bbox 2250 2531 2530 2587; x_wconf 84' lang='lat' dir='ltr'>lliomncs</span> <span class='ocrx_word' id='word_1_391' title='bbox 2544 2530 2887 2587; x_wconf 89' lang='lat' dir='ltr'>rationabile</span> <span class='ocrx_word' id='word_1_392' title='bbox 2901 2532 3258 2606; x_wconf 89' lang='lat' dir='ltr'>obsequium</span> <span class='ocrx_word' id='word_1_393' title='bbox 3279 2540 3367 2592; x_wconf 91' lang='lat' dir='ltr'>Do</span> <span class='ocrx_word' id='word_1_394' title='bbox 3378 2537 3555 2593; x_wconf 89' lang='lat' dir='ltr'>mino</span> <span class='ocrx_word' id='word_1_395' title='bbox 3571 2550 3879 2610; x_wconf 64' lang='lat' dir='ltr'>repraesen-</span> 
     </span>
    </p>
   </div>
   <div class='ocr_carea' id='block_1_59' title="bbox 2184 2620 3873 2682">
    <p class='ocr_par' dir='ltr' id='par_1_59' title="bbox 2184 2620 3873 2682">
     <span class='ocr_line' id='line_1_59' title="bbox 2184 2620 3873 2682; baseline 0.002 -8"><span class='ocrx_word' id='word_1_396' title='bbox 2184 2624 2375 2675; x_wconf 84' lang='lat' dir='ltr'>tantes</span> <span class='ocrx_word' id='word_1_397' title='bbox 2390 2625 2452 2675; x_wconf 88' lang='lat' dir='ltr'>ut</span> <span class='ocrx_word' id='word_1_398' title='bbox 2473 2620 2842 2676; x_wconf 88' lang='lat' dir='ltr'>ambularent</span> <span class='ocrx_word' id='word_1_399' title='bbox 2866 2621 2921 2675; x_wconf 92' lang='lat' dir='ltr'>in</span> <span class='ocrx_word' id='word_1_400' title='bbox 2936 2622 3112 2678; x_wconf 90' lang='lat' dir='ltr'>domo</span> <span class='ocrx_word' id='word_1_401' title='bbox 3136 2623 3390 2681; x_wconf 92' lang='lat' dir='ltr'>Domini</span> <span class='ocrx_word' id='word_1_402' title='bbox 3412 2643 3561 2682; x_wconf 90' lang='lat' dir='ltr'>cum</span> <span class='ocrx_word' id='word_1_403' title='bbox 3585 2640 3873 2682; x_wconf 90' lang='lat' dir='ltr'>consensu</span> 
     </span>
    </p>
   </div>
   <div class='ocr_carea' id='block_1_60' title="bbox 2185 2708 3872 2772">
    <p class='ocr_par' dir='ltr' id='par_1_60' title="bbox 2185 2708 3872 2772">
     <span class='ocr_line' id='line_1_60' title="bbox 2185 2708 3872 2772; baseline 0.002 -9"><span class='ocrx_word' id='word_1_404' title='bbox 2185 2709 2255 2763; x_wconf 86' lang='lat' dir='ltr'>ad</span> <span class='ocrx_word' id='word_1_405' title='bbox 2287 2708 2465 2763; x_wconf 88' lang='lat' dir='ltr'>altare</span> <span class='ocrx_word' id='word_1_406' title='bbox 2497 2714 2707 2764; x_wconf 75' lang='lat' dir='ltr'>sancta:</span> <span class='ocrx_word' id='word_1_407' title='bbox 2739 2709 2838 2765; x_wconf 91' lang='lat' dir='ltr'>Dei</span> <span class='ocrx_word' id='word_1_408' title='bbox 2885 2708 3198 2768; x_wconf 90' lang='lat' dir='ltr'>Genitricis</span> <span class='ocrx_word' id='word_1_409' title='bbox 3229 2731 3375 2772; x_wconf 89' lang='lat' dir='ltr'>sese</span> <span class='ocrx_word' id='word_1_410' title='bbox 3418 2731 3571 2770; x_wconf 88' lang='lat' dir='ltr'>cum</span> <span class='ocrx_word' id='word_1_411' title='bbox 3601 2713 3872 2770; x_wconf 85' lang='lat' dir='ltr'>omnibus</span> 
     </span>
    </p>
   </div>
   <div class='ocr_carea' id='block_1_61' title="bbox 2184 2796 3869 2875">
    <p class='ocr_par' dir='ltr' id='par_1_61' title="bbox 2184 2796 3869 2875">
     <span class='ocr_line' id='line_1_61' title="bbox 2184 2796 3869 2875; baseline 0.001 -23"><span class='ocrx_word' id='word_1_412' title='bbox 2184 2798 2308 2853; x_wconf 91' lang='lat' dir='ltr'>suis</span> <span class='ocrx_word' id='word_1_413' title='bbox 2347 2798 2522 2852; x_wconf 86' lang='lat' dir='ltr'>rebus</span> <span class='ocrx_word' id='word_1_414' title='bbox 2573 2797 2868 2853; x_wconf 89' lang='lat' dir='ltr'>humiliter</span> <span class='ocrx_word' id='word_1_415' title='bbox 2914 2796 3281 2858; x_wconf 88' lang='lat' dir='ltr'>obtulerunt.</span> <span class='ocrx_word' id='word_1_416' title='bbox 3344 2802 3459 2859; x_wconf 84' lang='lat' dir='ltr'>His</span> <span class='ocrx_word' id='word_1_417' title='bbox 3503 2803 3591 2858; x_wconf 83' lang='lat' dir='ltr'>ita</span> <span class='ocrx_word' id='word_1_418' title='bbox 3630 2799 3869 2875; x_wconf 84' lang='lat' dir='ltr'>peractis</span> 
     </span>
    </p>
   </div>
   <div class='ocr_carea' id='block_1_62' title="bbox 2186 2885 3870 2963">
    <p class='ocr_par' dir='ltr' id='par_1_62' title="bbox 2186 2885 3870 2963">
     <span class='ocr_line' id='line_1_62' title="bbox 2186 2885 3870 2963; baseline 0.001 -23"><span class='ocrx_word' id='word_1_419' title='bbox 2186 2890 2542 2963; x_wconf 83' lang='lat' dir='ltr'>memoratus</span> <span class='ocrx_word' id='word_1_420' title='bbox 2586 2903 2780 2941; x_wconf 90' lang='lat' dir='ltr'>comes</span> <span class='ocrx_word' id='word_1_421' title='bbox 2811 2885 2970 2943; x_wconf 91' lang='lat' dir='ltr'>omni</span> <span class='ocrx_word' id='word_1_422' title='bbox 3011 2887 3230 2961; x_wconf 89' lang='lat' dir='ltr'>populo</span> <span class='ocrx_word' id='word_1_423' title='bbox 3263 2892 3409 2947; x_wconf 85' lang='lat' dir='ltr'>sibi.</span> <span class='ocrx_word' id='word_1_424' title='bbox 3436 2890 3732 2963; x_wconf 89' lang='lat' dir='ltr'>adjuncto</span> <span class='ocrx_word' id='word_1_425' title='bbox 3762 2902 3870 2943; x_wconf 76' lang='lat' dir='ltr'>una</span> 
     </span>
    </p>
   </div>
   <div class='ocr_carea' id='block_1_63' title="bbox 2184 2974 3865 3054">
    <p class='ocr_par' dir='ltr' id='par_1_63' title="bbox 2184 2974 3865 3054">
     <span class='ocr_line' id='line_1_63' title="bbox 2184 2974 3865 3054; baseline 0.003 -25"><span class='ocrx_word' id='word_1_426' title='bbox 2184 2991 2317 3029; x_wconf 90' lang='lat' dir='ltr'>cum</span> <span class='ocrx_word' id='word_1_427' title='bbox 2348 2974 2639 3045; x_wconf 73' lang='lat' dir='ltr'>praedictis</span> <span class='ocrx_word' id='word_1_428' title='bbox 2661 2974 2882 3030; x_wconf 83' lang='lat' dir='ltr'>clericis</span> <span class='ocrx_word' id='word_1_429' title='bbox 2904 2976 3203 3049; x_wconf 89' lang='lat' dir='ltr'>supplices</span> <span class='ocrx_word' id='word_1_430' title='bbox 3227 2979 3416 3037; x_wconf 89' lang='lat' dir='ltr'>nobis</span> <span class='ocrx_word' id='word_1_431' title='bbox 3454 2997 3668 3054; x_wconf 87' lang='lat' dir='ltr'>preces</span> <span class='ocrx_word' id='word_1_432' title='bbox 3700 2978 3865 3049; x_wconf 86' lang='lat' dir='ltr'>depo-</span> 
     </span>
    </p>
   </div>
   <div class='ocr_carea' id='block_1_64' title="bbox 2185 3063 3862 3142">
    <p class='ocr_par' dir='ltr' id='par_1_64' title="bbox 2185 3063 3862 3142">
     <span class='ocr_line' id='line_1_64' title="bbox 2185 3063 3862 3142; baseline 0.002 -26"><span class='ocrx_word' id='word_1_433' title='bbox 2185 3067 2445 3128; x_wconf 89' lang='lat' dir='ltr'>suerunt,</span> <span class='ocrx_word' id='word_1_434' title='bbox 2480 3063 2759 3119; x_wconf 88' lang='lat' dir='ltr'>attentius</span> <span class='ocrx_word' id='word_1_435' title='bbox 2790 3071 3097 3125; x_wconf 79' lang='lat' dir='ltr'>exerentes</span> <span class='ocrx_word' id='word_1_436' title='bbox 3125 3071 3192 3123; x_wconf 91' lang='lat' dir='ltr'>ut</span> <span class='ocrx_word' id='word_1_437' title='bbox 3220 3071 3354 3125; x_wconf 85' lang='lat' dir='ltr'>tam</span> <span class='ocrx_word' id='word_1_438' title='bbox 3389 3068 3481 3124; x_wconf 91' lang='lat' dir='ltr'>illi</span> <span class='ocrx_word' id='word_1_439' title='bbox 3519 3068 3626 3142; x_wconf 91' lang='lat' dir='ltr'>qui</span> <span class='ocrx_word' id='word_1_440' title='bbox 3659 3084 3723 3123; x_wconf 90' lang='lat' dir='ltr'>se</span> <span class='ocrx_word' id='word_1_441' title='bbox 3744 3067 3862 3138; x_wconf 86' lang='lat' dir='ltr'>jam</span> 
     </span>
    </p>
   </div>
   <div class='ocr_carea' id='block_1_65' title="bbox 2185 3149 3858 3231">
    <p class='ocr_par' dir='ltr' id='par_1_65' title="bbox 2185 3149 3858 3231">
     <span class='ocr_line' id='line_1_65' title="bbox 2185 3149 3858 3231; baseline 0.001 -27"><span class='ocrx_word' id='word_1_442' title='bbox 2185 3151 2255 3205; x_wconf 87' lang='lat' dir='ltr'>ad</span> <span class='ocrx_word' id='word_1_443' title='bbox 2288 3149 2554 3205; x_wconf 63' lang='lat' dir='ltr'>Ecclesiae</span> <span class='ocrx_word' id='word_1_444' title='bbox 2585 3151 2872 3223; x_wconf 83' lang='lat' dir='ltr'>gremium</span> <span class='ocrx_word' id='word_1_445' title='bbox 2898 3153 3301 3224; x_wconf 87' lang='lat' dir='ltr'>contulerunt,</span> <span class='ocrx_word' id='word_1_446' title='bbox 3336 3175 3533 3231; x_wconf 89' lang='lat' dir='ltr'>quam</span> <span class='ocrx_word' id='word_1_447' title='bbox 3567 3161 3627 3213; x_wconf 90' lang='lat' dir='ltr'>et</span> <span class='ocrx_word' id='word_1_448' title='bbox 3654 3149 3858 3228; x_wconf 86' lang='lat' dir='ltr'>posteri</span> 
     </span>
    </p>
   </div>
   <div class='ocr_carea' id='block_1_66' title="bbox 2184 3239 3859 3314">
    <p class='ocr_par' dir='ltr' id='par_1_66' title="bbox 2184 3239 3859 3314">
     <span class='ocr_line' id='line_1_66' title="bbox 2184 3239 3859 3314; baseline 0.001 -20"><span class='ocrx_word' id='word_1_449' title='bbox 2184 3240 2283 3311; x_wconf 90' lang='lat' dir='ltr'>qui</span> <span class='ocrx_word' id='word_1_450' title='bbox 2306 3256 2503 3295; x_wconf 89' lang='lat' dir='ltr'>eorum</span> <span class='ocrx_word' id='word_1_451' title='bbox 2530 3239 2743 3295; x_wconf 81' lang='lat' dir='ltr'>fuerint</span> <span class='ocrx_word' id='word_1_452' title='bbox 2768 3241 3013 3314; x_wconf 88' lang='lat' dir='ltr'>vestigia</span> <span class='ocrx_word' id='word_1_453' title='bbox 3034 3245 3300 3300; x_wconf 89' lang='lat' dir='ltr'>secuturi</span> <span class='ocrx_word' id='word_1_454' title='bbox 3332 3252 3559 3303; x_wconf 85' lang='lat' dir='ltr'>nostra</span> <span class='ocrx_word' id='word_1_455' title='bbox 3578 3244 3859 3302; x_wconf 82' lang='lat' dir='ltr'>discussa-</span> 
     </span>
    </p>
   </div>
   <div class='ocr_carea' id='block_1_67' title="bbox 2183 3328 3852 3403">
    <p class='ocr_par' dir='ltr' id='par_1_67' title="bbox 2183 3328 3852 3403">
     <span class='ocr_line' id='line_1_67' title="bbox 2183 3328 3852 3403; baseline 0 -21"><span class='ocrx_word' id='word_1_456' title='bbox 2183 3333 2311 3383; x_wconf 89' lang='lat' dir='ltr'>rent</span> <span class='ocrx_word' id='word_1_457' title='bbox 2335 3345 2347 3383; x_wconf 92' lang='lat'>:</span> <span class='ocrx_word' id='word_1_458' title='bbox 2381 3344 2630 3399; x_wconf 88' lang='lat' dir='ltr'>quorum</span> <span class='ocrx_word' id='word_1_459' title='bbox 2654 3344 2852 3399; x_wconf 89' lang='lat' dir='ltr'>preces</span> <span class='ocrx_word' id='word_1_460' title='bbox 2872 3330 3125 3403; x_wconf 90' lang='lat' dir='ltr'>benigno</span> <span class='ocrx_word' id='word_1_461' title='bbox 3149 3332 3397 3402; x_wconf 85' lang='lat' dir='ltr'>pietatis</span> <span class='ocrx_word' id='word_1_462' title='bbox 3431 3328 3658 3389; x_wconf 83' lang='lat' dir='ltr'>intuitu</span> <span class='ocrx_word' id='word_1_463' title='bbox 3681 3332 3852 3388; x_wconf 84' lang='lat' dir='ltr'>atten-</span> 
     </span>
    </p>
   </div>
   <div class='ocr_carea' id='block_1_68' title="bbox 2183 3416 3851 3489">
    <p class='ocr_par' dir='ltr' id='par_1_68' title="bbox 2183 3416 3851 3489">
     <span class='ocr_line' id='line_1_68' title="bbox 2183 3416 3851 3489; baseline 0 -20"><span class='ocrx_word' id='word_1_464' title='bbox 2183 3417 2406 3481; x_wconf 86' lang='lat' dir='ltr'>dentes,</span> <span class='ocrx_word' id='word_1_465' title='bbox 2430 3416 2672 3487; x_wconf 89' lang='lat' dir='ltr'>dignum</span> <span class='ocrx_word' id='word_1_466' title='bbox 2689 3433 2785 3472; x_wconf 90' lang='lat' dir='ltr'>eos</span> <span class='ocrx_word' id='word_1_467' title='bbox 2808 3416 3084 3473; x_wconf 80' lang='lat' dir='ltr'>duximus</span> <span class='ocrx_word' id='word_1_468' title='bbox 3106 3421 3407 3477; x_wconf 83' lang='lat' dir='ltr'>exaudiri.</span> <span class='ocrx_word' id='word_1_469' title='bbox 3433 3419 3608 3477; x_wconf 88' lang='lat' dir='ltr'>Unde</span> <span class='ocrx_word' id='word_1_470' title='bbox 3627 3418 3851 3489; x_wconf 78' lang='lat' dir='ltr'>accepto</span> 
     </span>
    </p>
   </div>
   <div class='ocr_carea' id='block_1_69' title="bbox 2184 3500 3847 3572">
    <p class='ocr_par' dir='ltr' id='par_1_69' title="bbox 2184 3500 3847 3572">
     <span class='ocr_line' id='line_1_69' title="bbox 2184 3500 3847 3572; baseline -0.002 -12"><span class='ocrx_word' id='word_1_471' title='bbox 2184 3510 2239 3560; x_wconf 89' lang='lat' dir='ltr'>et</span> <span class='ocrx_word' id='word_1_472' title='bbox 2270 3504 2584 3559; x_wconf 80' lang='lat' dir='ltr'>deliberate</span> <span class='ocrx_word' id='word_1_473' title='bbox 2615 3503 2877 3572; x_wconf 92' lang='lat' dir='ltr'>consilio,</span> <span class='ocrx_word' id='word_1_474' title='bbox 2911 3505 3101 3563; x_wconf 83' lang='lat' dir='ltr'>eidem</span> <span class='ocrx_word' id='word_1_475' title='bbox 3134 3514 3364 3565; x_wconf 78' lang='lat' dir='ltr'>sanctae</span> <span class='ocrx_word' id='word_1_476' title='bbox 3389 3509 3501 3567; x_wconf 91' lang='lat' dir='ltr'>Dei</span> <span class='ocrx_word' id='word_1_477' title='bbox 3534 3500 3847 3565; x_wconf 80' lang='lat' dir='ltr'>Genetricis</span> 
     </span>
    </p>
   </div>
   <div class='ocr_carea' id='block_1_70' title="bbox 2183 3592 3847 3671">
    <p class='ocr_par' dir='ltr' id='par_1_70' title="bbox 2183 3592 3847 3671">
     <span class='ocr_line' id='line_1_70' title="bbox 2183 3592 3847 3671; baseline -0.001 -24"><span class='ocrx_word' id='word_1_478' title='bbox 2183 3592 2433 3647; x_wconf 68' lang='lat' dir='ltr'>ecclesiae</span> <span class='ocrx_word' id='word_1_479' title='bbox 2465 3592 2737 3647; x_wconf 90' lang='lat' dir='ltr'>omnibus</span> <span class='ocrx_word' id='word_1_480' title='bbox 2767 3595 3090 3664; x_wconf 88' lang='lat' dir='ltr'>canonicis,</span> <span class='ocrx_word' id='word_1_481' title='bbox 3134 3595 3295 3652; x_wconf 86' lang='lat' dir='ltr'>sicut</span> <span class='ocrx_word' id='word_1_482' title='bbox 3323 3595 3752 3671; x_wconf 63' lang='lat' dir='ltr'>praesentibus,</span> <span class='ocrx_word' id='word_1_483' title='bbox 3774 3592 3847 3647; x_wconf 75' lang='lat' dir='ltr'>ita</span> 
     </span>
    </p>
   </div>
   <div class='ocr_carea' id='block_1_71' title="bbox 2184 3672 3843 3758">
    <p class='ocr_par' dir='ltr' id='par_1_71' title="bbox 2184 3672 3843 3758">
     <span class='ocr_line' id='line_1_71' title="bbox 2184 3672 3843 3758; baseline -0.001 -22"><span class='ocrx_word' id='word_1_484' title='bbox 2184 3683 2355 3737; x_wconf 87' lang='lat' dir='ltr'>etiam</span> <span class='ocrx_word' id='word_1_485' title='bbox 2377 3687 2431 3736; x_wconf 92' lang='lat' dir='ltr'>ct</span> <span class='ocrx_word' id='word_1_486' title='bbox 2450 3681 2942 3754; x_wconf 88' lang='lat' dir='ltr'>subsequentibus</span> <span class='ocrx_word' id='word_1_487' title='bbox 2957 3685 3343 3741; x_wconf 88' lang='lat' dir='ltr'>concedimus</span> <span class='ocrx_word' id='word_1_488' title='bbox 3358 3692 3548 3758; x_wconf 90' lang='lat' dir='ltr'>atque</span> <span class='ocrx_word' id='word_1_489' title='bbox 3564 3672 3843 3740; x_wconf 77' lang='lat' dir='ltr'>donamus</span> 
     </span>
    </p>
   </div>
   <div class='ocr_carea' id='block_1_72' title="bbox 2183 3766 3841 3842">
    <p class='ocr_par' dir='ltr' id='par_1_72' title="bbox 2183 3766 3841 3842">
     <span class='ocr_line' id='line_1_72' title="bbox 2183 3766 3841 3842; baseline -0.001 -17"><span class='ocrx_word' id='word_1_490' title='bbox 2183 3770 2488 3825; x_wconf 87' lang='lat' dir='ltr'>ecclesiam</span> <span class='ocrx_word' id='word_1_491' title='bbox 2509 3770 2567 3824; x_wconf 92' lang='lat' dir='ltr'>S.</span> <span class='ocrx_word' id='word_1_492' title='bbox 2594 3770 2913 3839; x_wconf 86' lang='lat' dir='ltr'>Laurentii,</span> <span class='ocrx_word' id='word_1_493' title='bbox 2936 3772 2995 3827; x_wconf 91' lang='lat' dir='ltr'>S.</span> <span class='ocrx_word' id='word_1_494' title='bbox 3020 3772 3325 3842; x_wconf 88' lang='lat' dir='ltr'>Marciani,</span> <span class='ocrx_word' id='word_1_495' title='bbox 3346 3776 3409 3833; x_wconf 93' lang='lat' dir='ltr'>S.</span> <span class='ocrx_word' id='word_1_496' title='bbox 3430 3772 3637 3838; x_wconf 86' lang='lat' dir='ltr'>Blasii,</span> <span class='ocrx_word' id='word_1_497' title='bbox 3661 3772 3718 3827; x_wconf 84' lang='lat' dir='ltr'>S.</span> <span class='ocrx_word' id='word_1_498' title='bbox 3734 3766 3841 3839; x_wconf 78' lang='lat' dir='ltr'>Syl-</span> 
     </span>
    </p>
   </div>
   <div class='ocr_carea' id='block_1_73' title="bbox 2185 3853 3838 3931">
    <p class='ocr_par' dir='ltr' id='par_1_73' title="bbox 2185 3853 3838 3931">
     <span class='ocr_line' id='line_1_73' title="bbox 2185 3853 3838 3931; baseline 0.001 -19"><span class='ocrx_word' id='word_1_499' title='bbox 2185 3858 2379 3924; x_wconf 88' lang='lat' dir='ltr'>vestri,</span> <span class='ocrx_word' id='word_1_500' title='bbox 2396 3859 2452 3914; x_wconf 91' lang='lat' dir='ltr'>S.</span> <span class='ocrx_word' id='word_1_501' title='bbox 2471 3858 2642 3925; x_wconf 86' lang='lat' dir='ltr'>Petri,</span> <span class='ocrx_word' id='word_1_502' title='bbox 2660 3858 2716 3913; x_wconf 94' lang='lat' dir='ltr'>S.</span> <span class='ocrx_word' id='word_1_503' title='bbox 2733 3858 3033 3931; x_wconf 88' lang='lat' dir='ltr'>Stephani,</span> <span class='ocrx_word' id='word_1_504' title='bbox 3047 3865 3327 3919; x_wconf 90' lang='lat' dir='ltr'>etomnes</span> <span class='ocrx_word' id='word_1_505' title='bbox 3340 3862 3635 3921; x_wconf 88' lang='lat' dir='ltr'>ecclesias</span> <span class='ocrx_word' id='word_1_506' title='bbox 3652 3874 3775 3931; x_wconf 69' lang='lat' dir='ltr'>quae</span> <span class='ocrx_word' id='word_1_507' title='bbox 3788 3853 3838 3910; x_wconf 87' lang='lat' dir='ltr'>in</span> 
     </span>
    </p>
   </div>
   <div class='ocr_carea' id='block_1_74' title="bbox 2190 3938 3834 4022">
    <p class='ocr_par' dir='ltr' id='par_1_74' title="bbox 2190 3938 3834 4022">
     <span class='ocr_line' id='line_1_74' title="bbox 2190 3938 3834 4022; baseline -0.002 -21"><span class='ocrx_word' id='word_1_508' title='bbox 2190 3947 2404 4001; x_wconf 86' lang='lat' dir='ltr'>ﬁnibus</span> <span class='ocrx_word' id='word_1_509' title='bbox 2424 3946 2604 4000; x_wconf 70' lang='lat' dir='ltr'>Atinze</span> <span class='ocrx_word' id='word_1_510' title='bbox 2626 3945 2873 4002; x_wconf 89' lang='lat' dir='ltr'>civitatis</span> <span class='ocrx_word' id='word_1_511' title='bbox 2891 3948 3151 4004; x_wconf 90' lang='lat' dir='ltr'>construi</span> <span class='ocrx_word' id='word_1_512' title='bbox 3167 3956 3449 4022; x_wconf 86' lang='lat' dir='ltr'>possunt,</span> <span class='ocrx_word' id='word_1_513' title='bbox 3474 3948 3699 4007; x_wconf 79' lang='lat' dir='ltr'>scilicet</span> <span class='ocrx_word' id='word_1_514' title='bbox 3714 3938 3834 4000; x_wconf 80' lang='lat' dir='ltr'>cum</span> 
     </span>
    </p>
   </div>
   <div class='ocr_carea' id='block_1_75' title="bbox 2182 4034 3835 4106">
    <p class='ocr_par' dir='ltr' id='par_1_75' title="bbox 2182 4034 3835 4106">
     <span class='ocr_line' id='line_1_75' title="bbox 2182 4034 3835 4106; baseline -0.002 -16"><span class='ocrx_word' id='word_1_515' title='bbox 2182 4036 2447 4104; x_wconf 89' lang='lat' dir='ltr'>decimis,</span> <span class='ocrx_word' id='word_1_516' title='bbox 2482 4034 2756 4106; x_wconf 89' lang='lat' dir='ltr'>primitiis</span> <span class='ocrx_word' id='word_1_517' title='bbox 2787 4040 2842 4089; x_wconf 89' lang='lat' dir='ltr'>et</span> <span class='ocrx_word' id='word_1_518' title='bbox 2880 4036 3282 4096; x_wconf 88' lang='lat' dir='ltr'>oblationibus</span> <span class='ocrx_word' id='word_1_519' title='bbox 3305 4039 3577 4097; x_wconf 89' lang='lat' dir='ltr'>vivorum</span> <span class='ocrx_word' id='word_1_520' title='bbox 3611 4038 3668 4092; x_wconf 91' lang='lat' dir='ltr'>et</span> <span class='ocrx_word' id='word_1_521' title='bbox 3689 4048 3835 4089; x_wconf 87' lang='lat' dir='ltr'>mor-</span> 
     </span>
    </p>
   </div>
   <div class='ocr_carea' id='block_1_76' title="bbox 2182 4117 3830 4186">
    <p class='ocr_par' dir='ltr' id='par_1_76' title="bbox 2182 4117 3830 4186">
     <span class='ocr_line' id='line_1_76' title="bbox 2182 4117 3830 4186; baseline -0.005 -8"><span class='ocrx_word' id='word_1_522' title='bbox 2182 4130 2434 4180; x_wconf 90' lang='lat' dir='ltr'>tuorum.</span> <span class='ocrx_word' id='word_1_523' title='bbox 2456 4128 2731 4178; x_wconf 80' lang='lat' dir='ltr'>Praeterea</span> <span class='ocrx_word' id='word_1_524' title='bbox 2745 4124 2814 4178; x_wconf 92' lang='lat' dir='ltr'>ad</span> <span class='ocrx_word' id='word_1_525' title='bbox 2840 4123 3120 4182; x_wconf 84' lang='lat' dir='ltr'>honorem</span> <span class='ocrx_word' id='word_1_526' title='bbox 3141 4133 3359 4183; x_wconf 83' lang='lat' dir='ltr'>sanctae</span> <span class='ocrx_word' id='word_1_527' title='bbox 3385 4128 3491 4186; x_wconf 91' lang='lat' dir='ltr'>Dei</span> <span class='ocrx_word' id='word_1_528' title='bbox 3515 4117 3830 4183; x_wconf 87' lang='lat' dir='ltr'>Genitricis.</span> 
     </span>
    </p>
   </div>
   <div class='ocr_carea' id='block_1_77' title="bbox 2180 4204 3832 4287">
    <p class='ocr_par' dir='ltr' id='par_1_77' title="bbox 2180 4204 3832 4287">
     <span class='ocr_line' id='line_1_77' title="bbox 2180 4204 3832 4287; baseline -0.002 -20"><span class='ocrx_word' id='word_1_529' title='bbox 2180 4218 2236 4267; x_wconf 89' lang='lat' dir='ltr'>et</span> <span class='ocrx_word' id='word_1_530' title='bbox 2254 4214 2323 4269; x_wconf 91' lang='lat' dir='ltr'>ob</span> <span class='ocrx_word' id='word_1_531' title='bbox 2358 4211 2732 4269; x_wconf 87' lang='lat' dir='ltr'>reverentiam</span> <span class='ocrx_word' id='word_1_532' title='bbox 2755 4213 3015 4285; x_wconf 90' lang='lat' dir='ltr'>corporis</span> <span class='ocrx_word' id='word_1_533' title='bbox 3036 4213 3370 4272; x_wconf 87' lang='lat' dir='ltr'>beatissimi</span> <span class='ocrx_word' id='word_1_534' title='bbox 3390 4213 3670 4287; x_wconf 82' lang='lat' dir='ltr'>martyris</span> <span class='ocrx_word' id='word_1_535' title='bbox 3698 4204 3832 4265; x_wconf 83' lang='lat' dir='ltr'>Mar-</span> 
     </span>
    </p>
   </div>
   <div class='ocr_carea' id='block_1_78' title="bbox 2179 4293 3830 4372">
    <p class='ocr_par' dir='ltr' id='par_1_78' title="bbox 2179 4293 3830 4372">
     <span class='ocr_line' id='line_1_78' title="bbox 2179 4293 3830 4372; baseline -0.004 -17"><span class='ocrx_word' id='word_1_536' title='bbox 2179 4302 2251 4368; x_wconf 92' lang='lat' dir='ltr'>ci,</span> <span class='ocrx_word' id='word_1_537' title='bbox 2269 4300 2447 4372; x_wconf 78' lang='lat' dir='ltr'>hujus</span> <span class='ocrx_word' id='word_1_538' title='bbox 2458 4300 2710 4355; x_wconf 85' lang='lat' dir='ltr'>civitatis</span> <span class='ocrx_word' id='word_1_539' title='bbox 2724 4301 3419 4368; x_wconf 90' lang='lat' dir='ltr'>antistitis,concedimus</span> <span class='ocrx_word' id='word_1_540' title='bbox 3432 4303 3602 4360; x_wconf 85' lang='lat' dir='ltr'>vobis</span> <span class='ocrx_word' id='word_1_541' title='bbox 3615 4293 3830 4355; x_wconf 85' lang='lat' dir='ltr'>vestris-</span> 
     </span>
    </p>
   </div>
   <div class='ocr_carea' id='block_1_79' title="bbox 2178 4387 3824 4461">
    <p class='ocr_par' dir='ltr' id='par_1_79' title="bbox 2178 4387 3824 4461">
     <span class='ocr_line' id='line_1_79' title="bbox 2178 4387 3824 4461; baseline -0.004 -17"><span class='ocrx_word' id='word_1_542' title='bbox 2178 4406 2290 4461; x_wconf 88' lang='lat' dir='ltr'>que</span> <span class='ocrx_word' id='word_1_543' title='bbox 2321 4389 2757 4444; x_wconf 90' lang='lat' dir='ltr'>successoribus</span> <span class='ocrx_word' id='word_1_544' title='bbox 2789 4390 3054 4446; x_wconf 89' lang='lat' dir='ltr'>omnium</span> <span class='ocrx_word' id='word_1_545' title='bbox 3085 4399 3422 4451; x_wconf 88' lang='lat' dir='ltr'>vestrarum</span> <span class='ocrx_word' id='word_1_546' title='bbox 3453 4387 3824 4450; x_wconf 87' lang='lat' dir='ltr'>ecclesiarum</span> 
     </span>
    </p>
   </div>
   <div class='ocr_carea' id='block_1_80' title="bbox 2177 4478 3820 4549">
    <p class='ocr_par' dir='ltr' id='par_1_80' title="bbox 2177 4478 3820 4549">
     <span class='ocr_line' id='line_1_80' title="bbox 2177 4478 3820 4549; baseline 0.001 -16"><span class='ocrx_word' id='word_1_547' title='bbox 2177 4478 2572 4534; x_wconf 89' lang='lat' dir='ltr'>ordinationes</span> <span class='ocrx_word' id='word_1_548' title='bbox 2589 4478 2805 4549; x_wconf 89' lang='lat' dir='ltr'>pariter</span> <span class='ocrx_word' id='word_1_549' title='bbox 2825 4482 2881 4534; x_wconf 88' lang='lat' dir='ltr'>et</span> <span class='ocrx_word' id='word_1_550' title='bbox 2901 4481 3217 4538; x_wconf 88' lang='lat' dir='ltr'>canonicas</span> <span class='ocrx_word' id='word_1_551' title='bbox 3240 4484 3604 4540; x_wconf 86' lang='lat' dir='ltr'>sanctiones.</span> <span class='ocrx_word' id='word_1_552' title='bbox 3629 4479 3820 4534; x_wconf 74' lang='grc' dir='ltr'>ϐοηθο-</span> 
     </span>
    </p>
   </div>
   <div class='ocr_carea' id='block_1_81' title="bbox 2176 4566 3818 4641">
    <p class='ocr_par' dir='ltr' id='par_1_81' title="bbox 2176 4566 3818 4641">
     <span class='ocr_line' id='line_1_81' title="bbox 2176 4566 3818 4641; baseline -0.002 -20"><span class='ocrx_word' id='word_1_553' title='bbox 2176 4566 2371 4622; x_wconf 88' lang='lat' dir='ltr'>dimus</span> <span class='ocrx_word' id='word_1_554' title='bbox 2397 4566 2635 4639; x_wconf 89' lang='lat' dir='ltr'>insuper</span> <span class='ocrx_word' id='word_1_555' title='bbox 2654 4566 2817 4623; x_wconf 87' lang='lat' dir='ltr'>vobis</span> <span class='ocrx_word' id='word_1_556' title='bbox 2840 4572 2903 4623; x_wconf 91' lang='lat' dir='ltr'>ut</span> <span class='ocrx_word' id='word_1_557' title='bbox 2924 4569 3157 4641; x_wconf 89' lang='lat' dir='ltr'>quoties</span> <span class='ocrx_word' id='word_1_558' title='bbox 3184 4588 3291 4629; x_wconf 89' lang='lat' dir='ltr'>nos</span> <span class='ocrx_word' id='word_1_559' title='bbox 3323 4574 3415 4629; x_wconf 90' lang='lat' dir='ltr'>vel</span> <span class='ocrx_word' id='word_1_560' title='bbox 3438 4576 3668 4629; x_wconf 86' lang='lat' dir='ltr'>nostros</span> <span class='ocrx_word' id='word_1_561' title='bbox 3697 4576 3818 4620; x_wconf 89' lang='lat' dir='ltr'>suc-</span> 
     </span>
    </p>
   </div>
   <div class='ocr_carea' id='block_1_82' title="bbox 2174 4646 3817 4727">
    <p class='ocr_par' dir='ltr' id='par_1_82' title="bbox 2174 4646 3817 4727">
     <span class='ocr_line' id='line_1_82' title="bbox 2174 4646 3817 4727; baseline -0.002 -17"><span class='ocrx_word' id='word_1_562' title='bbox 2174 4672 2434 4711; x_wconf 89' lang='lat' dir='ltr'>cessores</span> <span class='ocrx_word' id='word_1_563' title='bbox 2465 4655 2736 4712; x_wconf 88' lang='lat' dir='ltr'>absentes</span> <span class='ocrx_word' id='word_1_564' title='bbox 2768 4656 3076 4727; x_wconf 81' lang='lat' dir='ltr'>fuerimus,</span> <span class='ocrx_word' id='word_1_565' title='bbox 3110 4676 3179 4715; x_wconf 84' lang='lat' dir='ltr'>ex</span> <span class='ocrx_word' id='word_1_566' title='bbox 3211 4667 3429 4718; x_wconf 58' lang='lat' dir='ltr'>nostris</span> <span class='ocrx_word' id='word_1_567' title='bbox 3474 4646 3817 4718; x_wconf 66' lang='lat' dir='ltr'>auctoritati!</span> 
     </span>
    </p>
   </div>
   <div class='ocr_carea' id='block_1_83' title="bbox 2174 4740 3814 4819">
    <p class='ocr_par' dir='ltr' id='par_1_83' title="bbox 2174 4740 3814 4819">
     <span class='ocr_line' id='line_1_83' title="bbox 2174 4740 3814 4819; baseline -0.002 -20"><span class='ocrx_word' id='word_1_568' title='bbox 2174 4745 2363 4799; x_wconf 89' lang='lat' dir='ltr'>ofﬁcio</span> <span class='ocrx_word' id='word_1_569' title='bbox 2395 4745 2698 4815; x_wconf 90' lang='lat' dir='ltr'>potestatis</span> <span class='ocrx_word' id='word_1_570' title='bbox 2728 4743 3156 4817; x_wconf 90' lang='lat' dir='ltr'>plenitudinem</span> <span class='ocrx_word' id='word_1_571' title='bbox 3177 4748 3449 4811; x_wconf 79' lang='lat' dir='ltr'>habeatis</span> <span class='ocrx_word' id='word_1_572' title='bbox 3474 4770 3487 4819; x_wconf 88' lang='lat'>;</span> <span class='ocrx_word' id='word_1_573' title='bbox 3522 4752 3586 4805; x_wconf 91' lang='lat' dir='ltr'>ut</span> <span class='ocrx_word' id='word_1_574' title='bbox 3613 4740 3814 4816; x_wconf 81' lang='lat' dir='ltr'>episco-</span> 
     </span>
    </p>
   </div>
   <div class='ocr_carea' id='block_1_84' title="bbox 2173 4823 3813 4910">
    <p class='ocr_par' dir='ltr' id='par_1_84' title="bbox 2173 4823 3813 4910">
     <span class='ocr_line' id='line_1_84' title="bbox 2173 4823 3813 4910; baseline -0.004 -23"><span class='ocrx_word' id='word_1_575' title='bbox 2173 4831 2285 4904; x_wconf 87' lang='lat' dir='ltr'>pali</span> <span class='ocrx_word' id='word_1_576' title='bbox 2309 4833 2445 4903; x_wconf 89' lang='lat' dir='ltr'>jure</span> <span class='ocrx_word' id='word_1_577' title='bbox 2467 4832 2809 4888; x_wconf 89' lang='lat' dir='ltr'>clericorum</span> <span class='ocrx_word' id='word_1_578' title='bbox 2828 4834 3127 4904; x_wconf 89' lang='lat' dir='ltr'>judicium</span> <span class='ocrx_word' id='word_1_579' title='bbox 3150 4836 3209 4892; x_wconf 91' lang='lat' dir='ltr'>in</span> <span class='ocrx_word' id='word_1_580' title='bbox 3231 4844 3427 4896; x_wconf 85' lang='lat' dir='ltr'>vestro</span> <span class='ocrx_word' id='word_1_581' title='bbox 3452 4831 3701 4910; x_wconf 87' lang='lat' dir='ltr'>capitulo</span> <span class='ocrx_word' id='word_1_582' title='bbox 3719 4823 3813 4881; x_wconf 82' lang='lat' dir='ltr'>ob-</span> 
     </span>
    </p>
   </div>
   <div class='ocr_carea' id='block_1_85' title="bbox 2172 4910 3807 4998">
    <p class='ocr_par' dir='ltr' id='par_1_85' title="bbox 2172 4910 3807 4998">
     <span class='ocr_line' id='line_1_85' title="bbox 2172 4910 3807 4998; baseline -0.002 -23"><span class='ocrx_word' id='word_1_583' title='bbox 2172 4922 2422 4987; x_wconf 90' lang='lat' dir='ltr'>tineatis,</span> <span class='ocrx_word' id='word_1_584' title='bbox 2455 4927 2511 4976; x_wconf 90' lang='lat' dir='ltr'>et</span> <span class='ocrx_word' id='word_1_585' title='bbox 2542 4922 2611 4977; x_wconf 89' lang='lat' dir='ltr'>de</span> <span class='ocrx_word' id='word_1_586' title='bbox 2642 4921 2930 4978; x_wconf 89' lang='lat' dir='ltr'>universis</span> <span class='ocrx_word' id='word_1_587' title='bbox 2970 4925 3406 4998; x_wconf 89' lang='lat' dir='ltr'>criminalibus,</span> <span class='ocrx_word' id='word_1_588' title='bbox 3438 4921 3695 4984; x_wconf 89' lang='lat' dir='ltr'>videlicet</span> <span class='ocrx_word' id='word_1_589' title='bbox 3744 4910 3807 4966; x_wconf 69' lang='lat' dir='ltr'>de</span> 
     </span>
    </p>
   </div>
   <div class='ocr_carea' id='block_1_86' title="bbox 2171 4998 3805 5089">
    <p class='ocr_par' dir='ltr' id='par_1_86' title="bbox 2171 4998 3805 5089">
     <span class='ocr_line' id='line_1_86' title="bbox 2171 4998 3805 5089; baseline -0.001 -26"><span class='ocrx_word' id='word_1_590' title='bbox 2171 5009 2559 5064; x_wconf 80' lang='lat' dir='ltr'>matrimoniis</span> <span class='ocrx_word' id='word_1_591' title='bbox 2617 5009 3007 5066; x_wconf 78' lang='lat' dir='ltr'>dissolvendis</span> <span class='ocrx_word' id='word_1_592' title='bbox 3039 5012 3125 5067; x_wconf 89' lang='lat' dir='ltr'>vel</span> <span class='ocrx_word' id='word_1_593' title='bbox 3181 5010 3635 5089; x_wconf 84' lang='lat' dir='ltr'>conjungendis,</span> <span class='ocrx_word' id='word_1_594' title='bbox 3663 5008 3715 5062; x_wconf 72' lang='lat' dir='ltr'>et</span> <span class='ocrx_word' id='word_1_595' title='bbox 3740 4998 3805 5077; x_wconf 63' lang='lat' dir='ltr'>d9</span> 
     </span>
    </p>
   </div>
   <div class='ocr_carea' id='block_1_87' title="bbox 2168 5089 3798 5173">
    <p class='ocr_par' dir='ltr' id='par_1_87' title="bbox 2168 5089 3798 5173">
     <span class='ocr_line' id='line_1_87' title="bbox 2168 5089 3798 5173; baseline 0.006 -22"><span class='ocrx_word' id='word_1_596' title='bbox 2168 5097 2646 5170; x_wconf 89' lang='lat' dir='ltr'>oppressionibus</span> <span class='ocrx_word' id='word_1_597' title='bbox 2688 5099 2964 5155; x_wconf 90' lang='lat' dir='ltr'>canonice</span> <span class='ocrx_word' id='word_1_598' title='bbox 3003 5102 3370 5171; x_wconf 76' lang='lat' dir='ltr'>judicandis.</span> <span class='ocrx_word' id='word_1_599' title='bbox 3422 5104 3491 5161; x_wconf 83' lang='lat' dir='ltr'>Et</span> <span class='ocrx_word' id='word_1_600' title='bbox 3536 5103 3598 5157; x_wconf 89' lang='lat' dir='ltr'>ut</span> <span class='ocrx_word' id='word_1_601' title='bbox 3641 5089 3798 5173; x_wconf 61' lang='lat' dir='ltr'>hall”</span> 
     </span>
    </p>
   </div>
   <div class='ocr_carea' id='block_1_88' title="bbox 2167 5175 3801 5258">
    <p class='ocr_par' dir='ltr' id='par_1_88' title="bbox 2167 5175 3801 5258">
     <span class='ocr_line' id='line_1_88' title="bbox 2167 5175 3801 5258; baseline 0.004 -18"><span class='ocrx_word' id='word_1_602' title='bbox 2167 5191 2377 5241; x_wconf 76' lang='lat' dir='ltr'>nostra:</span> <span class='ocrx_word' id='word_1_603' title='bbox 2408 5185 2633 5258; x_wconf 70' lang='lat' dir='ltr'>paginae</span> <span class='ocrx_word' id='word_1_604' title='bbox 2672 5186 3153 5256; x_wconf 84' lang='lat' dir='ltr'>instrumentum,</span> <span class='ocrx_word' id='word_1_605' title='bbox 3187 5189 3345 5248; x_wconf 90' lang='lat' dir='ltr'>sicut</span> <span class='ocrx_word' id='word_1_606' title='bbox 3391 5200 3447 5252; x_wconf 91' lang='lat' dir='ltr'>et</span> <span class='ocrx_word' id='word_1_607' title='bbox 3467 5183 3701 5249; x_wconf 61' lang='lat' dir='ltr'>anobis.</span> <span class='ocrx_word' id='word_1_608' title='bbox 3729 5175 3801 5229; x_wconf 68' lang='grc' dir='ltr'>ίί⁸</span> 
     </span>
    </p>
   </div>
   <div class='ocr_carea' id='block_1_89' title="bbox 419 5255 3794 5348">
    <p class='ocr_par' dir='ltr' id='par_1_89' title="bbox 419 5255 3794 5348">
     <span class='ocr_line' id='line_1_89' title="bbox 419 5255 3794 5348; baseline -0.001 -21"><span class='ocrx_word' id='word_1_609' title='bbox 419 5290 536 5329; x_wconf 90' lang='lat' dir='ltr'>non</span> <span class='ocrx_word' id='word_1_610' title='bbox 567 5271 732 5326; x_wconf 89' lang='lat' dir='ltr'>inviti</span> <span class='ocrx_word' id='word_1_611' title='bbox 766 5287 952 5342; x_wconf 89' lang='lat' dir='ltr'>neque</span> <span class='ocrx_word' id='word_1_612' title='bbox 982 5272 1161 5327; x_wconf 88' lang='lat' dir='ltr'>coacti</span> <span class='ocrx_word' id='word_1_613' title='bbox 1200 5272 1269 5326; x_wconf 87' lang='lat' dir='ltr'>ad</span> <span class='ocrx_word' id='word_1_614' title='bbox 1308 5272 1567 5327; x_wconf 69' lang='lat' dir='ltr'>Ecclesiae</span> <span class='ocrx_word' id='word_1_615' title='bbox 1600 5273 1898 5329; x_wconf 86' lang='lat' dir='ltr'>servitium</span> <span class='ocrx_word' id='word_1_616' title='bbox 1929 5255 2059 5348; x_wconf 81' lang='lat' dir='ltr'>gra-</span> <span class='ocrx_word' id='word_1_617' title='bbox 2091 5255 2134 5319; x_wconf 80' lang='lat' dir='ltr'>D</span> <span class='ocrx_word' id='word_1_618' title='bbox 2165 5275 2341 5329; x_wconf 87' lang='lat' dir='ltr'>etiam</span> <span class='ocrx_word' id='word_1_619' title='bbox 2373 5255 2875 5331; x_wconf 45' lang='lat' dir='ltr'>iii—successoribus</span> <span class='ocrx_word' id='word_1_620' title='bbox 2918 5255 3143 5333; x_wconf 10' lang='lat' dir='ltr'>nostris?</span> <span class='ocrx_word' id='word_1_621' title='bbox 3170 5278 3415 5339; x_wconf 87' lang='lat' dir='ltr'>ﬁrmum</span> <span class='ocrx_word' id='word_1_622' title='bbox 3444 5290 3501 5337; x_wconf 90' lang='lat' dir='ltr'>et</span> <span class='ocrx_word' id='word_1_623' title='bbox 3528 5273 3794 5335; x_wconf 84' lang='lat' dir='ltr'>illibatum</span> 
     </span>
    </p>
   </div>
   <div class='ocr_carea' id='block_1_90' title="bbox 419 5358 2056 5429">
    <p class='ocr_par' dir='ltr' id='par_1_90' title="bbox 419 5358 2056 5429">
     <span class='ocr_line' id='line_1_90' title="bbox 419 5358 2056 5429; baseline 0.002 -15"><span class='ocrx_word' id='word_1_624' title='bbox 419 5359 567 5415; x_wconf 90' lang='lat' dir='ltr'>tuito</span> <span class='ocrx_word' id='word_1_625' title='bbox 600 5364 827 5429; x_wconf 86' lang='lat' dir='ltr'>pectore</span> <span class='ocrx_word' id='word_1_626' title='bbox 857 5365 914 5414; x_wconf 91' lang='lat' dir='ltr'>et</span> <span class='ocrx_word' id='word_1_627' title='bbox 946 5358 1169 5415; x_wconf 85' lang='lat' dir='ltr'>sincera</span> <span class='ocrx_word' id='word_1_628' title='bbox 1218 5358 1516 5414; x_wconf 88' lang='lat' dir='ltr'>voluntate</span> <span class='ocrx_word' id='word_1_629' title='bbox 1566 5377 1629 5414; x_wconf 91' lang='lat' dir='ltr'>se</span> <span class='ocrx_word' id='word_1_630' title='bbox 1660 5362 2056 5429; x_wconf 81' lang='lat' dir='ltr'>contulerunt,</span> 
     </span>
    </p>
   </div>
   <div class='ocr_carea' id='block_1_91' title="bbox 414 5445 2054 5518">
    <p class='ocr_par' dir='ltr' id='par_1_91' title="bbox 414 5445 2054 5518">
     <span class='ocr_line' id='line_1_91' title="bbox 414 5445 2054 5518; baseline 0.004 -17"><span class='ocrx_word' id='word_1_631' title='bbox 414 5445 684 5501; x_wconf 84' lang='lat' dir='ltr'>videlicet</span> <span class='ocrx_word' id='word_1_632' title='bbox 733 5448 970 5511; x_wconf 88' lang='lat' dir='ltr'>Theoto,</span> <span class='ocrx_word' id='word_1_633' title='bbox 1027 5447 1302 5518; x_wconf 84' lang='lat' dir='ltr'>Angelus,</span> <span class='ocrx_word' id='word_1_634' title='bbox 1370 5446 1644 5514; x_wconf 88' lang='lat' dir='ltr'>Joannes,</span> <span class='ocrx_word' id='word_1_635' title='bbox 1705 5448 2054 5518; x_wconf 86' lang='lat' dir='ltr'>Almundus,</span> 
     </span>
    </p>
   </div>
   <div class='ocr_carea' id='block_1_92' title="bbox 414 5532 2055 5599">
    <p class='ocr_par' dir='ltr' id='par_1_92' title="bbox 414 5532 2055 5599">
     <span class='ocr_line' id='line_1_92' title="bbox 414 5532 2055 5599; baseline 0.004 -13"><span class='ocrx_word' id='word_1_636' title='bbox 414 5532 709 5596; x_wconf 87' lang='lat' dir='ltr'>Albertus,</span> <span class='ocrx_word' id='word_1_637' title='bbox 731 5533 1006 5596; x_wconf 85' lang='lat' dir='ltr'>Joannes,</span> <span class='ocrx_word' id='word_1_638' title='bbox 1029 5532 1157 5599; x_wconf 87' lang='lat' dir='ltr'>Leo,</span> <span class='ocrx_word' id='word_1_639' title='bbox 1186 5532 1548 5597; x_wconf 88' lang='lat' dir='ltr'>Benedictus,</span> <span class='ocrx_word' id='word_1_640' title='bbox 1573 5533 1775 5591; x_wconf 85' lang='lat' dir='ltr'>Petrus</span> <span class='ocrx_word' id='word_1_641' title='bbox 1796 5541 1852 5591; x_wconf 87' lang='lat' dir='ltr'>et</span> <span class='ocrx_word' id='word_1_642' title='bbox 1877 5537 2055 5593; x_wconf 85' lang='lat' dir='ltr'>Joan-</span> 
     </span>
    </p>
   </div>
   <div class='ocr_carea' id='block_1_93' title="bbox 415 5615 2058 5688">
    <p class='ocr_par' dir='ltr' id='par_1_93' title="bbox 415 5615 2058 5688">
     <span class='ocr_line' id='line_1_93' title="bbox 415 5615 2058 5688; baseline 0.009 -20"><span class='ocrx_word' id='word_1_643' title='bbox 415 5631 525 5673; x_wconf 87' lang='lat' dir='ltr'>nes</span> <span class='ocrx_word' id='word_1_644' title='bbox 557 5615 893 5686; x_wconf 77' lang='lat' dir='ltr'>presbyteri,</span> <span class='ocrx_word' id='word_1_645' title='bbox 911 5622 968 5672; x_wconf 88' lang='lat' dir='ltr'>et</span> <span class='ocrx_word' id='word_1_646' title='bbox 988 5617 1331 5674; x_wconf 86' lang='lat' dir='ltr'>Benedictus</span> <span class='ocrx_word' id='word_1_647' title='bbox 1351 5618 1815 5688; x_wconf 88' lang='lat' dir='ltr'>archidiaconus,</span> <span class='ocrx_word' id='word_1_648' title='bbox 1841 5631 1894 5678; x_wconf 92' lang='lat' dir='ltr'>et</span> <span class='ocrx_word' id='word_1_649' title='bbox 1917 5625 2058 5682; x_wconf 90' lang='lat' dir='ltr'>Gre-</span> 
     </span>
    </p>
   </div>
   <div class='ocr_carea' id='block_1_94' title="bbox 410 5700 2055 5781">
    <p class='ocr_par' dir='ltr' id='par_1_94' title="bbox 410 5700 2055 5781">
     <span class='ocr_line' id='line_1_94' title="bbox 410 5700 2055 5781; baseline 0.007 -24"><span class='ocrx_word' id='word_1_650' title='bbox 410 5700 643 5781; x_wconf 83' lang='lat' dir='ltr'>gorius,</span> <span class='ocrx_word' id='word_1_651' title='bbox 693 5701 939 5769; x_wconf 79' lang='lat' dir='ltr'>Murcus,</span> <span class='ocrx_word' id='word_1_652' title='bbox 982 5704 1317 5775; x_wconf 85' lang='lat' dir='ltr'>primicerii,</span> <span class='ocrx_word' id='word_1_653' title='bbox 1368 5705 1704 5766; x_wconf 87' lang='lat' dir='ltr'>Dominicus</span> <span class='ocrx_word' id='word_1_654' title='bbox 1736 5715 1791 5765; x_wconf 88' lang='lat' dir='ltr'>et</span> <span class='ocrx_word' id='word_1_655' title='bbox 1829 5713 2055 5770; x_wconf 84' lang='lat' dir='ltr'>Atinus.</span> 
     </span>
    </p>
   </div>
   <div class='ocr_carea' id='block_1_95' title="bbox 2167 5355 3792 5441">
    <p class='ocr_par' dir='ltr' id='par_1_95' title="bbox 2167 5355 3792 5441">
     <span class='ocr_line' id='line_1_95' title="bbox 2167 5355 3792 5441; baseline -0.004 -24"><span class='ocrx_word' id='word_1_656' title='bbox 2167 5364 2224 5417; x_wconf 92' lang='lat' dir='ltr'>in</span> <span class='ocrx_word' id='word_1_657' title='bbox 2261 5369 2604 5434; x_wconf 88' lang='lat' dir='ltr'>perpetuum</span> <span class='ocrx_word' id='word_1_658' title='bbox 2627 5369 3029 5432; x_wconf 87' lang='lat' dir='ltr'>conservetur,</span> <span class='ocrx_word' id='word_1_659' title='bbox 3053 5366 3393 5441; x_wconf 76' lang='lat' dir='ltr'>obligemus</span> <span class='ocrx_word' id='word_1_660' title='bbox 3424 5364 3529 5425; x_wconf 86' lang='lat' dir='ltr'>nos</span> <span class='ocrx_word' id='word_1_661' title='bbox 3549 5368 3601 5420; x_wconf 90' lang='lat' dir='ltr'>et</span> <span class='ocrx_word' id='word_1_662' title='bbox 3627 5355 3792 5441; x_wconf 56' lang='lat' dir='ltr'>postef</span> 
     </span>
    </p>
   </div>
   <div class='ocr_carea' id='block_1_96' title="bbox 2168 5438 3790 5529">
    <p class='ocr_par' dir='ltr' id='par_1_96' title="bbox 2168 5438 3790 5529">
     <span class='ocr_line' id='line_1_96' title="bbox 2168 5438 3790 5529; baseline 0.002 -23"><span class='ocrx_word' id='word_1_663' title='bbox 2168 5468 2262 5506; x_wconf 87' lang='lat' dir='ltr'>ros</span> <span class='ocrx_word' id='word_1_664' title='bbox 2291 5458 2521 5508; x_wconf 87' lang='lat' dir='ltr'>nostros</span> <span class='ocrx_word' id='word_1_665' title='bbox 2545 5451 2715 5507; x_wconf 68' lang='lat' dir='ltr'>curiae</span> <span class='ocrx_word' id='word_1_666' title='bbox 2740 5459 2973 5508; x_wconf 86' lang='lat' dir='ltr'>centum</span> <span class='ocrx_word' id='word_1_667' title='bbox 3001 5438 3201 5511; x_wconf 76' lang='lat' dir='ltr'>libras</span> <span class='ocrx_word' id='word_1_668' title='bbox 3220 5456 3348 5513; x_wconf 90' lang='lat' dir='ltr'>auri</span> <span class='ocrx_word' id='word_1_669' title='bbox 3383 5458 3727 5529; x_wconf 70' lang='lat' dir='ltr'>componere.</span> <span class='ocrx_word' id='word_1_670' title='bbox 3743 5438 3790 5492; x_wconf 65' lang='lat'>9‘</span> 
     </span>
    </p>
   </div>
   <div class='ocr_carea' id='block_1_97' title="bbox 2170 5529 3789 5614">
    <p class='ocr_par' dir='ltr' id='par_1_97' title="bbox 2170 5529 3789 5614">
     <span class='ocr_line' id='line_1_97' title="bbox 2170 5529 3789 5614; baseline -0.006 -23"><span class='ocrx_word' id='word_1_671' title='bbox 2170 5538 2279 5593; x_wconf 83' lang='lat' dir='ltr'>hoc</span> <span class='ocrx_word' id='word_1_672' title='bbox 2328 5539 2505 5595; x_wconf 78' lang='lat' dir='ltr'>simili</span> <span class='ocrx_word' id='word_1_673' title='bbox 2565 5541 2733 5595; x_wconf 86' lang='lat' dir='ltr'>modo</span> <span class='ocrx_word' id='word_1_674' title='bbox 2799 5543 3121 5614; x_wconf 82' lang='lat' dir='ltr'>eodemque</span> <span class='ocrx_word' id='word_1_675' title='bbox 3181 5529 3789 5603; x_wconf 86' lang='lat' dir='ltr'>tenoreinviolabilitet‘</span> 
     </span>
    </p>
   </div>
   <div class='ocr_carea' id='block_1_98' title="bbox 2169 5615 3787 5703">
    <p class='ocr_par' dir='ltr' id='par_1_98' title="bbox 2169 5615 3787 5703">
     <span class='ocr_line' id='line_1_98' title="bbox 2169 5615 3787 5703; baseline -0.007 -21"><span class='ocrx_word' id='word_1_676' title='bbox 2169 5634 2561 5685; x_wconf 78' lang='lat' dir='ltr'>conservetur.</span> <span class='ocrx_word' id='word_1_677' title='bbox 2597 5632 2756 5695; x_wconf 89' lang='lat' dir='ltr'>Quod</span> <span class='ocrx_word' id='word_1_678' title='bbox 2783 5628 2830 5685; x_wconf 87' lang='lat' dir='ltr'>si</span> <span class='ocrx_word' id='word_1_679' title='bbox 2858 5631 2987 5702; x_wconf 76' lang='lat' dir='ltr'>quis</span> <span class='ocrx_word' id='word_1_680' title='bbox 3018 5630 3196 5703; x_wconf 85' lang='lat' dir='ltr'>hujus</span> <span class='ocrx_word' id='word_1_681' title='bbox 3218 5638 3433 5691; x_wconf 68' lang='lat' dir='ltr'>nostras</span> <span class='ocrx_word' id='word_1_682' title='bbox 3462 5615 3787 5692; x_wconf 85' lang='lat' dir='ltr'>constitutio-</span> 
     </span>
    </p>
   </div>
   <div class='ocr_carea' id='block_1_99' title="bbox 2170 5705 3784 5790">
    <p class='ocr_par' dir='ltr' id='par_1_99' title="bbox 2170 5705 3784 5790">
     <span class='ocr_line' id='line_1_99' title="bbox 2170 5705 3784 5790; baseline -0.006 -21"><span class='ocrx_word' id='word_1_683' title='bbox 2170 5714 2261 5770; x_wconf 91' lang='lat' dir='ltr'>nis</span> <span class='ocrx_word' id='word_1_684' title='bbox 2292 5717 2584 5772; x_wconf 87' lang='lat' dir='ltr'>decretum</span> <span class='ocrx_word' id='word_1_685' title='bbox 2620 5717 2818 5790; x_wconf 86' lang='lat' dir='ltr'>aliqua</span> <span class='ocrx_word' id='word_1_686' title='bbox 2851 5718 3069 5775; x_wconf 78' lang='lat' dir='ltr'>ratione</span> <span class='ocrx_word' id='word_1_687' title='bbox 3100 5735 3250 5778; x_wconf 87' lang='lat' dir='ltr'>ausu</span> <span class='ocrx_word' id='word_1_688' title='bbox 3273 5721 3578 5781; x_wconf 87' lang='lat' dir='ltr'>temerario</span> <span class='ocrx_word' id='word_1_689' title='bbox 3605 5705 3784 5772; x_wconf 87' lang='lat' dir='ltr'>infrin-</span> 
     </span>
    </p>
   </div>
  </div>
