3952 6368
215 437 396 505 1429

1317 433 1582 498 SERMO
1627 430 1728 495 DE
1773 427 2150 494 PASSIONE
2193 431 2262 493 B.
2309 427 2578 494 MARCI.

3494 433 3650 495 1430

214 577 461 650 species
494 576 712 642 formae,
733 573 952 631 candor
982 576 1039 630 et
1067 573 1264 630 rIJbor.
1287 572 1448 628 Unde
1465 571 1642 628 David
1667 571 1736 627 de
1757 571 1885 641 ejus
1913 566 1969 632 Α
2000 590 2034 630 a
2049 572 2226 630 David
2242 589 2428 646 usque
2448 573 2516 629 ad
2535 569 3111 644 transmigrationem
3141 568 3474 643 Babylonis,
3489 576 3653 628 sexta

213 667 427 741 specie
453 667 538 723 sic
570 665 684 721 ait:
719 688 747 715 ‹‹
779 665 1091 737 Speciosus
1124 664 1310 720 forma
1341 680 1454 735 prae
1502 661 1640 717 filiis
1689 660 1882 716 homi-

213 773 377 813 num
404 775 417 824 ;
447 780 474 805 ››
495 756 553 810 in
577 755 825 811 candore
847 769 1079 809 carnem
1097 753 1438 825 virgineam,
1455 752 1512 805 in
1535 751 1744 806 rubore
1763 767 1884 822 my-

218 847 482 903 sterium
515 843 828 901 Dominicis
851 843 1162 914 passionis.
1203 843 1281 897 De
1305 843 1410 897 hac
1432 841 1658 896 viviﬁca
1697 840 1888 895 hostia

217 945 350 993 tres
373 939 570 1008 partes
591 934 799 990 exinde
823 933 960 988 facit
981 933 1276 995 sacerdos,
1295 931 1547 1002 primam
1572 931 1628 985 in
1655 933 1884 1000 patena,

220 1027 557 1084 secundam
590 1025 648 1078 in
677 1023 852 1078 calice
884 1022 1068 1094 ponit,
1092 1021 1322 1076 tertiam
1345 1021 1470 1091 ipse
1491 1020 1762 1075 sacerdos
1789 1036 1886 1073 su-

222 1117 385 1172 mit:
417 1115 608 1187 prima
641 1130 793 1184 pars,
830 1129 954 1182 qua:
986 1112 1043 1165 in
1077 1116 1286 1182 patena
1318 1110 1572 1181 ponitur,
1598 1109 1890 1181 significat

223 1205 702 1263 Incarnationem
739 1202 863 1256 Filii
899 1202 998 1256 Dei
1028 1219 1040 1266 ;
1075 1200 1352 1264 secunda,
1407 1216 1533 1269 qua:
1592 1198 1651 1253 in
1711 1197 1888 1253 calice

223 1296 494 1368 ponitur,
524 1310 735 1366 corpus
766 1289 1204 1362 incorruptibile
1237 1290 1388 1360 quod
1424 1290 1477 1342 in
1514 1288 1778 1359 sepulcro
1811 1287 1888 1343 la-

222 1385 386 1450 tuit;
425 1384 616 1449 tertia,
651 1398 828 1454 quam
861 1379 1132 1436 sacerdos
1164 1379 1394 1450 accipit,
1418 1377 1640 1454 Christi
1688 1394 1887 1432 resur‘

223 1476 551 1534 rectionem
582 1474 871 1546 designat.

787 1639 796 1646 -
850 1620 925 1671 De
955 1617 1147 1686 quarto
1173 1611 1280 1668 die.

312 1749 376 1803 In
396 1749 604 1819 quarto
621 1760 755 1798 vero
773 1756 1016 1797 numero
1039 1737 1359 1810 accipimus
1376 1737 1488 1808 ﬁgu
1499 1753 1620 1790 ram
1641 1737 1890 1806 quatuor

233 1835 611 1902 animalium,
637 1838 692 1888 et
714 1834 964 1904 quatuor
990 1833 1346 1892 rotarum,ac
1368 1829 1620 1898 quatuor
1640 1822 1889 1878 annulos

230 1943 420 1994 arcae;
458 1929 515 1981 et
545 1926 797 1994 quatuor
831 1916 1184 1991 principales
1215 1915 1482 2006 virtutes,
1516 1912 1888 1985 prudentiam
1921 1943 1968 2006 B

229 2016 462 2074 scilicet
490 2018 548 2069 et
596 2010 917 2083 justitiam,
982 2005 1383 2062 fortitudinem
1439 2009 1496 2058 et
1552 2008 1889 2073 temperan—

226 2107 381 2163 tiam
409 2123 423 2172 ;
454 2103 544 2157 vel
577 2104 829 2174 quatuor
861 2097 1063 2152 mundi
1097 2099 1329 2167 partes;
1363 2097 1463 2147 aut
1493 2091 1789 2147 hominem
1821 2105 1890 2144 ex

232 2199 495 2269 quatuor
523 2187 829 2246 elementis
860 2191 1119 2242 creatum
1146 2203 1158 2252 ;
1194 2188 1249 2239 et
1279 2187 1532 2254 quatuor
1562 2180 1891 2236 ﬂuminaex

233 2267 358 2341 uno
391 2281 663 2355 paradiso
695 2275 1013 2333 manantia.
1052 2276 1112 2329 In
1145 2277 1353 2345 quarto
1385 2271 1559 2327 ctiam
1593 2269 1716 2324 loco
1747 2267 1888 2323 scri-

234 2373 404 2431 bitur
431 2371 574 2426 illud
609 2368 763 2439 quod
792 2371 943 2420 Deus
973 2363 1154 2418 dixit:
1191 2387 1217 2412 «
1247 2362 1371 2417 Fiat
1392 2360 1510 2429 lux,
1534 2364 1592 2414 et
1622 2359 1773 2413 facta
1802 2362 1891 2412 est

236 2463 380 2518 lux:
418 2484 444 2509 n
477 2461 536 2514 in
567 2461 776 2529 quarto
808 2471 1041 2528 quoque
1069 2452 1194 2507 loco
1227 2451 1483 2506 hominis
1531 2449 1770 2520 ponitur
1795 2448 1888 2517 ju-

223 2556 464 2617 ventus,
498 2553 556 2604 et
584 2553 820 2618 tempus
851 2561 885 2600 a
919 2545 1110 2615 Moyse
1144 2558 1332 2612 usque
1380 2540 1450 2595 ad
1505 2538 1888 2609 transmigra-

228 2641 460 2699 tionem
494 2634 834 2709 Babylonis.

848 2783 926 2834 De
953 2777 1148 2850 quinto
1178 2775 1283 2830 die.

308 2911 373 2969 In
401 2909 606 2983 quinto
640 2921 882 2962 numero
937 2901 1325 2974 intelligimus
1387 2899 1646 2971 quinque
1705 2897 1887 2952 libros

183 3058 192 3064 ,
231 3001 442 3074 Moysi,
469 3003 526 3055 et
547 3002 780 3068 tempus
801 2988 1337 3064 transmigrationis
1361 2987 1668 3060 Babylonis
1702 3003 1888 3057 usque

233 3091 309 3148 ad
343 3088 561 3153 David;
590 3085 678 3140 vel
712 3083 971 3156 quinque
1002 3095 1211 3137 sensus
1244 3077 1527 3150 corporis,
1554 3077 1716 3132 visus
1738 3075 1888 3130 vide-

231 3179 392 3246 licet,
427 3177 686 3238 auditus,
708 3176 940 3246 gustus,
973 3171 1250 3225 odoratus
1277 3174 1331 3222 et
1362 3170 1589 3233 tactus;
1615 3165 1888 3220 similiter

233 3269 412 3325 etiam
432 3269 488 3321 et
507 3265 565 3319 in
585 3263 692 3318 hoc
713 3277 956 3316 numero
982 3257 1396 3313 describuntur
1418 3255 1676 3326 quinque
1702 3253 1882 3325 plagae

1997 681 2031 719 a
2060 664 2576 735 transmigratione
2614 661 2928 734 Babylonis
2961 677 3149 732 usque
3197 661 3266 716 ad
3312 659 3606 715 Christum
3636 676 3649 716 ε

1999 753 2292 825 capientes
2323 753 2568 825 singulis
2595 755 2871 808 metretas
2901 750 3092 819 binas,
3129 751 3184 806 id
3219 755 3308 807 est
3353 751 3538 806 Vetus
3595 754 3658 807 et

2000 843 2223 899 Novum
2255 844 2717 898 Testamentum.

2586 988 2662 1042 De
2690 988 2914 1058 septimo
2939 986 3046 1042 die.

2072 1114 2178 1168 Per
2208 1112 2598 1183 septenarium
2634 1127 2889 1184 namque
2918 1128 3228 1167 numerum
3252 1116 3486 1168 sanctos
3518 1128 3655 1184 apo-

2001 1202 2181 1258 stolos
2213 1200 2617 1272 intelligimus,
2651 1201 2720 1256 de
2751 1201 2968 1272 quibus
3000 1201 3282 1256 Dominus
3315 1202 3433 1257 ait:
3463 1224 3492 1253 «
3533 1201 3652 1257 Vos

2002 1290 2143 1345 estis
2177 1289 2274 1342 lux
2307 1288 2509 1342 mundi
2539 1306 2551 1355 ;
2585 1311 2612 1338 »
2649 1293 2867 1360 septem
2901 1288 3075 1343 etiam
3127 1288 3458 1346 invenimus
3516 1306 3648 1346 esse

1999 1378 2155 1433 dona
2176 1376 2428 1449 Spiritus
2448 1377 2653 1443 sancti,
2676 1377 2733 1431 id
2758 1383 2866 1443 est,
2891 1378 3188 1449 sapientia:
3220 1382 3275 1433 et
3297 1377 3648 1446 intellectus,

2003 1466 2233 1522 consilii
2263 1470 2318 1522 et
2350 1465 2730 1532 fortitudinis,
2751 1467 3004 1522 scientia:
3027 1473 3077 1522 et
3096 1468 3347 1539 pietatis,
3381 1484 3447 1525 ac
3477 1469 3650 1524 timo-

2002 1558 2083 1612 ris
2116 1556 2346 1612 Domini
2374 1574 2385 1622 ;
2415 1556 2474 1610 in
2495 1560 2697 1611 sancta
2727 1572 2959 1628 quoque
2979 1557 3233 1612 Ecclesia
3255 1562 3476 1629 septem
3503 1559 3658 1614 dona

2002 1645 2257 1717 Spiritus
2289 1646 2476 1700 sancti
2510 1645 2918 1716 unusquisque
2947 1645 3136 1701 ﬁdelis
3168 1647 3397 1717 accipit,
3447 1648 3506 1702 id
3565 1650 3655 1703 est

2004 1735 2286 1807 pabulum
2320 1733 2482 1802 salis,
2515 1733 2771 1789 ecclesias
2803 1735 3131 1801 introitum,
3164 1741 3426 1808 sputum,
3462 1735 3657 1792 oleum

2003 1824 2319 1892 unctionis,
2341 1825 2698 1896 baptismum
2718 1824 2953 1892 Christi,
2979 1824 3238 1880 chrisma
3262 1827 3655 1890 sacerdotum,

2001 1917 2056 1969 et
2087 1914 2346 1970 chrisma
2377 1914 2740 1986 pontificum.
2776 1915 3006 1986 Septem
3051 1931 3283 1986 quoque
3340 1914 3535 1986 sigilla
3594 1915 3653 1970 in

1999 2003 2346 2076 Apocalypsi
2369 2003 2613 2059 Joannis
2643 2003 2914 2074 legimus,
2947 2003 3205 2074 primum
3256 2003 3513 2074 sigillum
3563 2007 3654 2059 est

2001 2092 2370 2147 annuntiatio
2406 2091 2827 2148 Incarnationis
2849 2091 2976 2146 Filii
3008 2093 3106 2147 Dei
3135 2112 3147 2161 ;
3172 2093 3519 2157 secundum,
3556 2093 3652 2148 ba-

2001 2181 2292 2253 ptismus;
2327 2182 2588 2247 tertium,
2613 2182 2844 2253 passio;
2897 2187 3196 2252 quartum,
3259 2182 3647 2250 resurrectio;

2001 2271 2296 2342 quintum,
2331 2271 2594 2326 ascensio
2622 2290 2634 2337 ;
2665 2274 2914 2337 sextum,
2939 2271 3231 2341 judicium
3258 2289 3270 2338 ;
3305 2272 3647 2343 septimum,

2004 2360 2346 2416 meritorum
2381 2359 2684 2415 retributio
2709 2379 2722 2428 ;
2750 2365 2887 2416 sunt
2908 2364 2963 2416 et
2980 2365 3202 2432 septem
3227 2362 3646 2420 beatitudines:

2002 2467 2248 2521 regnum
2281 2449 2584 2516 cmlorum,
2618 2450 2911 2521 possessio
2943 2455 3104 2504 terra:
3133 2451 3473 2518 viventium,
3507 2469 3650 2507 con-

2001 2539 2231 2606 solatio,
2258 2539 2503 2610 justitiae
2536 2539 2806 2607 societas,
2843 2539 3264 2609 misericordia,
3321 2540 3468 2596 visio
3527 2541 3648 2611 Dei,

2004 2632 2060 2684 et
2090 2627 2294 2683 filiatio
2325 2629 2445 2684 Dei.

2613 2755 2687 2809 De
2711 2756 2893 2809 octavo
2923 2753 3029 2809 die.

2069 2899 2128 2953 In
2163 2897 2459 2953 octonario
2491 2913 2734 2952 numero
2767 2901 3030 2953 sanctam
3055 2898 3417 2970 Scripturam
3440 2899 3650 2956 intelli-

1999 2988 2217 3060 gimus,
2253 2992 2307 3041 et
2339 2985 2706 3042 dilectionem
2741 2986 2841 3042 Dei
2869 2989 2925 3042 et
2954 2986 3228 3059 proximi,
3253 3005 3316 3043 ac
3338 2989 3647 3061 speculan-

1998 3076 2143 3133 tium
2174 3077 2374 3142 vitam,
2397 3080 2454 3131 et
2478 3081 2710 3147 tempus
2733 3075 3003 3147 generale
3035 3078 3500 3144 resurrectionis,
3561 3079 3648 3136 vel

1997 3165 2304 3220 hominum
2324 3164 2678 3237 decrepitam
2693 3168 3071 3220 senectutem.
3089 3166 3338 3222 Octavus
3354 3167 3478 3224 dies
3491 3169 3647 3240 apud

2000 3270 2484 3326 unumquemque
2517 3255 2652 3308 linis
2682 3257 2770 3308 est
2800 3253 2926 3308 vita)
2960 3255 3264 3325 praesentis
3302 3261 3360 3310 et
3412 3256 3646 3312 initium

235 3321 499 3428 corporis
558 3351 772 3408 Christi
821 3351 880 3405 in
927 3365 1098 3404 cruce
1148 3321 1479 3418 pendentis,
1522 3321 1598 3399 et-
1622 3321 1883 3414 quinque
1915 3321 1958 3388 C
1994 3345 2122 3399 vita:
2150 3321 2354 3398 futurae
2373 3321 2674 3410 {octavum
2690 3341 2843 3398 diem
2865 3321 3236 3414 signiﬁcabat
3256 3343 3646 3416 cataclysmus

235 3447 427 3504 claves
457 3441 779 3515 sapientiai,
804 3438 1066 3510 quinque
1096 3451 1331 3508 quoque
1353 3449 1532 3504 panes
1555 3432 1883 3500 hordeacei,

237 3537 311 3592 de
341 3535 557 3606 quibus
586 3531 872 3588 Dominus
903 3526 1136 3583 satiavit
1165 3524 1424 3596 quinque
1456 3522 1642 3577 millia
1697 3521 1886 3576 homi-

237 3641 406 3681 num.

870 3743 944 3797 De
971 3743 1122 3797 sexto
1153 3738 1260 3794 die.

317 3896 377 3950 In
407 3890 637 3955 senario
670 3901 916 3942 numero
947 3859 1352 3955 accipiendum
1385 3886 1474 3935 est
1521 3880 1890 3934 inﬁrmorum

240 3981 659 4047 visitationem,
675 3993 898 4033 necnon
920 3979 979 4029 et
999 3972 1305 4028 hominum
1319 3973 1699 4034 senectutem,
1717 3973 1892 4038 atque

242 4073 709 4148 perseverantem
732 4067 840 4122 sub
865 4062 1172 4135 Evangelio
1189 4059 1562 4118 famulatum.
1585 4062 1640 4113 et
1658 4062 1892 4128 tempus

244 4145 278 4218 i
305 4156 822 4230 transmigratione
851 4151 1169 4226 Babylonis
1201 4165 1387 4221 usque
1428 4149 1499 4203 ad
1554 4145 1850 4203 Christum
1876 4161 1888 4199 :

243 4247 425 4307 simul
455 4248 630 4302 etiam
653 4245 712 4300 in
737 4243 966 4300 senario
990 4256 1232 4296 numero
1251 4243 1402 4294 Deus
1425 4241 1633 4292 cuncta
1682 4235 1896 4289 creavit

244 4343 302 4396 et
329 4335 641 4400 ordinavit,
677 4334 735 4388 in
767 4337 928 4388 sexto
963 4330 1055 4386 die
1086 4327 1386 4384 hominem
1421 4326 1573 4395 fecit,
1610 4329 1666 4379 et
1718 4323 1776 4377 in
1827 4340 1896 4378 ea

244 4431 411 4484 aetate
443 4425 733 4481 mundum
765 4422 1175 4492 redempturus
1207 4416 1454 4472 advenit.
1485 4416 1545 4469 In
1569 4418 1728 4469 sexta
1750 4429 1893 4482 quo-

245 4533 359 4591 que
380 4517 524 4571 hora
543 4530 646 4586 pro
669 4515 869 4569 nostra
894 4509 1084 4566 salute
1099 4508 1215 4563 Deo
1233 4506 1383 4561 Patri
1404 4503 1670 4561 Christus
1689 4505 1898 4591 semet-

243 4589 441 4680 ipsum
474 4603 829 4660 sacriﬁcium
851 4598 1081 4656 obtulit.
1113 4601 1176 4650 In
1211 4595 1434 4667 nuptiis
1467 4608 1620 4655 vero,
1666 4608 1794 4662 quae
1835 4589 1894 4643 in

1999 3433 2188 3487 factus
2213 3433 2322 3486 sub
2345 3432 2483 3495 Noe,
2503 3431 2560 3484 in
2585 3448 2698 3502 quo
2721 3435 2847 3485 octo
2874 3431 3079 3485 anima:
3103 3430 3273 3486 salva:
3297 3432 3456 3487 factae
3477 3438 3644 3502 sunt;

1997 3527 2054 3576 et
2085 3522 2139 3574 in
2178 3519 2521 3574 Ecclesiaste
2553 3518 2825 3574 Salomon
2856 3517 3152 3591 loquitur:
3181 3541 3203 3570 ι
3230 3521 3313 3576 Da
3345 3526 3538 3593 partes
3561 3539 3652 3579 se-

2000 3615 2158 3681 ptem
2190 3625 2294 3663 nec
2327 3624 2443 3662 non
2473 3611 2532 3662 et
2561 3611 2687 3662 octo
2715 3625 2727 3674 ;
2767 3628 2793 3654 »
2827 3612 3049 3679 septem
3092 3625 3351 3681 namque
3407 3613 3464 3665 et
3519 3615 3649 3668 octo

2000 3697 2336 3770 quindecim
2365 3697 2604 3766 iaciunt,
2637 3701 2693 3751 et
2723 3696 3060 3768 quindecim
3083 3703 3224 3754 sunt
3255 3700 3483 3756 cantica
3520 3717 3651 3773 gra-

2001 3789 2185 3843 duum
2219 3804 2346 3858 qua:
2371 3785 2472 3840 filii
2500 3785 2672 3841 Israel
2697 3787 2930 3857 quando
2949 3787 3018 3840 ad
3046 3787 3329 3859 templum
3355 3791 3654 3846 convenie-

2001 3877 2162 3943 bant,
2197 3877 2509 3931 decantare
2542 3874 2695 3930 soliti
2726 3881 2910 3931 erant.
2944 3874 3212 3932 Christus
3242 3880 3331 3932 est
3360 3877 3484 3933 dies
3528 3880 3656 3949 pri-

2005 3983 2158 4030 mus,
2191 3965 2479 4036 septimus
2510 3968 2565 4018 et
2596 3968 2834 4020 octavus
2860 3983 2873 4032 ;
2903 3964 3152 4036 primus,
3179 3969 3311 4021 ante
3332 3983 3506 4038 quem
3529 3967 3657 4023 nul-

2003 4054 2097 4110 lus
2125 4073 2137 4121 ;
2173 4053 2484 4126 septimus,
2515 4053 2654 4124 quia
2680 4053 2737 4107 in
2771 4054 2900 4124 ipso
2932 4058 3156 4125 septem
3199 4055 3353 4110 dona
3402 4056 3657 4128 Spiritus

2005 4144 2191 4200 sancti
2228 4141 2560 4213 requievere
2584 4160 2597 4208 ;
2631 4146 2888 4209 octavus,
2913 4142 3050 4214 quia
3072 4148 3324 4200 zeternus
3354 4161 3421 4201 ac
3444 4145 3658 4217 sempi-

2004 4237 2206 4288 ternus
2240 4236 2364 4298 est;
2399 4236 2529 4286 octo
2571 4231 2745 4286 etiam
2807 4231 3202 4289 beatitudines
3257 4233 3543 4290 Dominus
3598 4233 3658 4288 in

2005 4325 2202 4376 monte
2223 4321 2347 4375 suis
2370 4320 2678 4391 discipulis
2699 4323 2986 4391 exposuit,
3005 4339 3151 4394 quas
3176 4327 3393 4395 martyr
3413 4322 3507 4378 hic
3529 4340 3660 4379 san-

2007 4411 2312 4465 ctissimus
2343 4414 2401 4464 et
2433 4408 2687 4480 pontifex
2717 4409 3009 4466 almiﬁcus
3041 4411 3099 4465 in
3133 4428 3196 4466 se
3220 4412 3462 4468 retinuit
3490 4417 3546 4468 et
3566 4429 3662 4468 ex-

2005 4499 2202 4555 crevit.
2237 4503 2402 4554 Nunc
2436 4499 2631 4569 itaque
2662 4497 2892 4554 enixius
2923 4499 3254 4570 ﬂagitamus
3301 4500 3460 4556 hunc
3503 4517 3659 4556 mar-

2006 4595 2192 4663 tyrem
2224 4593 2282 4644 et
2313 4587 2646 4660 pontiﬁcem
2682 4590 2941 4644 Marcum
2973 4593 3037 4643 ut
3068 4605 3170 4659 pro
3202 4588 3370 4644 nobis
3399 4589 3660 4661 indignis

245 4677 404 4752 (lana
433 4693 664 4750 Galileae
697 4691 860 4746 factae
892 4691 1050 4753 sunt,
1078 4702 1178 4742 sex
1199 4685 1416 4757 hydria:
1459 4682 1660 4755 positae
1717 4685 1857 4733 sunt
1882 4697 1894 4746 ;
1929 4690 1976 4754 D
2011 4678 2398 4750 omnipotenti
2421 4682 2530 4730 Deo
2556 4692 2754 4748 preces
2776 4677 3059 4743 effundat,
3081 4681 3146 4732 ut
3165 4678 3265 4748 qui
3289 4678 3480 4744 Pater,
3504 4681 3665 4732 tutor

247 4785 439 4858 prima
462 4781 670 4855 hydria
699 4783 789 4835 est
809 4779 881 4834 ab
901 4778 1085 4832 Adam
1106 4791 1292 4845 usque
1316 4773 1385 4828 ad
1413 4773 1550 4836 Noe,
1585 4768 1842 4824 secunda
1866 4786 1900 4822 a

246 4875 366 4929 Noe
396 4886 583 4943 usque
616 4870 687 4923 ad
721 4867 1041 4932 Abraham,
1075 4862 1244 4918 tertia
1275 4862 1349 4916 ab
1384 4859 1675 4914 Abraham
1715 4873 1900 4926 usque

250 4963 322 5019 ad
341 4961 828 5033 Moysen,quarta
866 4958 1107 5024 aMoyse
1145 4967 1334 5020 usque
1369 4951 1440 5003 ad
1477 4947 1673 5011 David,
1698 4945 1905 5015 quinta

2012 4771 2069 4822 et
2099 4766 2366 4820 defensor
2400 4763 2570 4818 nobis
2604 4766 2791 4817 exstat
2819 4763 2879 4818 in
2911 4763 3102 4831 terris,
3126 4781 3259 4818 eum
3291 4763 3516 4819 socium
3550 4779 3667 4818 me-

2014 4870 2248 4910 reamur
2280 4853 2492 4908 habere
2525 4853 2580 4906 in
2614 4850 2796 4913 ccelis,
2832 4852 2958 4923 ipse
2987 4853 3233 4923 adjuvari
3248 4857 3300 4908 te
3328 4851 3431 4923 qui
3453 4851 3592 4907 vivit
3611 4855 3670 4908 et

2013 4947 2217 5014 regnat
2247 4942 2304 4996 in
2336 4939 2552 4996 saecula
2583 4938 2953 4995 saeculorum.
2988 4942 3192 4995 Amen.
