1976 3198
228 213 307 245 1435

788 210 843 240 SS.
867 206 1026 238 ARIALDI
1048 205 1103 237 EM
1125 206 1377 238 ERLEMBALDI

1875 203 1937 235 H36

228 283 359 311 Andreas
370 292 376 318 ;
389 283 439 311 sed
451 282 527 318 quod
537 279 662 316 scripsit,
672 275 890 306 noninvenitur.
901 274 1045 308 Quiavero
1060 273 1087 308 Α
1101 281 1242 309 passuum
1253 272 1346 302 millia
1356 273 1444 302 distet
1454 271 1705 307 Mediolano,neo
1715 269 1762 299 ita
1772 268 1877 307 procul
1885 269 1938 299 inde

228 327 276 356 ille
292 328 383 355 multa
406 327 552 358 omiserat,
573 324 686 360 plenius
710 324 738 350 et
753 320 915 350 accuratius
929 319 1046 355 scripsit

228 373 368 406 Andreas,
391 372 474 407 jussu
500 369 613 397 abbatis
636 368 682 395 sui
706 366 831 398 Rudolfi,
857 364 968 392 decimo
981 366 1046 399 post

229 419 352 444 mortem
372 415 463 443 sancti
480 422 574 446 anno;
602 410 776 447 incomplete
792 409 913 442 scilicet,
930 411 962 435 ut
976 407 1045 435 alibi

228 461 390 493 ostendam,
403 467 495 486 annos
503 457 692 488 numerando,
702 456 729 483 id
744 457 788 482 est
798 462 873 481 anno
885 453 963 486 1075,
977 460 1044 479 cum

228 507 357 532 recenter
371 503 487 534 obiisse,
504 501 609 529 similis
620 500 750 535 martyrii
765 499 863 526 laurea
878 499 1044 529 coronatus,

227 560 240 572 ‹‹
252 549 280 575 S.
293 547 475 575 Herlembard
481 555 524 579 us,
534 557 547 569 ››
556 546 639 580 cujus
646 544 692 571 ille
700 543 865 579 passionem
874 553 884 566 u
893 540 975 568 alteri
985 542 1044 567 tam

226 591 365 619 volumini
381 599 469 626 quam
488 589 647 625 scriptori»
664 588 827 622 relinquere
843 593 873 613 se
885 585 1043 621 professus,

228 645 307 663 num.
331 637 374 669 44,
401 634 603 662 necessitatem
625 632 710 660 nobis
733 630 874 666 irnposuit
896 630 959 665 ejus
982 631 1045 656 acta

224 684 380 721 colligendi
394 691 428 710 ex
450 683 602 709 auctorum
627 684 797 709 cozsvorum,
822 675 871 702 sed
893 674 981 701 ferme
994 673 1044 701 ad-

225 729 419 757 versariorum
430 725 560 754 historiis
575 731 626 751 seu
642 720 890 755 annalibus,quos
904 718 933 745 in
949 718 1044 745 lucem

226 774 354 802 edendos
379 770 513 807 promisit
541 768 659 804 quidem
678 763 849 796 Puricellus,
879 762 929 790 sed
952 763 1044 789 morte

224 805 389 855 prteventus
407 817 526 851 longum
549 811 717 841 earumdem
746 807 922 835 desiderium
949 805 1045 833 adhuc

226 865 292 899 post
306 870 337 890 se
352 860 479 896 reliquit.

263 909 287 934 4.
305 908 379 934 Sunt
393 894 490 933 autem
505 901 546 929 illi
558 900 684 937 primum
702 909 715 922 ιι
731 895 869 925 Arnulfus
882 906 895 919 ››
911 894 1042 930 quidam,

226 953 351 987 quatuor
369 948 451 977 libris
465 945 617 974 historiam
639 941 762 978 patriam
774 939 969 987 complexus;
986 940 1014 966 et
1028 946 1044 965 a
1059 952 1082 984 Β

225 983 299 1023 libro
316 1003 336 1022 ιι
347 993 496 1030 professus
520 998 554 1018 ea
568 997 598 1017 se
613 987 749 1021 deinceps
769 983 964 1020 \icripturum,
980 991 1043 1018 quas

225 1040 261 1068 ab
276 1026 399 1067 Ariberti
413 1032 622 1070 archiepisc0pi
637 1030 775 1059 electione
795 1029 870 1055 facta
884 1035 960 1055 anno
976 1026 1044 1054 10l9

224 1084 348 1120 ipsemet
365 1080 488 1109 videndo
511 1077 711 1113 cognovisset;
727 1074 803 1101 sicut
817 1072 885 1100 fecit
900 1079 992 1107 usque
1007 1071 1043 1098 ad

229 1115 303 1156 1077.
319 1126 427 1155 Deinde
440 1136 449 1149 ι
463 1122 635 1153 Landulfus,
654 1131 667 1144 ››
683 1120 814 1154 respectu
835 1115 955 1144 alterius
969 1115 1044 1142 infra

225 1170 406 1203 nominandi,
431 1180 445 1194 α
463 1167 566 1196 Senior
579 1178 588 1190 ι
605 1162 807 1200 appellandus,
825 1160 875 1196 qui
898 1159 1045 1187 scribebat

225 1217 301 1244 circa
324 1222 434 1243 annum
454 1211 534 1244 1080,
557 1210 587 1237 in
612 1208 659 1236 his
673 1207 709 1234 ob
734 1214 797 1242 quas
813 1217 827 1230 α
850 1203 1000 1232 Arialdum
1016 1205 1044 1231 et

225 1258 460 1288 Herlembaldum
478 1267 491 1280 »
515 1254 681 1285 laudamus,
710 1257 830 1286 quaeque
853 1249 888 1276 ad
903 1247 1043 1275 invidiam

226 1305 341 1339 uirique
366 1300 548 1329 contlandam
572 1298 633 1332 ipse
662 1296 822 1329 detorquet,
848 1294 928 1320 tanto
951 1291 1043 1326 magis

225 1348 396 1378 credendus,
410 1344 503 1380 quoad
516 1343 554 1369 rei
564 1344 648 1377 gesta:
657 1338 862 1370 substantiam,
875 1335 1043 1372 quantoini-

226 1392 318 1428 quiori
336 1391 432 1419 animo
448 1397 481 1416 ea
496 1385 620 1422 scripsit,
638 1383 752 1411 etiamsi
769 1381 920 1409 manifeste
936 1392 949 1405 «
962 1388 1042 1407 men—

225 1426 289 1469 dax,
307 1437 376 1463 dum
393 1432 518 1461 asseruit
532 1434 560 1458 et
579 1429 729 1456 Arialdum
749 1429 777 1454 et
788 1426 980 1453 Alexandrum
993 1432 1042 1459 pa-

226 1490 291 1516 pam
309 1481 331 1507 ll
347 1479 518 1514 pmnitenter
533 1474 692 1502 indoluisse
708 1471 844 1499 omnibus
866 1478 928 1504 qua)
945 1470 1044 1496 contra

225 1513 382 1552 Nicolaitas
403 1525 432 1549 et
455 1520 635 1548 Simoniacos
660 1514 814 1544 Mediolani
843 1513 961 1541 clericos
977 1514 1043 1539 ante

225 1569 371 1604 egissent;
389 1566 458 1593 dum
478 1564 564 1592 etiam
581 1562 636 1589 tria
660 1559 798 1588 conﬁnxit
813 1556 963 1590 miracula,
980 1564 1043 1590 quae

225 1613 300 1640 Deus
317 1610 438 1646 patravit
452 1609 481 1635 in
506 1608 632 1635 favorem
648 1612 740 1632 causa:
760 1611 848 1638 quam
869 1600 980 1628 uxorati
997 1608 1041 1627 sa-

225 1644 353 1684 cerdotes
377 1653 561 1690 pertinaciter
584 1650 764 1680 tutabantur,
792 1654 939 1682 quamque
959 1644 1042 1672 toties

225 1700 352 1728 Ecclesia
367 1688 509 1726 catholica
536 1697 666 1723 Romana
694 1691 850 1720 damnavit.
869 1701 882 1714 η
896 1690 939 1717 Ita
959 1688 1042 1716 Puri-

226 1745 316 1773 ccllus
333 1745 361 1771 in
378 1741 544 1778 praefatione
553 1740 587 1767 ad
599 1739 706 1766 librum
719 1746 738 1769 ι,
751 1735 853 1763 merito
866 1735 1042 1769 redargucns

224 1790 390 1817 Tristanum
402 1782 710 1816 Chalchum,Carolum
719 1778 1042 1816 Sigonium,Josephum

226 1832 456 1869 ltipamontium,
481 1827 649 1857 recentioris
665 1825 715 1852 invi
737 1823 890 1851 historicos
906 1821 1043 1849 Mediola-

226 1886 340 1909 nenses,
353 1875 429 1911 quod
443 1875 472 1902 in
483 1871 661 1908 explicandis
670 1869 764 1896 turbis
780 1865 1005 1903 quibus,sceculo
1015 1874 1042 1892 χι

225 1923 301 1950 ultra
310 1909 494 1948 medietatem
505 1913 812 1953 procurrente,agitata
822 1909 1044 1938 Mediolanensis

225 1966 353 1994 Ecclesia
367 1967 421 1997 est,
451 1965 479 1990 ct
493 1968 617 1997 quarum
646 1965 734 1985 causa
749 1957 797 1983 isti
813 1954 927 1990 publice
952 1953 1044 1980 habiti

227 2010 318 2039 sancti
334 2009 421 2036 vitam
438 1996 608 2035 amiserunt,
624 2001 754 2036 martyrii
777 1999 861 2026 titulo
876 2007 892 2026 a
908 1996 1046 2025 Romanis

229 2053 415 2091 pontiﬁcibus
430 2051 640 2079 consecratam,
653 2044 807 2072 maluerint
822 2045 953 2070 auctores
969 2041 1045 2069 schi-

229 2099 367 2128 smaticos
382 2095 465 2130 scqui
480 2094 618 2128 ipsosque
642 2091 757 2117 sanctos
782 2087 940 2122 iuculpare,
957 2093 1045 2121 quam

231 2155 244 2168 ιι
262 2129 434 2170 Landulfum
445 2137 606 2168 Juniorem,
622 2144 635 2159 ››
648 2133 698 2168 qui
709 2132 762 2160 sub
775 2139 885 2159 annum
898 2130 965 2157 1515
980 2129 1047 2156 scri-

230 2188 315 2215 bebat
331 2183 427 2221 qualia
441 2191 474 2210 ex
492 2193 501 2205 ιι
519 2178 674 2208 venerabili
704 2176 859 2212 Liprando,
875 2187 888 2199 »
905 2173 1047 2201 avunculo

230 2241 292 2265 suo,
310 2229 460 2260 didicerat,
485 2234 535 2261 pro
551 2224 652 2252 eadem
679 2230 769 2249 causa
784 2228 854 2247 naso
870 2218 1048 2253 auribusque

231 2276 375 2305 mutilata.

1097 320 1200 354 captus
1213 317 1261 346 ille
1276 318 1323 352 sit,
1336 318 1474 346 horarum
1487 325 1661 354 paucarum
1678 314 1864 349 intervallo;
1879 316 1938 344 satis

1099 363 1206 390 mirum
1222 362 1277 390 fuit
1285 363 1478 398 proditionem
1489 370 1567 397 eam,
1584 369 1645 397 per
1657 367 1761 397 quam
1776 360 1808 387 in
1824 360 1938 388 hostium

1098 415 1203 435 manus
1218 407 1281 442 ipse
1299 406 1386 440 venit,
1412 406 1551 442 postridie
1573 413 1672 433 mane
1700 403 1895 440 personuisse
1917 403 1938 431 in

1099 451 1179 484 urbe,
1195 451 1262 478 licet
1277 451 1372 479 adhuc
1387 451 1450 479 sine
1465 450 1525 478 ulla.
1544 450 1580 477 de
1596 457 1678 477 nece
1701 448 1751 476 vel
1768 448 1852 476 necis
1867 449 1939 475 modo

1098 495 1289 528 certitudine;
1307 503 1395 530 quam
1420 494 1549 530 primum
1571 494 1622 521 die
1635 494 1678 520 29
1702 494 1887 520 consecutus
1907 495 1940 519 est

1098 542 1208 572 auctor,
1221 541 1312 566 totam
1324 539 1401 566 diem
1411 541 1586 573 noctemque
1597 535 1878 565 ambulandoilluc
1888 544 1940 571 pro-

1098 591 1226 619 gressus.
1243 584 1324 612 Tunc
1339 583 1485 619 siquidem
1510 581 1748 610 consceleratos
1773 580 1909 608 sacerdos
1921 580 1940 607 ei

1098 627 1211 655 obviam
1227 627 1332 661 factus,
1343 627 1416 654 dixit
1429 635 1436 654 :
1454 638 1467 651 ‹‹
1485 627 1526 654 Ex
1540 628 1629 654 terna
1646 625 1701 652 die
1713 633 1773 652 vox
1788 624 1915 657 letifera,
1930 635 1940 648 υ

1097 672 1126 699 id
1142 674 1185 699 est
1199 671 1303 699 laetitia
1319 671 1413 707 plena,
1431 682 1445 696 ‹‹
1462 670 1525 698 loco
1541 672 1648 697 nostro
1668 669 1835 696 insonuit:
1856 667 1940 695 Aria]-

1098 716 1164 749 dus,
1175 715 1346 744 clericorum
1357 715 1552 748 adversarius,
1560 714 1690 742 vinctus
1702 712 1874 741 habeturin
1884 712 1939 740 navi

1098 762 1126 788 et
1136 760 1165 787 in
1182 760 1243 796 ripa
1255 759 1342 793 laci,»
1356 760 1517 794 eodemque
1531 758 1578 786 die
1594 760 1766 794 peractam
1783 756 1890 784 caedem
1899 756 1940 783 de-

1099 804 1208 832 scribit.
1225 804 1280 832 Ubi
1296 812 1353 831 non
1370 803 1434 840 lego
1448 811 1515 831 cum
1532 802 1687 830 Puricello
1706 812 1722 827 ‹‹
1741 803 1874 834 externa,
1891 811 1901 825 ι
1915 802 1939 829 ut

1097 848 1186 876 videri
1202 850 1309 884 posset,
1340 860 1353 873 ‹‹
1368 848 1522 881 hesterna;
1540 858 1550 871 ι
1570 847 1623 875 sed
1643 857 1659 871 «
1678 854 1718 874 ex
1746 847 1845 877 terna,
1862 856 1875 869 ››
1890 844 1939 872 sive

1097 903 1111 917 ε(
1128 900 1162 920 ex
1176 892 1261 920 tertia
1276 892 1331 925 die,
1348 903 1363 916 »
1378 892 1406 919 id
1423 893 1477 924 est,
1494 890 1605 918 nudius
1621 889 1752 923 tertius,
1769 891 1869 917 tuncv
1883 887 1939 916 Kal-

1096 936 1177 964 Julii.
1194 936 1336 968 Quoniam
1351 938 1450 964 autem
1466 936 1502 963 de
1516 946 1530 960 «
1555 935 1585 963 S.
1602 933 1828 962 Herlembaldo
1839 944 1852 957 »
1874 932 1938 963 nihil

1099 980 1234 1008 distincte
1250 980 1341 1008 scitur
1357 981 1453 1016 quoad
1469 980 1548 1007 diem
1560 978 1683 1012 mortis,
1702 978 1795 1006 obita:
1821 977 1865 1012 (ut
1878 976 1937 1004 satis

1098 1026 1288 1060 probaturum
1314 1033 1360 1052 me
1375 1026 1457 1060 puto)
1473 1032 1550 1052 anno
1567 1023 1653 1057 1075,
1684 1030 1748 1050 non
1767 1022 1849 1054 1076,
1869 1020 1935 1048 haud

1098 1069 1148 1096 diu
1160 1071 1227 1104 post
1234 1069 1415 1096 Dominicam
1430 1068 1459 1095 in
1471 1068 1643 1101 Albis,tunc
1655 1067 1695 1095 12
1705 1066 1825 1102 Aprilis
1835 1067 1934 1097 actam;

1098 1121 1259 1149 congruum
1275 1113 1387 1147 censui,
1404 1120 1532 1148 quorum
1543 1112 1712 1147 conjuncta
1729 1111 1853 1138 fuerunt
1866 1111 1893 1136 et
1901 1108 1933 1135 vi-

1097 1158 1226 1185 ventium
1241 1159 1346 1192 acta,et
1360 1159 1545 1185 mortuorum
1556 1156 1764 1183 monumenta
1777 1153 1932 1188 cultusque,

1098 1210 1154 1229 non
1170 1201 1307 1229 dirimere
1320 1200 1484 1234 historiam,
1497 1201 1549 1228 sed
1564 1200 1641 1227 Vitae
1654 1198 1774 1227 Arialdi
1790 1197 1932 1225 subtexere

1097 1246 1214 1282 reliqua»
1222 1254 1315 1281 usque
1330 1246 1365 1273 ad
1379 1256 1393 1270 ι(
1403 1244 1603 1273 Herlembaldi
1614 1255 1629 1269 »
1642 1244 1759 1272 caedem
1776 1244 1852 1270 acta.

1133 1293 1158 1318 6.
1187 1290 1328 1323 Quoniam
1357 1289 1444 1317 etiam
1473 1289 1595 1316 extremi
1619 1286 1815 1316 discriminis
1843 1284 1927 1313 socius

1098 1335 1145 1362 ille
1161 1335 1214 1362 fuit
1228 1347 1239 1359 u
1259 1335 1456 1369 Luitprandus
1466 1333 1645 1369 presbyter»
1660 1331 1875 1368 praelaudatus,
1892 1328 1927 1355 di-

1098 1381 1161 1406 ctus
1169 1379 1255 1406 etiam
1265 1378 1447 1413 «Liprandus
1458 1389 1471 1402 ››
1479 1380 1507 1405 et
1513 1389 1526 1403 α
1536 1377 1748 1413 Leoprandus,
1757 1386 1772 1400 »
1783 1381 1859 1403 anno
1869 1372 1926 1401 1513

1098 1423 1143 1450 die
1164 1424 1181 1450 6
1198 1422 1340 1455 Januarii,
1366 1422 1395 1449 in
1420 1423 1570 1449 senectute
1595 1423 1623 1448 et
1647 1419 1839 1448 confessione
1861 1417 1927 1445 bona

1098 1468 1261 1499 defunctus,
1280 1467 1308 1494 in
1335 1466 1467 1493 Pontidio
1493 1466 1521 1493 S.
1539 1466 1643 1493 Jacobi
1661 1462 1859 1495 monasterio,
1884 1459 1924 1488 sed

1097 1510 1206 1538 sanctis
1222 1511 1346 1538 necdum
1363 1511 1593 1543 annumeratus;
1625 1517 1695 1545 qua:
1718 1508 1755 1536 de
1769 1505 1819 1534 illo
1833 1511 1924 1539 supcr-

1097 1557 1179 1582 crant
1194 1554 1278 1590 plane
1303 1554 1485 1587 admiranda,
1502 1556 1532 1581 et
1557 1554 1593 1581 ad
1611 1553 1695 1581 idem
1712 1557 1836 1588 prorsus
1850 1555 1924 1583 argu-

1099 1602 1229 1626 mentum
1245 1599 1389 1632 facientia,
1407 1607 1457 1634 per
1472 1598 1594 1625 modum
1606 1594 1794 1633 lappendicis
1810 1591 1923 1621 historia

1099 1645 1266 1671 sanctorum
1278 1644 1403 1670 duorum
1415 1642 1525 1678 placuit
1540 1642 1717 1678 adjungere.
1730 1639 1773 1668 De
1783 1638 1870 1673 hujus
1879 1634 1924 1663 ιΙὶ-

1097 1696 1153 1724 quo
1169 1687 1249 1714 cultu
1266 1687 1342 1722 aqud
1359 1687 1562 1714 Pontidienses
1576 1685 1756 1718 monachos,
1768 1680 1845 1719 apud
1858 1686 1921 1724 quos

1097 1723 1169 1760 obiit
1185 1733 1212 1759 et
1225 1731 1356 1766 sepultus
1372 1732 1425 1764 est,
1444 1730 1468 1758 si
1484 1730 1554 1766 quid
1578 1730 1747 1758 invenisset
1757 1723 1921 1766 _Puricellus,

1098 1777 1200 1804 fuisset
1215 1764 1293 1803 haud
1317 1775 1405 1802 dubie
1430 1764 1562 1802 studiose
1586 1764 1786 1810 expensurus.
1809 1765 1920 1798 Attentis

1097 1823 1194 1849 tamen
1206 1820 1241 1847 iis
1252 1828 1314 1854 quae
1327 1827 1416 1854 nepos
1427 1819 1513 1846 istius
1525 1809 1703 1854 Luitprandi
1718 1811 1876 1850 narrat[de]
1887 1809 1920 1854 νίς

1097 1865 1190 1892 ventis
1197 1863 1362 1899 mortuique
1370 1862 1529 1896 miraculis;
1541 1852 1630 1898 atque
1637 1862 1670 1890 in
1677 1852 1919 1898 primis[de]animi

1099 1898 1420 1942 fortitudine,divinitus
1436 1907 1589 1942 inspirata,
1598 1907 1634 1934 ad
1651 1903 1841 1934 subeundum
1856 1898 1920 1927 ultro

1099 1952 1323 1990 ignisjudicium
1337 1960 1343 1985 ;
1356 1951 1489 1978 dubitare
1501 1951 1548 1978 vix
1560 1959 1686 1987 possum
1698 1949 1771 1986 quin
1781 1947 1856 1975 hunc
1865 1944 1920 1971 δεδι

1099 1999 1136 2025 tis
1152 1997 1213 2024 suis
1229 1995 1440 2028 accensuerint,
1452 1997 1481 2022 et
1497 2003 1565 2022 ossa
1580 1994 1714 2022 defuncti
1730 1989 1918 2020 Pontidienses

1100 2040 1255 2069 habuerint
1270 2040 1300 2067 in
1316 2040 1435 2073 honore,
1455 2039 1505 2067 sed
1522 2048 1574 2075 per
1592 2039 1715 2067 bellicas
1730 2036 1836 2065 aliusve
1853 2029 1918 2075 cala-

1101 2086 1226 2117 mitates,
1235 2085 1382 2112 destructo
1391 2074 1548 2119 aliquando
1556 2083 1601 2111 vel
1609 2083 1732 2111 incenso
1744 2074 1916 2109 monasterio.

1102 2129 1234 2165 suspicor
1243 2128 1362 2164 periisse
1374 2118 1468 2163 ipsius
1479 2127 1606 2163 sepulcri
1619 2124 1837 2158 memoriam,st
1845 2118 1917 2156 quid-

1102 2174 1170 2210 quid
1185 2175 1275 2200 facere
1292 2174 1390 2208 posset
1404 2172 1439 2199 ad
1452 2172 1589 2200 eumdem
1601 2172 1666 2199 sine
1678 2167 1815 2207 scrupulo
1824 2169 1915 2210 vocant

1103 2219 1173 2246 dum
1185 2229 1198 2242 υ
1215 2217 1366 2249 beatum,»
1398 2215 1457 2243 imo
1471 2218 1498 2244 et
1517 2227 1530 2240 ι‹
1548 2218 1698 2252 sanctum,
1717 2225 1728 2240 ι
1746 2205 1917 2242 siconstarel

1103 2263 1167 2297 ejus
1183 2269 1246 2289 esse
1260 2269 1337 2292 ossa,
1354 2268 1416 2295 quae
1429 2259 1522 2295 Papiae
1539 2260 1614 2288 inter
1633 2259 1708 2288 alias
1724 2253 1859 2292 reliquias
1872 2257 1913 2278 n0-

265 2324 290 2349 5.
314 2324 421 2347 Damus
445 2316 491 2344 hic
518 2315 641 2351 primam
657 2323 670 2336 ‹‹
682 2312 711 2339 S.
737 2308 845 2337 Arialdi
858 2319 871 2332 ››
897 2307 992 2334 Vitam
1017 2314 1052 2351 ex
1067 2309 1089 2340 1)
1106 2307 1264 2334 minantur.
1280 2304 1379 2332 Talem
1395 2304 1431 2331 de
1447 2303 1684 2335 Pontidiensium
1696 2310 1764 2339 erga
1778 2297 1914 2341 Ιιῦίῐνηιξ·

230 2367 284 2394 ista
301 2362 430 2393 Puricelli
446 2350 582 2392 editione,
599 2365 665 2384 cum
682 2363 772 2390 eaque
792 2355 914 2380 mortem
929 2350 1049 2378 ascribi-

231 2419 297 2438 mus
313 2416 387 2436 anno
409 2406 488 2436 1066,
504 2406 532 2431 et
551 2402 669 2438 quidem
685 2400 738 2426 hoc
763 2399 825 2434 ipso
849 2405 905 2432 quo
921 2395 1050 2422 Andreas

231 2461 351 2490 passum
364 2449 555 2478 «Arialduiun
569 2444 757 2475 afﬁrmatdie,
772 2455 784 2466 ‹‹
794 2441 894 2477 quinto
907 2438 1050 2467 Kalendas

232 2481 321 2530 .llulii',
338 2507 352 2520 ››
369 2495 419 2530 qui
433 2495 531 2520 tamen
558 2490 620 2518 dies
636 2497 702 2517 cum
730 2488 807 2514 esset
834 2483 1005 2512 celebranda
1020 2481 1049 2509 S.

232 2527 486 2576 Baptistae-octava
508 2536 677 2570 occupatus,
704 2530 847 2559 tanslatus
872 2528 910 2556 sit
925 2527 954 2555 in
978 2535 1050 2563 pra:-

232 2571 318 2614 citato
329 2580 499 2611 Kalendario
510 2580 546 2607 ad
562 2588 590 2606 IV
600 2589 614 2603 «
627 2576 780 2604 Kalendas.
793 2585 805 2598 υ
817 2574 916 2608 Neque
927 2572 962 2599 ad
973 2571 1050 2598 diem

234 2628 403 2657 mutandam
420 2633 486 2653 cum
503 2622 643 2651 Puricello
662 2629 715 2648 nos
740 2621 834 2647 movet
853 2623 991 2644 numerus
1004 2616 1050 2648 67,

234 2674 310 2710 quod
326 2671 472 2708 captivum
499 2668 656 2695 abductum
676 2665 820 2695 sanctum,
839 2672 852 2687 ι(
868 2663 934 2689 ante
949 2660 1050 2687 horam

233 2705 290 2745 diei
306 2705 431 2747 tertiam,
451 2714 481 2740 in
511 2719 567 2747 quo
581 2708 679 2745 vigilia
693 2710 720 2734 S.
747 2707 821 2734 Petri
841 2705 1050 2736 celebrabatur,

235 2768 286 2796 per
295 2762 388 2786 totum
399 2756 593 2786 Mediolanum
605 2754 650 2780 est
661 2751 853 2785 divulgatum.
870 2760 883 2773 ι)
893 2749 965 2776 Cum
973 2749 1052 2776 enim

235 2792 327 2832 Lacus
341 2802 442 2837 Major,
459 2800 495 2828 ad
511 2806 598 2834 quem
614 2797 719 2824 ductus
735 2795 801 2822 etin
817 2801 875 2829 quo
890 2793 990 2821 eadem
1007 2792 1052 2820 die

235 2846 402 2876 interfectus
418 2847 461 2874 est
475 2845 604 2875 sanctus,
621 2841 656 2870 ad
681 2839 893 2874 quinquaginta
905 2840 955 2867 aut
969 2837 1052 2873 plura

1104 2351 1174 2378 dum
1202 2350 1306 2377 atl‘ectu
1330 2347 1498 2384 opinionem
1523 2348 1681 2375 conﬁrmat
1706 2335 1777 2375 mihi
1792 2335 1913 2370 memoria

1105 2394 1202 2422 cultus
1217 2402 1234 2421 a
1247 2392 1502 2420 Vallumbrosanis
1519 2392 1674 2420 monachis
1689 2389 1775 2419 delati
1788 2387 1817 2415 S.
1831 2383 1912 2412 Petra.

1105 2447 1191 2475 quem
1207 2449 1220 2463 (ι
1237 2437 1355 2473 lgneum
1369 2447 1379 2461 ι
1407 2436 1626 2472 cognaminant,
1643 2437 1680 2465 ab
1697 2443 1729 2464 eo
1743 2431 1849 2462 eventu.
1863 2431 1911 2475 41°

1104 2467 1200 2510 simile
1213 2467 1289 2517 ignis
1314 2467 1460 2516 judicium
1475 2481 1567 2508 subiit
1592 2467 1745 2509 Florentia
1759 2473 1830 2505 anno
1843 2467 1911 2517 1953»

1106 2527 1135 2554 id
1150 2529 1194 2554 cst
1211 2513 1295 2553 annis
1310 2513 1356 2557 5—38,
1371 2526 1530 2560 antequam
1546 2525 1576 2552 id
1591 2525 1707 2553 subiret
1718 2513 1910 2560 Luitpmdfﬂi

1105 2571 1251 2607 siquidem
1275 2555 1352 2597 Petri
1375 2555 1460 2597 istius
1477 2569 1619 2604 reliquias
1646 2569 1760 2606 pridem
1774 2555 1909 2607 ᾗοιιόιὶροθ

1106 2601 1238 2643 conditas
1248 2614 1356 2642 habent
1364 2613 1499 2641 monachi
1510 2601 1556 2641 sui
1571 2613 1602 2641 in
1614 2601 1838 2649 altari,pluribu5
1845 2601 1910 2649 ﬁt“?

1106 2660 1172 2688 dem
1201 2658 1392 2694 professionis
1407 2658 1499 2685 beatis
1524 2658 1687 2692 communi,
1702 2645 1738 2685 Et
1751 2658 1821 2682 nunc
1833 2645 1906 2694 δείξω

1106 2703 1295 2731 obtinuerunt
1311 2711 1327 2730 a
1347 2710 1431 2730 sacra
1445 2701 1566 2729 Rituum
1595 2687 1822 2731 congregatione,
1834 2691 1863 2726 αδ
1874 2687 1907 2715 ἡ·

1106 2750 1186 2775 stum
1206 2747 1270 2782 ejus
1286 2746 1400 2782 possint
1415 2754 1482 2774 cum
1498 2745 1600 2774 Ofﬁcio
1615 2730 1731 2783 amevs
1753 2730 1892 2783 Februarii;

1140 2793 1168 2818 7.
1197 2779 1326 2819 Andreas
1354 2790 1494 2823 Alciatus,
1529 2779 1746 2826 juricoﬁsultus
1777 2779 1904 2826 celeber?“

1107 2844 1184 2872 mus,
1200 2836 1250 2871 qui
1265 2844 1341 2865 anno
1357 2835 1426 2864 1530
1441 2820 1572 2865 ﬂorebat.
1588 2834 1619 2864 in
1640 2834 1762 2872 quodam
1777 2834 1825 2859 suo
1835 2820 1902 2857 ΜΨ·
