3952 6382
190 466 362 547 1437

1808 467 2014 532 ACTA

3464 468 3621 539 M38

194 614 436 689 quario,
488 629 591 688 per
619 609 688 670 N.
736 610 1057 669 Fontanam
1107 606 1169 665 in
1214 621 1359 664 mss.
1402 603 1649 679 allegato
1698 601 1854 675 apud
1886 605 1940 671 Α
1972 602 3623 681 pendium,quaedampaulomeliusordinansetsupplens

194 704 565 763 Puricellum
598 718 730 776 pag.
764 702 852 770 15,
894 723 921 752 ‹‹
949 697 1167 755 Arialdi
1198 714 1265 754 ex
1292 695 1515 753 Alciata
1562 697 1733 767 gente
1764 708 1861 749 se-

198 796 481 871 pulcrum
504 815 533 844 »
567 791 830 848 indicare
861 789 1111 857 dicitur;
1144 790 1201 843 et
1221 786 1453 851 addere,
1479 807 1506 835 ‹‹
1531 784 1701 855 cujus
1733 799 1865 871 con-

200 870 431 953 ciones,
467 882 915 954 disputationes.
966 894 1188 943 necem,
1239 873 1541 943 miracula,
1584 870 1865 928 Arnulfus

200 973 532 1033 historicus
554 969 922 1027 Mediolanus
944 964 1272 1037 descripsit.
1291 986 1318 1014 »
1341 963 1451 1019 Sed
1471 961 1747 1034 quoniam
1769 962 1869 1015 Ar-

204 1064 419 1122 nulfus
442 1062 551 1118 iste
573 1056 882 1125 fuit,sicuti
903 1048 1828 1126 vidimus,periniquus«Arialdo,
1843 1070 1867 1095 »δ

206 1171 334 1211 non
366 1132 457 1208 est
484 1145 816 1206 verosimile
848 1145 1003 1217 quod
1034 1144 1131 1199 ille
1176 1142 1421 1198 seorsim
1453 1158 1487 1195 a
1535 1156 1642 1196 sua
1670 1139 1867 1193 Histo-

207 1244 324 1309 ria,
348 1239 585 1314 qualem
608 1237 885 1301 diximus,
905 1233 1097 1289 Vitam
1122 1231 1309 1288 sancti
1332 1228 1579 1286 voluerit
1594 1228 1868 1293 scribere,

206 1331 355 1388 licet
374 1330 448 1386 ad
470 1331 796 1384 extremum
818 1323 1164 1380 emendatus
1181 1324 1237 1376 et
1258 1317 1667 1376 reconciliatus
1684 1315 1872 1373 Eccle-

209 1420 352 1489 sise;
387 1433 521 1475 cum
551 1432 625 1472 ne
652 1418 795 1470 tunc
825 1412 1063 1485 quidem
1096 1408 1379 1465 dimoveri
1427 1406 1679 1480 potuerit
1727 1406 1872 1477 quin

209 1506 466 1568 sentiret
485 1507 719 1561 sanctos
740 1500 1129 1575 praelaudatos
1159 1500 1374 1555 bonam
1401 1513 1641 1552 causam
1673 1495 1873 1550 minus

207 1600 369 1656 bene
396 1595 766 1664 discreteque
796 1591 1007 1663 egisse,
1042 1590 1304 1660 adeoque
1334 1604 1439 1643 nec
1469 1586 1530 1641 in
1575 1589 1761 1641 morte
1790 1583 1875 1639 sic

212 1687 382 1747 obita
402 1683 748 1742 laudandos.
768 1679 844 1737 Ut
859 1684 926 1735 ut
939 1683 1047 1747 est,
1072 1679 1201 1749 ejus
1223 1694 1336 1733 non
1361 1680 1553 1749 potest
1574 1690 1705 1730 esse
1718 1674 1873 1741 Vita,

213 1792 352 1850 qua)
373 1770 660 1830 Puricello
682 1769 822 1827 facit
840 1768 1059 1824 librum
1090 1766 1354 1837 tertium,
1377 1769 1434 1821 et
1463 1781 1579 1837 quo
1608 1764 1667 1819 in
1696 1763 1875 1819 adno-

210 1865 362 1923 tatis
391 1863 727 1933 frequenter
764 1861 1019 1914 utemur.
1069 1856 1466 1926 Praeterquam
1514 1853 1671 1909 enim
1719 1851 1877 1923 quod

1972 711 2041 750 ex
2071 695 2272 750 eadem
2305 694 2567 763 scientia,
2604 699 2661 751 et
2682 712 2821 751 suos
2852 700 2992 751 tunc
3013 696 3189 752 etiam
3213 698 3469 754 Annales
3490 701 3625 754 scri-

1974 784 2139 850 bens,
2174 784 2234 839 in
2283 784 2602 857 appendice
2634 785 2803 841 nobis
2836 786 3212 857 potissimum
3268 790 3620 860 sequendos.

2045 877 2099 930 8.
2136 875 2295 930 Idem
2322 874 2581 931 Alciatus
2611 875 2787 931 aliam
2820 876 3013 933 Vitam
3061 901 3089 928 «
3123 879 3181 934 S.
3218 881 3440 936 Arialdi
3466 906 3492 930 »
3541 882 3627 939 vel

1977 964 2214 1037 scripsit
2240 963 2330 1019 vel
2362 964 2616 1020 scribere
2648 965 2959 1022 inchoavit.
2986 968 3265 1040 Superest
3310 971 3468 1026 enim
3502 974 3629 1042 eius

1976 1053 2233 1119 initium,
2258 1054 2413 1125 quod
2437 1053 2717 1110 Puricello
2752 1054 2890 1111 facit
2937 1055 3069 1111 libri
3100 1075 3117 1112 1
3148 1062 3322 1129 caput
3356 1062 3444 1127 12,
3478 1061 3631 1115 sicut

1977 1142 2123 1199 illud
2146 1142 2242 1199 hic
2270 1142 2495 1213 habuit,
2519 1143 2951 1216 suppeditatam
2997 1145 3109 1202 sibi
3141 1164 3173 1202 a
3203 1148 3473 1205 Matthazo
3494 1150 3629 1205 Val-

1980 1232 2087 1301 rio,
2119 1231 2442 1289 Carthusia:
2486 1232 2791 1304 Papiensis
2820 1234 3022 1306 priori,
3055 1239 3111 1291 et
3159 1236 3335 1292 simili
3390 1255 3631 1309 prorsus

1981 1320 2247 1393 exemplo
2267 1318 2411 1376 vidit
2430 1320 2489 1376 in
2522 1338 2740 1378 musaeo
2770 1322 2985 1395 Aloysti
3022 1325 3093 1380 ab
3124 1325 3402 1394 Ecclesia,
3452 1344 3636 1399 quon-

1982 1410 2119 1465 dam
2170 1409 2464 1465 secretarii
2512 1407 2752 1466 Urbani.
2786 1411 2903 1466 Hoc
2950 1429 3186 1485 quoque
3218 1415 3631 1487 fragmentum,

1983 1497 2275 1554 adnotatis
2323 1497 2543 1555 nostris
2598 1499 2909 1568 insertum,
2968 1500 3151 1556 lector
3206 1503 3493 1560 inveniet:
3549 1506 3634 1561 uti

1984 1587 2159 1643 etiam
2192 1588 2463 1660 quasdam
2484 1609 2514 1638 «
2538 1587 2691 1644 Petri
2710 1589 2920 1660 Azarii,
2945 1611 2973 1640 »
2999 1589 3126 1659 viri,
3161 1595 3227 1646 ut
3255 1598 3495 1664 apparet
3525 1595 3635 1649 mi~

1983 1675 2193 1743 litaris,
2219 1675 2319 1748 qui
2341 1693 2496 1733 anno
2525 1678 2659 1732 1456
2680 1677 2900 1733 militia:
2923 1679 3305 1737 reformande
3336 1683 3638 1739 adhibitus

1985 1764 2301 1820 Annalium
2333 1764 2861 1822 Mediolanensium
2910 1784 3079 1840 Opus,
3115 1769 3290 1840 quale
3321 1772 3473 1842 apud
3507 1776 3638 1828 Car-

1988 1853 2196 1910 thusize
2246 1854 2498 1926 priorem
2538 1853 2964 1926 praelaudatum
3013 1859 3357 1914 servabatur
3401 1858 3462 1914 in
3495 1876 3637 1917 mss.

213 1953 445 2026 ubique
460 1953 800 2008 sanctorum
831 1951 962 2003 acta
986 1946 1193 2018 probet
1218 1945 1613 2013 vehementer,
1639 1957 1768 2040 sese
1784 1942 1878 2040 ιιι-
1911 1976 1957 2040 Β
1989 1942 2259 2015 perduxit
2280 1943 2348 1998 ad
2374 1960 2595 1999 annum
2617 1945 2758 1999 1402
2776 1944 2949 2016 plane
2969 1947 3334 2017 grandaevus.
3363 1948 3641 2021 Reliquos

215 2044 383 2101 dicat
401 2044 604 2098 auctor
619 2036 929 2109 scripsisse
950 2038 1083 2108 post
1105 2049 1327 2090 annum
1352 2033 1511 2098 1100,
1544 2032 1779 2104 quando
1809 2031 1882 2086 de

216 2155 249 2187 «
269 2130 521 2190 ecclesia
540 2127 787 2185 Rozonis
800 2148 829 2177 »
853 2125 1101 2197 loquens
1123 2123 1306 2191 addit,
1325 2139 1486 2194 «quae
1500 2138 1657 2177 nunc
1668 2121 1883 2176 dicitur

216 2225 280 2281 S.
319 2218 609 2294 Sepulcri,
644 2238 673 2268 »
706 2216 864 2289 quod
894 2230 1109 2270 nomen
1150 2212 1250 2267 illa
1297 2211 1558 2285 primum
1611 2213 1883 2266 assecuta

214 2315 367 2369 tunc
389 2312 498 2365 est.
545 2305 723 2363 Plura
748 2304 809 2360 in
840 2303 991 2359 hanc
1020 2319 1143 2359 rem
1177 2300 1439 2373 congerit
1467 2298 1789 2355 Puricellus
1820 2298 1879 2352 in

219 2397 569 2475 praafatione
595 2395 667 2452 ad
696 2394 881 2450 istum
911 2392 1015 2447 lib.
1041 2409 1125 2459 ιιι,
1155 2393 1467 2462 censetque
1496 2404 1564 2445 ex
1580 2387 1731 2460 stylo
1751 2403 1881 2444 eam

220 2504 359 2547 esse
385 2510 413 2537 ‹‹
437 2482 722 2550 Landulfi,
755 2500 789 2538 a
814 2485 872 2538 8.
908 2480 1084 2536 Paulo
1119 2502 1145 2530 η
1169 2480 1333 2544 dicti,
1366 2501 1393 2529 ‹‹
1426 2477 1688 2535 Junioris
1722 2498 1749 2526 ››
1782 2492 1885 2548 per

226 2595 341 2636 nos
366 2573 720 2648 appellandi,
745 2570 846 2644 qui
860 2570 1010 2627 lecta
1033 2573 1301 2625 accurate
1315 2569 1448 2624 Vita
1469 2585 1572 2640 per
1590 2567 1714 2622 And
1725 2583 1882 2622 ream

225 2667 453 2739 scripta
472 2664 645 2737 (hanc
669 2664 865 2718 autem
896 2659 1108 2731 legisse
1128 2657 1410 2714 Arnulfus
1430 2657 1524 2712 vix
1548 2655 1757 2729 potuit,
1783 2671 1883 2711 ne-

228 2758 377 2813 dum
406 2757 464 2811 et
490 2757 612 2809 tam
642 2749 935 2807 contraria
964 2748 1131 2821 prius
1160 2746 1467 2819 scripsisse
1507 2746 1649 2818 quin
1682 2747 1886 2817 postea

228 2842 571 2903 distinctius
602 2838 961 2909 retractaret)
992 2838 1261 2894 eamdem
1300 2835 1588 2909 redegerit
1618 2835 1676 2889 in
1725 2850 1884 2890 com-

1990 2036 2275 2098 auctores,
2311 2048 2562 2104 quorum
2591 2033 2719 2088 loca
2775 2050 2842 2089 ac
2887 2036 3226 2091 testimonia
3272 2036 3522 2108 implent
3569 2037 3637 2092 li-

1990 2121 2162 2176 brum
2187 2137 2205 2175 ι
2235 2120 2528 2176 Puricelli.
2563 2138 2934 2179 communem
2968 2149 2995 2174 ‹‹
3021 2124 3120 2180 SS.
3154 2124 3389 2181 Arialdo
3421 2131 3477 2181 et
3506 2127 3643 2183 Her-

1987 2208 2282 2266 lembaldo
2307 2231 2335 2259 »
2365 2213 2567 2281 (quam
2591 2210 2772 2283 aliqui
2806 2235 2834 2263 κ
2856 2212 3292 2281 Arembaldum,
3326 2215 3641 2271 Herenbal-

1989 2300 2164 2357 dum»
2178 2299 3243 2374 etlHeribaldumnnominant)videsis
3255 2306 3641 2378 apudipsum.

1990 2388 2135 2443 Vide
2154 2386 2331 2444 etiam
2349 2389 2611 2459 ejusdem
2632 2388 2847 2445 librum
2871 2396 3179 2462 quartum;
3203 2393 3303 2464 qui
3328 2394 3502 2448 unius
3522 2393 3646 2465 qui-

1992 2478 2125 2533 dem
2158 2500 2186 2526 «
2220 2477 2610 2533 Herlembaldi
2651 2480 2844 2534 Vitam
2879 2503 2906 2530 »
2962 2482 3269 2552 profitetur
3325 2484 3484 2549 dare,
3545 2484 3643 2538 sed

1994 2583 2192 2623 revera
2219 2566 2529 2622 historiam
2576 2568 2835 2624 continet
2879 2569 3061 2625 totius
3109 2571 3446 2627 schismatis
3491 2573 3643 2643 quod

1995 2654 2205 2710 saeculo
2226 2672 2282 2709 ιιι
2306 2655 2622 2711 Ecclesiam
2654 2655 2947 2727 laceravit,
2977 2658 3228 2715 CadalOo
3279 2665 3335 2723 et
3366 2660 3646 2716 Guiberto

1993 2744 2054 2799 in
2085 2743 2394 2815 antipapas
2424 2743 2686 2811 elevatis,
2710 2762 2813 2817 per
2837 2746 3112 2803 rebellem
3145 2747 3409 2804 Ecclesiae
3442 2748 3646 2803 Henri-

1994 2848 2128 2887 cum
2159 2832 2286 2902 ejus
2315 2832 2574 2890 nominis
2603 2850 2797 2907 regem
2831 2835 2920 2904 IV,
2962 2835 3371 2907 imperatorem
3408 2838 3498 2892 III.

229 3009 3649 3038 Μ

1214 3182 1825 3297 SANCTI
1953 3181 2667 3295 ARIALDI

1784 3426 2091 3514 VITA

999 3638 1267 3698 Auctore
1309 3636 1379 3695 B.
1425 3636 1713 3705 Annam,
1738 3629 2280 3707 Vallumhrosano,
2313 3629 2510 3691 sancti
2554 3629 2882 3711 discipulo.

1736 3826 2149 3839 ﬂ

868 3984 1261 4041 PREFATIO.

303 4078 357 4136 4.
390 4075 748 4150 Prmeepisti,
780 4074 1108 4131 venerande
1132 4075 1305 4130 Pater
1335 4072 1604 4140 Rudolfe,
1638 4075 1704 4128 ut
1732 4072 1889 4129 beati

233 4166 514 4241 martyris
542 4164 761 4221 Arialdi
785 4163 1117 4239 passionem
1138 4162 1548 4219 describerem.
1572 4162 1733 4227 Quod
1756 4160 1892 4219 licet

233 4258 426 4315 facere
454 4258 700 4313 conatus
728 4256 841 4311 sim
870 4254 951 4327 (in
981 4253 1245 4321 veritate,
1271 4269 1387 4309 non
1420 4270 1524 4325 pro
1554 4251 1891 4309 humilitate

233 4345 383 4413 sola,
415 4348 483 4400 ut
509 4343 773 4418 plerique
813 4343 1106 4417 sapientes
1157 4342 1366 4410 solent,
1417 4341 1667 4415 loquor),
1718 4342 1889 4414 quid-

233 4434 379 4509 quid
408 4434 469 4489 in
500 4450 570 4491 ea
598 4438 689 4490 est
714 4434 870 4506 quod
904 4431 1255 4489 conveniens
1286 4431 1383 4499 sit,
1414 4431 1592 4488 etiam
1642 4432 1705 4488 in
1762 4433 1892 4505 ipsa

231 4524 546 4599 verborum
580 4522 1023 4596 compositione,
1054 4537 1169 4577 non
1202 4537 1343 4577 meae
1394 4520 1714 4593 sapientiae,
1761 4538 1889 4593 qua:

234 4612 323 4670 sic
351 4615 442 4669 est
471 4629 649 4685 parva
678 4614 745 4668 ut
764 4626 911 4685 pene
932 4611 1010 4667 sit
1046 4610 1228 4678 nulla,
1254 4610 1356 4666 sed
1387 4610 1496 4667 soli
1525 4610 1629 4666 Dei
1667 4611 1889 4683 gratiae,

233 4701 581 4773 meritisque
610 4700 821 4774 ipsius,
848 4704 1023 4773 atque
1040 4704 1152 4756 tua:
1170 4699 1419 4756 orationi
1447 4699 1663 4755 tribuo.
1689 4702 1753 4755 In
1775 4718 1893 4772 qua

233 4789 404 4859 sciat,
444 4807 574 4847 eam
632 4791 971 4863 quicunque
1012 4788 1240 4862 legerit,
1299 4804 1394 4845 me
1453 4805 1696 4861 prorsus
1742 4790 1889 4845 nihil

234 4879 458 4936 dixisse
486 4878 600 4936 nisi
621 4880 778 4953 quod
798 4879 940 4935 viris
962 4878 1136 4935 certis
1156 4878 1533 4934 narrantibus
1556 4878 1884 4945 didicerim,

235 4985 271 5024 a
300 4967 642 5025 marcbione
670 4968 959 5037 videlicet,
993 4968 1181 5040 ipsius
1211 4983 1491 5041 germano
1527 4966 1706 5035 fideli,
1737 4967 1825 5023 vel
1857 4986 1891 5023 a

236 5054 587 5113 Bonovisino
617 5057 885 5129 ejusdem
942 5054 1288 5113 ﬁdelissimo
1332 5053 1574 5125 famulo,
1622 5055 1723 5127 qui
1772 5055 1891 5112 eia

235 5144 547 5204 cunabulis
576 5150 666 5202 est
684 5145 1005 5203 famulatus
1022 5143 1315 5213 similiter,
1340 5144 1458 5199 imo
1482 5143 1553 5199 de
1568 5142 1786 5216 quibus
1805 5147 1893 5200 tot

236 5235 483 5292 existere
512 5240 765 5307 possunt
795 5238 974 5292 testes
1004 5238 1147 5308 quot
1178 5232 1281 5290 illo
1310 5232 1371 5288 in
1398 5232 1524 5289 loco
1556 5249 1691 5289 cum
1722 5236 1889 5290 aetate

234 5323 491 5393 perfecta
521 5341 783 5397 saneque
809 5340 987 5381 sensu
1018 5326 1159 5380 sunt
1186 5322 1476 5378 homines.

303 5416 360 5468 2.
392 5413 633 5483 Verum,
657 5431 760 5486 per
779 5417 969 5470 totum
985 5413 1144 5469 hunc
1160 5411 1649 5477 libellum,meum
1671 5428 1886 5468 nomen

236 5500 478 5569 celetur,
527 5502 630 5574 qui
656 5503 791 5560 talis
821 5519 955 5558 sum
1004 5506 1069 5558 ut
1096 5502 1286 5573 magis
1326 5500 1632 5557 conveniat
1673 5501 1887 5557 nesciri

238 5603 417 5659 quam
448 5589 606 5657 sciri,
632 5592 726 5647 cui
751 5592 887 5663 jure
905 5589 1175 5663 congruit
1195 5588 1339 5644 illud
1363 5587 1557 5644 Isaiae:
1598 5610 1627 5638 ‹‹
1647 5590 1882 5659 Claude,

234 5676 445 5750 inquit,
461 5679 680 5736 ostium
701 5685 894 5748 tuum,
910 5684 967 5735 et
989 5678 1281 5735 absconde
1301 5682 1355 5734 te
1376 5680 1509 5748 post
1528 5676 1885 5745 illud,donec

234 5769 497 5825 transeat
526 5767 613 5828 ira
631 5768 863 5828 Domini
894 5769 1030 5840 (1δαί
1057 5783 1211 5833 xxvr,
1240 5767 1356 5839 2D);
1382 5787 1411 5818 »
1442 5768 1570 5824 tum
1599 5781 1733 5824 vero
1780 5782 1885 5825 no-

1920 5360 1967 5424 D

1917 3983 1961 4049 C
2001 3997 2134 4039 men
2165 3978 2225 4035 in
2253 3982 2382 4051 ejus
2411 3981 2600 4036 fronte
2629 3980 2946 4051 habeatur;
2982 3982 3281 4055 quoniam,
3302 3984 3444 4041 velis
3477 3987 3650 4061 nolis,

2001 4086 2180 4142 super
2226 4069 2667 4138 candelabrum,
2720 4075 2786 4127 ut
2814 4072 3088 4128 omnibus
3120 4072 3339 4144 luceas,
3369 4079 3426 4133 te
3457 4079 3655 4149 posuit

1999 4158 2268 4216 Christus
2297 4176 2309 4225 ;
2344 4162 2658 4230 quatenus,
2690 4160 2741 4216 is
2769 4161 2868 4233 qui
2891 4162 3130 4235 scripsit
3161 4163 3209 4218 si
3232 4163 3555 4237 ignoratur,
3582 4170 3653 4223 ad

1999 4264 2176 4321 quem
2209 4248 2464 4321 scriptus
2494 4253 2583 4304 est
2614 4267 2727 4306 non
2751 4250 3071 4324 ignoretur.
3104 4257 3281 4310 Porro
3304 4255 3444 4327 quia
3466 4256 3523 4312 in
3547 4257 3655 4312 hoc

2001 4337 2170 4410 plura
2190 4342 2331 4394 sunt
2350 4337 2411 4393 in
2428 4338 2619 4395 verbis
2639 4344 2698 4394 et
2718 4340 2887 4396 factis
2909 4342 3277 4399 aediﬁcationi
3302 4343 3492 4411 utilia,
3520 4347 3653 4401 duo-

1999 4426 2189 4483 decim
2211 4426 2587 4483 monasteriis
2606 4428 2823 4499 quibus
2844 4434 2900 4485 te
2919 4447 3217 4502 supernus
3240 4433 3428 4489 Judex
3452 4453 3657 4508 propn-

1999 4519 2140 4588 suit,
2173 4534 2272 4573 oro
2304 4522 2368 4573 ut
2398 4517 2470 4573 ad
2499 4516 2814 4590 legendum
2866 4518 3115 4588 tribuas,
3162 4526 3474 4592 quatenus,
3511 4506 3652 4579 dum

2000 4608 2315 4676 audierint,
2347 4608 2407 4663 in
2435 4608 2772 4665 defensione
2802 4608 3084 4680 veritatis,
3126 4611 3281 4682 quod
3316 4610 3412 4667 alii
3456 4620 3654 4669 nostro

1998 4698 2060 4754 in
2087 4702 2347 4771 tempore
2377 4697 2652 4754 dixerunt
2680 4702 2737 4754 et
2766 4698 3024 4771 perpessi
3057 4704 3219 4770 sunt,
3259 4703 3656 4759 accendantur

1998 4793 2056 4844 et
2086 4788 2200 4861 ipsi
2234 4792 2298 4844 ut
2325 4787 2465 4844 talia
2517 4787 2735 4856 dicant,
2771 4793 2845 4855 et,
2885 4790 2935 4843 si
2993 4805 3232 4845 necesse
3292 4790 3489 4858 fuerit,
3552 4803 3672 4864 pro

1998 4878 2200 4933 eadem
2237 4878 2475 4934 veritate
2501 4876 2719 4933 similia
2750 4878 3071 4950 patiantur.

2533 5020 2761 5076 CAPUT
2810 5020 3119 5078 PRIMUM.

1997 5126 2215 5183 Arialdz’
2241 5126 2472 5195 natales,
2509 5127 2803 5211 institutio,
2829 5129 3015 5211 prima
3060 5138 3253 5187 contra
3301 5129 3513 5186 clerum
3565 5133 3657 5187 in-

2603 5209 2709 5255 €681
2715 5216 2809 5254 um
2841 5209 3047 5257 COﬂCiO.

2070 5323 2123 5378 3.
2151 5323 2454 5394 Licetjam
2487 5324 2570 5379 sic
2601 5339 2780 5381 senex
2811 5324 2888 5381 sit
2910 5326 3167 5382 mundus
3198 5329 3262 5381 ut
3283 5324 3655 5396 jamjamque

1998 5412 2227 5467 vicinus
2257 5412 2384 5483 ejus
2416 5416 2694 5468 cernatur
2722 5431 2989 5482 occasus,
3018 5420 3213 5470 tamen
3248 5410 3385 5484 quia
3416 5414 3488 5467 ab
3522 5415 3653 5470 uui-

1996 5500 2180 5556 versis
2211 5500 2561 5556 mortalibus
2590 5501 2895 5574 ignoratur
2934 5504 3167 5575 quando
3218 5502 3478 5572 ﬁniatur,
3512 5502 3655 5560 libet

1997 5605 2277 5645 novorum
2312 5590 2703 5646 constantiam
2735 5597 3091 5658 sanctorum,
3137 5605 3449 5663 supparem
3503 5592 3652 5649 anti-

1995 5694 2272 5749 quorum,
2295 5677 2695 5751 saevitiamque
2726 5681 3081 5753 perﬁdorum
3114 5679 3213 5750 qui
3236 5696 3335 5735 eos
3365 5696 3554 5751 usque
3576 5683 3649 5738 ad

1996 5783 2222 5839 necem,
2245 5766 2466 5827 nostris
2485 5769 2847 5842 temporibus
2874 5769 3108 5841 imoque
3135 5767 3350 5828 nostris
3378 5770 3485 5827 sub
3512 5790 3527 5824 ι,
3547 5787 3648 5827 cu-
