3898 6430
211 464 323 533 271

1428 468 1831 537 EXPOSITIO
1876 472 2383 571 PSALMORUM.

3477 479 3599 546 278

212 612 406 681 verum
437 592 1086 675 bominem.Ignorasse
1112 617 1248 659 vero
1279 619 1340 661 se
1370 602 1532 674 dicit,
1565 603 1703 678 quia
1718 620 1848 678 pec-
1878 615 1932 682 Α
1957 609 2030 662 27
2101 608 2251 665 Mihi
2275 611 2461 666 autem
2482 607 2766 667 adhaerere
2794 610 2896 667 Deo
2926 607 3127 668 bonum
3154 619 3231 671 est
3261 630 3278 669 :

216 691 427 745 catores
474 690 533 742 et
584 691 822 760 peccata
872 688 1124 763 ignorat,
1157 693 1259 765 qui
1288 692 1452 750 nulla
1489 693 1853 767 ignoratione

214 774 450 832 fallitur.
484 778 525 829 C
554 775 657 831 Vel
685 775 948 848 loquitur
975 778 1129 834 idem
1159 779 1375 837 zelator
1403 782 1504 853 qui
1531 781 1716 839 doluit
1753 800 1851 838 su-

213 881 309 937 per
336 862 642 935 temporali
660 865 1020 922 abundantia
1038 867 1347 935 malorum,
1367 886 1590 942 ponens
1616 887 1851 927 causam

207 952 517 1023 curimago
534 955 842 1017 eorumad
868 954 1014 1010 nihil
1039 956 1501 1031 redigatur,quia
1522 959 1852 1015 inﬂamma-

211 1048 331 1098 tum
360 1045 447 1096 est
480 1058 581 1097 cor
600 1057 800 1098 meum
831 1042 1004 1099 noxia
1031 1044 1350 1102 invidentia
1380 1063 1482 1118 per
1502 1064 1619 1114 eos,
1654 1048 1711 1101 id
1742 1052 1848 1115 est,

213 1130 319 1203 ipsi
350 1130 536 1185 bonos
565 1129 788 1195 faciunt
808 1147 1064 1203 peccare,
1097 1138 1163 1189 ut
1190 1135 1542 1209 quandoque
1589 1136 1855 1193 dubitent

211 1219 277 1274 de
307 1217 500 1273 divina
520 1218 901 1290 providentia,
927 1227 984 1276 et
1013 1236 1201 1288 renes,
1234 1222 1292 1277 id
1316 1228 1422 1291 est,
1449 1225 1664 1281 mentis
1693 1241 1856 1282 cons-

212 1305 388 1362 tantia
405 1305 993 1371 bonorum,movetur
1014 1310 1084 1364 ad
1110 1312 1487 1381 quaarendum
1512 1312 1855 1384 temporalia

212 1412 310 1468 pro
340 1394 463 1451 suis
495 1393 818 1463 laboribus,
850 1397 1066 1468 quibus
1098 1398 1382 1455 debentur
1410 1405 1643 1468 interna,
1670 1407 1727 1456 et
1772 1402 1854 1457 ita

212 1482 279 1538 ad
312 1481 474 1550 nihil,
509 1482 568 1539 id
600 1487 708 1549 est,
744 1490 1049 1557 peccatum
1082 1488 1355 1567 redactus
1386 1505 1539 1557 sum,
1574 1494 1681 1545 etc.

211 1592 277 1644 22
349 1593 419 1647 Ut
433 1592 773 1661 jumentum
803 1590 1001 1663 factus
1027 1608 1154 1646 sum
1183 1593 1432 1665 apudte
1463 1612 1482 1648 :

348 1682 416 1735 Et
442 1693 554 1749 ego
578 1693 808 1751 semper
837 1681 1037 1736 tecum.

279 1766 324 1822 ll
340 1766 778 1839 .Utjumentum
797 1768 983 1824 factus
1006 1786 1139 1825 sum
1162 1770 1302 1826 dicit
1321 1771 1854 1845 Cbristus,portans

212 1855 271 1911 in
298 1869 469 1923 came
496 1860 738 1928 peccata
766 1856 990 1929 populi,
1024 1862 1080 1913 et
1126 1875 1231 1931 ego
1283 1876 1514 1932 semper
1542 1866 1756 1928 tecum,
1790 1866 1855 1916 ut

206 1948 301 2042 est
322 1942 487 2012 illud,
524 1960 630 2033 ego
658 1945 721 2042 in
750 1948 808 2000 te
839 1948 896 2042 et
924 1949 987 2000 tu
1011 1947 1075 2042 in
1109 1949 1295 2042 ment}
1324 1947 1556 2042 Velille
1594 1948 1855 2021 loquitur
1885 1977 1930 2042 Β

212 2033 376 2105 cujus
404 2028 555 2105 pene
578 2032 723 2088 moti
749 2037 892 2089 sunt
921 2034 1241 2105 pedes.Qui
1264 2036 1401 2105 jure
1424 2037 1761 2107 jumentum
1793 2054 1856 2095 se

210 2120 654 2194 dicit,quoniam
681 2121 935 2178 carnalis
955 2122 1249 2180 aemulatio
1273 2141 1429 2192 eum,
1448 2125 1616 2197 quasi
1638 2125 1857 2181 animal

214 2208 626 2278 irrationabile,
662 2209 952 2266 insidebat
1000 2227 1176 2283 super
1232 2213 1616 2286 prosperitate
1672 2213 1854 2271 malo-

215 2315 339 2355 rum
374 2314 385 2355 :
418 2302 477 2355 et
503 2302 707 2355 tamen
731 2298 924 2355 adhuc
951 2301 1141 2356 tecum
1166 2317 1298 2357 sum
1328 2300 1386 2356 in
1419 2301 1532 2358 ﬁde
1560 2300 1695 2358 licet
1723 2318 1853 2375 pec-

214 2392 385 2444 sator.

211 2494 277 2550 23
352 2492 618 2550 Tenuisti
644 2509 879 2550 manum
909 2494 1218 2551 dexteram
1261 2511 1457 2554 meam
1491 2513 1503 2552 :
1546 2504 1603 2564 :3-
1625 2502 1680 2553 et
1724 2505 1736 2561 ζ
1784 2497 1845 2552 in

417 2582 725 2640 roluntate
752 2588 857 2638 tua
886 2583 1200 2640 deduxisti
1226 2601 1312 2641 me
1345 2602 1359 2639 :

349 2672 415 2728 Et
443 2688 577 2728 cum
606 2670 814 2745 gloria
839 2673 1150 2741 suscepisti
1178 2690 1287 2728 me.

282 2759 349 2815 Η.
379 2758 596 2816 Tenuit
625 2760 923 2815 dexteram
954 2760 1125 2817 Pater
1171 2760 1333 2827 Filio,
1356 2778 1423 2817 eo
1472 2762 1856 2819 descendente

215 2847 272 2903 in
301 2847 619 2914 infernum,
652 2849 794 2920 quia
823 2848 1064 2905 sinistra
1109 2848 1325 2905 diaboli
1356 2850 1774 2906 adversabatur
1803 2852 1855 2907 ei
1933 2891 1940 2898 -

218 2936 273 2992 in
303 2936 491 2992 terris.
521 2936 775 2992 Deduxit
802 2935 863 2991 in
893 2935 1190 2992 voluntate
1217 2943 1637 3010 resurgentem,
1661 2956 1855 2995 susce-

218 3023 301 3096 pit
326 3024 383 3078 in
413 3022 605 3095 gloria
632 3024 707 3079 ad
752 3022 929 3079 caelos
961 3025 1320 3080 redeuntem.
1354 3025 1394 3080 C
1422 3025 1545 3095 Vel,
1579 3043 1681 3099 per
1729 3043 1853 3083 ma-

218 3128 353 3167 num
396 3113 697 3167 dexteram
746 3112 1016 3168 remissio
1060 3116 1427 3185 peccatorum
1478 3115 1759 3186 accipitur
1796 3119 1855 3171 et

208 3199 340 3256 ﬁdei
357 3201 545 3256 virtus
575 3204 636 3256 et
663 3199 990 3256 ccelestium
1014 3199 1388 3269 desiderium,
1408 3206 1465 3257 et
1484 3202 1735 3275 gratuita
1756 3220 1853 3259 vo-

208 3288 424 3344 luntate
452 3305 571 3344 non
604 3288 754 3344 meis
785 3287 1011 3344 meritis
1034 3288 1323 3344 deduxisti
1356 3306 1467 3357 me,
1494 3294 1551 3346 et
1581 3295 1845 3347 naturam

207 3392 389 3432 meam
422 3375 825 3432 incarnatione
843 3380 946 3431 tua
965 3375 1213 3449 gloriose
1234 3377 1542 3449 suscepisti
1563 3379 1635 3434 ad
1657 3379 1851 3434 dexte-

208 3480 327 3521 ram
350 3464 561 3522 Patris.
876 3488 881 3493 μ

205 3572 271 3626 24
342 3572 502 3642 Quid
529 3573 691 3628 enim
722 3569 871 3628 mihi
899 3580 982 3626 est
1012 3572 1073 3626 in
1103 3569 1270 3627 coelo.

340 3662 405 3715 Et
435 3678 469 3715 α
500 3669 555 3717 ιε
585 3659 731 3733 quid
759 3657 928 3715 volui
954 3676 1128 3731 super
1154 3660 1417 3715 terram?

277 3749 316 3803 Il
348 3748 499 3813 Quid
531 3748 692 3805 enim
720 3746 862 3803 mihi
889 3750 996 3816 est,
1027 3746 1084 3802 id
1116 3751 1222 3816 est,
1258 3749 1329 3803 ad
1360 3749 1850 3820 comparationem

206 3836 453 3895 scelestis
477 3836 702 3910 gratias,
723 3851 900 3908 quam
931 3835 1133 3892 electis
1161 3835 1280 3892 tuis
1309 3837 1852 3910 praparasti,quam

206 3923 337 3982 vilia
364 3929 421 3981 et
450 3926 679 3982 caduca
706 3927 864 3993 sunt,
884 3941 1010 3998 qua
1040 3941 1074 3979 a
1104 3928 1158 3980 te
1186 3923 1368 3980 voluit
1395 3925 1657 3981 humana
1687 3943 1854 3983 mens

209 4029 379 4087 super
437 4012 704 4069 terram?
733 4012 934 4081 Aliter,
986 4028 1176 4084 neque
1232 4012 1292 4066 in
1351 4012 1513 4080 ccelo,
1547 4030 1735 4086 neque
1791 4014 1853 4069 in

208 4104 376 4172 terra,
409 4101 594 4158 alium
649 4103 858 4174 praeter
902 4105 959 4155 te
1009 4101 1246 4172 quaesivi
1280 4118 1293 4157 :
1327 4119 1360 4156 a
1391 4105 1446 4157 te
1494 4102 1729 4174 impleta
1766 4106 1856 4160 est

209 4189 476 4245 voluntas
509 4205 665 4255 mea,
696 4193 761 4244 ut
790 4188 935 4244 mihi
968 4189 1200 4245 ﬂectant
1219 4189 1417 4245 omnia
1445 4206 1635 4263 genua
1664 4189 1855 4247 cccles-

215 4277 376 4345 tium,
410 4276 783 4334 terrestrium
814 4280 870 4332 et
895 4276 1259 4333 infernorum
1288 4276 1531 4349 (Philip.
1564 4279 1647 4350 ιι).

213 4382 281 4438 25
349 4384 567 4456 Deiecit
600 4398 745 4438 caro
776 4398 909 4439 mea
938 4388 993 4437 et
1018 4398 1114 4439 cor
1132 4399 1321 4438 meum
1342 4404 1361 4437 .-

348 4466 505 4533 De'us
533 4470 737 4530 cordis
763 4472 885 4527 mei
929 4476 987 4526 et
1025 4488 1171 4543 pars
1216 4487 1345 4527 mea
1388 4475 1541 4528 Deus
1583 4473 1641 4527 in
1686 4477 1855 4532 aeter-

422 4577 562 4615 num
572 4602 585 4614 .

279 4647 326 4703 Η
354 4648 479 4705 Vox
503 4646 800 4705 Ecclesiae.
833 4644 876 4703 Ο
903 4646 1135 4714 defecit,
1159 4663 1257 4702 cor
1287 4646 1491 4719 utique
1525 4664 1559 4703 a
1580 4646 1736 4703 mala
1762 4664 1858 4703 co-

210 4736 515 4810 gitatione.
549 4735 708 4791 Deus
733 4734 945 4804 cordis,
969 4735 1190 4792 bonum
1231 4733 1589 4792 intellectum
1638 4734 1860 4808 signiﬁ-

218 4827 323 4892 cat,
358 4840 493 4880 cum
521 4840 586 4879 se
617 4840 845 4879 errasse
875 4823 1183 4880 sentiebat.
1216 4822 1377 4879 Illius
1421 4822 1678 4879 hominis
1726 4840 1861 4896 pars

218 4910 366 4968 Deus
397 4916 507 4981 est,
537 4911 643 4984 qui
674 4927 739 4966 se
765 4910 1059 4983 maiestati
1088 4910 1274 4984 ipsius
1303 4911 1641 4968 crudelitate
1663 4928 1862 4971 conso-

219 4998 330 5055 ciat
360 5017 373 5057 :
409 5000 475 5056 In
508 5003 792 5056 aeternum
820 5015 883 5055 se
910 4997 1024 5072 ipsi
1055 4999 1348 5056 adhaerere
1391 5000 1679 5072 promisit,
1708 5000 1860 5072 quod

221 5094 305 5146 est
332 5089 748 5163 perfectorum.

220 5193 287 5251 26
354 5196 513 5268 Quia
541 5209 673 5251 ecce
700 5195 804 5266 qui
833 5193 1112 5268 elongant
1138 5209 1197 5249 se
1227 5210 1267 5249 a
1303 5202 1358 5250 te
1382 5194 1660 5266 peribunt
1691 5211 1703 5250 :

356 5283 685 5340 Perdidisti
710 5298 936 5338 omnem
965 5283 1073 5354 qui
1095 5272 1435 5356 fornicatur
1458 5282 1563 5339 abs
1591 5289 1668 5338 te.

291 5375 329 5425 Ο
359 5372 475 5444 ipsi
507 5371 672 5428 enim
716 5386 784 5445 se
828 5369 1245 5443 elongaverunt
1291 5370 1360 5425 ab
1409 5387 1496 5435 eo,
1542 5370 1643 5442 qui
1695 5370 1865 5426 idolis

228 5459 571 5515 serviebant.
607 5457 905 5515 Fornicari
936 5461 1027 5514 est
1052 5474 1088 5513 a
1115 5456 1499 5527 Deo,quando
1522 5457 1866 5513 adulterinis

230 5545 683 5624 cogitationibus
714 5546 786 5602 ab
835 5546 964 5617 ejus
1012 5549 1172 5601 casto
1222 5562 1417 5600 amore
1448 5546 1778 5612 deviamus;
1812 5548 1869 5601 ct

230 5634 527 5713 quidquid.
544 5639 753 5692 contra
781 5632 1126 5692 catholicam
1151 5633 1326 5689 ﬁdem
1344 5633 1616 5699 creditur,
1632 5632 1867 5704 pollutis

233 5722 492 5783 sensibus
523 5722 868 5783 fornicatur.
944 5796 955 5803 κ

2103 700 2308 756 Ponere
2336 701 2396 755 in
2428 701 2653 756 Domino
2680 700 2785 756 Deo
2808 716 2955 773 spem
2983 717 3181 756 meam.

2030 785 2091 840 C.
2127 786 2181 841 Is
2211 787 2367 842 enim
2399 787 2686 843 divinitati
2719 788 3109 861 adhaeret,qui
3139 805 3200 845 se
3230 788 3313 845 illi
3336 806 3469 847 vera
3484 791 3597 849 ﬁds

1961 877 2137 945 atque
2162 891 2404 947 operum
2435 875 2722 948 probitate
2769 876 3093 949 conjungit,
3129 880 3186 933 et
3230 877 3394 949 ponit
3434 895 3597 951 spem

1960 978 2127 1017 suam
2161 979 2389 1034 semper
2418 964 2478 1018 in
2502 964 2785 1035 Deo,quia
2815 964 2961 1019 nihil
2985 969 3175 1037 potest
3195 982 3323 1022 esse
3346 966 3596 1035 beatius,

1962 1067 2135 1121 quam
2173 1049 2257 1105 illi
2288 1052 2484 1107 omnia
2514 1053 2895 1120 committere,
2928 1052 3029 1123 qui
3060 1052 3224 1110 novis
3253 1053 3378 1110 suis
3416 1053 3601 1111 culto-

1962 1138 2125 1194 ribus
2155 1140 2459 1211 profutura
2488 1143 2778 1213 praestare.

1959 1229 2030 1282 28
2107 1229 2171 1283 Ut
2199 1231 2522 1285 annuntiem
2550 1240 2728 1285 amnes
2755 1229 3176 1302 praedicationes
3201 1237 3323 1287 tuas
3353 1248 3372 1287 :

2101 1318 2163 1372 In
2188 1318 2363 1388 portis
2386 1319 2524 1389 ﬁlim
2546 1320 2698 1375 Sion.

2031 1408 2071 1458 C
2098 1405 2233 1459 Sion
2274 1407 2567 1477 speculatio
2608 1406 3036 1479 interpretatur.
3072 1406 3246 1479 Istius
3292 1415 3427 1481 ergo
3471 1425 3603 1465 con-

1963 1492 2357 1564 templationis
2387 1494 2591 1562 ﬁliam,
2626 1495 2971 1552 catholicam
2999 1500 3228 1553 constat
3256 1513 3384 1553 esse
3414 1496 3604 1564 Eccle-

1962 1581 2131 1649 siam,
2165 1581 2263 1636 ubi
2309 1599 2506 1639 revera
2562 1584 2764 1639 laudes
2813 1584 3039 1641 Domini
3082 1585 3289 1653 reddit,
3324 1585 3425 1658 qui
3455 1602 3602 1658 pura

1963 1675 2155 1724 mente
2185 1670 2510 1726 crediderit.
2542 1672 2605 1728 In
2636 1673 2839 1743 portis,
2860 1672 3057 1744 ipsum
3087 1672 3414 1745 ingressum
3438 1672 3601 1729 Chri-

1961 1757 2279 1815 stianitatis
2308 1758 2466 1825 dicit,
2501 1761 2736 1841 quando
2768 1761 2839 1816 ad
2885 1761 3061 1816 ﬁdem
3103 1754 3300 1818 veram
3351 1761 3600 1833 populus

1963 1862 2120 1901 novae
2154 1846 2605 1919 regenerationis
2640 1849 2971 1905 adducitur.

2433 1970 2637 2010 ORALIO
2675 1972 2744 2010 EX
2784 1971 2919 2011 PSAL
2957 1971 3124 2011 LXXII.

2036 2058 2144 2114 Fac
2172 2075 2298 2129 nos,
2332 2058 2594 2127 Domine,
2616 2060 2723 2116 tibi
2745 2060 2968 2133 jugiter
2996 2060 3308 2127 adhaerere,
3341 2060 3401 2116 in
3432 2064 3486 2117 te
3515 2065 3602 2117 to-

1962 2149 2082 2202 tam
2130 2146 2401 2202 virtutem
2446 2149 2573 2220 spei
2620 2153 2828 2204 nostm
2878 2148 3149 2221 deﬁgere,
3182 2153 3247 2204 ut
3274 2165 3604 2206 mereamur

1962 2232 2163 2290 laudes
2194 2239 2325 2290 tuas
2356 2235 2413 2290 in
2438 2236 2620 2308 portis
2645 2236 3017 2293 aeternalibus
3041 2237 3330 2295 nuntiare.
3364 2238 3469 2294 Per
3500 2236 3603 2295 Do-

1964 2322 2188 2379 minum
2221 2327 2485 2380 nostrum
2514 2325 2717 2381 Jesum
2748 2324 3066 2395 Christum,
3101 2327 3209 2380 etc.

2485 2456 2806 2514 PSALMUS
2848 2455 3081 2514 LXXIII.

2366 2561 2770 2601 ARGUMENTUM
2800 2562 2957 2601 PSAL.
3000 2560 3190 2600 LXXIII.

2032 2646 2090 2697 Ο.
2124 2644 2427 2715 Synagoga
2481 2642 2764 2714 deplorat,
2826 2659 2930 2698 cur
2984 2642 3072 2698 sui
3134 2638 3334 2698 traditi
3385 2641 3605 2699 fuerint

1961 2731 2257 2802 gentibus.

2104 2820 2219 2875 TT.
2254 2819 2560 2875 Intellectus
2589 2819 2788 2891 Asaph.
3262 2831 3279 2875 ‘.

2032 2912 2071 2961 Ο
2102 2906 2434 2963 Intellectus
2484 2907 2775 2980 signiﬁcat
2817 2907 3274 2979 speculationem
3323 2906 3609 2976 divinam,

1963 3012 2138 3067 quam
2169 2995 2432 3066 psalmus
2458 2994 2566 3053 istc
2596 2996 2922 3052 denuntiat.
2947 2995 3138 3068 Asaph
3188 2995 3604 3067 interpretatur

1958 3085 2319 3156 congregatio,
2351 3074 2480 3155 quae
2508 3101 2662 3139 nunc
2693 3087 2930 3140 vocatur
2959 3082 3233 3140 Ecclesia.

1959 3170 1981 3227 l
2103 3173 2164 3229 Ut
2193 3170 2340 3244 quid,
2372 3174 2532 3240 Deus,
2565 3173 2818 3244 repulisti
2846 3174 2907 3227 in
2934 3172 3099 3242 ﬁnem
3130 3186 3144 3226 :

2098 3260 2276 3315 Iratus
2301 3268 2377 3315 est
2405 3262 2564 3330 furor
2593 3268 2718 3316 tuus
2746 3276 2908 3332 super
2934 3275 3052 3316 oves
3077 3274 3301 3331 pascua:
3330 3262 3487 3317 iw?

1880 3342 1922 3407 C
2029 3351 2069 3402 C
2097 3346 2493 3404 Israelitarum
2524 3347 2774 3420 populus
2804 3364 2905 3420 per
2935 3350 3126 3402 totum
3162 3345 3428 3419 loquitur
3454 3346 3607 3421 psal-

1953 3452 2137 3503 mum,
2171 3436 2268 3507 qui
2302 3437 2596 3508 quaarebat
2632 3436 2886 3503 territus,
2918 3452 3024 3490 cur
3052 3433 3452 3490 sanctuarium
3493 3433 3605 3490 Do-

1955 3522 2101 3578 mini
2131 3541 2445 3597 passurum
2475 3528 2626 3579 esset
2657 3514 3139 3580 uefandissimam
3159 3521 3610 3581 vanitatem.Re-

1958 3610 2180 3683 pulisti,
2214 3611 2272 3667 id
2308 3615 2397 3667 est
2427 3610 2708 3682 abjecisti,
2732 3610 2903 3682 quasi
2949 3608 3167 3667 alienos
3200 3626 3234 3664 a
3262 3611 3364 3665 tua
3411 3607 3608 3666 defen-

1958 3700 2121 3756 sione
2169 3700 2275 3756 feci
2317 3700 2461 3755 ti.ln
2494 3700 2670 3755 ﬁnem
2700 3716 2712 3754 :
2746 3696 3138 3771 captivitatem
3170 3696 3610 3770 signiﬁcat,quaa

1960 3789 2147 3844 fuerat
2193 3790 2305 3845 sub
2355 3793 2615 3860 tempore
2644 3785 2984 3859 Vespasiani
3031 3788 3090 3841 et
3117 3784 3253 3842 Titi.
3286 3785 3432 3841 Oves
3466 3782 3609 3840 dicit

1962 3876 2245 3950 populum
2271 3877 2625 3934 Judaeorum.

1960 3966 1997 4021 2
2106 3965 2305 4023 Memor
2333 3972 2442 4021 esto
2464 3964 2898 4035 congregationis
2928 3970 3034 4019 tua:
3055 3980 3074 4017 :

2101 4056 2284 4121 Quam
2315 4052 2601 4124 possedisti
2619 4051 2686 4107 ab
2715 4052 2896 4108 initio.

2033 4140 2074 4196 C
2094 4139 2474 4213 Congregatio
2494 4140 2829 4196 Judaeorum
2854 4137 3223 4194 vehementer
3256 4134 3558 4207 praevaluit
3590 4152 3603 4189 :

1962 4244 2099 4284 cum
2129 4245 2229 4284 eos
2258 4229 2369 4284 sub
2399 4227 2624 4300 )Egypti
2673 4225 2886 4297 populo
2925 4239 3179 4280 crescere
3226 4221 3490 4279 faciebat.
3522 4221 3606 4278 Ab

1965 4314 2130 4372 initio
2163 4315 2304 4371 dicit
2334 4315 2488 4382 ﬁdei,
2522 4313 2741 4371 scilicet
2771 4311 3009 4369 culturae
3040 4309 3287 4378 traditae,
3308 4325 3485 4385 quam
3510 4324 3611 4382 per

1967 4403 2201 4476 Moysen
2231 4402 2452 4474 accepit
2476 4400 2727 4473 populus
2758 4400 3050 4457 Hebraaus.

1964 4492 1999 4548 3
2106 4490 2400 4558 Redemisti
2436 4491 2651 4558 virgam
2676 4486 3017 4545 haereditatis
3045 4493 3156 4543 tua?
3184 4503 3203 4542 :

2111 4555 2253 4635 alens
2285 4578 2416 4635 Sion
2444 4579 2503 4633 in
2526 4555 2637 4648 quo
2668 4575 2927 4632 habitasti
2971 4580 3025 4640 -ἐι
3053 4575 3113 4630 in
3141 4588 3201 4630 eo
3241 4578 3257 4639 ξ

1998 4712 2003 4717 .
2041 4667 2082 4722 C
2112 4667 2427 4723 Haercditas
2457 4663 2678 4720 fuitDei
2701 4662 2952 4736 populus
2971 4662 3324 4729 Iudaeorum,
3345 4657 3607 4730 quandiu

1973 4755 2025 4811 ei
2059 4772 2204 4827 puro
2235 4756 2430 4810 animo
2461 4753 2746 4809 serviebat
2770 4769 2781 4807 :
2805 4751 2956 4807 hanc
2984 4746 3380 4806 hereditatem
3410 4744 3608 4819 appel-

1970 4843 2111 4899 lavit
2139 4847 2195 4898 et
2222 4841 2463 4916 virgam,
2496 4845 2730 4913 propter
2759 4840 2993 4911 Moysen
3025 4836 3312 4894 famulum
3341 4835 3488 4907 ejus,
3508 4833 3608 4905 qui

1970 4948 2074 5004 per
2098 4931 2320 5003 virgam
2351 4947 2455 5002 pro
2486 4928 2698 5001 populo
2719 4925 3011 5001 magnalia
3038 4924 3189 4982 fecit.
3218 4923 3326 4988 Per
3350 4925 3607 4979 montem

1968 5019 2129 5087 Sion,
2163 5016 2617 5090 Hierosolymam
2676 5015 2966 5088 signiﬁcat
3018 5012 3330 5080 civitatem,
3378 5010 3438 5067 in
3494 5025 3611 5082 qua

1970 5106 2325 5164 Israeliticus
2354 5104 2604 5178 populus
2636 5103 2951 5160 habitabat.
3248 5096 3252 5100 “

1971 5197 2003 5250 li
2113 5196 2248 5251 Leva
2276 5210 2473 5250 manus
2504 5201 2624 5249 tuas
2653 5193 2715 5248 in
2738 5191 3022 5262 superbius
3069 5206 3256 5247 eorum
3298 5192 3358 5246 in
3397 5190 3562 5261 finem
3587 5205 3611 5243 ,ο

2116 5283 2329 5351 Quanta
2357 5281 2697 5350 malignatus
2727 5287 2802 5335 est
2832 5280 3091 5334 inimicus
3120 5279 3181 5333 in
3208 5281 3415 5335 sancto.

2044 5373 2083 5424 Ο
2110 5369 2340 5425 Elevata
2367 5373 2455 5424 est
2485 5384 2619 5440 ergo
2650 5367 2710 5421 in
2743 5367 2885 5439 ipsis
2920 5366 3151 5439 populis
3181 5365 3440 5439 potentia
3465 5363 3566 5420 Dei
3593 5378 3606 5417 :

1973 5459 2206 5531 quando
2225 5456 2559 5528 superbiam
2579 5471 2777 5510 eorum
2796 5454 2984 5525 gratia
2995 5452 3345 5509 humilitatis
3356 5465 3612 5508 commu-

1974 5546 2119 5601 tavit
2149 5562 2161 5599 :
2197 5545 2518 5617 perducens
2549 5560 2645 5599 eos
2677 5541 2737 5597 in
2765 5542 2964 5608 ﬁnem,
2993 5541 3051 5596 id
3081 5545 3169 5596 est
3204 5539 3264 5594 in
3294 5538 3605 5595 Dominum

1976 5633 2354 5690 Sulvatorem.
2371 5631 2651 5687 Inimicus
2677 5647 2690 5684 :
2715 5630 3008 5702 signiﬁcat
3029 5626 3308 5701 populum
3326 5626 3606 5680 Romano-

1977 5722 2236 5793 rum,qui
2259 5721 2317 5776 in
2340 5719 2436 5775 illo
2454 5724 2710 5791 tempore
2732 5716 2980 5789 insignis
2995 5714 3281 5772 idolorum
3301 5709 3486 5767 cultor
3499 5706 3601 5763 ba-
