  <div class='ocr_page' id='page_1' title='image "/cluster/home/n/w/nwhite01/storage/ocr_20150623/142-143/uc1.31175018423130/1464.png"; bbox 0 0 3952 6386; ppageno 0'>
   <div class='ocr_carea' id='block_1_1' title="bbox 147 388 342 460">
    <p class='ocr_par' dir='ltr' id='par_1_1' title="bbox 147 388 342 460">
     <span class='ocr_line' id='line_1_1' title="bbox 147 388 342 460; baseline 0.036 -6"><span class='ocrx_word' id='word_1_1' title='bbox 147 388 342 460; x_wconf 54' lang='grc' dir='ltr'><strong>καθ’</strong></span> 
     </span>
    </p>
   </div>
   <div class='ocr_carea' id='block_1_2' title="bbox 1760 403 1992 469">
    <p class='ocr_par' dir='ltr' id='par_1_2' title="bbox 1760 403 1992 469">
     <span class='ocr_line' id='line_1_2' title="bbox 1760 403 1992 469; baseline -0.004 -1"><span class='ocrx_word' id='word_1_2' title='bbox 1760 403 1992 469; x_wconf 76' lang='lat' dir='ltr'><strong>ACTA.</strong></span> 
     </span>
    </p>
   </div>
   <div class='ocr_carea' id='block_1_3' title="bbox 3428 417 3604 481">
    <p class='ocr_par' dir='ltr' id='par_1_3' title="bbox 3428 417 3604 481">
     <span class='ocr_line' id='line_1_3' title="bbox 3428 417 3604 481; baseline 0 -1"><span class='ocrx_word' id='word_1_3' title='bbox 3428 417 3604 481; x_wconf 62' lang='lat'><strong>1150&#39;</strong></span> 
     </span>
    </p>
   </div>
   <div class='ocr_carea' id='block_1_4' title="bbox 149 535 1768 621">
    <p class='ocr_par' dir='ltr' id='par_1_4' title="bbox 149 535 1768 621">
     <span class='ocr_line' id='line_1_4' title="bbox 149 535 1768 621; baseline 0.008 -23"><span class='ocrx_word' id='word_1_4' title='bbox 149 542 513 616; x_wconf 81' lang='lat' dir='ltr'><strong>inquiritur.</strong></span> <span class='ocrx_word' id='word_1_5' title='bbox 545 535 790 618; x_wconf 87' lang='lat' dir='ltr'><strong>Cognita</strong></span> <span class='ocrx_word' id='word_1_6' title='bbox 811 562 1067 621; x_wconf 80' lang='lat' dir='ltr'><strong>namque</strong></span> <span class='ocrx_word' id='word_1_7' title='bbox 1097 553 1623 620; x_wconf 85' lang='lat' dir='ltr'><strong>causa,nefandum</strong></span> <span class='ocrx_word' id='word_1_8' title='bbox 1650 556 1768 612; x_wconf 90' lang='lat' dir='ltr'><strong>cler</strong></span> 
     </span>
    </p>
   </div>
   <div class='ocr_carea' id='block_1_5' title="bbox 1992 535 3596 621">
    <p class='ocr_par' dir='ltr' id='par_1_5' title="bbox 1992 540 3596 619">
     <span class='ocr_line' id='line_1_5' title="bbox 1992 540 3596 619; baseline 0.008 -25"><span class='ocrx_word' id='word_1_9' title='bbox 1992 542 2150 608; x_wconf 69' lang='lat' dir='ltr'><strong>irent,</strong></span> <span class='ocrx_word' id='word_1_10' title='bbox 2173 541 2373 599; x_wconf 90' lang='lat' dir='ltr'><strong>vineas</strong></span> <span class='ocrx_word' id='word_1_11' title='bbox 2404 547 2462 599; x_wconf 88' lang='lat' dir='ltr'><strong>et</strong></span> <span class='ocrx_word' id='word_1_12' title='bbox 2490 543 2664 603; x_wconf 82' lang='lat' dir='ltr'><strong>silvas</strong></span> <span class='ocrx_word' id='word_1_13' title='bbox 2687 545 3056 619; x_wconf 77' lang='lat' dir='ltr'><strong>introgressi,</strong></span> <span class='ocrx_word' id='word_1_14' title='bbox 3081 546 3302 604; x_wconf 89' lang='lat' dir='ltr'><strong>alienas</strong></span> <span class='ocrx_word' id='word_1_15' title='bbox 3317 540 3596 607; x_wconf 82' lang='lat' dir='ltr'><strong>iucidunt</strong></span> 
     </span>
    </p>
   </div>
   <div class='ocr_carea' id='block_1_6' title="bbox 151 634 1826 716">
    <p class='ocr_par' dir='ltr' id='par_1_6' title="bbox 151 634 1826 716">
     <span class='ocr_line' id='line_1_6' title="bbox 151 634 1826 716; baseline 0.008 -28"><span class='ocrx_word' id='word_1_16' title='bbox 151 649 305 688; x_wconf 88' lang='lat' dir='ltr'><strong>eum</strong></span> <span class='ocrx_word' id='word_1_17' title='bbox 336 634 796 706; x_wconf 83' lang='lat' dir='ltr'><strong>circumdedere,</strong></span> <span class='ocrx_word' id='word_1_18' title='bbox 828 650 1080 710; x_wconf 89' lang='lat' dir='ltr'><strong>eumque</strong></span> <span class='ocrx_word' id='word_1_19' title='bbox 1128 657 1309 708; x_wconf 88' lang='lat' dir='ltr'><strong>cornu</strong></span> <span class='ocrx_word' id='word_1_20' title='bbox 1357 641 1542 698; x_wconf 83' lang='lat' dir='ltr'><strong>toxico</strong></span> <span class='ocrx_word' id='word_1_21' title='bbox 1587 643 1826 716; x_wconf 90' lang='lat' dir='ltr'><strong>plenum</strong></span> 
     </span>
    </p>
   </div>
   <div class='ocr_carea' id='block_1_7' title="bbox 1940 630 3594 710">
    <p class='ocr_par' dir='ltr' id='par_1_7' title="bbox 1940 630 3594 710">
     <span class='ocr_line' id='line_1_7' title="bbox 1940 630 3594 710; baseline 0.008 -27"><span class='ocrx_word' id='word_1_22' title='bbox 1940 632 1996 684; x_wconf 89' lang='lat' dir='ltr'><strong>et</strong></span> <span class='ocrx_word' id='word_1_23' title='bbox 2025 630 2399 688; x_wconf 86' lang='lat' dir='ltr'><strong>decorticant.</strong></span> <span class='ocrx_word' id='word_1_24' title='bbox 2429 632 2850 691; x_wconf 84' lang='lat' dir='ltr'><strong>Verumtamen</strong></span> <span class='ocrx_word' id='word_1_25' title='bbox 2875 637 2985 696; x_wconf 83' lang='lat' dir='ltr'><strong>Deo</strong></span> <span class='ocrx_word' id='word_1_26' title='bbox 3008 636 3229 707; x_wconf 83' lang='lat' dir='ltr'><strong>gratias</strong></span> <span class='ocrx_word' id='word_1_27' title='bbox 3251 652 3433 710; x_wconf 83' lang='lat' dir='ltr'><strong>agens</strong></span> <span class='ocrx_word' id='word_1_28' title='bbox 3464 655 3594 710; x_wconf 85' lang='lat' dir='ltr'><strong>pro-</strong></span> 
     </span>
    </p>
   </div>
   <div class='ocr_carea' id='block_1_8' title="bbox 149 717 3594 804">
    <p class='ocr_par' dir='ltr' id='par_1_8' title="bbox 149 717 3594 804">
     <span class='ocr_line' id='line_1_8' title="bbox 149 717 3594 804; baseline 0.007 -27"><span class='ocrx_word' id='word_1_29' title='bbox 149 720 482 779; x_wconf 86' lang='lat' dir='ltr'><strong>habentem</strong></span> <span class='ocrx_word' id='word_1_30' title='bbox 513 724 834 797; x_wconf 91' lang='lat' dir='ltr'><strong>reperiunt.</strong></span> <span class='ocrx_word' id='word_1_31' title='bbox 875 726 1184 786; x_wconf 73' lang='lat' dir='ltr'><strong>Mmrentes</strong></span> <span class='ocrx_word' id='word_1_32' title='bbox 1207 744 1365 803; x_wconf 90' lang='lat' dir='ltr'><strong>ergo,</strong></span> <span class='ocrx_word' id='word_1_33' title='bbox 1395 746 1743 804; x_wconf 89' lang='lat' dir='ltr'><strong>percussum</strong></span> <span class='ocrx_word' id='word_1_34' title='bbox 1772 738 1830 792; x_wconf 87' lang='lat' dir='ltr'><strong>et</strong></span> <span class='ocrx_word' id='word_1_35' title='bbox 1935 717 2107 773; x_wconf 57' lang='lat' dir='ltr'><strong>meo”</strong></span> <span class='ocrx_word' id='word_1_36' title='bbox 2142 724 2346 792; x_wconf 74' lang='lat' dir='ltr'><strong>POBtea</strong></span> <span class='ocrx_word' id='word_1_37' title='bbox 2399 737 2493 777; x_wconf 77' lang='lat' dir='ltr'><strong>m9</strong></span> <span class='ocrx_word' id='word_1_38' title='bbox 2547 723 2768 778; x_wconf 72' lang='grc' dir='ltr'><strong>νίάίεεθ</strong></span> <span class='ocrx_word' id='word_1_39' title='bbox 2809 739 3065 797; x_wconf 71' lang='grc' dir='ltr'><strong>Ρθτεδερθ</strong></span> <span class='ocrx_word' id='word_1_40' title='bbox 3111 725 3273 798; x_wconf 66' lang='lat'><strong>513335</strong></span> <span class='ocrx_word' id='word_1_41' title='bbox 3355 728 3594 799; x_wconf 73' lang='lat' dir='ltr'><strong>arbores</strong></span> 
     </span>
    </p>
   </div>
   <div class='ocr_carea' id='block_1_9' title="bbox 147 811 1828 888">
    <p class='ocr_par' dir='ltr' id='par_1_9' title="bbox 147 811 1828 888">
     <span class='ocr_line' id='line_1_9' title="bbox 147 811 1828 888; baseline 0.008 -22"><span class='ocrx_word' id='word_1_42' title='bbox 147 826 303 867; x_wconf 86' lang='lat' dir='ltr'><strong>eum</strong></span> <span class='ocrx_word' id='word_1_43' title='bbox 326 811 427 884; x_wconf 85' lang='lat' dir='ltr'><strong>qui</strong></span> <span class='ocrx_word' id='word_1_44' title='bbox 457 813 753 884; x_wconf 65' lang='lat' dir='ltr'><strong>percussit</strong></span> <span class='ocrx_word' id='word_1_45' title='bbox 773 815 1088 888; x_wconf 88' lang='lat' dir='ltr'><strong>accipiunt,</strong></span> <span class='ocrx_word' id='word_1_46' title='bbox 1112 832 1180 873; x_wconf 89' lang='lat' dir='ltr'><strong>ac</strong></span> <span class='ocrx_word' id='word_1_47' title='bbox 1205 817 1288 874; x_wconf 88' lang='lat' dir='ltr'><strong>sic</strong></span> <span class='ocrx_word' id='word_1_48' title='bbox 1309 819 1382 875; x_wconf 90' lang='lat' dir='ltr'><strong>ad</strong></span> <span class='ocrx_word' id='word_1_49' title='bbox 1407 820 1652 877; x_wconf 91' lang='lat' dir='ltr'><strong>domum</strong></span> <span class='ocrx_word' id='word_1_50' title='bbox 1680 826 1828 879; x_wconf 77' lang='lat' dir='ltr'><strong>Lan-</strong></span> 
     </span>
    </p>
   </div>
   <div class='ocr_carea' id='block_1_10' title="bbox 145 899 1826 983">
    <p class='ocr_par' dir='ltr' id='par_1_10' title="bbox 145 899 1826 983">
     <span class='ocr_line' id='line_1_10' title="bbox 145 899 1826 983; baseline 0.008 -28"><span class='ocrx_word' id='word_1_51' title='bbox 145 899 374 973; x_wconf 87' lang='lat' dir='ltr'><strong>dulphi</strong></span> <span class='ocrx_word' id='word_1_52' title='bbox 395 905 646 973; x_wconf 85' lang='lat' dir='ltr'><strong>pergunt</strong></span> <span class='ocrx_word' id='word_1_53' title='bbox 678 920 692 972; x_wconf 89' lang='lat'><strong>;</strong></span> <span class='ocrx_word' id='word_1_54' title='bbox 725 905 784 960; x_wconf 93' lang='lat' dir='ltr'><strong>et</strong></span> <span class='ocrx_word' id='word_1_55' title='bbox 803 903 995 977; x_wconf 89' lang='lat' dir='ltr'><strong>ipsius</strong></span> <span class='ocrx_word' id='word_1_56' title='bbox 1017 907 1244 963; x_wconf 92' lang='lat' dir='ltr'><strong>obitum</strong></span> <span class='ocrx_word' id='word_1_57' title='bbox 1266 908 1536 981; x_wconf 82' lang='lat' dir='ltr'><strong>protinus</strong></span> <span class='ocrx_word' id='word_1_58' title='bbox 1581 916 1826 983; x_wconf 77' lang='lat' dir='ltr'><strong>praesto-</strong></span> 
     </span>
    </p>
   </div>
   <div class='ocr_carea' id='block_1_11' title="bbox 140 988 1825 1070">
    <p class='ocr_par' dir='ltr' id='par_1_11' title="bbox 140 988 1825 1070">
     <span class='ocr_line' id='line_1_11' title="bbox 140 988 1825 1070; baseline 0.008 -26"><span class='ocrx_word' id='word_1_59' title='bbox 140 988 364 1046; x_wconf 82' lang='lat' dir='ltr'><strong>lantur</strong></span> <span class='ocrx_word' id='word_1_60' title='bbox 394 991 738 1048; x_wconf 74' lang='lat' dir='ltr'><strong>affuturum.</strong></span> <span class='ocrx_word' id='word_1_61' title='bbox 767 993 884 1050; x_wconf 86' lang='lat' dir='ltr'><strong>Sed</strong></span> <span class='ocrx_word' id='word_1_62' title='bbox 916 996 1116 1069; x_wconf 88' lang='lat' dir='ltr'><strong>magni</strong></span> <span class='ocrx_word' id='word_1_63' title='bbox 1169 997 1423 1070; x_wconf 81' lang='lat' dir='ltr'><strong>prodigii</strong></span> <span class='ocrx_word' id='word_1_64' title='bbox 1472 998 1825 1058; x_wconf 83' lang='lat' dir='ltr'><strong>evidentiam</strong></span> 
     </span>
    </p>
   </div>
   <div class='ocr_carea' id='block_1_12' title="bbox 137 1077 1824 1155">
    <p class='ocr_par' dir='ltr' id='par_1_12' title="bbox 137 1077 1824 1155">
     <span class='ocr_line' id='line_1_12' title="bbox 137 1077 1824 1155; baseline 0.008 -24"><span class='ocrx_word' id='word_1_65' title='bbox 137 1078 303 1132; x_wconf 85' lang='lat' dir='ltr'><strong>tunc</strong></span> <span class='ocrx_word' id='word_1_66' title='bbox 327 1077 590 1134; x_wconf 73' lang='lat' dir='ltr'><strong>ostendit</strong></span> <span class='ocrx_word' id='word_1_67' title='bbox 610 1077 767 1136; x_wconf 87' lang='lat' dir='ltr'>Deus</span> <span class='ocrx_word' id='word_1_68' title='bbox 796 1081 1190 1155; x_wconf 83' lang='lat' dir='ltr'><strong>omnipotens,</strong></span> <span class='ocrx_word' id='word_1_69' title='bbox 1225 1089 1292 1141; x_wconf 92' lang='lat' dir='ltr'><strong>ut</strong></span> <span class='ocrx_word' id='word_1_70' title='bbox 1321 1102 1488 1142; x_wconf 87' lang='lat' dir='ltr'><strong>servo</strong></span> <span class='ocrx_word' id='word_1_71' title='bbox 1519 1103 1625 1144; x_wconf 88' lang='lat' dir='ltr'><strong>suo</strong></span> <span class='ocrx_word' id='word_1_72' title='bbox 1677 1088 1824 1145; x_wconf 87' lang='lat' dir='ltr'><strong>nihil</strong></span> 
     </span>
    </p>
   </div>
   <div class='ocr_carea' id='block_1_13' title="bbox 142 1163 1824 1249">
    <p class='ocr_par' dir='ltr' id='par_1_13' title="bbox 142 1163 1824 1249">
     <span class='ocr_line' id='line_1_13' title="bbox 142 1163 1824 1249; baseline 0.01 -30"><span class='ocrx_word' id='word_1_73' title='bbox 142 1163 296 1238; x_wconf 84' lang='lat' dir='ltr'><strong>plus</strong></span> <span class='ocrx_word' id='word_1_74' title='bbox 316 1173 607 1222; x_wconf 83' lang='lat' dir='ltr'><strong>venenum</strong></span> <span class='ocrx_word' id='word_1_75' title='bbox 629 1167 906 1239; x_wconf 83' lang='lat' dir='ltr'><strong>ofﬁceret,</strong></span> <span class='ocrx_word' id='word_1_76' title='bbox 933 1173 1436 1244; x_wconf 82' lang='lat' dir='ltr'><strong>quemadmodum</strong></span> <span class='ocrx_word' id='word_1_77' title='bbox 1467 1176 1517 1233; x_wconf 90' lang='lat' dir='ltr'><strong>si</strong></span> <span class='ocrx_word' id='word_1_78' title='bbox 1548 1193 1702 1249; x_wconf 89' lang='lat' dir='ltr'><strong>aqua</strong></span> <span class='ocrx_word' id='word_1_79' title='bbox 1730 1194 1824 1234; x_wconf 89' lang='lat' dir='ltr'><strong>es-</strong></span> 
     </span>
    </p>
   </div>
   <div class='ocr_carea' id='block_1_14' title="bbox 144 1253 1821 1330">
    <p class='ocr_par' dir='ltr' id='par_1_14' title="bbox 144 1253 1821 1330">
     <span class='ocr_line' id='line_1_14' title="bbox 144 1253 1821 1330; baseline 0.008 -20"><span class='ocrx_word' id='word_1_80' title='bbox 144 1257 267 1311; x_wconf 87' lang='lat' dir='ltr'><strong>set.</strong></span> <span class='ocrx_word' id='word_1_81' title='bbox 303 1253 452 1311; x_wconf 89' lang='lat' dir='ltr'><strong>Nam</strong></span> <span class='ocrx_word' id='word_1_82' title='bbox 487 1255 676 1313; x_wconf 88' lang='lat' dir='ltr'><strong>isdem</strong></span> <span class='ocrx_word' id='word_1_83' title='bbox 705 1259 1007 1330; x_wconf 89' lang='lat' dir='ltr'><strong>professus</strong></span> <span class='ocrx_word' id='word_1_84' title='bbox 1039 1265 1127 1318; x_wconf 91' lang='lat' dir='ltr'><strong>est</strong></span> <span class='ocrx_word' id='word_1_85' title='bbox 1157 1263 1403 1321; x_wconf 87' lang='lat' dir='ltr'><strong>clericus</strong></span> <span class='ocrx_word' id='word_1_86' title='bbox 1446 1282 1510 1322; x_wconf 91' lang='lat' dir='ltr'><strong>se</strong></span> <span class='ocrx_word' id='word_1_87' title='bbox 1555 1265 1704 1323; x_wconf 88' lang='lat' dir='ltr'><strong>illud</strong></span> <span class='ocrx_word' id='word_1_88' title='bbox 1760 1268 1821 1323; x_wconf 90' lang='lat' dir='ltr'><strong>in</strong></span> 
     </span>
    </p>
   </div>
   <div class='ocr_carea' id='block_1_15' title="bbox 141 1342 1819 1429">
    <p class='ocr_par' dir='ltr' id='par_1_15' title="bbox 141 1342 1819 1429">
     <span class='ocr_line' id='line_1_15' title="bbox 141 1342 1819 1429; baseline 0.01 -31"><span class='ocrx_word' id='word_1_89' title='bbox 141 1342 433 1416; x_wconf 81' lang='lat' dir='ltr'><strong>pluribus</strong></span> <span class='ocrx_word' id='word_1_90' title='bbox 463 1346 787 1417; x_wconf 63' lang='lat' dir='ltr'><strong>pecudibus</strong></span> <span class='ocrx_word' id='word_1_91' title='bbox 815 1350 1133 1421; x_wconf 87' lang='lat' dir='ltr'><strong>probasse;</strong></span> <span class='ocrx_word' id='word_1_92' title='bbox 1167 1368 1295 1425; x_wconf 71' lang='lat' dir='ltr'><strong>quaa</strong></span> <span class='ocrx_word' id='word_1_93' title='bbox 1326 1357 1394 1410; x_wconf 90' lang='lat' dir='ltr'><strong>ut</strong></span> <span class='ocrx_word' id='word_1_94' title='bbox 1441 1355 1819 1429; x_wconf 88' lang='lat' dir='ltr'><strong>deglutivere,</strong></span> 
     </span>
    </p>
   </div>
   <div class='ocr_carea' id='block_1_16' title="bbox 142 1434 1820 1506">
    <p class='ocr_par' dir='ltr' id='par_1_16' title="bbox 142 1434 1820 1506">
     <span class='ocr_line' id='line_1_16' title="bbox 142 1434 1820 1506; baseline 0.009 -18"><span class='ocrx_word' id='word_1_95' title='bbox 142 1436 385 1489; x_wconf 60' lang='lat' dir='ltr'><strong>cuneta</strong></span> <span class='ocrx_word' id='word_1_96' title='bbox 412 1437 550 1506; x_wconf 87' lang='lat' dir='ltr'><strong>post</strong></span> <span class='ocrx_word' id='word_1_97' title='bbox 572 1434 847 1506; x_wconf 91' lang='lat' dir='ltr'><strong>pululum</strong></span> <span class='ocrx_word' id='word_1_98' title='bbox 879 1438 996 1496; x_wconf 88' lang='lat' dir='ltr'><strong>vita</strong></span> <span class='ocrx_word' id='word_1_99' title='bbox 1026 1447 1362 1499; x_wconf 83' lang='lat' dir='ltr'><strong>caruerunt.</strong></span> <span class='ocrx_word' id='word_1_100' title='bbox 1414 1443 1459 1499; x_wconf 92' lang='grc' dir='ltr'>Ο</span> <span class='ocrx_word' id='word_1_101' title='bbox 1516 1444 1668 1502; x_wconf 91' lang='lat' dir='ltr'><strong>mira</strong></span> <span class='ocrx_word' id='word_1_102' title='bbox 1713 1445 1820 1502; x_wconf 93' lang='lat' dir='ltr'><strong>Do-</strong></span> 
     </span>
    </p>
   </div>
   <div class='ocr_carea' id='block_1_17' title="bbox 143 1520 1818 1606">
    <p class='ocr_par' dir='ltr' id='par_1_17' title="bbox 143 1520 1818 1606">
     <span class='ocr_line' id='line_1_17' title="bbox 143 1520 1818 1606; baseline 0.01 -30"><span class='ocrx_word' id='word_1_103' title='bbox 143 1520 306 1577; x_wconf 88' lang='lat' dir='ltr'><strong>mini</strong></span> <span class='ocrx_word' id='word_1_104' title='bbox 338 1523 601 1594; x_wconf 88' lang='lat' dir='ltr'><strong>potentia</strong></span> <span class='ocrx_word' id='word_1_105' title='bbox 634 1523 663 1578; x_wconf 91' lang='lat' dir='ltr'><strong>l-</strong></span> <span class='ocrx_word' id='word_1_106' title='bbox 681 1525 848 1582; x_wconf 86' lang='lat' dir='ltr'><strong>Hunc</strong></span> <span class='ocrx_word' id='word_1_107' title='bbox 867 1527 1061 1585; x_wconf 89' lang='lat' dir='ltr'><strong>virum</strong></span> <span class='ocrx_word' id='word_1_108' title='bbox 1082 1533 1398 1603; x_wconf 86' lang='lat' dir='ltr'><strong>postquam</strong></span> <span class='ocrx_word' id='word_1_109' title='bbox 1419 1533 1818 1606; x_wconf 90' lang='lat' dir='ltr'><strong>tetigit,etiam</strong></span> 
     </span>
    </p>
   </div>
   <div class='ocr_carea' id='block_1_18' title="bbox 144 1609 1819 1694">
    <p class='ocr_par' dir='ltr' id='par_1_18' title="bbox 144 1609 1819 1694">
     <span class='ocr_line' id='line_1_18' title="bbox 144 1609 1819 1694; baseline 0.008 -27"><span class='ocrx_word' id='word_1_110' title='bbox 144 1609 516 1684; x_wconf 88' lang='lat' dir='ltr'><strong>deglutitum</strong></span> <span class='ocrx_word' id='word_1_111' title='bbox 548 1613 696 1669; x_wconf 86' lang='lat' dir='ltr'><strong>nulli</strong></span> <span class='ocrx_word' id='word_1_112' title='bbox 728 1631 937 1672; x_wconf 89' lang='lat' dir='ltr'><strong>nocere</strong></span> <span class='ocrx_word' id='word_1_113' title='bbox 966 1619 1172 1690; x_wconf 86' lang='lat' dir='ltr'><strong>quivit.</strong></span> <span class='ocrx_word' id='word_1_114' title='bbox 1195 1619 1359 1676; x_wconf 88' lang='lat' dir='ltr'><strong>Unde</strong></span> <span class='ocrx_word' id='word_1_115' title='bbox 1389 1622 1516 1694; x_wconf 89' lang='lat' dir='ltr'><strong>ipse</strong></span> <span class='ocrx_word' id='word_1_116' title='bbox 1566 1625 1819 1682; x_wconf 88' lang='lat' dir='ltr'><strong>reddens</strong></span> 
     </span>
    </p>
   </div>
   <div class='ocr_carea' id='block_1_19' title="bbox 143 1699 1820 1778">
    <p class='ocr_par' dir='ltr' id='par_1_19' title="bbox 143 1699 1820 1778">
     <span class='ocr_line' id='line_1_19' title="bbox 143 1699 1820 1778; baseline 0.008 -22"><span class='ocrx_word' id='word_1_117' title='bbox 143 1699 421 1756; x_wconf 83' lang='lat' dir='ltr'><strong>debitam</strong></span> <span class='ocrx_word' id='word_1_118' title='bbox 447 1700 562 1758; x_wconf 86' lang='lat' dir='ltr'><strong>Dee</strong></span> <span class='ocrx_word' id='word_1_119' title='bbox 590 1702 848 1772; x_wconf 88' lang='lat' dir='ltr'><strong>laudem,</strong></span> <span class='ocrx_word' id='word_1_120' title='bbox 864 1722 1270 1778; x_wconf 88' lang='lat' dir='ltr'><strong>percussorem</strong></span> <span class='ocrx_word' id='word_1_121' title='bbox 1293 1709 1570 1768; x_wconf 87' lang='lat' dir='ltr'><strong>clericum</strong></span> <span class='ocrx_word' id='word_1_122' title='bbox 1592 1713 1820 1770; x_wconf 88' lang='lat' dir='ltr'><strong>dimisit</strong></span> 
     </span>
    </p>
   </div>
   <div class='ocr_carea' id='block_1_20' title="bbox 141 1787 1820 1858">
    <p class='ocr_par' dir='ltr' id='par_1_20' title="bbox 141 1787 1820 1858">
     <span class='ocr_line' id='line_1_20' title="bbox 141 1787 1820 1858; baseline 0.01 -15"><span class='ocrx_word' id='word_1_123' title='bbox 141 1787 537 1856; x_wconf 83' lang='lat' dir='ltr'><strong>incolumem,</strong></span> <span class='ocrx_word' id='word_1_124' title='bbox 561 1791 886 1850; x_wconf 86' lang='lat' dir='ltr'><strong>admonens</strong></span> <span class='ocrx_word' id='word_1_125' title='bbox 905 1811 978 1852; x_wconf 91' lang='lat' dir='ltr'><strong>ne</strong></span> <span class='ocrx_word' id='word_1_126' title='bbox 997 1795 1484 1857; x_wconf 90' lang='lat' dir='ltr'><strong>ulteriustantam</strong></span> <span class='ocrx_word' id='word_1_127' title='bbox 1505 1804 1820 1858; x_wconf 87' lang='lat' dir='ltr'><strong>conaretur</strong></span> 
     </span>
    </p>
   </div>
   <div class='ocr_carea' id='block_1_21' title="bbox 141 1879 1894 1978">
    <p class='ocr_par' dir='ltr' id='par_1_21' title="bbox 141 1879 1894 1978">
     <span class='ocr_line' id='line_1_21' title="bbox 141 1879 1894 1978; baseline 0.011 -46"><span class='ocrx_word' id='word_1_128' title='bbox 141 1879 700 1952; x_wconf 65' lang='lat' dir='ltr'><strong>presumptionem.</strong></span> <span class='ocrx_word' id='word_1_129' title='bbox 735 1882 894 1939; x_wconf 91' lang='lat' dir='ltr'><strong>Idem</strong></span> <span class='ocrx_word' id='word_1_130' title='bbox 924 1900 1060 1942; x_wconf 89' lang='lat' dir='ltr'><strong>vero</strong></span> <span class='ocrx_word' id='word_1_131' title='bbox 1091 1886 1360 1960; x_wconf 89' lang='lat' dir='ltr'><strong>clericus,</strong></span> <span class='ocrx_word' id='word_1_132' title='bbox 1411 1907 1522 1946; x_wconf 89' lang='lat' dir='ltr'><strong>sua</strong></span> <span class='ocrx_word' id='word_1_133' title='bbox 1569 1907 1814 1950; x_wconf 81' lang='lat' dir='ltr'><strong>cernens</strong></span> <span class='ocrx_word' id='word_1_134' title='bbox 1847 1912 1894 1978; x_wconf 83' lang='lat' dir='ltr'><strong>B</strong></span> 
     </span>
    </p>
   </div>
   <div class='ocr_carea' id='block_1_22' title="bbox 149 1963 1819 2047">
    <p class='ocr_par' dir='ltr' id='par_1_22' title="bbox 149 1963 1819 2047">
     <span class='ocr_line' id='line_1_22' title="bbox 149 1963 1819 2047; baseline 0.009 -24"><span class='ocrx_word' id='word_1_135' title='bbox 149 1963 496 2036; x_wconf 83' lang='lat' dir='ltr'><strong>molimina,</strong></span> <span class='ocrx_word' id='word_1_136' title='bbox 527 1967 712 2026; x_wconf 87' lang='lat' dir='ltr'><strong>nimio</strong></span> <span class='ocrx_word' id='word_1_137' title='bbox 735 1973 929 2028; x_wconf 89' lang='lat' dir='ltr'><strong>studio</strong></span> <span class='ocrx_word' id='word_1_138' title='bbox 951 1975 1268 2047; x_wconf 85' lang='lat' dir='ltr'><strong>exquisita,</strong></span> <span class='ocrx_word' id='word_1_139' title='bbox 1316 1994 1351 2034; x_wconf 89' lang='lat' dir='ltr'><strong>a</strong></span> <span class='ocrx_word' id='word_1_140' title='bbox 1398 1977 1499 2035; x_wconf 92' lang='lat' dir='ltr'><strong>Dei</strong></span> <span class='ocrx_word' id='word_1_141' title='bbox 1521 1980 1819 2038; x_wconf 82' lang='lat' dir='ltr'><strong>evidenter</strong></span> 
     </span>
    </p>
   </div>
   <div class='ocr_carea' id='block_1_23' title="bbox 137 2056 1818 2140">
    <p class='ocr_par' dir='ltr' id='par_1_23' title="bbox 137 2056 1818 2140">
     <span class='ocr_line' id='line_1_23' title="bbox 137 2056 1818 2140; baseline 0.01 -30"><span class='ocrx_word' id='word_1_142' title='bbox 137 2056 372 2112; x_wconf 88' lang='lat' dir='ltr'><strong>virtute</strong></span> <span class='ocrx_word' id='word_1_143' title='bbox 415 2057 734 2127; x_wconf 80' lang='lat' dir='ltr'><strong>exinanita,</strong></span> <span class='ocrx_word' id='word_1_144' title='bbox 758 2061 990 2133; x_wconf 89' lang='lat' dir='ltr'><strong>sibique</strong></span> <span class='ocrx_word' id='word_1_145' title='bbox 1027 2064 1102 2120; x_wconf 89' lang='lat' dir='ltr'><strong>ab</strong></span> <span class='ocrx_word' id='word_1_146' title='bbox 1123 2067 1253 2137; x_wconf 86' lang='lat' dir='ltr'><strong>ejus</strong></span> <span class='ocrx_word' id='word_1_147' title='bbox 1275 2067 1498 2124; x_wconf 86' lang='lat' dir='ltr'><strong>famulo</strong></span> <span class='ocrx_word' id='word_1_148' title='bbox 1517 2083 1621 2140; x_wconf 89' lang='lat' dir='ltr'><strong>pro</strong></span> <span class='ocrx_word' id='word_1_149' title='bbox 1643 2069 1818 2128; x_wconf 89' lang='lat' dir='ltr'><strong>malis</strong></span> 
     </span>
    </p>
   </div>
   <div class='ocr_carea' id='block_1_24' title="bbox 138 2145 1813 2231">
    <p class='ocr_par' dir='ltr' id='par_1_24' title="bbox 138 2145 1813 2231">
     <span class='ocr_line' id='line_1_24' title="bbox 138 2145 1813 2231; baseline 0.01 -31"><span class='ocrx_word' id='word_1_150' title='bbox 138 2145 426 2218; x_wconf 87' lang='lat' dir='ltr'><strong>impensa</strong></span> <span class='ocrx_word' id='word_1_151' title='bbox 449 2145 628 2217; x_wconf 80' lang='lat' dir='ltr'><strong>bona,</strong></span> <span class='ocrx_word' id='word_1_152' title='bbox 660 2150 832 2206; x_wconf 90' lang='lat' dir='ltr'><strong>corde</strong></span> <span class='ocrx_word' id='word_1_153' title='bbox 862 2158 1274 2225; x_wconf 86' lang='lat' dir='ltr'><strong>compunctus,</strong></span> <span class='ocrx_word' id='word_1_154' title='bbox 1331 2157 1565 2215; x_wconf 86' lang='lat' dir='ltr'><strong>veniam</strong></span> <span class='ocrx_word' id='word_1_155' title='bbox 1622 2159 1813 2231; x_wconf 88' lang='lat' dir='ltr'><strong>petiit,</strong></span> 
     </span>
    </p>
   </div>
   <div class='ocr_carea' id='block_1_25' title="bbox 137 2233 1816 2315">
    <p class='ocr_par' dir='ltr' id='par_1_25' title="bbox 137 2233 1816 2315">
     <span class='ocr_line' id='line_1_25' title="bbox 137 2233 1816 2315; baseline 0.009 -25"><span class='ocrx_word' id='word_1_156' title='bbox 137 2234 299 2291; x_wconf 83' lang='lat' dir='ltr'><strong>tanti</strong></span> <span class='ocrx_word' id='word_1_157' title='bbox 331 2233 570 2292; x_wconf 80' lang='lat' dir='ltr'><strong>sceleris</strong></span> <span class='ocrx_word' id='word_1_158' title='bbox 596 2236 926 2297; x_wconf 89' lang='lat' dir='ltr'><strong>incentores</strong></span> <span class='ocrx_word' id='word_1_159' title='bbox 957 2243 1235 2315; x_wconf 86' lang='lat' dir='ltr'><strong>prodidit,</strong></span> <span class='ocrx_word' id='word_1_160' title='bbox 1287 2261 1350 2301; x_wconf 90' lang='lat' dir='ltr'><strong>se</strong></span> <span class='ocrx_word' id='word_1_161' title='bbox 1406 2247 1652 2304; x_wconf 90' lang='lat' dir='ltr'><strong>ulterius</strong></span> <span class='ocrx_word' id='word_1_162' title='bbox 1699 2248 1816 2306; x_wconf 86' lang='lat' dir='ltr'><strong>tale</strong></span> 
     </span>
    </p>
   </div>
   <div class='ocr_carea' id='block_1_26' title="bbox 141 2323 1814 2406">
    <p class='ocr_par' dir='ltr' id='par_1_26' title="bbox 141 2323 1814 2406">
     <span class='ocr_line' id='line_1_26' title="bbox 141 2323 1814 2406; baseline 0.01 -28"><span class='ocrx_word' id='word_1_163' title='bbox 141 2323 294 2395; x_wconf 87' lang='lat' dir='ltr'><strong>quid</strong></span> <span class='ocrx_word' id='word_1_164' title='bbox 325 2324 574 2382; x_wconf 89' lang='lat' dir='ltr'><strong>minime</strong></span> <span class='ocrx_word' id='word_1_165' title='bbox 595 2327 794 2384; x_wconf 91' lang='lat' dir='ltr'><strong>conari</strong></span> <span class='ocrx_word' id='word_1_166' title='bbox 811 2330 1108 2402; x_wconf 88' lang='lat' dir='ltr'><strong>promisit,</strong></span> <span class='ocrx_word' id='word_1_167' title='bbox 1140 2336 1197 2388; x_wconf 88' lang='lat' dir='ltr'><strong>et</strong></span> <span class='ocrx_word' id='word_1_168' title='bbox 1216 2337 1514 2406; x_wconf 84' lang='lat' dir='ltr'><strong>postremo</strong></span> <span class='ocrx_word' id='word_1_169' title='bbox 1547 2337 1633 2392; x_wconf 92' lang='lat' dir='ltr'><strong>sic</strong></span> <span class='ocrx_word' id='word_1_170' title='bbox 1693 2338 1814 2394; x_wconf 92' lang='lat' dir='ltr'><strong>dis-</strong></span> 
     </span>
    </p>
   </div>
   <div class='ocr_carea' id='block_1_27' title="bbox 147 2412 359 2470">
    <p class='ocr_par' dir='ltr' id='par_1_27' title="bbox 147 2412 359 2470">
     <span class='ocr_line' id='line_1_27' title="bbox 147 2412 359 2470; baseline 0 -2"><span class='ocrx_word' id='word_1_171' title='bbox 147 2412 359 2470; x_wconf 83' lang='lat' dir='ltr'><strong>cessit.</strong></span> 
     </span>
    </p>
   </div>
   <div class='ocr_carea' id='block_1_28' title="bbox 199 2502 1812 2580">
    <p class='ocr_par' dir='ltr' id='par_1_28' title="bbox 199 2502 1812 2580">
     <span class='ocr_line' id='line_1_28' title="bbox 199 2502 1812 2580; baseline 0.009 -23"><span class='ocrx_word' id='word_1_172' title='bbox 199 2503 308 2558; x_wconf 76' lang='grc' dir='ltr'><strong>ι18.</strong></span> <span class='ocrx_word' id='word_1_173' title='bbox 344 2502 455 2558; x_wconf 92' lang='lat' dir='ltr'><strong>Per</strong></span> <span class='ocrx_word' id='word_1_174' title='bbox 480 2503 634 2560; x_wconf 91' lang='lat' dir='ltr'><strong>idem</strong></span> <span class='ocrx_word' id='word_1_175' title='bbox 660 2508 899 2578; x_wconf 82' lang='lat' dir='ltr'><strong>tempus</strong></span> <span class='ocrx_word' id='word_1_176' title='bbox 928 2507 1122 2565; x_wconf 86' lang='lat' dir='ltr'><strong>clerici</strong></span> <span class='ocrx_word' id='word_1_177' title='bbox 1153 2510 1500 2580; x_wconf 87' lang='lat' dir='ltr'><strong>suburbani,</strong></span> <span class='ocrx_word' id='word_1_178' title='bbox 1533 2513 1592 2569; x_wconf 89' lang='lat' dir='ltr'><strong>in</strong></span> <span class='ocrx_word' id='word_1_179' title='bbox 1624 2531 1812 2571; x_wconf 90' lang='lat' dir='ltr'><strong>unum</strong></span> 
     </span>
    </p>
   </div>
   <div class='ocr_carea' id='block_1_29' title="bbox 136 2590 1812 2666">
    <p class='ocr_par' dir='ltr' id='par_1_29' title="bbox 136 2590 1812 2666">
     <span class='ocr_line' id='line_1_29' title="bbox 136 2590 1812 2666; baseline 0.009 -21"><span class='ocrx_word' id='word_1_180' title='bbox 136 2590 584 2658; x_wconf 80' lang='lat' dir='ltr'><strong>convenientes,</strong></span> <span class='ocrx_word' id='word_1_181' title='bbox 601 2594 674 2649; x_wconf 90' lang='lat' dir='ltr'><strong>ad</strong></span> <span class='ocrx_word' id='word_1_182' title='bbox 697 2593 945 2651; x_wconf 83' lang='lat' dir='ltr'><strong>invicem</strong></span> <span class='ocrx_word' id='word_1_183' title='bbox 968 2597 1177 2654; x_wconf 90' lang='lat' dir='ltr'><strong>dicunt</strong></span> <span class='ocrx_word' id='word_1_184' title='bbox 1200 2615 1213 2654; x_wconf 91' lang='lat'><strong>:</strong></span> <span class='ocrx_word' id='word_1_185' title='bbox 1239 2601 1386 2666; x_wconf 87' lang='lat' dir='ltr'><strong>Quid</strong></span> <span class='ocrx_word' id='word_1_186' title='bbox 1403 2601 1651 2658; x_wconf 89' lang='lat' dir='ltr'><strong>facimus</strong></span> <span class='ocrx_word' id='word_1_187' title='bbox 1673 2602 1700 2657; x_wconf 76' lang='lat' dir='ltr'><strong>‘I</strong></span> <span class='ocrx_word' id='word_1_188' title='bbox 1720 2604 1761 2660; x_wconf 92' lang='lat' dir='ltr'><strong>E</strong></span> <span class='ocrx_word' id='word_1_189' title='bbox 1777 2621 1812 2660; x_wconf 89' lang='lat' dir='ltr'><strong>n</strong></span> 
     </span>
    </p>
   </div>
   <div class='ocr_carea' id='block_1_30' title="bbox 136 2679 1815 2759">
    <p class='ocr_par' dir='ltr' id='par_1_30' title="bbox 136 2679 1815 2759">
     <span class='ocr_line' id='line_1_30' title="bbox 136 2679 1815 2759; baseline 0.01 -26"><span class='ocrx_word' id='word_1_190' title='bbox 136 2679 450 2749; x_wconf 80' lang='lat' dir='ltr'><strong>Arialdus,</strong></span> <span class='ocrx_word' id='word_1_191' title='bbox 472 2680 575 2753; x_wconf 87' lang='lat' dir='ltr'><strong>qui</strong></span> <span class='ocrx_word' id='word_1_192' title='bbox 601 2697 709 2739; x_wconf 89' lang='lat' dir='ltr'><strong>nos</strong></span> <span class='ocrx_word' id='word_1_193' title='bbox 726 2687 1076 2759; x_wconf 89' lang='lat' dir='ltr'><strong>nostrasque</strong></span> <span class='ocrx_word' id='word_1_194' title='bbox 1095 2687 1350 2746; x_wconf 82' lang='lat' dir='ltr'><strong>familias</strong></span> <span class='ocrx_word' id='word_1_195' title='bbox 1365 2691 1736 2748; x_wconf 85' lang='lat' dir='ltr'><strong>conturbavit</strong></span> <span class='ocrx_word' id='word_1_196' title='bbox 1755 2697 1815 2750; x_wconf 91' lang='lat' dir='ltr'><strong>et</strong></span> 
     </span>
    </p>
   </div>
   <div class='ocr_carea' id='block_1_31' title="bbox 139 2768 1811 2852">
    <p class='ocr_par' dir='ltr' id='par_1_31' title="bbox 139 2768 1811 2852">
     <span class='ocr_line' id='line_1_31' title="bbox 139 2768 1811 2852; baseline 0.008 -28"><span class='ocrx_word' id='word_1_197' title='bbox 139 2768 451 2842; x_wconf 80' lang='lat' dir='ltr'><strong>dispersit,</strong></span> <span class='ocrx_word' id='word_1_198' title='bbox 475 2769 535 2826; x_wconf 90' lang='lat' dir='ltr'><strong>in</strong></span> <span class='ocrx_word' id='word_1_199' title='bbox 559 2771 702 2829; x_wconf 91' lang='lat' dir='ltr'><strong>urbe</strong></span> <span class='ocrx_word' id='word_1_200' title='bbox 714 2773 1050 2844; x_wconf 88' lang='lat' dir='ltr'><strong>conclusus,</strong></span> <span class='ocrx_word' id='word_1_201' title='bbox 1071 2780 1246 2849; x_wconf 89' lang='lat' dir='ltr'><strong>atque</strong></span> <span class='ocrx_word' id='word_1_202' title='bbox 1267 2795 1301 2834; x_wconf 92' lang='lat' dir='ltr'><strong>a</strong></span> <span class='ocrx_word' id='word_1_203' title='bbox 1320 2779 1537 2852; x_wconf 91' lang='lat' dir='ltr'><strong>populo</strong></span> <span class='ocrx_word' id='word_1_204' title='bbox 1561 2781 1811 2839; x_wconf 86' lang='lat' dir='ltr'><strong>cireum-</strong></span> 
     </span>
    </p>
   </div>
   <div class='ocr_carea' id='block_1_32' title="bbox 138 2858 1812 2943">
    <p class='ocr_par' dir='ltr' id='par_1_32' title="bbox 138 2858 1812 2943">
     <span class='ocr_line' id='line_1_32' title="bbox 138 2858 1812 2943; baseline 0.008 -29"><span class='ocrx_word' id='word_1_205' title='bbox 138 2858 648 2928; x_wconf 86' lang='lat' dir='ltr'><strong>datus,inhabitat</strong></span> <span class='ocrx_word' id='word_1_206' title='bbox 671 2880 686 2930; x_wconf 89' lang='lat'>;</span> <span class='ocrx_word' id='word_1_207' title='bbox 710 2861 982 2936; x_wconf 90' lang='lat' dir='ltr'><strong>ideoque,</strong></span> <span class='ocrx_word' id='word_1_208' title='bbox 1001 2868 1067 2921; x_wconf 90' lang='lat' dir='ltr'><strong>ut</strong></span> <span class='ocrx_word' id='word_1_209' title='bbox 1083 2882 1218 2922; x_wconf 91' lang='lat' dir='ltr'><strong>eum</strong></span> <span class='ocrx_word' id='word_1_210' title='bbox 1244 2867 1582 2939; x_wconf 83' lang='lat' dir='ltr'><strong>perimanus</strong></span> <span class='ocrx_word' id='word_1_211' title='bbox 1597 2885 1812 2943; x_wconf 88' lang='lat' dir='ltr'><strong>nequa-</strong></span> 
     </span>
    </p>
   </div>
   <div class='ocr_carea' id='block_1_33' title="bbox 140 2949 1806 3031">
    <p class='ocr_par' dir='ltr' id='par_1_33' title="bbox 140 2949 1806 3031">
     <span class='ocr_line' id='line_1_33' title="bbox 140 2949 1806 3031; baseline 0.007 -27"><span class='ocrx_word' id='word_1_212' title='bbox 140 2959 325 3020; x_wconf 81' lang='lat' dir='ltr'><strong>quam</strong></span> <span class='ocrx_word' id='word_1_213' title='bbox 359 2949 692 3022; x_wconf 81' lang='lat' dir='ltr'><strong>pertingere</strong></span> <span class='ocrx_word' id='word_1_214' title='bbox 710 2951 998 3010; x_wconf 90' lang='lat' dir='ltr'><strong>valemus.</strong></span> <span class='ocrx_word' id='word_1_215' title='bbox 1035 2955 1096 3011; x_wconf 92' lang='lat' dir='ltr'><strong>Si</strong></span> <span class='ocrx_word' id='word_1_216' title='bbox 1127 2959 1325 3012; x_wconf 90' lang='lat' dir='ltr'><strong>autem</strong></span> <span class='ocrx_word' id='word_1_217' title='bbox 1339 2956 1448 3013; x_wconf 90' lang='lat' dir='ltr'><strong>hoc</strong></span> <span class='ocrx_word' id='word_1_218' title='bbox 1469 2959 1806 3031; x_wconf 87' lang='lat' dir='ltr'><strong>nequimus,</strong></span> 
     </span>
    </p>
   </div>
   <div class='ocr_carea' id='block_1_34' title="bbox 142 3036 1809 3116">
    <p class='ocr_par' dir='ltr' id='par_1_34' title="bbox 142 3036 1809 3116">
     <span class='ocr_line' id='line_1_34' title="bbox 142 3036 1809 3116; baseline 0.008 -24"><span class='ocrx_word' id='word_1_219' title='bbox 142 3036 439 3094; x_wconf 85' lang='lat' dir='ltr'><strong>damnum</strong></span> <span class='ocrx_word' id='word_1_220' title='bbox 470 3038 861 3113; x_wconf 84' lang='lat' dir='ltr'><strong>dedecusque,</strong></span> <span class='ocrx_word' id='word_1_221' title='bbox 895 3043 1052 3116; x_wconf 91' lang='lat' dir='ltr'><strong>quod</strong></span> <span class='ocrx_word' id='word_1_222' title='bbox 1084 3060 1428 3116; x_wconf 90' lang='lat' dir='ltr'><strong>possumus,</strong></span> <span class='ocrx_word' id='word_1_223' title='bbox 1457 3046 1543 3102; x_wconf 92' lang='lat' dir='ltr'><strong>illi</strong></span> <span class='ocrx_word' id='word_1_224' title='bbox 1598 3049 1809 3105; x_wconf 86' lang='lat' dir='ltr'><strong>saltem</strong></span> 
     </span>
    </p>
   </div>
   <div class='ocr_carea' id='block_1_35' title="bbox 141 3123 1808 3204">
    <p class='ocr_par' dir='ltr' id='par_1_35' title="bbox 141 3123 1808 3204">
     <span class='ocr_line' id='line_1_35' title="bbox 141 3123 1808 3204; baseline 0.008 -24"><span class='ocrx_word' id='word_1_225' title='bbox 141 3123 498 3183; x_wconf 83' lang='lat' dir='ltr'><strong>inferamus.</strong></span> <span class='ocrx_word' id='word_1_226' title='bbox 528 3127 593 3182; x_wconf 92' lang='lat' dir='ltr'><strong>In</strong></span> <span class='ocrx_word' id='word_1_227' title='bbox 614 3127 742 3186; x_wconf 87' lang='lat' dir='ltr'><strong>loca</strong></span> <span class='ocrx_word' id='word_1_228' title='bbox 771 3133 974 3186; x_wconf 89' lang='lat' dir='ltr'><strong>nostra</strong></span> <span class='ocrx_word' id='word_1_229' title='bbox 1004 3149 1160 3188; x_wconf 90' lang='lat' dir='ltr'><strong>nunc</strong></span> <span class='ocrx_word' id='word_1_230' title='bbox 1189 3139 1570 3204; x_wconf 86' lang='lat' dir='ltr'><strong>revertamur,</strong></span> <span class='ocrx_word' id='word_1_231' title='bbox 1598 3140 1656 3192; x_wconf 93' lang='lat' dir='ltr'><strong>et</strong></span> <span class='ocrx_word' id='word_1_232' title='bbox 1711 3154 1808 3193; x_wconf 81' lang='lat' dir='ltr'><strong>ex-</strong></span> 
     </span>
    </p>
   </div>
   <div class='ocr_carea' id='block_1_36' title="bbox 143 3211 1809 3290">
    <p class='ocr_par' dir='ltr' id='par_1_36' title="bbox 143 3211 1809 3290">
     <span class='ocr_line' id='line_1_36' title="bbox 143 3211 1809 3290; baseline 0.008 -21"><span class='ocrx_word' id='word_1_233' title='bbox 143 3211 390 3286; x_wconf 88' lang='lat' dir='ltr'><strong>quisitis</strong></span> <span class='ocrx_word' id='word_1_234' title='bbox 413 3213 626 3288; x_wconf 85' lang='lat' dir='ltr'><strong>gladiis</strong></span> <span class='ocrx_word' id='word_1_235' title='bbox 657 3217 805 3276; x_wconf 86' lang='lat' dir='ltr'><strong>bene</strong></span> <span class='ocrx_word' id='word_1_236' title='bbox 835 3220 1042 3290; x_wconf 89' lang='lat' dir='ltr'><strong>acutis,</strong></span> <span class='ocrx_word' id='word_1_237' title='bbox 1079 3238 1314 3279; x_wconf 89' lang='lat' dir='ltr'><strong>rursum</strong></span> <span class='ocrx_word' id='word_1_238' title='bbox 1336 3229 1504 3281; x_wconf 89' lang='lat' dir='ltr'><strong>nocte</strong></span> <span class='ocrx_word' id='word_1_239' title='bbox 1525 3225 1639 3282; x_wconf 90' lang='lat' dir='ltr'><strong>alia</strong></span> <span class='ocrx_word' id='word_1_240' title='bbox 1669 3243 1809 3283; x_wconf 91' lang='lat' dir='ltr'><strong>eon-</strong></span> 
     </span>
    </p>
   </div>
   <div class='ocr_carea' id='block_1_37' title="bbox 146 3303 1804 3387">
    <p class='ocr_par' dir='ltr' id='par_1_37' title="bbox 146 3303 1804 3387">
     <span class='ocr_line' id='line_1_37' title="bbox 146 3303 1804 3387; baseline 0.008 -29"><span class='ocrx_word' id='word_1_241' title='bbox 146 3303 621 3374; x_wconf 82' lang='lat' dir='ltr'><strong>veniamus,una</strong></span> <span class='ocrx_word' id='word_1_242' title='bbox 638 3304 799 3377; x_wconf 93' lang='lat' dir='ltr'><strong>illuc,</strong></span> <span class='ocrx_word' id='word_1_243' title='bbox 833 3308 936 3364; x_wconf 93' lang='lat' dir='ltr'><strong>ubi</strong></span> <span class='ocrx_word' id='word_1_244' title='bbox 963 3309 1120 3365; x_wconf 93' lang='lat' dir='ltr'><strong>idem</strong></span> <span class='ocrx_word' id='word_1_245' title='bbox 1144 3314 1435 3380; x_wconf 91' lang='lat' dir='ltr'><strong>estortus,</strong></span> <span class='ocrx_word' id='word_1_246' title='bbox 1463 3329 1804 3387; x_wconf 87' lang='lat' dir='ltr'><strong>pergarnus,</strong></span> 
     </span>
    </p>
   </div>
   <div class='ocr_carea' id='block_1_38' title="bbox 149 3392 1810 3476">
    <p class='ocr_par' dir='ltr' id='par_1_38' title="bbox 149 3392 1810 3476">
     <span class='ocr_line' id='line_1_38' title="bbox 149 3392 1810 3476; baseline 0.008 -29"><span class='ocrx_word' id='word_1_247' title='bbox 149 3396 213 3448; x_wconf 89' lang='lat' dir='ltr'><strong>et</strong></span> <span class='ocrx_word' id='word_1_248' title='bbox 237 3392 348 3449; x_wconf 90' lang='lat' dir='ltr'><strong>ubi</strong></span> <span class='ocrx_word' id='word_1_249' title='bbox 370 3393 564 3451; x_wconf 89' lang='lat' dir='ltr'><strong>adhuc</strong></span> <span class='ocrx_word' id='word_1_250' title='bbox 581 3410 715 3451; x_wconf 91' lang='lat' dir='ltr'><strong>cum</strong></span> <span class='ocrx_word' id='word_1_251' title='bbox 739 3396 864 3452; x_wconf 92' lang='lat' dir='ltr'><strong>suis</strong></span> <span class='ocrx_word' id='word_1_252' title='bbox 898 3413 1113 3470; x_wconf 89' lang='lat' dir='ltr'><strong>magna</strong></span> <span class='ocrx_word' id='word_1_253' title='bbox 1132 3399 1698 3473; x_wconf 91' lang='lat' dir='ltr'><strong>polletpossessione</strong></span> <span class='ocrx_word' id='word_1_254' title='bbox 1712 3421 1810 3476; x_wconf 88' lang='lat' dir='ltr'><strong>pa-</strong></span> 
     </span>
    </p>
   </div>
   <div class='ocr_carea' id='block_1_39' title="bbox 145 3483 1806 3564">
    <p class='ocr_par' dir='ltr' id='par_1_39' title="bbox 145 3483 1806 3564">
     <span class='ocr_line' id='line_1_39' title="bbox 145 3483 1806 3564; baseline 0.008 -28"><span class='ocrx_word' id='word_1_255' title='bbox 145 3483 439 3551; x_wconf 89' lang='lat' dir='ltr'><strong>rentibus,</strong></span> <span class='ocrx_word' id='word_1_256' title='bbox 455 3487 630 3557; x_wconf 88' lang='lat' dir='ltr'><strong>atque</strong></span> <span class='ocrx_word' id='word_1_257' title='bbox 647 3486 718 3541; x_wconf 91' lang='lat' dir='ltr'><strong>ad</strong></span> <span class='ocrx_word' id='word_1_258' title='bbox 738 3486 1123 3558; x_wconf 85' lang='lat' dir='ltr'><strong>ignominiam</strong></span> <span class='ocrx_word' id='word_1_259' title='bbox 1141 3489 1270 3560; x_wconf 86' lang='lat' dir='ltr'><strong>ejus</strong></span> <span class='ocrx_word' id='word_1_260' title='bbox 1291 3489 1806 3564; x_wconf 88' lang='lat' dir='ltr'><strong>ecclesiam,quam</strong></span> 
     </span>
    </p>
   </div>
   <div class='ocr_carea' id='block_1_40' title="bbox 143 3568 1809 3646">
    <p class='ocr_par' dir='ltr' id='par_1_40' title="bbox 143 3568 1809 3646">
     <span class='ocr_line' id='line_1_40' title="bbox 143 3568 1809 3646; baseline 0.007 -20"><span class='ocrx_word' id='word_1_261' title='bbox 143 3568 286 3628; x_wconf 89' lang='lat' dir='ltr'><strong>olim</strong></span> <span class='ocrx_word' id='word_1_262' title='bbox 313 3570 614 3644; x_wconf 90' lang='lat' dir='ltr'><strong>impendio</strong></span> <span class='ocrx_word' id='word_1_263' title='bbox 643 3574 880 3646; x_wconf 88' lang='lat' dir='ltr'><strong>preprio</strong></span> <span class='ocrx_word' id='word_1_264' title='bbox 902 3577 1540 3646; x_wconf 84' lang='lat' dir='ltr'><strong>construxit,violemus</strong></span> <span class='ocrx_word' id='word_1_265' title='bbox 1563 3583 1623 3636; x_wconf 93' lang='lat' dir='ltr'><strong>et</strong></span> <span class='ocrx_word' id='word_1_266' title='bbox 1639 3580 1809 3637; x_wconf 87' lang='lat' dir='ltr'><strong>dissi-</strong></span> 
     </span>
    </p>
   </div>
   <div class='ocr_carea' id='block_1_41' title="bbox 139 3661 1805 3739">
    <p class='ocr_par' dir='ltr' id='par_1_41' title="bbox 139 3661 1805 3739">
     <span class='ocr_line' id='line_1_41' title="bbox 139 3661 1805 3739; baseline 0.005 -22"><span class='ocrx_word' id='word_1_267' title='bbox 139 3672 358 3732; x_wconf 87' lang='lat' dir='ltr'><strong>pemus</strong></span> <span class='ocrx_word' id='word_1_268' title='bbox 383 3685 398 3731; x_wconf 85' lang='lat'><strong>;</strong></span> <span class='ocrx_word' id='word_1_269' title='bbox 429 3661 668 3720; x_wconf 87' lang='lat' dir='ltr'><strong>arbores</strong></span> <span class='ocrx_word' id='word_1_270' title='bbox 699 3676 834 3721; x_wconf 89' lang='lat' dir='ltr'><strong>vero</strong></span> <span class='ocrx_word' id='word_1_271' title='bbox 865 3667 1347 3739; x_wconf 86' lang='lat' dir='ltr'><strong>castaneas,quas</strong></span> <span class='ocrx_word' id='word_1_272' title='bbox 1393 3667 1571 3724; x_wconf 86' lang='lat' dir='ltr'><strong>habet</strong></span> <span class='ocrx_word' id='word_1_273' title='bbox 1628 3669 1805 3726; x_wconf 89' lang='lat' dir='ltr'><strong>innu-</strong></span> 
     </span>
    </p>
   </div>
   <div class='ocr_carea' id='block_1_42' title="bbox 142 3750 1808 3829">
    <p class='ocr_par' dir='ltr' id='par_1_42' title="bbox 142 3750 1808 3829">
     <span class='ocr_line' id='line_1_42' title="bbox 142 3750 1808 3829; baseline 0.007 -25"><span class='ocrx_word' id='word_1_274' title='bbox 142 3762 365 3819; x_wconf 88' lang='lat' dir='ltr'><strong>meras,</strong></span> <span class='ocrx_word' id='word_1_275' title='bbox 390 3750 835 3823; x_wconf 87' lang='lat' dir='ltr'><strong>decorticemus,</strong></span> <span class='ocrx_word' id='word_1_276' title='bbox 867 3752 1037 3810; x_wconf 89' lang='lat' dir='ltr'><strong>vinea</strong></span> <span class='ocrx_word' id='word_1_277' title='bbox 1083 3759 1301 3823; x_wconf 88' lang='lat' dir='ltr'><strong>autem,</strong></span> <span class='ocrx_word' id='word_1_278' title='bbox 1361 3757 1578 3829; x_wconf 89' lang='lat' dir='ltr'><strong>quibus</strong></span> <span class='ocrx_word' id='word_1_279' title='bbox 1627 3759 1808 3816; x_wconf 88' lang='lat' dir='ltr'><strong>nimis</strong></span> 
     </span>
    </p>
   </div>
   <div class='ocr_carea' id='block_1_43' title="bbox 143 3837 1806 3916">
    <p class='ocr_par' dir='ltr' id='par_1_43' title="bbox 143 3837 1806 3916">
     <span class='ocr_line' id='line_1_43' title="bbox 143 3837 1806 3916; baseline 0.006 -22"><span class='ocrx_word' id='word_1_280' title='bbox 143 3837 432 3906; x_wconf 87' lang='lat' dir='ltr'><strong>abundat,</strong></span> <span class='ocrx_word' id='word_1_281' title='bbox 465 3839 820 3900; x_wconf 88' lang='lat' dir='ltr'><strong>incidamus.</strong></span> <span class='ocrx_word' id='word_1_282' title='bbox 849 3842 1090 3899; x_wconf 84' lang='lat' dir='ltr'><strong>Interim</strong></span> <span class='ocrx_word' id='word_1_283' title='bbox 1121 3844 1358 3916; x_wconf 90' lang='lat' dir='ltr'><strong>quidem</strong></span> <span class='ocrx_word' id='word_1_284' title='bbox 1381 3862 1451 3901; x_wconf 79' lang='lat' dir='ltr'><strong>ex</strong></span> <span class='ocrx_word' id='word_1_285' title='bbox 1480 3847 1650 3903; x_wconf 88' lang='lat' dir='ltr'><strong>nobis</strong></span> <span class='ocrx_word' id='word_1_286' title='bbox 1701 3847 1806 3904; x_wconf 91' lang='lat' dir='ltr'><strong>ali-</strong></span> 
     </span>
    </p>
   </div>
   <div class='ocr_carea' id='block_1_44' title="bbox 142 3926 1808 4008">
    <p class='ocr_par' dir='ltr' id='par_1_44' title="bbox 142 3926 1808 4008">
     <span class='ocr_line' id='line_1_44' title="bbox 142 3926 1808 4008; baseline 0.008 -26"><span class='ocrx_word' id='word_1_287' title='bbox 142 3927 248 3997; x_wconf 91' lang='lat' dir='ltr'><strong>qui</strong></span> <span class='ocrx_word' id='word_1_288' title='bbox 276 3926 422 3985; x_wconf 91' lang='lat' dir='ltr'><strong>illuc</strong></span> <span class='ocrx_word' id='word_1_289' title='bbox 445 3933 698 4004; x_wconf 86' lang='lat' dir='ltr'><strong>pergant</strong></span> <span class='ocrx_word' id='word_1_290' title='bbox 725 3931 787 3988; x_wconf 92' lang='lat' dir='ltr'><strong>in</strong></span> <span class='ocrx_word' id='word_1_291' title='bbox 817 3931 913 3988; x_wconf 92' lang='lat' dir='ltr'><strong>die</strong></span> <span class='ocrx_word' id='word_1_292' title='bbox 934 3932 1034 4005; x_wconf 90' lang='lat' dir='ltr'><strong>qui</strong></span> <span class='ocrx_word' id='word_1_293' title='bbox 1055 3932 1246 4005; x_wconf 89' lang='lat' dir='ltr'><strong>ipsius</strong></span> <span class='ocrx_word' id='word_1_294' title='bbox 1279 3934 1620 3992; x_wconf 81' lang='lat' dir='ltr'><strong>substantiae</strong></span> <span class='ocrx_word' id='word_1_295' title='bbox 1634 3936 1808 4008; x_wconf 88' lang='lat' dir='ltr'><strong>plene</strong></span> 
     </span>
    </p>
   </div>
   <div class='ocr_carea' id='block_1_45' title="bbox 142 4014 1810 4094">
    <p class='ocr_par' dir='ltr' id='par_1_45' title="bbox 142 4014 1810 4094">
     <span class='ocr_line' id='line_1_45' title="bbox 142 4014 1810 4094; baseline 0.007 -23"><span class='ocrx_word' id='word_1_296' title='bbox 142 4014 368 4074; x_wconf 86' lang='lat' dir='ltr'><strong>habent</strong></span> <span class='ocrx_word' id='word_1_297' title='bbox 396 4019 686 4089; x_wconf 89' lang='lat' dir='ltr'><strong>notitiam,</strong></span> <span class='ocrx_word' id='word_1_298' title='bbox 717 4021 920 4078; x_wconf 91' lang='lat' dir='ltr'><strong>vinea</strong></span> <span class='ocrx_word' id='word_1_299' title='bbox 947 4023 1076 4094; x_wconf 87' lang='lat' dir='ltr'><strong>ejus</strong></span> <span class='ocrx_word' id='word_1_300' title='bbox 1105 4026 1163 4078; x_wconf 93' lang='lat' dir='ltr'><strong>et</strong></span> <span class='ocrx_word' id='word_1_301' title='bbox 1191 4021 1368 4080; x_wconf 87' lang='lat' dir='ltr'><strong>silvas</strong></span> <span class='ocrx_word' id='word_1_302' title='bbox 1390 4024 1686 4082; x_wconf 90' lang='lat' dir='ltr'><strong>evidenter</strong></span> <span class='ocrx_word' id='word_1_303' title='bbox 1715 4027 1810 4083; x_wconf 89' lang='lat' dir='ltr'><strong>de-</strong></span> 
     </span>
    </p>
   </div>
   <div class='ocr_carea' id='block_1_46' title="bbox 152 4104 1808 4186">
    <p class='ocr_par' dir='ltr' id='par_1_46' title="bbox 152 4104 1808 4186">
     <span class='ocr_line' id='line_1_46' title="bbox 152 4104 1808 4186; baseline 0.009 -28"><span class='ocrx_word' id='word_1_304' title='bbox 152 4104 413 4178; x_wconf 85' lang='lat' dir='ltr'><strong>signent,</strong></span> <span class='ocrx_word' id='word_1_305' title='bbox 436 4111 503 4164; x_wconf 89' lang='lat' dir='ltr'><strong>ut</strong></span> <span class='ocrx_word' id='word_1_306' title='bbox 522 4125 640 4166; x_wconf 90' lang='lat' dir='ltr'><strong>non</strong></span> <span class='ocrx_word' id='word_1_307' title='bbox 661 4113 804 4166; x_wconf 91' lang='lat' dir='ltr'><strong>tunc</strong></span> <span class='ocrx_word' id='word_1_308' title='bbox 825 4110 969 4183; x_wconf 90' lang='lat' dir='ltr'><strong>quid</strong></span> <span class='ocrx_word' id='word_1_309' title='bbox 991 4115 1270 4183; x_wconf 88' lang='lat' dir='ltr'><strong>appareat</strong></span> <span class='ocrx_word' id='word_1_310' title='bbox 1318 4112 1379 4168; x_wconf 92' lang='lat' dir='ltr'><strong>in</strong></span> <span class='ocrx_word' id='word_1_311' title='bbox 1411 4129 1528 4185; x_wconf 92' lang='lat' dir='ltr'><strong>quo</strong></span> <span class='ocrx_word' id='word_1_312' title='bbox 1558 4114 1694 4186; x_wconf 89' lang='lat' dir='ltr'><strong>quis</strong></span> <span class='ocrx_word' id='word_1_313' title='bbox 1718 4132 1808 4172; x_wconf 88' lang='lat' dir='ltr'><strong>er-</strong></span> 
     </span>
    </p>
   </div>
   <div class='ocr_carea' id='block_1_47' title="bbox 147 4196 529 4253">
    <p class='ocr_par' dir='ltr' id='par_1_47' title="bbox 147 4196 529 4253">
     <span class='ocr_line' id='line_1_47' title="bbox 147 4196 529 4253; baseline 0.013 -5"><span class='ocrx_word' id='word_1_314' title='bbox 147 4210 280 4252; x_wconf 90' lang='lat' dir='ltr'><strong>rare</strong></span> <span class='ocrx_word' id='word_1_315' title='bbox 300 4196 529 4253; x_wconf 87' lang='lat' dir='ltr'><strong>debeat.</strong></span> 
     </span>
    </p>
   </div>
   <div class='ocr_carea' id='block_1_48' title="bbox 105 4277 1810 4358">
    <p class='ocr_par' dir='ltr' id='par_1_48' title="bbox 105 4277 1810 4358">
     <span class='ocr_line' id='line_1_48' title="bbox 105 4277 1810 4358; baseline 0.008 -22"><span class='ocrx_word' id='word_1_316' title='bbox 105 4298 115 4307; x_wconf 89' lang='grc'><strong>·</strong></span> <span class='ocrx_word' id='word_1_317' title='bbox 215 4281 310 4338; x_wconf 80' lang='grc'><strong>49.</strong></span> <span class='ocrx_word' id='word_1_318' title='bbox 344 4283 525 4340; x_wconf 90' lang='lat' dir='ltr'><strong>Nocte</strong></span> <span class='ocrx_word' id='word_1_319' title='bbox 554 4285 738 4358; x_wconf 85' lang='lat' dir='ltr'><strong>igitur</strong></span> <span class='ocrx_word' id='word_1_320' title='bbox 779 4277 1133 4344; x_wconf 85' lang='lat' dir='ltr'><strong>conveniunt</strong></span> <span class='ocrx_word' id='word_1_321' title='bbox 1179 4289 1470 4358; x_wconf 89' lang='lat' dir='ltr'><strong>condicta,</strong></span> <span class='ocrx_word' id='word_1_322' title='bbox 1503 4290 1810 4349; x_wconf 88' lang='lat' dir='ltr'><strong>ecclesiam</strong></span> 
     </span>
    </p>
   </div>
   <div class='ocr_carea' id='block_1_49' title="bbox 146 4371 1810 4450">
    <p class='ocr_par' dir='ltr' id='par_1_49' title="bbox 146 4371 1810 4450">
     <span class='ocr_line' id='line_1_49' title="bbox 146 4371 1810 4450; baseline 0.007 -25"><span class='ocrx_word' id='word_1_323' title='bbox 146 4373 316 4428; x_wconf 69' lang='lat' dir='ltr'><strong>extra</strong></span> <span class='ocrx_word' id='word_1_324' title='bbox 344 4371 541 4428; x_wconf 88' lang='lat' dir='ltr'><strong>vicum</strong></span> <span class='ocrx_word' id='word_1_325' title='bbox 570 4374 684 4446; x_wconf 88' lang='grc'>(13)</span> <span class='ocrx_word' id='word_1_326' title='bbox 719 4376 1226 4449; x_wconf 87' lang='lat' dir='ltr'><strong>reperiunt,quam</strong></span> <span class='ocrx_word' id='word_1_327' title='bbox 1257 4380 1450 4450; x_wconf 90' lang='lat' dir='ltr'><strong>ruptis</strong></span> <span class='ocrx_word' id='word_1_328' title='bbox 1509 4381 1678 4436; x_wconf 90' lang='lat' dir='ltr'><strong>ostiis</strong></span> <span class='ocrx_word' id='word_1_329' title='bbox 1719 4380 1810 4436; x_wconf 90' lang='lat' dir='ltr'><strong>in-</strong></span> 
     </span>
    </p>
   </div>
   <div class='ocr_carea' id='block_1_50' title="bbox 143 4459 1812 4541">
    <p class='ocr_par' dir='ltr' id='par_1_50' title="bbox 143 4459 1812 4541">
     <span class='ocr_line' id='line_1_50' title="bbox 143 4459 1812 4541; baseline 0.008 -28"><span class='ocrx_word' id='word_1_330' title='bbox 143 4461 327 4515; x_wconf 87' lang='lat' dir='ltr'><strong>trant.</strong></span> <span class='ocrx_word' id='word_1_331' title='bbox 359 4459 560 4517; x_wconf 76' lang='lat' dir='ltr'><strong>Altare</strong></span> <span class='ocrx_word' id='word_1_332' title='bbox 589 4463 871 4536; x_wconf 87' lang='lat' dir='ltr'><strong>frangunt</strong></span> <span class='ocrx_word' id='word_1_333' title='bbox 900 4470 958 4520; x_wconf 94' lang='lat' dir='ltr'><strong>et</strong></span> <span class='ocrx_word' id='word_1_334' title='bbox 983 4465 1224 4534; x_wconf 91' lang='lat' dir='ltr'><strong>violant,</strong></span> <span class='ocrx_word' id='word_1_335' title='bbox 1261 4472 1587 4541; x_wconf 67' lang='lat' dir='ltr'><strong>ceteraque</strong></span> <span class='ocrx_word' id='word_1_336' title='bbox 1643 4473 1812 4526; x_wconf 90' lang='lat' dir='ltr'><strong>uten-</strong></span> 
     </span>
    </p>
   </div>
   <div class='ocr_carea' id='block_1_51' title="bbox 149 4545 1815 4630">
    <p class='ocr_par' dir='ltr' id='par_1_51' title="bbox 149 4545 1815 4630">
     <span class='ocr_line' id='line_1_51' title="bbox 149 4545 1815 4630; baseline 0.007 -28"><span class='ocrx_word' id='word_1_337' title='bbox 149 4545 288 4603; x_wconf 85' lang='lat' dir='ltr'><strong>silia</strong></span> <span class='ocrx_word' id='word_1_338' title='bbox 311 4549 626 4622; x_wconf 88' lang='lat' dir='ltr'><strong>dissipant,</strong></span> <span class='ocrx_word' id='word_1_339' title='bbox 651 4557 709 4607; x_wconf 89' lang='lat' dir='ltr'><strong>et</strong></span> <span class='ocrx_word' id='word_1_340' title='bbox 729 4553 1004 4622; x_wconf 89' lang='lat' dir='ltr'><strong>dedecus,</strong></span> <span class='ocrx_word' id='word_1_341' title='bbox 1027 4556 1182 4627; x_wconf 88' lang='lat' dir='ltr'><strong>quod</strong></span> <span class='ocrx_word' id='word_1_342' title='bbox 1204 4555 1465 4614; x_wconf 84' lang='lat' dir='ltr'><strong>infelices</strong></span> <span class='ocrx_word' id='word_1_343' title='bbox 1488 4559 1815 4630; x_wconf 88' lang='lat' dir='ltr'><strong>nequibant</strong></span> 
     </span>
    </p>
   </div>
   <div class='ocr_carea' id='block_1_52' title="bbox 1936 807 3594 892">
    <p class='ocr_par' dir='ltr' id='par_1_52' title="bbox 1936 807 3594 892">
     <span class='ocr_line' id='line_1_52' title="bbox 1936 807 3594 892; baseline 0.008 -29"><span class='ocrx_word' id='word_1_344' title='bbox 1936 807 2062 863; x_wconf 89' lang='lat' dir='ltr'><strong>suis</strong></span> <span class='ocrx_word' id='word_1_345' title='bbox 2091 808 2416 866; x_wconf 88' lang='lat' dir='ltr'><strong>cultoribus</strong></span> <span class='ocrx_word' id='word_1_346' title='bbox 2446 811 2776 868; x_wconf 87' lang='lat' dir='ltr'><strong>uberrimos</strong></span> <span class='ocrx_word' id='word_1_347' title='bbox 2805 813 3032 872; x_wconf 80' lang='lat' dir='ltr'><strong>fructus</strong></span> <span class='ocrx_word' id='word_1_348' title='bbox 3082 815 3327 874; x_wconf 89' lang='lat' dir='ltr'><strong>reddere</strong></span> <span class='ocrx_word' id='word_1_349' title='bbox 3375 833 3594 892; x_wconf 90' lang='lat' dir='ltr'><strong>easque</strong></span> 
     </span>
    </p>
   </div>
   <div class='ocr_carea' id='block_1_53' title="bbox 1937 895 3006 976">
    <p class='ocr_par' dir='ltr' id='par_1_53' title="bbox 1937 895 3006 976">
     <span class='ocr_line' id='line_1_53' title="bbox 1937 895 3006 976; baseline 0.007 -24"><span class='ocrx_word' id='word_1_350' title='bbox 1937 895 2129 954; x_wconf 89' lang='lat' dir='ltr'><strong>adhuc</strong></span> <span class='ocrx_word' id='word_1_351' title='bbox 2158 897 2432 956; x_wconf 87' lang='lat' dir='ltr'><strong>similiter</strong></span> <span class='ocrx_word' id='word_1_352' title='bbox 2458 902 2632 959; x_wconf 92' lang='lat' dir='ltr'><strong>credo</strong></span> <span class='ocrx_word' id='word_1_353' title='bbox 2662 902 2850 958; x_wconf 88' lang='lat' dir='ltr'><strong>facere</strong></span> <span class='ocrx_word' id='word_1_354' title='bbox 2870 903 3006 976; x_wconf 76' lang='grc'>(14).</span> 
     </span>
    </p>
   </div>
   <div class='ocr_carea' id='block_1_54' title="bbox 2569 1008 2938 1066">
    <p class='ocr_par' dir='ltr' id='par_1_54' title="bbox 2569 1008 2938 1066">
     <span class='ocr_line' id='line_1_54' title="bbox 2569 1008 2938 1066; baseline 0.011 -4"><span class='ocrx_word' id='word_1_355' title='bbox 2569 1008 2800 1065; x_wconf 85' lang='lat' dir='ltr'><strong>CAPUT</strong></span> <span class='ocrx_word' id='word_1_356' title='bbox 2839 1009 2938 1066; x_wconf 94' lang='lat' dir='ltr'><strong>III.</strong></span> 
     </span>
    </p>
   </div>
   <div class='ocr_carea' id='block_1_55' title="bbox 1991 1093 3524 1174">
    <p class='ocr_par' dir='ltr' id='par_1_55' title="bbox 1991 1093 3524 1174">
     <span class='ocr_line' id='line_1_55' title="bbox 1991 1093 3524 1174; baseline 0.008 -26"><span class='ocrx_word' id='word_1_357' title='bbox 1991 1093 2128 1149; x_wconf 80' lang='lat' dir='ltr'><strong>Acta</strong></span> <span class='ocrx_word' id='word_1_358' title='bbox 2157 1093 2212 1150; x_wconf 92' lang='lat' dir='ltr'><strong>S.</strong></span> <span class='ocrx_word' id='word_1_359' title='bbox 2242 1094 2461 1174; x_wconf 58' lang='lat' dir='ltr'><strong>Arialdi</strong></span> <span class='ocrx_word' id='word_1_360' title='bbox 2482 1104 2672 1174; x_wconf 75' lang='lat' dir='ltr'><strong>contra</strong></span> <span class='ocrx_word' id='word_1_361' title='bbox 2699 1097 3225 1174; x_wconf 66' lang='lat' dir='ltr'><strong>Simoniacos,_quos</strong></span> <span class='ocrx_word' id='word_1_362' title='bbox 3245 1107 3524 1174; x_wconf 83' lang='lat' dir='ltr'><strong>tanquam</strong></span> 
     </span>
    </p>
   </div>
   <div class='ocr_carea' id='block_1_56' title="bbox 2323 1166 3184 1241">
    <p class='ocr_par' dir='ltr' id='par_1_56' title="bbox 2323 1166 3184 1241">
     <span class='ocr_line' id='line_1_56' title="bbox 2323 1166 3184 1241; baseline 0.006 -18"><span class='ocrx_word' id='word_1_363' title='bbox 2323 1166 2603 1224; x_wconf 76' lang='lat' dir='ltr'><strong>haereticos</strong></span> <span class='ocrx_word' id='word_1_364' title='bbox 2625 1171 2914 1241; x_wconf 82' lang='lat' dir='ltr'><strong>fugiendos</strong></span> <span class='ocrx_word' id='word_1_365' title='bbox 2943 1166 3184 1228; x_wconf 66' lang='lat' dir='ltr'><strong>docebat.</strong></span> 
     </span>
    </p>
   </div>
   <div class='ocr_carea' id='block_1_57' title="bbox 2000 1250 3582 1329">
    <p class='ocr_par' dir='ltr' id='par_1_57' title="bbox 2000 1250 3582 1329">
     <span class='ocr_line' id='line_1_57' title="bbox 2000 1250 3582 1329; baseline 0.007 -24"><span class='ocrx_word' id='word_1_366' title='bbox 2000 1250 2092 1306; x_wconf 88' lang='lat'><strong>20.</strong></span> <span class='ocrx_word' id='word_1_367' title='bbox 2123 1251 2232 1308; x_wconf 90' lang='lat' dir='ltr'><strong>Per</strong></span> <span class='ocrx_word' id='word_1_368' title='bbox 2261 1253 2418 1311; x_wconf 92' lang='lat' dir='ltr'><strong>idem</strong></span> <span class='ocrx_word' id='word_1_369' title='bbox 2447 1259 2684 1329; x_wconf 90' lang='lat' dir='ltr'><strong>tempus</strong></span> <span class='ocrx_word' id='word_1_370' title='bbox 2717 1255 2934 1313; x_wconf 89' lang='lat' dir='ltr'><strong>Christi</strong></span> <span class='ocrx_word' id='word_1_371' title='bbox 2982 1256 3215 1329; x_wconf 89' lang='lat' dir='ltr'><strong>famuli,</strong></span> <span class='ocrx_word' id='word_1_372' title='bbox 3277 1261 3582 1316; x_wconf 88' lang='lat' dir='ltr'><strong>cernentes</strong></span> 
     </span>
    </p>
   </div>
   <div class='ocr_carea' id='block_1_58' title="bbox 1930 1342 3588 1420">
    <p class='ocr_par' dir='ltr' id='par_1_58' title="bbox 1930 1342 3588 1420">
     <span class='ocr_line' id='line_1_58' title="bbox 1930 1342 3588 1420; baseline 0.005 -25"><span class='ocrx_word' id='word_1_373' title='bbox 1930 1354 2165 1396; x_wconf 89' lang='lat' dir='ltr'><strong>omnem</strong></span> <span class='ocrx_word' id='word_1_374' title='bbox 2195 1342 2482 1415; x_wconf 89' lang='lat' dir='ltr'><strong>populum</strong></span> <span class='ocrx_word' id='word_1_375' title='bbox 2513 1345 2586 1400; x_wconf 90' lang='lat' dir='ltr'><strong>ad</strong></span> <span class='ocrx_word' id='word_1_376' title='bbox 2605 1346 2970 1417; x_wconf 90' lang='lat' dir='ltr'><strong>sequendum</strong></span> <span class='ocrx_word' id='word_1_377' title='bbox 3005 1347 3293 1420; x_wconf 89' lang='lat' dir='ltr'><strong>quidquid</strong></span> <span class='ocrx_word' id='word_1_378' title='bbox 3327 1348 3588 1405; x_wconf 88' lang='lat' dir='ltr'><strong>dicerent</strong></span> 
     </span>
    </p>
   </div>
   <div class='ocr_carea' id='block_1_59' title="bbox 1929 1431 3585 1507">
    <p class='ocr_par' dir='ltr' id='par_1_59' title="bbox 1929 1431 3585 1507">
     <span class='ocr_line' id='line_1_59' title="bbox 1929 1431 3585 1507; baseline 0.007 -24"><span class='ocrx_word' id='word_1_379' title='bbox 1929 1442 2058 1484; x_wconf 92' lang='lat' dir='ltr'><strong>esse</strong></span> <span class='ocrx_word' id='word_1_380' title='bbox 2082 1431 2616 1504; x_wconf 87' lang='lat' dir='ltr'><strong>promptissimum,</strong></span> <span class='ocrx_word' id='word_1_381' title='bbox 2638 1434 2709 1488; x_wconf 91' lang='lat' dir='ltr'><strong>de</strong></span> <span class='ocrx_word' id='word_1_382' title='bbox 2741 1433 3077 1491; x_wconf 88' lang='lat' dir='ltr'><strong>Simoniaca</strong></span> <span class='ocrx_word' id='word_1_383' title='bbox 3117 1451 3296 1507; x_wconf 90' lang='lat' dir='ltr'><strong>quam</strong></span> <span class='ocrx_word' id='word_1_384' title='bbox 3342 1439 3585 1494; x_wconf 89' lang='lat' dir='ltr'><strong>eatenus</strong></span> 
     </span>
    </p>
   </div>
   <div class='ocr_carea' id='block_1_60' title="bbox 1927 1517 3585 1598">
    <p class='ocr_par' dir='ltr' id='par_1_60' title="bbox 1927 1517 3585 1598">
     <span class='ocr_line' id='line_1_60' title="bbox 1927 1517 3585 1598; baseline 0.007 -26"><span class='ocrx_word' id='word_1_385' title='bbox 1927 1517 2298 1586; x_wconf 88' lang='lat' dir='ltr'><strong>reticuerant,</strong></span> <span class='ocrx_word' id='word_1_386' title='bbox 2332 1521 2528 1594; x_wconf 91' lang='lat' dir='ltr'><strong>palam</strong></span> <span class='ocrx_word' id='word_1_387' title='bbox 2558 1521 3046 1596; x_wconf 89' lang='lat' dir='ltr'><strong>loquiincipiunt.</strong></span> <span class='ocrx_word' id='word_1_388' title='bbox 3070 1523 3328 1588; x_wconf 90' lang='lat' dir='ltr'><strong>Quorum</strong></span> <span class='ocrx_word' id='word_1_389' title='bbox 3354 1527 3585 1598; x_wconf 89' lang='lat' dir='ltr'><strong>primus</strong></span> 
     </span>
    </p>
   </div>
   <div class='ocr_carea' id='block_1_61' title="bbox 1925 1604 3585 1682">
    <p class='ocr_par' dir='ltr' id='par_1_61' title="bbox 1925 1604 3585 1682">
     <span class='ocr_line' id='line_1_61' title="bbox 1925 1604 3585 1682; baseline 0.006 -21"><span class='ocrx_word' id='word_1_390' title='bbox 1925 1604 1987 1661; x_wconf 90' lang='lat' dir='ltr'><strong>in</strong></span> <span class='ocrx_word' id='word_1_391' title='bbox 2016 1607 2231 1665; x_wconf 88' lang='lat' dir='ltr'><strong>virtute</strong></span> <span class='ocrx_word' id='word_1_392' title='bbox 2261 1611 2518 1667; x_wconf 83' lang='lat' dir='ltr'><strong>scientias</strong></span> <span class='ocrx_word' id='word_1_393' title='bbox 2541 1615 2598 1668; x_wconf 95' lang='lat' dir='ltr'><strong>et</strong></span> <span class='ocrx_word' id='word_1_394' title='bbox 2627 1613 3026 1682; x_wconf 86' lang='lat' dir='ltr'><strong>sanctitantis,</strong></span> <span class='ocrx_word' id='word_1_395' title='bbox 3050 1613 3271 1670; x_wconf 89' lang='lat' dir='ltr'><strong>scilicet</strong></span> <span class='ocrx_word' id='word_1_396' title='bbox 3290 1614 3585 1682; x_wconf 89' lang='lat' dir='ltr'><strong>Arialdus,</strong></span> 
     </span>
    </p>
   </div>
   <div class='ocr_carea' id='block_1_62' title="bbox 1926 1695 3591 1775">
    <p class='ocr_par' dir='ltr' id='par_1_62' title="bbox 1926 1695 3591 1775">
     <span class='ocr_line' id='line_1_62' title="bbox 1926 1695 3591 1775; baseline 0.007 -25"><span class='ocrx_word' id='word_1_397' title='bbox 1926 1695 2063 1754; x_wconf 91' lang='lat' dir='ltr'><strong>licet</strong></span> <span class='ocrx_word' id='word_1_398' title='bbox 2079 1697 2180 1754; x_wconf 92' lang='lat' dir='ltr'><strong>illo</strong></span> <span class='ocrx_word' id='word_1_399' title='bbox 2193 1698 2560 1771; x_wconf 87' lang='lat' dir='ltr'><strong>eloquentior</strong></span> <span class='ocrx_word' id='word_1_400' title='bbox 2573 1704 2729 1758; x_wconf 88' lang='lat' dir='ltr'><strong>esset</strong></span> <span class='ocrx_word' id='word_1_401' title='bbox 2743 1701 3235 1775; x_wconf 88' lang='lat' dir='ltr'><strong>Landulphus,de</strong></span> <span class='ocrx_word' id='word_1_402' title='bbox 3255 1703 3591 1762; x_wconf 89' lang='lat' dir='ltr'><strong>Simoniaca</strong></span> 
     </span>
    </p>
   </div>
   <div class='ocr_carea' id='block_1_63' title="bbox 1927 1789 3585 1866">
    <p class='ocr_par' dir='ltr' id='par_1_63' title="bbox 1927 1789 3585 1866">
     <span class='ocr_line' id='line_1_63' title="bbox 1927 1789 3585 1866; baseline 0.005 -24"><span class='ocrx_word' id='word_1_403' title='bbox 1927 1789 1984 1842; x_wconf 90' lang='lat' dir='ltr'><strong>et</strong></span> <span class='ocrx_word' id='word_1_404' title='bbox 2032 1791 2235 1844; x_wconf 86' lang='lat' dir='ltr'><strong>contra</strong></span> <span class='ocrx_word' id='word_1_405' title='bbox 2254 1789 2446 1861; x_wconf 90' lang='lat' dir='ltr'><strong>ipsam</strong></span> <span class='ocrx_word' id='word_1_406' title='bbox 2467 1789 2582 1847; x_wconf 90' lang='lat' dir='ltr'><strong>tale</strong></span> <span class='ocrx_word' id='word_1_407' title='bbox 2596 1790 2898 1847; x_wconf 87' lang='lat' dir='ltr'><strong>exordium</strong></span> <span class='ocrx_word' id='word_1_408' title='bbox 2921 1791 3168 1864; x_wconf 90' lang='lat' dir='ltr'><strong>protulit</strong></span> <span class='ocrx_word' id='word_1_409' title='bbox 3183 1793 3254 1847; x_wconf 92' lang='lat' dir='ltr'><strong>ad</strong></span> <span class='ocrx_word' id='word_1_410' title='bbox 3277 1793 3585 1866; x_wconf 88' lang='lat' dir='ltr'><strong>populum.</strong></span> 
     </span>
    </p>
   </div>
   <div class='ocr_carea' id='block_1_64' title="bbox 1927 1874 3586 1953">
    <p class='ocr_par' dir='ltr' id='par_1_64' title="bbox 1927 1874 3586 1953">
     <span class='ocr_line' id='line_1_64' title="bbox 1927 1874 3586 1953; baseline 0.005 -21"><span class='ocrx_word' id='word_1_411' title='bbox 1927 1874 2177 1947; x_wconf 88' lang='lat' dir='ltr'><strong>Gratias,</strong></span> <span class='ocrx_word' id='word_1_412' title='bbox 2210 1876 2422 1951; x_wconf 89' lang='lat' dir='ltr'><strong>inquit,</strong></span> <span class='ocrx_word' id='word_1_413' title='bbox 2456 1878 2843 1947; x_wconf 89' lang='lat' dir='ltr'><strong>dilectissimi,</strong></span> <span class='ocrx_word' id='word_1_414' title='bbox 2878 1879 3266 1953; x_wconf 90' lang='lat' dir='ltr'><strong>omnipotenti</strong></span> <span class='ocrx_word' id='word_1_415' title='bbox 3296 1885 3413 1938; x_wconf 93' lang='lat' dir='ltr'><strong>Deo</strong></span> <span class='ocrx_word' id='word_1_416' title='bbox 3453 1883 3586 1939; x_wconf 88' lang='lat' dir='ltr'><strong>red-</strong></span> 
     </span>
    </p>
   </div>
   <div class='ocr_carea' id='block_1_65' title="bbox 1927 1965 3600 2043">
    <p class='ocr_par' dir='ltr' id='par_1_65' title="bbox 1927 1965 3600 2043">
     <span class='ocr_line' id='line_1_65' title="bbox 1927 1965 3600 2043; baseline 0.003 -22"><span class='ocrx_word' id='word_1_417' title='bbox 1927 1965 2062 2022; x_wconf 88' lang='lat' dir='ltr'><strong>dere</strong></span> <span class='ocrx_word' id='word_1_418' title='bbox 2089 1966 2391 2035; x_wconf 90' lang='lat' dir='ltr'><strong>debemus,</strong></span> <span class='ocrx_word' id='word_1_419' title='bbox 2426 1968 2526 2040; x_wconf 90' lang='lat' dir='ltr'><strong>qui</strong></span> <span class='ocrx_word' id='word_1_420' title='bbox 2552 1968 2711 2025; x_wconf 90' lang='lat' dir='ltr'><strong>dedit</strong></span> <span class='ocrx_word' id='word_1_421' title='bbox 2731 1968 2896 2025; x_wconf 89' lang='lat' dir='ltr'><strong>vobis</strong></span> <span class='ocrx_word' id='word_1_422' title='bbox 2925 1968 3071 2025; x_wconf 89' lang='lat' dir='ltr'><strong>velle</strong></span> <span class='ocrx_word' id='word_1_423' title='bbox 3102 1986 3232 2042; x_wconf 68' lang='lat' dir='ltr'><strong>quae</strong></span> <span class='ocrx_word' id='word_1_424' title='bbox 3259 1969 3385 2026; x_wconf 94' lang='lat' dir='ltr'><strong>vult</strong></span> <span class='ocrx_word' id='word_1_425' title='bbox 3432 1971 3600 2043; x_wconf 66' lang='lat' dir='ltr'><strong>ipse.</strong></span> 
     </span>
    </p>
   </div>
   <div class='ocr_carea' id='block_1_66' title="bbox 1927 2054 3575 2130">
    <p class='ocr_par' dir='ltr' id='par_1_66' title="bbox 1927 2054 3575 2130">
     <span class='ocr_line' id='line_1_66' title="bbox 1927 2054 3575 2130; baseline 0.002 -19"><span class='ocrx_word' id='word_1_426' title='bbox 1927 2054 2088 2112; x_wconf 90' lang='lat' dir='ltr'><strong>Scire</strong></span> <span class='ocrx_word' id='word_1_427' title='bbox 2115 2072 2216 2112; x_wconf 92' lang='lat' dir='ltr'><strong>vos</strong></span> <span class='ocrx_word' id='word_1_428' title='bbox 2236 2056 2474 2129; x_wconf 92' lang='lat' dir='ltr'><strong>quidem</strong></span> <span class='ocrx_word' id='word_1_429' title='bbox 2494 2056 2768 2114; x_wconf 88' lang='lat' dir='ltr'><strong>volumus</strong></span> <span class='ocrx_word' id='word_1_430' title='bbox 2791 2059 2948 2130; x_wconf 91' lang='lat' dir='ltr'><strong>quod</strong></span> <span class='ocrx_word' id='word_1_431' title='bbox 2965 2057 3224 2116; x_wconf 89' lang='lat' dir='ltr'><strong>laborem</strong></span> <span class='ocrx_word' id='word_1_432' title='bbox 3248 2076 3363 2118; x_wconf 90' lang='lat' dir='ltr'><strong>non</strong></span> <span class='ocrx_word' id='word_1_433' title='bbox 3386 2059 3575 2117; x_wconf 78' lang='lat' dir='ltr'><strong>modi-</strong></span> 
     </span>
    </p>
   </div>
   <div class='ocr_carea' id='block_1_67' title="bbox 1925 2146 3575 2222">
    <p class='ocr_par' dir='ltr' id='par_1_67' title="bbox 1925 2146 3575 2222">
     <span class='ocr_line' id='line_1_67' title="bbox 1925 2146 3575 2222; baseline 0.004 -22"><span class='ocrx_word' id='word_1_434' title='bbox 1925 2159 2263 2216; x_wconf 90' lang='lat' dir='ltr'><strong>cum,quem</strong></span> <span class='ocrx_word' id='word_1_435' title='bbox 2282 2161 2467 2217; x_wconf 92' lang='lat' dir='ltr'><strong>usque</strong></span> <span class='ocrx_word' id='word_1_436' title='bbox 2487 2146 2662 2202; x_wconf 92' lang='lat' dir='ltr'><strong>modo</strong></span> <span class='ocrx_word' id='word_1_437' title='bbox 2676 2151 2878 2204; x_wconf 89' lang='lat' dir='ltr'><strong>contra</strong></span> <span class='ocrx_word' id='word_1_438' title='bbox 2897 2147 3274 2205; x_wconf 90' lang='lat' dir='ltr'><strong>insolentiam</strong></span> <span class='ocrx_word' id='word_1_439' title='bbox 3293 2150 3575 2222; x_wconf 90' lang='lat' dir='ltr'><strong>conjuga-</strong></span> 
     </span>
    </p>
   </div>
   <div class='ocr_carea' id='block_1_68' title="bbox 1925 2233 3581 2310">
    <p class='ocr_par' dir='ltr' id='par_1_68' title="bbox 1925 2233 3581 2310">
     <span class='ocr_line' id='line_1_68' title="bbox 1925 2233 3581 2310; baseline 0.004 -22"><span class='ocrx_word' id='word_1_440' title='bbox 1925 2233 2666 2308; x_wconf 80' lang='lat' dir='ltr'><strong>lorum,adulterorumque</strong></span> <span class='ocrx_word' id='word_1_441' title='bbox 2679 2235 3045 2310; x_wconf 90' lang='lat' dir='ltr'><strong>sumpsimus</strong></span> <span class='ocrx_word' id='word_1_442' title='bbox 3058 2238 3581 2307; x_wconf 87' lang='lat' dir='ltr'><strong>sacerdotum,ma—</strong></span> 
     </span>
    </p>
   </div>
   <div class='ocr_carea' id='block_1_69' title="bbox 1925 2322 3575 2398">
    <p class='ocr_par' dir='ltr' id='par_1_69' title="bbox 1925 2322 3575 2398">
     <span class='ocr_line' id='line_1_69' title="bbox 1925 2322 3575 2398; baseline 0.004 -21"><span class='ocrx_word' id='word_1_443' title='bbox 1925 2323 2016 2394; x_wconf 91' lang='lat' dir='ltr'><strong>gis</strong></span> <span class='ocrx_word' id='word_1_444' title='bbox 2047 2339 2154 2379; x_wconf 93' lang='lat' dir='ltr'><strong>nos</strong></span> <span class='ocrx_word' id='word_1_445' title='bbox 2184 2322 2391 2380; x_wconf 81' lang='lat' dir='ltr'><strong>fecisse</strong></span> <span class='ocrx_word' id='word_1_446' title='bbox 2425 2325 2771 2382; x_wconf 89' lang='lat' dir='ltr'><strong>necessitate</strong></span> <span class='ocrx_word' id='word_1_447' title='bbox 2809 2342 2987 2398; x_wconf 90' lang='lat' dir='ltr'><strong>quam</strong></span> <span class='ocrx_word' id='word_1_448' title='bbox 3043 2326 3365 2384; x_wconf 86' lang='lat' dir='ltr'><strong>voluntate.</strong></span> <span class='ocrx_word' id='word_1_449' title='bbox 3405 2326 3575 2397; x_wconf 86' lang='lat' dir='ltr'><strong>Nam,</strong></span> 
     </span>
    </p>
   </div>
   <div class='ocr_carea' id='block_1_70' title="bbox 1925 2412 3576 2489">
    <p class='ocr_par' dir='ltr' id='par_1_70' title="bbox 1925 2412 3576 2489">
     <span class='ocr_line' id='line_1_70' title="bbox 1925 2412 3576 2489; baseline 0.004 -23"><span class='ocrx_word' id='word_1_450' title='bbox 1925 2414 2125 2468; x_wconf 90' lang='lat' dir='ltr'><strong>utrum</strong></span> <span class='ocrx_word' id='word_1_451' title='bbox 2155 2412 2412 2470; x_wconf 68' lang='lat' dir='ltr'><strong>haeretici</strong></span> <span class='ocrx_word' id='word_1_452' title='bbox 2442 2429 2651 2470; x_wconf 86' lang='lat' dir='ltr'><strong>uxores</strong></span> <span class='ocrx_word' id='word_1_453' title='bbox 2681 2414 2938 2472; x_wconf 86' lang='lat' dir='ltr'><strong>habeant</strong></span> <span class='ocrx_word' id='word_1_454' title='bbox 2969 2433 3043 2472; x_wconf 89' lang='lat' dir='ltr'><strong>an</strong></span> <span class='ocrx_word' id='word_1_455' title='bbox 3075 2433 3217 2485; x_wconf 89' lang='lat' dir='ltr'><strong>non,</strong></span> <span class='ocrx_word' id='word_1_456' title='bbox 3238 2416 3403 2489; x_wconf 88' lang='lat' dir='ltr'><strong>parvi</strong></span> <span class='ocrx_word' id='word_1_457' title='bbox 3434 2432 3576 2488; x_wconf 91' lang='lat' dir='ltr'><strong>pen-</strong></span> 
     </span>
    </p>
   </div>
   <div class='ocr_carea' id='block_1_71' title="bbox 1923 2500 3581 2576">
    <p class='ocr_par' dir='ltr' id='par_1_71' title="bbox 1923 2500 3581 2576">
     <span class='ocr_line' id='line_1_71' title="bbox 1923 2500 3581 2576; baseline 0.004 -21"><span class='ocrx_word' id='word_1_458' title='bbox 1923 2500 2142 2556; x_wconf 90' lang='lat' dir='ltr'><strong>dimus.</strong></span> <span class='ocrx_word' id='word_1_459' title='bbox 2173 2502 2613 2574; x_wconf 83' lang='lat' dir='ltr'><strong>Aspicientibus</strong></span> <span class='ocrx_word' id='word_1_460' title='bbox 2637 2517 2773 2576; x_wconf 86' lang='lat' dir='ltr'><strong>ergo</strong></span> <span class='ocrx_word' id='word_1_461' title='bbox 2797 2504 2868 2559; x_wconf 90' lang='lat' dir='ltr'><strong>ad</strong></span> <span class='ocrx_word' id='word_1_462' title='bbox 2890 2503 3142 2560; x_wconf 89' lang='lat' dir='ltr'><strong>invicem</strong></span> <span class='ocrx_word' id='word_1_463' title='bbox 3171 2519 3232 2561; x_wconf 91' lang='lat' dir='ltr'><strong>se</strong></span> <span class='ocrx_word' id='word_1_464' title='bbox 3253 2503 3467 2572; x_wconf 81' lang='lat' dir='ltr'><strong>turbis,</strong></span> <span class='ocrx_word' id='word_1_465' title='bbox 3522 2509 3581 2561; x_wconf 91' lang='lat' dir='ltr'><strong>et</strong></span> 
     </span>
    </p>
   </div>
   <div class='ocr_carea' id='block_1_72' title="bbox 1924 2589 3580 2664">
    <p class='ocr_par' dir='ltr' id='par_1_72' title="bbox 1924 2589 3580 2664">
     <span class='ocr_line' id='line_1_72' title="bbox 1924 2589 3580 2664; baseline 0.004 -20"><span class='ocrx_word' id='word_1_466' title='bbox 1924 2589 2356 2647; x_wconf 85' lang='lat' dir='ltr'><strong>admirantibus</strong></span> <span class='ocrx_word' id='word_1_467' title='bbox 2387 2608 2490 2647; x_wconf 91' lang='lat' dir='ltr'><strong>cur</strong></span> <span class='ocrx_word' id='word_1_468' title='bbox 2511 2591 2621 2648; x_wconf 91' lang='lat' dir='ltr'><strong>hoc</strong></span> <span class='ocrx_word' id='word_1_469' title='bbox 2673 2593 2910 2662; x_wconf 90' lang='lat' dir='ltr'><strong>diceret,</strong></span> <span class='ocrx_word' id='word_1_470' title='bbox 2971 2593 3231 2664; x_wconf 88' lang='lat' dir='ltr'><strong>adjecit:</strong></span> <span class='ocrx_word' id='word_1_471' title='bbox 3284 2593 3580 2662; x_wconf 85' lang='lat' dir='ltr'><strong>Audistis,</strong></span> 
     </span>
    </p>
   </div>
   <div class='ocr_carea' id='block_1_73' title="bbox 1923 2678 3584 2755">
    <p class='ocr_par' dir='ltr' id='par_1_73' title="bbox 1923 2678 3584 2755">
     <span class='ocr_line' id='line_1_73' title="bbox 1923 2678 3584 2755; baseline 0.002 -21"><span class='ocrx_word' id='word_1_472' title='bbox 1923 2678 2278 2747; x_wconf 90' lang='lat' dir='ltr'><strong>charissimi,</strong></span> <span class='ocrx_word' id='word_1_473' title='bbox 2303 2680 2445 2736; x_wconf 92' lang='lat' dir='ltr'><strong>dum</strong></span> <span class='ocrx_word' id='word_1_474' title='bbox 2475 2680 2929 2754; x_wconf 86' lang='lat' dir='ltr'><strong>legereturliber</strong></span> <span class='ocrx_word' id='word_1_475' title='bbox 2981 2684 3237 2738; x_wconf 89' lang='lat' dir='ltr'><strong>Actuum</strong></span> <span class='ocrx_word' id='word_1_476' title='bbox 3295 2682 3584 2755; x_wconf 87' lang='lat' dir='ltr'><strong>apostolo-</strong></span> 
     </span>
    </p>
   </div>
   <div class='ocr_carea' id='block_1_74' title="bbox 1922 2769 3578 2843">
    <p class='ocr_par' dir='ltr' id='par_1_74' title="bbox 1922 2769 3578 2843">
     <span class='ocr_line' id='line_1_74' title="bbox 1922 2769 3578 2843; baseline 0.003 -20"><span class='ocrx_word' id='word_1_477' title='bbox 1922 2785 2076 2838; x_wconf 91' lang='lat' dir='ltr'><strong>rum,</strong></span> <span class='ocrx_word' id='word_1_478' title='bbox 2106 2769 2336 2824; x_wconf 89' lang='lat' dir='ltr'><strong>venisse</strong></span> <span class='ocrx_word' id='word_1_479' title='bbox 2366 2769 2668 2825; x_wconf 89' lang='lat' dir='ltr'><strong>Simonem</strong></span> <span class='ocrx_word' id='word_1_480' title='bbox 2688 2771 2924 2843; x_wconf 86' lang='lat' dir='ltr'><strong>Magum</strong></span> <span class='ocrx_word' id='word_1_481' title='bbox 2978 2770 3049 2825; x_wconf 92' lang='lat' dir='ltr'><strong>ad</strong></span> <span class='ocrx_word' id='word_1_482' title='bbox 3112 2774 3179 2826; x_wconf 93' lang='lat' dir='ltr'><strong>B.</strong></span> <span class='ocrx_word' id='word_1_483' title='bbox 3236 2770 3578 2843; x_wconf 89' lang='lat' dir='ltr'><strong>apostolum</strong></span> 
     </span>
    </p>
   </div>
   <div class='ocr_carea' id='block_1_75' title="bbox 1922 2857 3578 2932">
    <p class='ocr_par' dir='ltr' id='par_1_75' title="bbox 1922 2857 3578 2932">
     <span class='ocr_line' id='line_1_75' title="bbox 1922 2857 3578 2932; baseline 0.001 -19"><span class='ocrx_word' id='word_1_484' title='bbox 1922 2857 2249 2927; x_wconf 90' lang='lat' dir='ltr'><strong>Petrum,et</strong></span> <span class='ocrx_word' id='word_1_485' title='bbox 2277 2857 2613 2930; x_wconf 90' lang='lat' dir='ltr'><strong>postulasse</strong></span> <span class='ocrx_word' id='word_1_486' title='bbox 2632 2875 2736 2931; x_wconf 92' lang='lat' dir='ltr'><strong>per</strong></span> <span class='ocrx_word' id='word_1_487' title='bbox 2765 2863 3079 2931; x_wconf 90' lang='lat' dir='ltr'><strong>pecuntam</strong></span> <span class='ocrx_word' id='word_1_488' title='bbox 3110 2858 3366 2932; x_wconf 85' lang='lat' dir='ltr'><strong>Spiritus</strong></span> <span class='ocrx_word' id='word_1_489' title='bbox 3388 2859 3578 2916; x_wconf 88' lang='lat' dir='ltr'><strong>sancti</strong></span> 
     </span>
    </p>
   </div>
   <div class='ocr_carea' id='block_1_76' title="bbox 1929 2947 3578 3021">
    <p class='ocr_par' dir='ltr' id='par_1_76' title="bbox 1929 2947 3578 3021">
     <span class='ocr_line' id='line_1_76' title="bbox 1929 2947 3578 3021; baseline 0.001 -18"><span class='ocrx_word' id='word_1_490' title='bbox 1929 2948 2202 3021; x_wconf 89' lang='lat' dir='ltr'><strong>gratiam.</strong></span> <span class='ocrx_word' id='word_1_491' title='bbox 2227 2947 2414 3002; x_wconf 88' lang='lat' dir='ltr'><strong>Lucas</strong></span> <span class='ocrx_word' id='word_1_492' title='bbox 2462 2947 2837 3020; x_wconf 88' lang='lat' dir='ltr'><strong>evangelista,</strong></span> <span class='ocrx_word' id='word_1_493' title='bbox 2872 2948 2973 3020; x_wconf 86' lang='lat' dir='ltr'><strong>qui</strong></span> <span class='ocrx_word' id='word_1_494' title='bbox 3003 2948 3113 3004; x_wconf 90' lang='lat' dir='ltr'><strong>hoc</strong></span> <span class='ocrx_word' id='word_1_495' title='bbox 3130 2948 3389 3021; x_wconf 90' lang='lat' dir='ltr'><strong>scripsit,</strong></span> <span class='ocrx_word' id='word_1_496' title='bbox 3437 2948 3578 3020; x_wconf 84' lang='lat' dir='ltr'><strong>quid</strong></span> 
     </span>
    </p>
   </div>
   <div class='ocr_carea' id='block_1_77' title="bbox 1919 3034 3573 3110">
    <p class='ocr_par' dir='ltr' id='par_1_77' title="bbox 1919 3034 3573 3110">
     <span class='ocr_line' id='line_1_77' title="bbox 1919 3034 3573 3110; baseline 0 -17"><span class='ocrx_word' id='word_1_497' title='bbox 1919 3037 2126 3093; x_wconf 91' lang='lat' dir='ltr'><strong>beatus</strong></span> <span class='ocrx_word' id='word_1_498' title='bbox 2155 3034 2207 3092; x_wconf 91' lang='lat' dir='ltr'><strong>ei</strong></span> <span class='ocrx_word' id='word_1_499' title='bbox 2255 3037 2461 3092; x_wconf 89' lang='lat' dir='ltr'><strong>Petrus</strong></span> <span class='ocrx_word' id='word_1_500' title='bbox 2508 3036 2894 3109; x_wconf 90' lang='lat' dir='ltr'><strong>responderit,</strong></span> <span class='ocrx_word' id='word_1_501' title='bbox 2937 3037 3207 3109; x_wconf 89' lang='lat' dir='ltr'><strong>protinus</strong></span> <span class='ocrx_word' id='word_1_502' title='bbox 3267 3037 3573 3110; x_wconf 82' lang='lat' dir='ltr'><strong>adjunxit:</strong></span> 
     </span>
    </p>
   </div>
   <div class='ocr_carea' id='block_1_78' title="bbox 1920 3124 3572 3199">
    <p class='ocr_par' dir='ltr' id='par_1_78' title="bbox 1920 3124 3572 3199">
     <span class='ocr_line' id='line_1_78' title="bbox 1920 3124 3572 3199; baseline 0.004 -23"><span class='ocrx_word' id='word_1_503' title='bbox 1920 3148 1948 3177; x_wconf 89' lang='grc'><strong>‹‹</strong></span> <span class='ocrx_word' id='word_1_504' title='bbox 1981 3124 2482 3197; x_wconf 88' lang='lat' dir='ltr'><strong>Pecunia(inquit)</strong></span> <span class='ocrx_word' id='word_1_505' title='bbox 2513 3129 2618 3180; x_wconf 89' lang='lat' dir='ltr'><strong>tua</strong></span> <span class='ocrx_word' id='word_1_506' title='bbox 2671 3130 2866 3182; x_wconf 89' lang='lat' dir='ltr'><strong>tecum</strong></span> <span class='ocrx_word' id='word_1_507' title='bbox 2911 3125 2989 3182; x_wconf 90' lang='lat' dir='ltr'><strong>sit</strong></span> <span class='ocrx_word' id='word_1_508' title='bbox 3036 3127 3096 3182; x_wconf 91' lang='lat' dir='ltr'><strong>in</strong></span> <span class='ocrx_word' id='word_1_509' title='bbox 3157 3127 3572 3199; x_wconf 89' lang='lat' dir='ltr'><strong>perditionem,</strong></span> 
     </span>
    </p>
   </div>
   <div class='ocr_carea' id='block_1_79' title="bbox 1919 3214 3570 3288">
    <p class='ocr_par' dir='ltr' id='par_1_79' title="bbox 1919 3214 3570 3288">
     <span class='ocr_line' id='line_1_79' title="bbox 1919 3214 3570 3288; baseline 0.001 -18"><span class='ocrx_word' id='word_1_510' title='bbox 1919 3215 2059 3288; x_wconf 90' lang='lat' dir='ltr'><strong>quia</strong></span> <span class='ocrx_word' id='word_1_511' title='bbox 2087 3214 2436 3270; x_wconf 84' lang='lat' dir='ltr'><strong>existimasti</strong></span> <span class='ocrx_word' id='word_1_512' title='bbox 2457 3214 2678 3270; x_wconf 90' lang='lat' dir='ltr'><strong>donum</strong></span> <span class='ocrx_word' id='word_1_513' title='bbox 2708 3214 2810 3270; x_wconf 90' lang='lat' dir='ltr'><strong>Dei</strong></span> <span class='ocrx_word' id='word_1_514' title='bbox 2841 3215 3092 3288; x_wconf 87' lang='lat' dir='ltr'><strong>pecunia</strong></span> <span class='ocrx_word' id='word_1_515' title='bbox 3121 3216 3410 3288; x_wconf 88' lang='lat' dir='ltr'><strong>possideri</strong></span> <span class='ocrx_word' id='word_1_516' title='bbox 3433 3216 3570 3288; x_wconf 84' lang='lat' dir='ltr'><strong>(Act.</strong></span> 
     </span>
    </p>
   </div>
   <div class='ocr_carea' id='block_1_80' title="bbox 1837 3285 3573 3372">
    <p class='ocr_par' dir='ltr' id='par_1_80' title="bbox 1837 3285 3573 3372">
     <span class='ocr_line' id='line_1_80' title="bbox 1837 3285 3573 3372; baseline -0.001 -13"><span class='ocrx_word' id='word_1_517' title='bbox 1837 3285 1879 3352; x_wconf 82' lang='lat' dir='ltr'>C</span> <span class='ocrx_word' id='word_1_518' title='bbox 1916 3285 2040 3371; x_wconf 56' lang='lat' dir='ltr'><strong>6m,</strong></span> <span class='ocrx_word' id='word_1_519' title='bbox 2067 3305 2179 3372; x_wconf 87' lang='grc'><strong>20).</strong></span> <span class='ocrx_word' id='word_1_520' title='bbox 2206 3325 2234 3352; x_wconf 88' lang='grc'><strong>››</strong></span> <span class='ocrx_word' id='word_1_521' title='bbox 2265 3302 2412 3367; x_wconf 87' lang='lat' dir='ltr'><strong>Quid</strong></span> <span class='ocrx_word' id='word_1_522' title='bbox 2431 3307 2520 3358; x_wconf 91' lang='lat' dir='ltr'><strong>est</strong></span> <span class='ocrx_word' id='word_1_523' title='bbox 2549 3303 2659 3359; x_wconf 90' lang='lat' dir='ltr'><strong>hoc</strong></span> <span class='ocrx_word' id='word_1_524' title='bbox 2689 3304 2716 3357; x_wconf 84' lang='lat'><strong>?</strong></span> <span class='ocrx_word' id='word_1_525' title='bbox 2745 3285 2948 3360; x_wconf 81' lang='lat' dir='ltr'><strong>Nonne</strong></span> <span class='ocrx_word' id='word_1_526' title='bbox 2979 3305 3090 3360; x_wconf 91' lang='lat' dir='ltr'><strong>iste</strong></span> <span class='ocrx_word' id='word_1_527' title='bbox 3118 3285 3215 3360; x_wconf 78' lang='lat' dir='ltr'><strong>ille</strong></span> <span class='ocrx_word' id='word_1_528' title='bbox 3238 3285 3573 3372; x_wconf 86' lang='lat' dir='ltr'><strong>Petrus,cui</strong></span> 
     </span>
    </p>
   </div>
   <div class='ocr_carea' id='block_1_81' title="bbox 1917 3391 3572 3466">
    <p class='ocr_par' dir='ltr' id='par_1_81' title="bbox 1917 3391 3572 3466">
     <span class='ocr_line' id='line_1_81' title="bbox 1917 3391 3572 3466; baseline 0 -18"><span class='ocrx_word' id='word_1_529' title='bbox 1917 3391 2481 3466; x_wconf 82' lang='lat' dir='ltr'><strong>septuagiessepties</strong></span> <span class='ocrx_word' id='word_1_530' title='bbox 2511 3392 2778 3464; x_wconf 89' lang='lat' dir='ltr'><strong>peccanti</strong></span> <span class='ocrx_word' id='word_1_531' title='bbox 2827 3392 2994 3448; x_wconf 84' lang='lat' dir='ltr'><strong>fratri</strong></span> <span class='ocrx_word' id='word_1_532' title='bbox 3041 3393 3344 3448; x_wconf 90' lang='lat' dir='ltr'><strong>dimittere</strong></span> <span class='ocrx_word' id='word_1_533' title='bbox 3383 3391 3572 3463; x_wconf 88' lang='lat' dir='ltr'><strong>jussit</strong></span> 
     </span>
    </p>
   </div>
   <div class='ocr_carea' id='block_1_82' title="bbox 1916 3479 3568 3552">
    <p class='ocr_par' dir='ltr' id='par_1_82' title="bbox 1916 3479 3568 3552">
     <span class='ocr_line' id='line_1_82' title="bbox 1916 3479 3568 3552; baseline 0 -16"><span class='ocrx_word' id='word_1_534' title='bbox 1916 3480 2248 3536; x_wconf 82' lang='lat' dir='ltr'><strong>Dominus?</strong></span> <span class='ocrx_word' id='word_1_535' title='bbox 2277 3479 2664 3552; x_wconf 77' lang='lat' dir='ltr'><strong>(Matth.xvm,</strong></span> <span class='ocrx_word' id='word_1_536' title='bbox 2686 3480 2801 3552; x_wconf 89' lang='lat'><strong>22.)</strong></span> <span class='ocrx_word' id='word_1_537' title='bbox 2824 3479 2926 3535; x_wconf 91' lang='lat' dir='ltr'><strong>Est</strong></span> <span class='ocrx_word' id='word_1_538' title='bbox 2963 3481 3188 3552; x_wconf 90' lang='lat' dir='ltr'><strong>utique.</strong></span> <span class='ocrx_word' id='word_1_539' title='bbox 3239 3481 3350 3536; x_wconf 88' lang='lat' dir='ltr'><strong>Sed</strong></span> <span class='ocrx_word' id='word_1_540' title='bbox 3407 3481 3568 3537; x_wconf 89' lang='lat' dir='ltr'><strong>hunc</strong></span> 
     </span>
    </p>
   </div>
   <div class='ocr_carea' id='block_1_83' title="bbox 1916 3568 3569 3641">
    <p class='ocr_par' dir='ltr' id='par_1_83' title="bbox 1916 3568 3569 3641">
     <span class='ocr_line' id='line_1_83' title="bbox 1916 3568 3569 3641; baseline 0.001 -17"><span class='ocrx_word' id='word_1_541' title='bbox 1916 3586 2032 3625; x_wconf 89' lang='lat' dir='ltr'><strong>non</strong></span> <span class='ocrx_word' id='word_1_542' title='bbox 2049 3568 2348 3640; x_wconf 82' lang='lat' dir='ltr'><strong>prospexit</strong></span> <span class='ocrx_word' id='word_1_543' title='bbox 2369 3568 2426 3622; x_wconf 88' lang='lat' dir='ltr'><strong>in</strong></span> <span class='ocrx_word' id='word_1_544' title='bbox 2446 3585 2508 3623; x_wconf 91' lang='lat' dir='ltr'><strong>se</strong></span> <span class='ocrx_word' id='word_1_545' title='bbox 2540 3584 2644 3624; x_wconf 89' lang='lat' dir='ltr'><strong>nec</strong></span> <span class='ocrx_word' id='word_1_546' title='bbox 2669 3569 2728 3623; x_wconf 91' lang='lat' dir='ltr'><strong>in</strong></span> <span class='ocrx_word' id='word_1_547' title='bbox 2759 3568 3058 3624; x_wconf 90' lang='lat' dir='ltr'><strong>hominem</strong></span> <span class='ocrx_word' id='word_1_548' title='bbox 3082 3585 3321 3641; x_wconf 88' lang='lat' dir='ltr'><strong>peccare</strong></span> <span class='ocrx_word' id='word_1_549' title='bbox 3351 3570 3569 3627; x_wconf 88' lang='lat' dir='ltr'><strong>solum-</strong></span> 
     </span>
    </p>
   </div>
   <div class='ocr_carea' id='block_1_84' title="bbox 1916 3657 3572 3725">
    <p class='ocr_par' dir='ltr' id='par_1_84' title="bbox 1916 3657 3572 3725">
     <span class='ocr_line' id='line_1_84' title="bbox 1916 3657 3572 3725; baseline 0.001 -11"><span class='ocrx_word' id='word_1_550' title='bbox 1916 3658 2110 3725; x_wconf 91' lang='lat' dir='ltr'><strong>modo,</strong></span> <span class='ocrx_word' id='word_1_551' title='bbox 2142 3658 2243 3714; x_wconf 91' lang='lat' dir='ltr'><strong>sed</strong></span> <span class='ocrx_word' id='word_1_552' title='bbox 2274 3657 2335 3712; x_wconf 90' lang='lat' dir='ltr'><strong>in</strong></span> <span class='ocrx_word' id='word_1_553' title='bbox 2367 3661 2570 3713; x_wconf 89' lang='lat' dir='ltr'><strong>Deum.</strong></span> <span class='ocrx_word' id='word_1_554' title='bbox 2601 3657 2749 3713; x_wconf 89' lang='lat' dir='ltr'><strong>Nam</strong></span> <span class='ocrx_word' id='word_1_555' title='bbox 2782 3657 2964 3713; x_wconf 89' lang='lat' dir='ltr'><strong>nimis</strong></span> <span class='ocrx_word' id='word_1_556' title='bbox 2997 3657 3187 3714; x_wconf 90' lang='lat' dir='ltr'><strong>isdem</strong></span> <span class='ocrx_word' id='word_1_557' title='bbox 3253 3661 3316 3714; x_wconf 92' lang='lat' dir='ltr'><strong>B.</strong></span> <span class='ocrx_word' id='word_1_558' title='bbox 3365 3659 3572 3716; x_wconf 85' lang='lat' dir='ltr'><strong>Petrus</strong></span> 
     </span>
    </p>
   </div>
   <div class='ocr_carea' id='block_1_85' title="bbox 1914 3746 3575 3819">
    <p class='ocr_par' dir='ltr' id='par_1_85' title="bbox 1914 3746 3575 3819">
     <span class='ocr_line' id='line_1_85' title="bbox 1914 3746 3575 3819; baseline 0.001 -16"><span class='ocrx_word' id='word_1_559' title='bbox 1914 3751 2230 3819; x_wconf 90' lang='lat' dir='ltr'><strong>peccasset,</strong></span> <span class='ocrx_word' id='word_1_560' title='bbox 2260 3746 2310 3802; x_wconf 91' lang='lat' dir='ltr'><strong>si</strong></span> <span class='ocrx_word' id='word_1_561' title='bbox 2342 3749 2635 3803; x_wconf 88' lang='lat' dir='ltr'><strong>auctorem</strong></span> <span class='ocrx_word' id='word_1_562' title='bbox 2652 3746 2800 3802; x_wconf 89' lang='lat' dir='ltr'><strong>tanti</strong></span> <span class='ocrx_word' id='word_1_563' title='bbox 2825 3751 3022 3802; x_wconf 89' lang='lat' dir='ltr'><strong>reatus</strong></span> <span class='ocrx_word' id='word_1_564' title='bbox 3044 3746 3269 3803; x_wconf 91' lang='lat' dir='ltr'><strong>silendo</strong></span> <span class='ocrx_word' id='word_1_565' title='bbox 3290 3748 3575 3819; x_wconf 80' lang='lat' dir='ltr'><strong>proficere</strong></span> 
     </span>
    </p>
   </div>
   <div class='ocr_carea' id='block_1_86' title="bbox 1915 3835 3576 3909">
    <p class='ocr_par' dir='ltr' id='par_1_86' title="bbox 1915 3835 3576 3909">
     <span class='ocr_line' id='line_1_86' title="bbox 1915 3835 3576 3909; baseline 0.001 -16"><span class='ocrx_word' id='word_1_566' title='bbox 1915 3837 2152 3905; x_wconf 89' lang='lat' dir='ltr'><strong>sineret,</strong></span> <span class='ocrx_word' id='word_1_567' title='bbox 2172 3839 2231 3891; x_wconf 91' lang='lat' dir='ltr'><strong>et</strong></span> <span class='ocrx_word' id='word_1_568' title='bbox 2251 3835 2697 3891; x_wconf 81' lang='lat' dir='ltr'><strong>aestimationem</strong></span> <span class='ocrx_word' id='word_1_569' title='bbox 2716 3839 2891 3891; x_wconf 68' lang='lat' dir='ltr'><strong>tantae</strong></span> <span class='ocrx_word' id='word_1_570' title='bbox 2914 3835 3190 3906; x_wconf 81' lang='lat' dir='ltr'><strong>nequitiae</strong></span> <span class='ocrx_word' id='word_1_571' title='bbox 3210 3836 3271 3892; x_wconf 92' lang='lat' dir='ltr'><strong>in</strong></span> <span class='ocrx_word' id='word_1_572' title='bbox 3301 3837 3433 3909; x_wconf 89' lang='lat' dir='ltr'><strong>ipsa</strong></span> <span class='ocrx_word' id='word_1_573' title='bbox 3464 3851 3576 3894; x_wconf 86' lang='lat' dir='ltr'><strong>sua</strong></span> 
     </span>
    </p>
   </div>
   <div class='ocr_carea' id='block_1_87' title="bbox 1917 3925 2777 3982">
    <p class='ocr_par' dir='ltr' id='par_1_87' title="bbox 1917 3925 2777 3982">
     <span class='ocr_line' id='line_1_87' title="bbox 1917 3925 2777 3982; baseline -0.002 -1"><span class='ocrx_word' id='word_1_574' title='bbox 1917 3925 2110 3981; x_wconf 87' lang='lat' dir='ltr'><strong>radice</strong></span> <span class='ocrx_word' id='word_1_575' title='bbox 2139 3925 2383 3980; x_wconf 90' lang='lat' dir='ltr'><strong>minime</strong></span> <span class='ocrx_word' id='word_1_576' title='bbox 2415 3925 2777 3982; x_wconf 88' lang='lat' dir='ltr'><strong>damnasset.</strong></span> 
     </span>
    </p>
   </div>
   <div class='ocr_carea' id='block_1_88' title="bbox 1985 4013 3570 4090">
    <p class='ocr_par' dir='ltr' id='par_1_88' title="bbox 1985 4013 3570 4090">
     <span class='ocr_line' id='line_1_88' title="bbox 1985 4013 3570 4090; baseline 0.002 -19"><span class='ocrx_word' id='word_1_577' title='bbox 1985 4017 2076 4071; x_wconf 89' lang='grc'><strong>21.</strong></span> <span class='ocrx_word' id='word_1_578' title='bbox 2108 4015 2270 4080; x_wconf 90' lang='lat' dir='ltr'><strong>Quod</strong></span> <span class='ocrx_word' id='word_1_579' title='bbox 2293 4013 2748 4086; x_wconf 85' lang='lat' dir='ltr'><strong>lacrymabiliter</strong></span> <span class='ocrx_word' id='word_1_580' title='bbox 2765 4014 3076 4088; x_wconf 89' lang='lat' dir='ltr'><strong>validoque</strong></span> <span class='ocrx_word' id='word_1_581' title='bbox 3098 4015 3295 4072; x_wconf 90' lang='lat' dir='ltr'><strong>dolore</strong></span> <span class='ocrx_word' id='word_1_582' title='bbox 3320 4017 3570 4090; x_wconf 83' lang='lat' dir='ltr'><strong>profero.</strong></span> 
     </span>
    </p>
   </div>
   <div class='ocr_carea' id='block_1_89' title="bbox 1917 4103 3578 4180">
    <p class='ocr_par' dir='ltr' id='par_1_89' title="bbox 1917 4103 3578 4180">
     <span class='ocr_line' id='line_1_89' title="bbox 1917 4103 3578 4180; baseline 0.001 -21"><span class='ocrx_word' id='word_1_583' title='bbox 1917 4105 2059 4162; x_wconf 91' lang='lat' dir='ltr'><strong>Ecce</strong></span> <span class='ocrx_word' id='word_1_584' title='bbox 2089 4104 2274 4171; x_wconf 84' lang='lat' dir='ltr'><strong>nefas,</strong></span> <span class='ocrx_word' id='word_1_585' title='bbox 2303 4103 2458 4176; x_wconf 91' lang='lat' dir='ltr'><strong>quod</strong></span> <span class='ocrx_word' id='word_1_586' title='bbox 2491 4103 2887 4176; x_wconf 90' lang='lat' dir='ltr'><strong>apostolorum</strong></span> <span class='ocrx_word' id='word_1_587' title='bbox 2909 4105 3182 4179; x_wconf 89' lang='lat' dir='ltr'><strong>princeps</strong></span> <span class='ocrx_word' id='word_1_588' title='bbox 3203 4106 3408 4180; x_wconf 83' lang='lat' dir='ltr'><strong>inipsa</strong></span> <span class='ocrx_word' id='word_1_589' title='bbox 3427 4107 3578 4164; x_wconf 74' lang='lat' dir='ltr'><strong>aesti-</strong></span> 
     </span>
    </p>
   </div>
   <div class='ocr_carea' id='block_1_90' title="bbox 1917 4194 3571 4268">
    <p class='ocr_par' dir='ltr' id='par_1_90' title="bbox 1917 4194 3571 4268">
     <span class='ocr_line' id='line_1_90' title="bbox 1917 4194 3571 4268; baseline 0.002 -18"><span class='ocrx_word' id='word_1_590' title='bbox 1917 4194 2173 4250; x_wconf 89' lang='lat' dir='ltr'><strong>matione</strong></span> <span class='ocrx_word' id='word_1_591' title='bbox 2203 4197 2425 4249; x_wconf 62' lang='lat' dir='ltr'><strong>aeternae</strong></span> <span class='ocrx_word' id='word_1_592' title='bbox 2457 4194 2772 4266; x_wconf 88' lang='lat' dir='ltr'><strong>perditioni</strong></span> <span class='ocrx_word' id='word_1_593' title='bbox 2804 4195 3070 4266; x_wconf 88' lang='lat' dir='ltr'><strong>tradidit,</strong></span> <span class='ocrx_word' id='word_1_594' title='bbox 3105 4211 3209 4268; x_wconf 91' lang='lat' dir='ltr'><strong>per</strong></span> <span class='ocrx_word' id='word_1_595' title='bbox 3228 4196 3571 4253; x_wconf 89' lang='lat' dir='ltr'><strong>universum</strong></span> 
     </span>
    </p>
   </div>
   <div class='ocr_carea' id='block_1_91' title="bbox 1918 4282 3575 4358">
    <p class='ocr_par' dir='ltr' id='par_1_91' title="bbox 1918 4282 3575 4358">
     <span class='ocr_line' id='line_1_91' title="bbox 1918 4282 3575 4358; baseline 0.002 -18"><span class='ocrx_word' id='word_1_596' title='bbox 1918 4283 2368 4356; x_wconf 90' lang='lat' dir='ltr'><strong>penemundum</strong></span> <span class='ocrx_word' id='word_1_597' title='bbox 2401 4282 2486 4338; x_wconf 90' lang='lat' dir='ltr'><strong>sic</strong></span> <span class='ocrx_word' id='word_1_598' title='bbox 2533 4283 2756 4340; x_wconf 90' lang='lat' dir='ltr'><strong>obtinet</strong></span> <span class='ocrx_word' id='word_1_599' title='bbox 2802 4284 3224 4358; x_wconf 88' lang='lat' dir='ltr'><strong>principatum,</strong></span> <span class='ocrx_word' id='word_1_600' title='bbox 3285 4290 3575 4358; x_wconf 87' lang='lat' dir='ltr'><strong>quatenus</strong></span> 
     </span>
    </p>
   </div>
   <div class='ocr_carea' id='block_1_92' title="bbox 1919 4371 3578 4445">
    <p class='ocr_par' dir='ltr' id='par_1_92' title="bbox 1919 4371 3578 4445">
     <span class='ocr_line' id='line_1_92' title="bbox 1919 4371 3578 4445; baseline 0.002 -17"><span class='ocrx_word' id='word_1_601' title='bbox 1919 4371 2122 4429; x_wconf 90' lang='lat' dir='ltr'><strong>nullus</strong></span> <span class='ocrx_word' id='word_1_602' title='bbox 2144 4373 2215 4429; x_wconf 89' lang='lat' dir='ltr'><strong>ad</strong></span> <span class='ocrx_word' id='word_1_603' title='bbox 2238 4373 2498 4445; x_wconf 91' lang='lat' dir='ltr'><strong>regimen</strong></span> <span class='ocrx_word' id='word_1_604' title='bbox 2522 4373 2856 4443; x_wconf 79' lang='lat' dir='ltr'><strong>pontificale</strong></span> <span class='ocrx_word' id='word_1_605' title='bbox 2878 4374 2968 4430; x_wconf 91' lang='lat' dir='ltr'><strong>vel</strong></span> <span class='ocrx_word' id='word_1_606' title='bbox 2986 4375 3474 4444; x_wconf 88' lang='lat' dir='ltr'><strong>abbaticum,sive</strong></span> <span class='ocrx_word' id='word_1_607' title='bbox 3503 4375 3578 4431; x_wconf 91' lang='lat' dir='ltr'><strong>ad</strong></span> 
     </span>
    </p>
   </div>
   <div class='ocr_carea' id='block_1_93' title="bbox 1919 4460 3576 4536">
    <p class='ocr_par' dir='ltr' id='par_1_93' title="bbox 1919 4460 3576 4536">
     <span class='ocr_line' id='line_1_93' title="bbox 1919 4460 3576 4536; baseline 0 -17"><span class='ocrx_word' id='word_1_608' title='bbox 1919 4463 2179 4519; x_wconf 87' lang='lat' dir='ltr'><strong>ofﬁcium</strong></span> <span class='ocrx_word' id='word_1_609' title='bbox 2210 4460 2616 4534; x_wconf 90' lang='lat' dir='ltr'><strong>qualecunque</strong></span> <span class='ocrx_word' id='word_1_610' title='bbox 2647 4462 3108 4520; x_wconf 89' lang='lat' dir='ltr'><strong>ecclesiasticum</strong></span> <span class='ocrx_word' id='word_1_611' title='bbox 3131 4463 3576 4536; x_wconf 87' lang='lat' dir='ltr'><strong>perveniat,nisi</strong></span> 
     </span>
    </p>
   </div>
   <div class='ocr_carea' id='block_1_94' title="bbox 1919 4549 3577 4624">
    <p class='ocr_par' dir='ltr' id='par_1_94' title="bbox 1919 4549 3577 4624">
     <span class='ocr_line' id='line_1_94' title="bbox 1919 4549 3577 4624; baseline -0.001 -17"><span class='ocrx_word' id='word_1_612' title='bbox 1919 4567 2023 4623; x_wconf 91' lang='lat' dir='ltr'><strong>per</strong></span> <span class='ocrx_word' id='word_1_613' title='bbox 2051 4551 2269 4624; x_wconf 90' lang='lat' dir='ltr'><strong>ipsum.</strong></span> <span class='ocrx_word' id='word_1_614' title='bbox 2304 4549 2466 4617; x_wconf 89' lang='lat' dir='ltr'><strong>Quis,</strong></span> <span class='ocrx_word' id='word_1_615' title='bbox 2499 4566 2626 4623; x_wconf 73' lang='lat' dir='ltr'><strong>qua:</strong></span> <span class='ocrx_word' id='word_1_616' title='bbox 2657 4552 2924 4608; x_wconf 89' lang='lat' dir='ltr'><strong>dicturus</strong></span> <span class='ocrx_word' id='word_1_617' title='bbox 2948 4569 3081 4608; x_wconf 90' lang='lat' dir='ltr'><strong>sum</strong></span> <span class='ocrx_word' id='word_1_618' title='bbox 3101 4553 3352 4619; x_wconf 88' lang='lat' dir='ltr'><strong>audit,et</strong></span> <span class='ocrx_word' id='word_1_619' title='bbox 3371 4552 3577 4608; x_wconf 90' lang='lat' dir='ltr'><strong>dolens</strong></span> 
     </span>
    </p>
   </div>
   <div class='ocr_carea' id='block_1_95' title="bbox 146 4635 3578 4724">
    <p class='ocr_par' dir='ltr' id='par_1_95' title="bbox 146 4635 3578 4724">
     <span class='ocr_line' id='line_1_95' title="bbox 146 4635 3578 4724; baseline 0.005 -33"><span class='ocrx_word' id='word_1_620' title='bbox 146 4635 393 4706; x_wconf 68' lang='lat' dir='ltr'><strong>tamulo,</strong></span> <span class='ocrx_word' id='word_1_621' title='bbox 424 4638 613 4696; x_wconf 84' lang='lat' dir='ltr'><strong>facere</strong></span> <span class='ocrx_word' id='word_1_622' title='bbox 643 4656 761 4697; x_wconf 93' lang='lat' dir='ltr'><strong>non</strong></span> <span class='ocrx_word' id='word_1_623' title='bbox 792 4646 934 4698; x_wconf 90' lang='lat' dir='ltr'><strong>sunt</strong></span> <span class='ocrx_word' id='word_1_624' title='bbox 956 4643 1123 4699; x_wconf 90' lang='lat' dir='ltr'><strong>veriti</strong></span> <span class='ocrx_word' id='word_1_625' title='bbox 1155 4643 1423 4702; x_wconf 92' lang='lat' dir='ltr'><strong>Domino.</strong></span> <span class='ocrx_word' id='word_1_626' title='bbox 1456 4651 1633 4704; x_wconf 88' lang='lat' dir='ltr'><strong>Porro</strong></span> <span class='ocrx_word' id='word_1_627' title='bbox 1673 4664 1808 4704; x_wconf 91' lang='lat' dir='ltr'><strong>cum</strong></span> <span class='ocrx_word' id='word_1_628' title='bbox 1841 4658 1886 4724; x_wconf 79' lang='grc' dir='ltr'>ι)</span> <span class='ocrx_word' id='word_1_629' title='bbox 1920 4656 2037 4697; x_wconf 84' lang='lat' dir='ltr'><strong>non</strong></span> <span class='ocrx_word' id='word_1_630' title='bbox 2066 4641 2433 4712; x_wconf 70' lang='lat' dir='ltr'><strong>obstupescit</strong></span> <span class='ocrx_word' id='word_1_631' title='bbox 2457 4639 2485 4693; x_wconf 77' lang='lat'><strong>?</strong></span> <span class='ocrx_word' id='word_1_632' title='bbox 2515 4641 2599 4696; x_wconf 81' lang='lat' dir='ltr'><strong>En</strong></span> <span class='ocrx_word' id='word_1_633' title='bbox 2631 4640 2922 4710; x_wconf 74' lang='lat' dir='ltr'><strong>ChriStUS,</strong></span> <span class='ocrx_word' id='word_1_634' title='bbox 2955 4657 3126 4697; x_wconf 75' lang='lat' dir='ltr'><strong>Verus</strong></span> <span class='ocrx_word' id='word_1_635' title='bbox 3154 4641 3578 4707; x_wconf 63' lang='grc' dir='ltr'><strong>ΠοιηίηυενΡιὶ*</strong></span> 
     </span>
    </p>
   </div>
   <div class='ocr_carea' id='block_1_96' title="bbox 147 4725 1806 4806">
    <p class='ocr_par' dir='ltr' id='par_1_96' title="bbox 147 4725 1806 4806">
     <span class='ocr_line' id='line_1_96' title="bbox 147 4725 1806 4806; baseline 0.008 -26"><span class='ocrx_word' id='word_1_636' title='bbox 147 4725 221 4781; x_wconf 88' lang='lat' dir='ltr'><strong>ad</strong></span> <span class='ocrx_word' id='word_1_637' title='bbox 253 4727 595 4802; x_wconf 86' lang='lat' dir='ltr'><strong>designatas</strong></span> <span class='ocrx_word' id='word_1_638' title='bbox 625 4731 867 4787; x_wconf 87' lang='lat' dir='ltr'><strong>arbores</strong></span> <span class='ocrx_word' id='word_1_639' title='bbox 887 4731 1204 4805; x_wconf 88' lang='lat' dir='ltr'><strong>vineasque</strong></span> <span class='ocrx_word' id='word_1_640' title='bbox 1243 4733 1460 4791; x_wconf 88' lang='lat' dir='ltr'><strong>vellent</strong></span> <span class='ocrx_word' id='word_1_641' title='bbox 1511 4738 1806 4806; x_wconf 89' lang='lat' dir='ltr'><strong>accedere,</strong></span> 
     </span>
    </p>
   </div>
   <div class='ocr_carea' id='block_1_97' title="bbox 148 4814 1808 4894">
    <p class='ocr_par' dir='ltr' id='par_1_97' title="bbox 148 4814 1808 4894">
     <span class='ocr_line' id='line_1_97' title="bbox 148 4814 1808 4894; baseline 0.007 -25"><span class='ocrx_word' id='word_1_642' title='bbox 148 4814 306 4872; x_wconf 83' lang='lat' dir='ltr'><strong>sicut</strong></span> <span class='ocrx_word' id='word_1_643' title='bbox 331 4816 447 4889; x_wconf 86' lang='lat' dir='ltr'><strong>ipsi</strong></span> <span class='ocrx_word' id='word_1_644' title='bbox 477 4823 683 4890; x_wconf 91' lang='lat' dir='ltr'><strong>postea</strong></span> <span class='ocrx_word' id='word_1_645' title='bbox 714 4820 966 4892; x_wconf 88' lang='lat' dir='ltr'><strong>professi</strong></span> <span class='ocrx_word' id='word_1_646' title='bbox 1001 4826 1142 4878; x_wconf 90' lang='lat' dir='ltr'><strong>sunt</strong></span> <span class='ocrx_word' id='word_1_647' title='bbox 1173 4824 1510 4894; x_wconf 90' lang='lat' dir='ltr'><strong>morientes,</strong></span> <span class='ocrx_word' id='word_1_648' title='bbox 1543 4842 1677 4881; x_wconf 92' lang='lat' dir='ltr'><strong>cum</strong></span> <span class='ocrx_word' id='word_1_649' title='bbox 1719 4827 1808 4881; x_wconf 91' lang='lat' dir='ltr'><strong>in-</strong></span> 
     </span>
    </p>
   </div>
   <div class='ocr_carea' id='block_1_98' title="bbox 149 4905 1810 4986">
    <p class='ocr_par' dir='ltr' id='par_1_98' title="bbox 149 4905 1810 4986">
     <span class='ocr_line' id='line_1_98' title="bbox 149 4905 1810 4986; baseline 0.008 -28"><span class='ocrx_word' id='word_1_650' title='bbox 149 4905 310 4974; x_wconf 84' lang='lat' dir='ltr'><strong>genti</strong></span> <span class='ocrx_word' id='word_1_651' title='bbox 332 4909 554 4964; x_wconf 89' lang='lat' dir='ltr'><strong>terrore</strong></span> <span class='ocrx_word' id='word_1_652' title='bbox 580 4911 746 4966; x_wconf 87' lang='lat' dir='ltr'><strong>tanta</strong></span> <span class='ocrx_word' id='word_1_653' title='bbox 776 4925 810 4965; x_wconf 91' lang='lat' dir='ltr'><strong>a</strong></span> <span class='ocrx_word' id='word_1_654' title='bbox 830 4911 996 4980; x_wconf 88' lang='lat' dir='ltr'><strong>justo</strong></span> <span class='ocrx_word' id='word_1_655' title='bbox 1029 4911 1368 4983; x_wconf 89' lang='lat' dir='ltr'><strong>Deijudicio</strong></span> <span class='ocrx_word' id='word_1_656' title='bbox 1392 4919 1532 4970; x_wconf 89' lang='lat' dir='ltr'><strong>sunt</strong></span> <span class='ocrx_word' id='word_1_657' title='bbox 1553 4914 1810 4986; x_wconf 90' lang='lat' dir='ltr'><strong>pereulsi</strong></span> 
     </span>
    </p>
   </div>
   <div class='ocr_carea' id='block_1_99' title="bbox 151 4993 1810 5077">
    <p class='ocr_par' dir='ltr' id='par_1_99' title="bbox 151 4993 1810 5077">
     <span class='ocr_line' id='line_1_99' title="bbox 151 4993 1810 5077; baseline 0.01 -32"><span class='ocrx_word' id='word_1_658' title='bbox 151 4993 427 5065; x_wconf 73' lang='lat' dir='ltr'><strong>eaacitate,</strong></span> <span class='ocrx_word' id='word_1_659' title='bbox 461 5001 527 5053; x_wconf 91' lang='lat' dir='ltr'><strong>ut</strong></span> <span class='ocrx_word' id='word_1_660' title='bbox 557 5013 746 5070; x_wconf 90' lang='lat' dir='ltr'><strong>neque</strong></span> <span class='ocrx_word' id='word_1_661' title='bbox 776 4999 878 5055; x_wconf 89' lang='lat' dir='ltr'><strong>ubi</strong></span> <span class='ocrx_word' id='word_1_662' title='bbox 910 5005 1128 5067; x_wconf 90' lang='lat' dir='ltr'><strong>essent,</strong></span> <span class='ocrx_word' id='word_1_663' title='bbox 1153 5017 1344 5075; x_wconf 89' lang='lat' dir='ltr'><strong>neque</strong></span> <span class='ocrx_word' id='word_1_664' title='bbox 1383 5019 1506 5060; x_wconf 90' lang='lat' dir='ltr'><strong>rem</strong></span> <span class='ocrx_word' id='word_1_665' title='bbox 1538 5003 1810 5077; x_wconf 87' lang='lat' dir='ltr'><strong>designa-</strong></span> 
     </span>
    </p>
   </div>
   <div class='ocr_carea' id='block_1_100' title="bbox 151 5081 1810 5166">
    <p class='ocr_par' dir='ltr' id='par_1_100' title="bbox 151 5081 1810 5166">
     <span class='ocr_line' id='line_1_100' title="bbox 151 5081 1810 5166; baseline 0.009 -31"><span class='ocrx_word' id='word_1_666' title='bbox 151 5081 274 5137; x_wconf 85' lang='lat' dir='ltr'><strong>tam</strong></span> <span class='ocrx_word' id='word_1_667' title='bbox 305 5083 566 5142; x_wconf 89' lang='lat' dir='ltr'><strong>invenire</strong></span> <span class='ocrx_word' id='word_1_668' title='bbox 590 5091 850 5159; x_wconf 88' lang='lat' dir='ltr'><strong>possent.</strong></span> <span class='ocrx_word' id='word_1_669' title='bbox 885 5087 928 5143; x_wconf 95' lang='grc' dir='ltr'><strong>Ο</strong></span> <span class='ocrx_word' id='word_1_670' title='bbox 959 5088 1108 5166; x_wconf 77' lang='lat' dir='ltr'><strong>mira</strong></span> <span class='ocrx_word' id='word_1_671' title='bbox 1124 5089 1356 5147; x_wconf 90' lang='lat' dir='ltr'><strong>Domini</strong></span> <span class='ocrx_word' id='word_1_672' title='bbox 1387 5091 1573 5163; x_wconf 89' lang='lat' dir='ltr'><strong>pietas</strong></span> <span class='ocrx_word' id='word_1_673' title='bbox 1595 5092 1607 5147; x_wconf 92' lang='lat' dir='ltr'><strong>l</strong></span> <span class='ocrx_word' id='word_1_674' title='bbox 1632 5097 1810 5150; x_wconf 87' lang='lat' dir='ltr'><strong>Suam</strong></span> 
     </span>
    </p>
   </div>
   <div class='ocr_carea' id='block_1_101' title="bbox 151 5167 1812 5254">
    <p class='ocr_par' dir='ltr' id='par_1_101' title="bbox 151 5167 1812 5254">
     <span class='ocr_line' id='line_1_101' title="bbox 151 5167 1812 5254; baseline 0.009 -32"><span class='ocrx_word' id='word_1_675' title='bbox 151 5167 419 5228; x_wconf 89' lang='lat' dir='ltr'><strong>demoliri</strong></span> <span class='ocrx_word' id='word_1_676' title='bbox 448 5191 647 5231; x_wconf 88' lang='lat' dir='ltr'><strong>casam</strong></span> <span class='ocrx_word' id='word_1_677' title='bbox 669 5175 960 5248; x_wconf 90' lang='lat' dir='ltr'><strong>permisit,</strong></span> <span class='ocrx_word' id='word_1_678' title='bbox 993 5178 1144 5233; x_wconf 91' lang='lat' dir='ltr'><strong>servi</strong></span> <span class='ocrx_word' id='word_1_679' title='bbox 1176 5192 1312 5235; x_wconf 89' lang='lat' dir='ltr'><strong>vero</strong></span> <span class='ocrx_word' id='word_1_680' title='bbox 1331 5179 1423 5236; x_wconf 91' lang='lat' dir='ltr'><strong>sui</strong></span> <span class='ocrx_word' id='word_1_681' title='bbox 1454 5181 1676 5254; x_wconf 92' lang='lat' dir='ltr'><strong>optime</strong></span> <span class='ocrx_word' id='word_1_682' title='bbox 1721 5185 1812 5237; x_wconf 86' lang='lat' dir='ltr'><strong>tu-</strong></span> 
     </span>
    </p>
   </div>
   <div class='ocr_carea' id='block_1_102' title="bbox 156 5257 1812 5327">
    <p class='ocr_par' dir='ltr' id='par_1_102' title="bbox 156 5257 1812 5327">
     <span class='ocr_line' id='line_1_102' title="bbox 156 5257 1812 5327; baseline 0.011 -18"><span class='ocrx_word' id='word_1_683' title='bbox 156 5257 268 5312; x_wconf 87' lang='lat' dir='ltr'><strong>tari</strong></span> <span class='ocrx_word' id='word_1_684' title='bbox 297 5263 478 5319; x_wconf 88' lang='lat' dir='ltr'><strong>novit.</strong></span> <span class='ocrx_word' id='word_1_685' title='bbox 512 5265 624 5320; x_wconf 91' lang='lat' dir='ltr'><strong>Sed</strong></span> <span class='ocrx_word' id='word_1_686' title='bbox 657 5281 729 5322; x_wconf 92' lang='lat' dir='ltr'><strong>ne</strong></span> <span class='ocrx_word' id='word_1_687' title='bbox 751 5263 952 5322; x_wconf 89' lang='lat' dir='ltr'><strong>miseri</strong></span> <span class='ocrx_word' id='word_1_688' title='bbox 983 5265 1144 5323; x_wconf 90' lang='lat' dir='ltr'><strong>illam</strong></span> <span class='ocrx_word' id='word_1_689' title='bbox 1169 5272 1398 5325; x_wconf 90' lang='lat' dir='ltr'><strong>noctem</strong></span> <span class='ocrx_word' id='word_1_690' title='bbox 1432 5270 1671 5327; x_wconf 89' lang='lat' dir='ltr'><strong>inanem</strong></span> <span class='ocrx_word' id='word_1_691' title='bbox 1707 5271 1812 5326; x_wconf 91' lang='lat' dir='ltr'><strong>du-</strong></span> 
     </span>
    </p>
   </div>
   <div class='ocr_carea' id='block_1_103' title="bbox 181 5387 1681 5534">
    <p class='ocr_par' dir='ltr' id='par_1_103' title="bbox 181 5387 1681 5534">
     <span class='ocr_line' id='line_1_103' title="bbox 181 5387 1681 5534; baseline 0.009 -91"><span class='ocrx_word' id='word_1_692' title='bbox 181 5424 184 5427; x_wconf 97' lang='lat'><strong><em>-</em></strong></span> <span class='ocrx_word' id='word_1_693' title='bbox 228 5387 342 5534; x_wconf 53' lang='lat'><strong>(133</strong></span> <span class='ocrx_word' id='word_1_694' title='bbox 374 5392 562 5450; x_wconf 75' lang='lat' dir='ltr'><strong>unm</strong></span> <span class='ocrx_word' id='word_1_695' title='bbox 590 5395 909 5464; x_wconf 90' lang='lat' dir='ltr'><strong>Cotiacum,</strong></span> <span class='ocrx_word' id='word_1_696' title='bbox 936 5399 1117 5453; x_wconf 78' lang='lat' dir='ltr'><strong>sancti</strong></span> <span class='ocrx_word' id='word_1_697' title='bbox 1138 5400 1384 5469; x_wconf 73' lang='lat' dir='ltr'><strong>patriam</strong></span> <span class='ocrx_word' id='word_1_698' title='bbox 1413 5400 1681 5473; x_wconf 78' lang='lat' dir='ltr'><strong>intelligo.</strong></span> 
     </span>
     <span class='ocr_line' id='line_1_104' title="bbox 227 5457 1681 5534; baseline 0.01 -21"><span class='ocrx_word' id='word_1_699' title='bbox 227 5457 319 5534; x_wconf 78' lang='grc'><strong>(14</strong></span> <span class='ocrx_word' id='word_1_700' title='bbox 377 5487 406 5515; x_wconf 89' lang='grc'><strong>‹‹</strong></span> <span class='ocrx_word' id='word_1_701' title='bbox 437 5466 529 5520; x_wconf 79' lang='lat' dir='ltr'><strong>Ad</strong></span> <span class='ocrx_word' id='word_1_702' title='bbox 561 5465 715 5521; x_wconf 90' lang='lat' dir='ltr'><strong>hunc</strong></span> <span class='ocrx_word' id='word_1_703' title='bbox 739 5468 1011 5523; x_wconf 89' lang='lat' dir='ltr'><strong>eumdem</strong></span> <span class='ocrx_word' id='word_1_704' title='bbox 1034 5485 1254 5526; x_wconf 89' lang='lat' dir='ltr'><strong>annum</strong></span> <span class='ocrx_word' id='word_1_705' title='bbox 1278 5471 1420 5526; x_wconf 81' lang='grc'><strong>4056</strong></span> <span class='ocrx_word' id='word_1_706' title='bbox 1441 5473 1681 5527; x_wconf 63' lang='lat' dir='ltr'><strong>referent</strong></span> 
     </span>
    </p>
   </div>
   <div class='ocr_carea' id='block_1_104' title="bbox 227 5457 1812 5529">
    <p class='ocr_par' dir='ltr' id='par_1_104' title="bbox 227 5457 1812 5529">
     <span class='ocr_line' id='line_1_105' title="bbox 227 5457 1812 5529; baseline 0.01 -16"><span class='ocrx_word' id='word_1_707' title='bbox 227 5457 342 5529; x_wconf 77' lang='grc'>(14)</span> <span class='ocrx_word' id='word_1_708' title='bbox 377 5487 406 5515; x_wconf 89' lang='grc'><strong>‹‹</strong></span> <span class='ocrx_word' id='word_1_709' title='bbox 437 5466 529 5520; x_wconf 79' lang='lat' dir='ltr'><strong>Ad</strong></span> <span class='ocrx_word' id='word_1_710' title='bbox 561 5465 715 5521; x_wconf 90' lang='lat' dir='ltr'><strong>hunc</strong></span> <span class='ocrx_word' id='word_1_711' title='bbox 739 5457 1011 5523; x_wconf 85' lang='lat' dir='ltr'><strong>eumdem</strong></span> <span class='ocrx_word' id='word_1_712' title='bbox 1034 5457 1254 5526; x_wconf 71' lang='lat' dir='ltr'><strong>annum</strong></span> <span class='ocrx_word' id='word_1_713' title='bbox 1278 5471 1420 5526; x_wconf 81' lang='grc'><strong>4056</strong></span> <span class='ocrx_word' id='word_1_714' title='bbox 1441 5457 1812 5529; x_wconf 67' lang='grc' dir='ltr'><strong>ΡθΓθτὲηᾶιιω</strong></span> 
     </span>
    </p>
   </div>
   <div class='ocr_carea' id='block_1_105' title="bbox 153 5533 1813 5685">
    <p class='ocr_par' dir='ltr' id='par_1_105' title="bbox 153 5533 1813 5685">
     <span class='ocr_line' id='line_1_106' title="bbox 153 5533 1810 5652; baseline 0.007 -70"><span class='ocrx_word' id='word_1_715' title='bbox 153 5533 296 5652; x_wconf 59' lang='grc' dir='ltr'><strong>ἕως)</strong></span> <span class='ocrx_word' id='word_1_716' title='bbox 314 5533 469 5604; x_wconf 84' lang='lat' dir='ltr'><strong>quod</strong></span> <span class='ocrx_word' id='word_1_717' title='bbox 492 5537 647 5593; x_wconf 88' lang='lat' dir='ltr'><strong>inter</strong></span> <span class='ocrx_word' id='word_1_718' title='bbox 665 5538 834 5621; x_wconf 72' lang='lat' dir='ltr'><strong>initia</strong></span> <span class='ocrx_word' id='word_1_719' title='bbox 862 5538 946 5594; x_wconf 89' lang='lat' dir='ltr'><strong>sic</strong></span> <span class='ocrx_word' id='word_1_720' title='bbox 977 5541 1154 5623; x_wconf 76' lang='lat' dir='ltr'><strong>refert</strong></span> <span class='ocrx_word' id='word_1_721' title='bbox 1181 5541 1509 5625; x_wconf 76' lang='lat' dir='ltr'><strong>Landulfus</strong></span> <span class='ocrx_word' id='word_1_722' title='bbox 1525 5543 1736 5600; x_wconf 89' lang='lat' dir='ltr'><strong>Junior</strong></span> <span class='ocrx_word' id='word_1_723' title='bbox 1759 5561 1810 5627; x_wconf 62' lang='grc' dir='ltr'><strong>ε»</strong></span> 
     </span>
     <span class='ocr_line' id='line_1_107' title="bbox 191 5608 1813 5685; baseline 0.007 -25"><span class='ocrx_word' id='word_1_724' title='bbox 191 5615 420 5685; x_wconf 51' lang='lat' dir='ltr'><strong>plrique</strong></span> <span class='ocrx_word' id='word_1_725' title='bbox 459 5608 766 5685; x_wconf 77' lang='lat' dir='ltr'><strong>translatio</strong></span> <span class='ocrx_word' id='word_1_726' title='bbox 803 5609 1125 5685; x_wconf 15' lang='lat' dir='ltr'><strong>B.&gt;Naz_aru</strong></span> <span class='ocrx_word' id='word_1_727' title='bbox 1179 5613 1272 5681; x_wconf 84' lang='grc'><strong>(40</strong></span> <span class='ocrx_word' id='word_1_728' title='bbox 1291 5611 1444 5685; x_wconf 76' lang='lat' dir='ltr'><strong>Man)</strong></span> <span class='ocrx_word' id='word_1_729' title='bbox 1503 5631 1537 5670; x_wconf 91' lang='lat' dir='ltr'><strong>a</strong></span> <span class='ocrx_word' id='word_1_730' title='bbox 1587 5619 1813 5685; x_wconf 76' lang='lat' dir='ltr'><strong>cunctis</strong></span> 
     </span>
    </p>
   </div>
   <div class='ocr_carea' id='block_1_106' title="bbox 156 5619 1813 5764">
    <p class='ocr_par' dir='ltr' id='par_1_106' title="bbox 156 5619 1813 5764">
     <span class='ocr_line' id='line_1_108' title="bbox 156 5619 1813 5687; baseline 0.011 -33"><span class='ocrx_word' id='word_1_731' title='bbox 156 5619 420 5687; x_wconf 78' lang='lat' dir='ltr'><strong>uumque</strong></span> <span class='ocrx_word' id='word_1_732' title='bbox 459 5619 766 5666; x_wconf 82' lang='lat' dir='ltr'><strong>translatio</strong></span> <span class='ocrx_word' id='word_1_733' title='bbox 803 5619 866 5664; x_wconf 85' lang='grc' dir='ltr'><strong>Β.</strong></span> <span class='ocrx_word' id='word_1_734' title='bbox 899 5619 1125 5666; x_wconf 79' lang='lat' dir='ltr'><strong>Nazarii</strong></span> <span class='ocrx_word' id='word_1_735' title='bbox 1179 5619 1272 5681; x_wconf 78' lang='grc'><strong>(40</strong></span> <span class='ocrx_word' id='word_1_736' title='bbox 1291 5619 1444 5685; x_wconf 77' lang='lat' dir='ltr'><strong>Maii)</strong></span> <span class='ocrx_word' id='word_1_737' title='bbox 1503 5631 1537 5670; x_wconf 91' lang='lat' dir='ltr'><strong>a</strong></span> <span class='ocrx_word' id='word_1_738' title='bbox 1587 5619 1813 5672; x_wconf 89' lang='lat' dir='ltr'><strong>cunctis</strong></span> 
     </span>
     <span class='ocr_line' id='line_1_109' title="bbox 156 5668 1813 5764; baseline 0.008 -35"><span class='ocrx_word' id='word_1_739' title='bbox 156 5668 406 5764; x_wconf 54' lang='lat' dir='ltr'><strong>2131:1ng</strong></span> <span class='ocrx_word' id='word_1_740' title='bbox 420 5683 478 5735; x_wconf 89' lang='lat' dir='ltr'><strong>et</strong></span> <span class='ocrx_word' id='word_1_741' title='bbox 486 5679 713 5764; x_wconf 58' lang='lat' dir='ltr'><strong>civibus</strong></span> <span class='ocrx_word' id='word_1_742' title='bbox 724 5681 928 5764; x_wconf 70' lang='lat' dir='ltr'><strong>devote</strong></span> <span class='ocrx_word' id='word_1_743' title='bbox 940 5681 1351 5764; x_wconf 75' lang='lat' dir='ltr'><strong>celebraretur,</strong></span> <span class='ocrx_word' id='word_1_744' title='bbox 1355 5700 1441 5764; x_wconf 78' lang='lat' dir='ltr'><strong>eos</strong></span> <span class='ocrx_word' id='word_1_745' title='bbox 1446 5684 1735 5764; x_wconf 74' lang='lat' dir='ltr'><strong>pitAriald</strong></span> <span class='ocrx_word' id='word_1_746' title='bbox 1743 5703 1813 5743; x_wconf 90' lang='lat' dir='ltr'><strong>us</strong></span> 
     </span>
    </p>
   </div>
   <div class='ocr_carea' id='block_1_107' title="bbox 157 5739 1810 5835">
    <p class='ocr_par' dir='ltr' id='par_1_107' title="bbox 157 5739 1810 5835">
     <span class='ocr_line' id='line_1_110' title="bbox 157 5739 1810 5835; baseline 0 -29"><span class='ocrx_word' id='word_1_747' title='bbox 157 5739 476 5810; x_wconf 79' lang='lat' dir='ltr'><strong>detrectare</strong></span> <span class='ocrx_word' id='word_1_748' title='bbox 503 5750 874 5810; x_wconf 85' lang='lat' dir='ltr'><strong>familiariter</strong></span> <span class='ocrx_word' id='word_1_749' title='bbox 902 5753 1179 5831; x_wconf 84' lang='lat' dir='ltr'><strong>conjugis.</strong></span> <span class='ocrx_word' id='word_1_750' title='bbox 1217 5739 1291 5815; x_wconf 84' lang='lat' dir='ltr'><strong>et</strong></span> <span class='ocrx_word' id='word_1_751' title='bbox 1318 5739 1810 5835; x_wconf 51' lang='grc' dir='ltr'><strong>έιυρῖνῖὸιθιπίδδζ</strong></span> 
     </span>
    </p>
   </div>
   <div class='ocr_carea' id='block_1_108' title="bbox 477 5873 1053 5966">
    <p class='ocr_par' dir='ltr' id='par_1_108' title="bbox 477 5873 1053 5966">
     <span class='ocr_line' id='line_1_111' title="bbox 477 5873 1053 5966; baseline 0 -20"><span class='ocrx_word' id='word_1_752' title='bbox 477 5877 747 5966; x_wconf 57' lang='lat' dir='ltr'><strong>Perses.</strong></span> <span class='ocrx_word' id='word_1_753' title='bbox 788 5873 1053 5964; x_wconf 73' lang='grc' dir='ltr'><strong>ρχιιιι,</strong></span> 
     </span>
    </p>
   </div>
   <div class='ocr_carea' id='block_1_109' title="bbox 1919 4728 3577 4802">
    <p class='ocr_par' dir='ltr' id='par_1_109' title="bbox 1919 4728 3577 4802">
     <span class='ocr_line' id='line_1_112' title="bbox 1919 4728 3577 4802; baseline -0.001 -16"><span class='ocrx_word' id='word_1_754' title='bbox 1919 4734 2041 4786; x_wconf 86' lang='lat' dir='ltr'><strong>stor</strong></span> <span class='ocrx_word' id='word_1_755' title='bbox 2060 4731 2385 4798; x_wconf 88' lang='lat' dir='ltr'><strong>bonus,suo</strong></span> <span class='ocrx_word' id='word_1_756' title='bbox 2409 4729 2571 4802; x_wconf 90' lang='lat' dir='ltr'><strong>gregi</strong></span> <span class='ocrx_word' id='word_1_757' title='bbox 2593 4728 2855 4786; x_wconf 89' lang='lat' dir='ltr'><strong>solemne</strong></span> <span class='ocrx_word' id='word_1_758' title='bbox 2876 4735 2934 4786; x_wconf 92' lang='lat' dir='ltr'><strong>et</strong></span> <span class='ocrx_word' id='word_1_759' title='bbox 2955 4730 3213 4786; x_wconf 89' lang='lat' dir='ltr'><strong>salutare</strong></span> <span class='ocrx_word' id='word_1_760' title='bbox 3234 4732 3577 4801; x_wconf 88' lang='lat' dir='ltr'><strong>bonumque</strong></span> 
     </span>
    </p>
   </div>
   <div class='ocr_carea' id='block_1_110' title="bbox 1920 4817 3578 4892">
    <p class='ocr_par' dir='ltr' id='par_1_110' title="bbox 1920 4817 3578 4892">
     <span class='ocr_line' id='line_1_113' title="bbox 1920 4817 3578 4892; baseline -0.001 -16"><span class='ocrx_word' id='word_1_761' title='bbox 1920 4819 2078 4876; x_wconf 92' lang='lat' dir='ltr'><strong>dedit</strong></span> <span class='ocrx_word' id='word_1_762' title='bbox 2107 4823 2461 4892; x_wconf 75' lang='lat' dir='ltr'><strong>praeceptum</strong></span> <span class='ocrx_word' id='word_1_763' title='bbox 2487 4839 2502 4888; x_wconf 84' lang='lat'><strong>;</strong></span> <span class='ocrx_word' id='word_1_764' title='bbox 2524 4820 2680 4891; x_wconf 89' lang='lat' dir='ltr'><strong>quod</strong></span> <span class='ocrx_word' id='word_1_765' title='bbox 2712 4817 2989 4875; x_wconf 90' lang='lat' dir='ltr'><strong>oblivioni</strong></span> <span class='ocrx_word' id='word_1_766' title='bbox 3018 4823 3195 4876; x_wconf 82' lang='lat' dir='ltr'><strong>tantae</strong></span> <span class='ocrx_word' id='word_1_767' title='bbox 3248 4821 3578 4892; x_wconf 89' lang='lat' dir='ltr'><strong>projectum</strong></span> 
     </span>
    </p>
   </div>
   <div class='ocr_carea' id='block_1_111' title="bbox 1919 4909 3578 4981">
    <p class='ocr_par' dir='ltr' id='par_1_111' title="bbox 1919 4909 3578 4981">
     <span class='ocr_line' id='line_1_114' title="bbox 1919 4909 3578 4981; baseline 0 -17"><span class='ocrx_word' id='word_1_768' title='bbox 1919 4913 2006 4965; x_wconf 88' lang='lat' dir='ltr'><strong>est</strong></span> <span class='ocrx_word' id='word_1_769' title='bbox 2020 4913 2086 4964; x_wconf 91' lang='lat' dir='ltr'><strong>ut</strong></span> <span class='ocrx_word' id='word_1_770' title='bbox 2097 4925 2268 4965; x_wconf 91' lang='lat' dir='ltr'><strong>nemo</strong></span> <span class='ocrx_word' id='word_1_771' title='bbox 2287 4913 2564 4981; x_wconf 87' lang='lat' dir='ltr'><strong>appareat</strong></span> <span class='ocrx_word' id='word_1_772' title='bbox 2585 4909 2685 4980; x_wconf 91' lang='lat' dir='ltr'><strong>qui</strong></span> <span class='ocrx_word' id='word_1_773' title='bbox 2707 4909 2836 4979; x_wconf 91' lang='lat' dir='ltr'><strong>ejus</strong></span> <span class='ocrx_word' id='word_1_774' title='bbox 2847 4910 2974 4981; x_wconf 90' lang='lat' dir='ltr'><strong>jam</strong></span> <span class='ocrx_word' id='word_1_775' title='bbox 3023 4909 3322 4966; x_wconf 89' lang='lat' dir='ltr'><strong>reminisci</strong></span> <span class='ocrx_word' id='word_1_776' title='bbox 3343 4909 3578 4966; x_wconf 90' lang='lat' dir='ltr'><strong>audeat.</strong></span> 
     </span>
    </p>
   </div>
   <div class='ocr_carea' id='block_1_112' title="bbox 1917 4997 3670 5073">
    <p class='ocr_par' dir='ltr' id='par_1_112' title="bbox 1917 4997 3670 5073">
     <span class='ocr_line' id='line_1_115' title="bbox 1917 4997 3670 5073; baseline 0.001 -21"><span class='ocrx_word' id='word_1_777' title='bbox 1917 4997 2110 5055; x_wconf 88' lang='lat' dir='ltr'><strong>Vultis</strong></span> <span class='ocrx_word' id='word_1_778' title='bbox 2141 4999 2343 5054; x_wconf 86' lang='lat' dir='ltr'><strong>audire</strong></span> <span class='ocrx_word' id='word_1_779' title='bbox 2375 4997 2516 5070; x_wconf 89' lang='lat' dir='ltr'><strong>quid</strong></span> <span class='ocrx_word' id='word_1_780' title='bbox 2547 5002 2638 5054; x_wconf 89' lang='lat' dir='ltr'><strong>est</strong></span> <span class='ocrx_word' id='word_1_781' title='bbox 2666 4997 2810 5053; x_wconf 90' lang='lat' dir='ltr'><strong>illud</strong></span> <span class='ocrx_word' id='word_1_782' title='bbox 2825 4998 2886 5053; x_wconf 70' lang='lat' dir='ltr'><strong>‘Iu</strong></span> <span class='ocrx_word' id='word_1_783' title='bbox 2912 4998 3580 5073; x_wconf 87' lang='lat' dir='ltr'><strong>Gratis,inquit,accepi-</strong></span> <span class='ocrx_word' id='word_1_784' title='bbox 3657 5010 3670 5021; x_wconf 81' lang='lat'><strong><em>&#39;</em></strong></span> 
     </span>
    </p>
   </div>
   <div class='ocr_carea' id='block_1_113' title="bbox 1920 5086 3584 5161">
    <p class='ocr_par' dir='ltr' id='par_1_113' title="bbox 1920 5086 3584 5161">
     <span class='ocr_line' id='line_1_116' title="bbox 1920 5086 3584 5161; baseline 0.001 -17"><span class='ocrx_word' id='word_1_785' title='bbox 1920 5086 2050 5155; x_wconf 86' lang='lat' dir='ltr'><strong>stis,</strong></span> <span class='ocrx_word' id='word_1_786' title='bbox 2084 5086 2267 5159; x_wconf 87' lang='lat' dir='ltr'><strong>gratis</strong></span> <span class='ocrx_word' id='word_1_787' title='bbox 2290 5087 2422 5142; x_wconf 88' lang='lat' dir='ltr'><strong>date</strong></span> <span class='ocrx_word' id='word_1_788' title='bbox 2443 5087 2650 5159; x_wconf 81' lang='lat' dir='ltr'><strong>(Matth.</strong></span> <span class='ocrx_word' id='word_1_789' title='bbox 2682 5103 2737 5156; x_wconf 71' lang='grc' dir='ltr'><strong>κ,</strong></span> <span class='ocrx_word' id='word_1_790' title='bbox 2766 5088 2844 5159; x_wconf 89' lang='grc'><strong>8).</strong></span> <span class='ocrx_word' id='word_1_791' title='bbox 2879 5109 2907 5138; x_wconf 85' lang='grc'>››</span> <span class='ocrx_word' id='word_1_792' title='bbox 2939 5088 3191 5146; x_wconf 89' lang='lat' dir='ltr'><strong>Econtra</strong></span> <span class='ocrx_word' id='word_1_793' title='bbox 3214 5106 3348 5146; x_wconf 86' lang='lat' dir='ltr'><strong>vero</strong></span> <span class='ocrx_word' id='word_1_794' title='bbox 3396 5088 3584 5161; x_wconf 88' lang='lat' dir='ltr'><strong>impia</strong></span> 
     </span>
    </p>
   </div>
   <div class='ocr_carea' id='block_1_114' title="bbox 1920 5175 3581 5250">
    <p class='ocr_par' dir='ltr' id='par_1_114' title="bbox 1920 5175 3581 5250">
     <span class='ocr_line' id='line_1_117' title="bbox 1920 5175 3581 5250; baseline -0.001 -18"><span class='ocrx_word' id='word_1_795' title='bbox 1920 5175 2214 5249; x_wconf 85' lang='lat' dir='ltr'><strong>cogitatio,</strong></span> <span class='ocrx_word' id='word_1_796' title='bbox 2246 5191 2374 5247; x_wconf 77' lang='lat' dir='ltr'><strong>quae</strong></span> <span class='ocrx_word' id='word_1_797' title='bbox 2407 5176 2664 5250; x_wconf 89' lang='lat' dir='ltr'><strong>maligne</strong></span> <span class='ocrx_word' id='word_1_798' title='bbox 2686 5176 2867 5232; x_wconf 92' lang='lat' dir='ltr'><strong>semel</strong></span> <span class='ocrx_word' id='word_1_799' title='bbox 2899 5181 2989 5234; x_wconf 86' lang='lat' dir='ltr'><strong>est</strong></span> <span class='ocrx_word' id='word_1_800' title='bbox 3044 5183 3244 5237; x_wconf 80' lang='lat' dir='ltr'><strong>exorta</strong></span> <span class='ocrx_word' id='word_1_801' title='bbox 3289 5180 3349 5234; x_wconf 87' lang='lat' dir='ltr'><strong>in</strong></span> <span class='ocrx_word' id='word_1_802' title='bbox 3409 5178 3581 5249; x_wconf 90' lang='lat' dir='ltr'><strong>impii</strong></span> 
     </span>
    </p>
   </div>
   <div class='ocr_carea' id='block_1_115' title="bbox 1921 5253 3575 5338">
    <p class='ocr_par' dir='ltr' id='par_1_115' title="bbox 1921 5253 3575 5338">
     <span class='ocr_line' id='line_1_118' title="bbox 1921 5253 3575 5338; baseline 0.001 -19"><span class='ocrx_word' id='word_1_803' title='bbox 1921 5253 2176 5322; x_wconf 83' lang='lat' dir='ltr'><strong>Simonis</strong></span> <span class='ocrx_word' id='word_1_804' title='bbox 2207 5266 2402 5332; x_wconf 90' lang='lat' dir='ltr'><strong>corde,</strong></span> <span class='ocrx_word' id='word_1_805' title='bbox 2434 5269 2492 5321; x_wconf 91' lang='lat' dir='ltr'><strong>et</strong></span> <span class='ocrx_word' id='word_1_806' title='bbox 2516 5282 2643 5338; x_wconf 74' lang='lat' dir='ltr'><strong>quas</strong></span> <span class='ocrx_word' id='word_1_807' title='bbox 2671 5265 2826 5322; x_wconf 91' lang='lat' dir='ltr'><strong>illico</strong></span> <span class='ocrx_word' id='word_1_808' title='bbox 2858 5271 2948 5324; x_wconf 92' lang='lat' dir='ltr'><strong>est</strong></span> <span class='ocrx_word' id='word_1_809' title='bbox 2991 5269 3273 5326; x_wconf 89' lang='lat' dir='ltr'><strong>damnata</strong></span> <span class='ocrx_word' id='word_1_810' title='bbox 3329 5285 3363 5323; x_wconf 88' lang='lat' dir='ltr'><strong>a</strong></span> <span class='ocrx_word' id='word_1_811' title='bbox 3407 5269 3575 5322; x_wconf 86' lang='lat' dir='ltr'><strong>tanto</strong></span> 
     </span>
    </p>
   </div>
   <div class='ocr_carea' id='block_1_116' title="bbox 1921 5399 3578 5472">
    <p class='ocr_par' dir='ltr' id='par_1_116' title="bbox 1921 5399 3578 5472">
     <span class='ocr_line' id='line_1_119' title="bbox 1921 5399 3578 5472; baseline -0.001 -17"><span class='ocrx_word' id='word_1_812' title='bbox 1921 5415 2074 5472; x_wconf 81' lang='lat' dir='ltr'><strong>rum.</strong></span> <span class='ocrx_word' id='word_1_813' title='bbox 2107 5399 2271 5472; x_wconf 85' lang='lat' dir='ltr'><strong>Quod</strong></span> <span class='ocrx_word' id='word_1_814' title='bbox 2305 5401 2549 5456; x_wconf 89' lang='lat' dir='ltr'><strong>audiens</strong></span> <span class='ocrx_word' id='word_1_815' title='bbox 2573 5401 2817 5472; x_wconf 90' lang='lat' dir='ltr'><strong>quidam</strong></span> <span class='ocrx_word' id='word_1_816' title='bbox 2849 5401 3142 5470; x_wconf 91' lang='lat' dir='ltr'><strong>sacerdos,</strong></span> <span class='ocrx_word' id='word_1_817' title='bbox 3194 5399 3578 5472; x_wconf 80' lang='lat' dir='ltr'><strong>nomineAn-</strong></span> 
     </span>
    </p>
   </div>
   <div class='ocr_carea' id='block_1_117' title="bbox 1922 5469 3574 5544">
    <p class='ocr_par' dir='ltr' id='par_1_117' title="bbox 1922 5469 3574 5544">
     <span class='ocr_line' id='line_1_120' title="bbox 1922 5469 3574 5544; baseline -0.001 -18"><span class='ocrx_word' id='word_1_818' title='bbox 1922 5470 2165 5544; x_wconf 85' lang='lat' dir='ltr'><strong>selmus,</strong></span> <span class='ocrx_word' id='word_1_819' title='bbox 2198 5471 2374 5544; x_wconf 75' lang='lat' dir='ltr'><strong>dixit:</strong></span> <span class='ocrx_word' id='word_1_820' title='bbox 2409 5473 2557 5544; x_wconf 87' lang='lat' dir='ltr'><strong>Ergo</strong></span> <span class='ocrx_word' id='word_1_821' title='bbox 2588 5469 2653 5528; x_wconf 78' lang='lat' dir='ltr'><strong>tu</strong></span> <span class='ocrx_word' id='word_1_822' title='bbox 2688 5489 2750 5528; x_wconf 90' lang='lat' dir='ltr'><strong>es</strong></span> <span class='ocrx_word' id='word_1_823' title='bbox 2771 5472 2868 5529; x_wconf 91' lang='lat' dir='ltr'><strong>ille</strong></span> <span class='ocrx_word' id='word_1_824' title='bbox 2926 5473 3027 5544; x_wconf 91' lang='lat' dir='ltr'><strong>qui</strong></span> <span class='ocrx_word' id='word_1_825' title='bbox 3083 5489 3216 5544; x_wconf 16' lang='lat' dir='ltr'><strong>nos,</strong></span> <span class='ocrx_word' id='word_1_826' title='bbox 3242 5469 3574 5544; x_wconf 79' lang='lat' dir='ltr'><strong>sacerdotes</strong></span> 
     </span>
    </p>
   </div>
   <div class='ocr_carea' id='block_1_118' title="bbox 1921 5541 3580 5625">
    <p class='ocr_par' dir='ltr' id='par_1_118' title="bbox 1921 5541 3580 5625">
     <span class='ocr_line' id='line_1_121' title="bbox 1921 5541 3580 5625; baseline -0.001 -29"><span class='ocrx_word' id='word_1_827' title='bbox 1921 5543 2073 5625; x_wconf 61' lang='lat' dir='ltr'><strong>inter</strong></span> <span class='ocrx_word' id='word_1_828' title='bbox 2100 5541 2722 5625; x_wconf 64' lang='lat' dir='ltr'><strong>populumdill&#39;amas?</strong></span> <span class='ocrx_word' id='word_1_829' title='bbox 2741 5552 2841 5625; x_wconf 47' lang='lat' dir='ltr'><strong>An</strong></span> <span class='ocrx_word' id='word_1_830' title='bbox 2862 5545 2921 5598; x_wconf 90' lang='lat' dir='ltr'><strong>in</strong></span> <span class='ocrx_word' id='word_1_831' title='bbox 2942 5541 3000 5599; x_wconf 82' lang='lat' dir='ltr'><strong>te</strong></span> <span class='ocrx_word' id='word_1_832' title='bbox 3013 5543 3144 5625; x_wconf 39' lang='lat' dir='ltr'><strong>s‘olo‘</strong></span> <span class='ocrx_word' id='word_1_833' title='bbox 3167 5541 3450 5599; x_wconf 61' lang='lat' dir='ltr'><strong>ramansit</strong></span> <span class='ocrx_word' id='word_1_834' title='bbox 3468 5543 3580 5625; x_wconf 74' lang='lat' dir='ltr'><strong>vir-</strong></span> 
     </span>
    </p>
   </div>
   <div class='ocr_carea' id='block_1_119' title="bbox 1921 5613 3579 5695">
    <p class='ocr_par' dir='ltr' id='par_1_119' title="bbox 1921 5613 3579 5695">
     <span class='ocr_line' id='line_1_122' title="bbox 1921 5613 3579 5695; baseline 0.001 -26"><span class='ocrx_word' id='word_1_835' title='bbox 1921 5613 2318 5695; x_wconf 36' lang='lat' dir='ltr'><strong>tus-signibus</strong></span> <span class='ocrx_word' id='word_1_836' title='bbox 2368 5615 2903 5695; x_wconf 43' lang='lat' dir='ltr'><strong>dictisharialdum</strong></span> <span class='ocrx_word' id='word_1_837' title='bbox 2962 5614 3205 5695; x_wconf 74' lang='lat' dir='ltr'><strong>colapho</strong></span> <span class='ocrx_word' id='word_1_838' title='bbox 3265 5613 3579 5695; x_wconf 74' lang='lat' dir='ltr'><strong>percussit.</strong></span> 
     </span>
    </p>
   </div>
   <div class='ocr_carea' id='block_1_120' title="bbox 1922 5682 3581 5756">
    <p class='ocr_par' dir='ltr' id='par_1_120' title="bbox 1922 5682 3581 5756">
     <span class='ocr_line' id='line_1_123' title="bbox 1922 5682 3581 5756; baseline 0.005 -16"><span class='ocrx_word' id='word_1_839' title='bbox 1922 5682 2193 5740; x_wconf 82' lang='lat' dir='ltr'><strong>Arialdus</strong></span> <span class='ocrx_word' id='word_1_840' title='bbox 2223 5688 2421 5742; x_wconf 91' lang='lat' dir='ltr'><strong>autem</strong></span> <span class='ocrx_word' id='word_1_841' title='bbox 2453 5685 2630 5745; x_wconf 85' lang='lat' dir='ltr'><strong>dixit:</strong></span> <span class='ocrx_word' id='word_1_842' title='bbox 2658 5687 2782 5743; x_wconf 92' lang='lat' dir='ltr'><strong>Non</strong></span> <span class='ocrx_word' id='word_1_843' title='bbox 2819 5685 3012 5742; x_wconf 89' lang='lat' dir='ltr'><strong>solum</strong></span> <span class='ocrx_word' id='word_1_844' title='bbox 3043 5682 3179 5756; x_wconf 80' lang='lat' dir='ltr'><strong>hoc,</strong></span> <span class='ocrx_word' id='word_1_845' title='bbox 3239 5682 3341 5744; x_wconf 71' lang='lat' dir='ltr'><strong>sed</strong></span> <span class='ocrx_word' id='word_1_846' title='bbox 3399 5685 3581 5748; x_wconf 84' lang='lat' dir='ltr'><strong>etiam</strong></span> 
     </span>
    </p>
   </div>
   <div class='ocr_carea' id='block_1_121' title="bbox 1922 5756 3228 5869">
    <p class='ocr_par' dir='ltr' id='par_1_121' title="bbox 1922 5756 3228 5869">
     <span class='ocr_line' id='line_1_124' title="bbox 1922 5756 3228 5869; baseline -0.004 -52"><span class='ocrx_word' id='word_1_847' title='bbox 1922 5759 2172 5818; x_wconf 84' lang='lat' dir='ltr'><strong>mortem</strong></span> <span class='ocrx_word' id='word_1_848' title='bbox 2200 5773 2308 5836; x_wconf 88' lang='lat' dir='ltr'><strong>pro</strong></span> <span class='ocrx_word' id='word_1_849' title='bbox 2337 5756 2579 5869; x_wconf 66' lang='lat' dir='ltr'><strong>verith</strong></span> <span class='ocrx_word' id='word_1_850' title='bbox 2606 5758 2728 5848; x_wconf 82' lang='lat' dir='ltr'><strong>pati</strong></span> <span class='ocrx_word' id='word_1_851' title='bbox 2748 5760 2991 5836; x_wconf 84' lang='lat' dir='ltr'><strong>paratus</strong></span> <span class='ocrx_word' id='word_1_852' title='bbox 3012 5771 3171 5818; x_wconf 83' lang='lat' dir='ltr'><strong>sum.</strong></span> <span class='ocrx_word' id='word_1_853' title='bbox 3197 5779 3228 5813; x_wconf 70' lang='grc' dir='ltr'><strong>η</strong></span> 
     </span>
    </p>
   </div>
   <div class='ocr_carea' id='block_1_122' title="bbox 3179 5887 3259 5972">
    <p class='ocr_par' dir='ltr' id='par_1_122' title="bbox 3179 5887 3259 5972">
     <span class='ocr_line' id='line_1_125' title="bbox 3179 5887 3259 5972; baseline 0 0"><span class='ocrx_word' id='word_1_854' title='bbox 3179 5887 3259 5972; x_wconf 58' lang='lat' dir='ltr'><strong>QQ</strong></span> 
     </span>
    </p>
   </div>
  </div>
