  <div class='ocr_page' id='page_1' title='image "/cluster/home/n/w/nwhite01/storage/ocr_20150623/142-143/uc1.31175018423130/1465.png"; bbox 0 0 1976 3198; ppageno 0'>
   <div class='ocr_carea' id='block_1_1' title="bbox 229 197 1090 229">
    <p class='ocr_par' dir='ltr' id='par_1_1' title="bbox 229 197 1090 229">
     <span class='ocr_line' id='line_1_1' title="bbox 229 197 1090 229; baseline 0 -1"><span class='ocrx_word' id='word_1_1' title='bbox 229 199 304 228; x_wconf 76' lang='grc'><strong>1451</strong></span> <span class='ocrx_word' id='word_1_2' title='bbox 784 199 838 229; x_wconf 91' lang='lat' dir='ltr'><strong>SS.</strong></span> <span class='ocrx_word' id='word_1_3' title='bbox 861 197 1018 229; x_wconf 81' lang='lat' dir='ltr'><strong>ARIALDI</strong></span> <span class='ocrx_word' id='word_1_4' title='bbox 1040 197 1090 228; x_wconf 87' lang='lat' dir='ltr'><strong>ET</strong></span> 
     </span>
    </p>
   </div>
   <div class='ocr_carea' id='block_1_2' title="bbox 227 262 1085 301">
    <p class='ocr_par' dir='ltr' id='par_1_2' title="bbox 227 262 1085 301">
     <span class='ocr_line' id='line_1_2' title="bbox 227 262 1085 301; baseline -0.001 -10"><span class='ocrx_word' id='word_1_5' title='bbox 227 263 358 301; x_wconf 74' lang='lat' dir='ltr'><strong>apostolo</strong></span> <span class='ocrx_word' id='word_1_6' title='bbox 364 271 430 291; x_wconf 90' lang='lat' dir='ltr'><strong>cum</strong></span> <span class='ocrx_word' id='word_1_7' title='bbox 438 271 491 292; x_wconf 90' lang='lat' dir='ltr'><strong>suo</strong></span> <span class='ocrx_word' id='word_1_8' title='bbox 497 263 732 299; x_wconf 88' lang='lat' dir='ltr'><strong>auctore,ubique</strong></span> <span class='ocrx_word' id='word_1_9' title='bbox 738 263 780 291; x_wconf 90' lang='lat' dir='ltr'><strong>sic</strong></span> <span class='ocrx_word' id='word_1_10' title='bbox 786 265 830 291; x_wconf 88' lang='lat' dir='ltr'><strong>est</strong></span> <span class='ocrx_word' id='word_1_11' title='bbox 835 271 937 299; x_wconf 87' lang='lat' dir='ltr'><strong>sparsa</strong></span> <span class='ocrx_word' id='word_1_12' title='bbox 943 262 1045 290; x_wconf 88' lang='lat' dir='ltr'><strong>solem-</strong></span> <span class='ocrx_word' id='word_1_13' title='bbox 1058 263 1085 296; x_wconf 86' lang='grc' dir='ltr'><strong>Α</strong></span> 
     </span>
    </p>
   </div>
   <div class='ocr_carea' id='block_1_3' title="bbox 227 306 1049 342">
    <p class='ocr_par' dir='ltr' id='par_1_3' title="bbox 227 306 1049 342">
     <span class='ocr_line' id='line_1_3' title="bbox 227 306 1049 342; baseline -0.002 -6"><span class='ocrx_word' id='word_1_14' title='bbox 227 309 350 342; x_wconf 89' lang='lat' dir='ltr'><strong>nitcr,ut</strong></span> <span class='ocrx_word' id='word_1_15' title='bbox 364 316 450 336; x_wconf 90' lang='lat' dir='ltr'><strong>nemo</strong></span> <span class='ocrx_word' id='word_1_16' title='bbox 464 308 522 336; x_wconf 88' lang='lat' dir='ltr'><strong>fere</strong></span> <span class='ocrx_word' id='word_1_17' title='bbox 535 308 571 336; x_wconf 89' lang='lat' dir='ltr'><strong>ad</strong></span> <span class='ocrx_word' id='word_1_18' title='bbox 587 308 687 335; x_wconf 87' lang='lat' dir='ltr'><strong>altaris</strong></span> <span class='ocrx_word' id='word_1_19' title='bbox 707 307 836 335; x_wconf 82' lang='lat' dir='ltr'><strong>ofﬁcium</strong></span> <span class='ocrx_word' id='word_1_20' title='bbox 852 307 969 335; x_wconf 85' lang='lat' dir='ltr'><strong>accedat</strong></span> <span class='ocrx_word' id='word_1_21' title='bbox 993 306 1049 334; x_wconf 88' lang='lat' dir='ltr'><strong>nisi</strong></span> 
     </span>
    </p>
   </div>
   <div class='ocr_carea' id='block_1_4' title="bbox 228 351 1048 388">
    <p class='ocr_par' dir='ltr' id='par_1_4' title="bbox 228 351 1048 388">
     <span class='ocr_line' id='line_1_4' title="bbox 228 351 1048 388; baseline -0.001 -8"><span class='ocrx_word' id='word_1_22' title='bbox 228 352 311 388; x_wconf 87' lang='lat' dir='ltr'><strong>prius</strong></span> <span class='ocrx_word' id='word_1_23' title='bbox 321 354 389 388; x_wconf 81' lang='lat' dir='ltr'><strong>agat</strong></span> <span class='ocrx_word' id='word_1_24' title='bbox 399 360 483 388; x_wconf 87' lang='lat' dir='ltr'><strong>opere</strong></span> <span class='ocrx_word' id='word_1_25' title='bbox 495 353 572 387; x_wconf 91' lang='lat' dir='ltr'><strong>quod</strong></span> <span class='ocrx_word' id='word_1_26' title='bbox 581 352 655 379; x_wconf 86' lang='lat' dir='ltr'><strong>idem</strong></span> <span class='ocrx_word' id='word_1_27' title='bbox 667 351 944 388; x_wconf 79' lang='lat' dir='ltr'><strong>cogitavitnequiter</strong></span> <span class='ocrx_word' id='word_1_28' title='bbox 950 352 1048 379; x_wconf 90' lang='lat' dir='ltr'><strong>corde:</strong></span> 
     </span>
    </p>
   </div>
   <div class='ocr_carea' id='block_1_5' title="bbox 228 395 1050 431">
    <p class='ocr_par' dir='ltr' id='par_1_5' title="bbox 228 395 1050 431">
     <span class='ocr_line' id='line_1_5' title="bbox 228 395 1050 431; baseline -0.001 -7"><span class='ocrx_word' id='word_1_29' title='bbox 228 399 258 425; x_wconf 86' lang='lat' dir='ltr'><strong>et</strong></span> <span class='ocrx_word' id='word_1_30' title='bbox 266 397 356 424; x_wconf 89' lang='lat' dir='ltr'><strong>donec</strong></span> <span class='ocrx_word' id='word_1_31' title='bbox 365 397 459 424; x_wconf 88' lang='lat' dir='ltr'><strong>eidem</strong></span> <span class='ocrx_word' id='word_1_32' title='bbox 469 396 666 423; x_wconf 86' lang='lat' dir='ltr'><strong>maledictioni</strong></span> <span class='ocrx_word' id='word_1_33' title='bbox 675 398 756 424; x_wconf 89' lang='lat' dir='ltr'><strong>tanto</strong></span> <span class='ocrx_word' id='word_1_34' title='bbox 765 396 939 431; x_wconf 77' lang='lat' dir='ltr'><strong>profundius</strong></span> <span class='ocrx_word' id='word_1_35' title='bbox 946 404 975 423; x_wconf 88' lang='lat' dir='ltr'><strong>se</strong></span> <span class='ocrx_word' id='word_1_36' title='bbox 984 395 1050 423; x_wconf 89' lang='lat' dir='ltr'><strong>sub-</strong></span> 
     </span>
    </p>
   </div>
   <div class='ocr_carea' id='block_1_6' title="bbox 225 439 1049 476">
    <p class='ocr_par' dir='ltr' id='par_1_6' title="bbox 225 439 1049 476">
     <span class='ocr_line' id='line_1_6' title="bbox 225 439 1049 476; baseline -0.001 -8"><span class='ocrx_word' id='word_1_37' title='bbox 225 440 429 476; x_wconf 83' lang='lat' dir='ltr'><strong>jiciat,quanto</strong></span> <span class='ocrx_word' id='word_1_38' title='bbox 438 447 501 467; x_wconf 85' lang='lat' dir='ltr'><strong>esse</strong></span> <span class='ocrx_word' id='word_1_39' title='bbox 508 440 639 467; x_wconf 90' lang='lat' dir='ltr'><strong>noscitur</strong></span> <span class='ocrx_word' id='word_1_40' title='bbox 649 440 731 476; x_wconf 90' lang='lat' dir='ltr'><strong>pejus</strong></span> <span class='ocrx_word' id='word_1_41' title='bbox 740 439 851 468; x_wconf 86' lang='lat' dir='ltr'><strong>malum</strong></span> <span class='ocrx_word' id='word_1_42' title='bbox 860 440 952 468; x_wconf 90' lang='lat' dir='ltr'><strong>facere</strong></span> <span class='ocrx_word' id='word_1_43' title='bbox 961 448 1049 475; x_wconf 85' lang='lat' dir='ltr'><strong>quam</strong></span> 
     </span>
    </p>
   </div>
   <div class='ocr_carea' id='block_1_7' title="bbox 231 485 368 521">
    <p class='ocr_par' dir='ltr' id='par_1_7' title="bbox 231 485 368 521">
     <span class='ocr_line' id='line_1_7' title="bbox 231 485 368 521; baseline -0.007 -9"><span class='ocrx_word' id='word_1_44' title='bbox 231 485 368 521; x_wconf 83' lang='lat' dir='ltr'><strong>cogitare.</strong></span> 
     </span>
    </p>
   </div>
   <div class='ocr_carea' id='block_1_8' title="bbox 264 549 1049 585">
    <p class='ocr_par' dir='ltr' id='par_1_8' title="bbox 264 549 1049 585">
     <span class='ocr_line' id='line_1_8' title="bbox 264 549 1049 585; baseline 0 -9"><span class='ocrx_word' id='word_1_45' title='bbox 264 551 308 577; x_wconf 87' lang='lat'><strong>22.</strong></span> <span class='ocrx_word' id='word_1_46' title='bbox 325 550 440 577; x_wconf 81' lang='lat' dir='ltr'><strong>Utinam</strong></span> <span class='ocrx_word' id='word_1_47' title='bbox 455 549 517 577; x_wconf 64' lang='lat' dir='ltr'><strong>haec</strong></span> <span class='ocrx_word' id='word_1_48' title='bbox 528 549 692 578; x_wconf 74' lang='lat' dir='ltr'><strong>maledictio</strong></span> <span class='ocrx_word' id='word_1_49' title='bbox 707 549 774 577; x_wconf 88' lang='lat' dir='ltr'><strong>illos</strong></span> <span class='ocrx_word' id='word_1_50' title='bbox 797 552 958 585; x_wconf 90' lang='lat' dir='ltr'><strong>percuteret</strong></span> <span class='ocrx_word' id='word_1_51' title='bbox 984 552 1049 577; x_wconf 87' lang='lat' dir='ltr'><strong>tan-</strong></span> 
     </span>
    </p>
   </div>
   <div class='ocr_carea' id='block_1_9' title="bbox 228 593 1049 629">
    <p class='ocr_par' dir='ltr' id='par_1_9' title="bbox 228 593 1049 629">
     <span class='ocr_line' id='line_1_9' title="bbox 228 593 1049 629; baseline 0.001 -9"><span class='ocrx_word' id='word_1_52' title='bbox 228 593 379 621; x_wconf 87' lang='lat' dir='ltr'><strong>tummodo</strong></span> <span class='ocrx_word' id='word_1_53' title='bbox 391 593 438 629; x_wconf 92' lang='lat' dir='ltr'><strong>qui</strong></span> <span class='ocrx_word' id='word_1_54' title='bbox 453 593 501 621; x_wconf 86' lang='lat' dir='ltr'><strong>Dei</strong></span> <span class='ocrx_word' id='word_1_55' title='bbox 517 594 626 621; x_wconf 87' lang='lat' dir='ltr'><strong>donum</strong></span> <span class='ocrx_word' id='word_1_56' title='bbox 636 594 759 621; x_wconf 80' lang='lat' dir='ltr'><strong>vendere</strong></span> <span class='ocrx_word' id='word_1_57' title='bbox 772 595 822 621; x_wconf 85' lang='lat' dir='ltr'><strong>aut</strong></span> <span class='ocrx_word' id='word_1_58' title='bbox 836 602 930 621; x_wconf 89' lang='lat' dir='ltr'><strong>emere</strong></span> <span class='ocrx_word' id='word_1_59' title='bbox 941 602 1049 629; x_wconf 62' lang='lat' dir='ltr'><strong>praesu-</strong></span> 
     </span>
    </p>
   </div>
   <div class='ocr_carea' id='block_1_10' title="bbox 230 637 1050 673">
    <p class='ocr_par' dir='ltr' id='par_1_10' title="bbox 230 637 1050 673">
     <span class='ocr_line' id='line_1_10' title="bbox 230 637 1050 673; baseline -0.001 -8"><span class='ocrx_word' id='word_1_60' title='bbox 230 639 315 665; x_wconf 86' lang='lat' dir='ltr'><strong>munt</strong></span> <span class='ocrx_word' id='word_1_61' title='bbox 328 637 431 665; x_wconf 91' lang='lat' dir='ltr'><strong>audaci</strong></span> <span class='ocrx_word' id='word_1_62' title='bbox 442 637 527 665; x_wconf 87' lang='lat' dir='ltr'><strong>corde</strong></span> <span class='ocrx_word' id='word_1_63' title='bbox 542 639 571 665; x_wconf 90' lang='lat' dir='ltr'><strong>et</strong></span> <span class='ocrx_word' id='word_1_64' title='bbox 585 637 676 673; x_wconf 91' lang='lat' dir='ltr'><strong>impio</strong></span> <span class='ocrx_word' id='word_1_65' title='bbox 688 637 694 664; x_wconf 80' lang='lat' dir='ltr'><strong>l</strong></span> <span class='ocrx_word' id='word_1_66' title='bbox 707 637 914 665; x_wconf 91' lang='lat' dir='ltr'><strong>Verumtamen</strong></span> <span class='ocrx_word' id='word_1_67' title='bbox 926 637 972 665; x_wconf 86' lang='lat' dir='ltr'><strong>hic</strong></span> <span class='ocrx_word' id='word_1_68' title='bbox 990 640 1050 665; x_wconf 91' lang='lat' dir='ltr'><strong>tam</strong></span> 
     </span>
    </p>
   </div>
   <div class='ocr_carea' id='block_1_11' title="bbox 230 681 1051 717">
    <p class='ocr_par' dir='ltr' id='par_1_11' title="bbox 230 681 1051 717">
     <span class='ocr_line' id='line_1_11' title="bbox 230 681 1051 717; baseline 0 -9"><span class='ocrx_word' id='word_1_69' title='bbox 230 681 333 708; x_wconf 87' lang='lat' dir='ltr'><strong>noxius</strong></span> <span class='ocrx_word' id='word_1_70' title='bbox 348 683 392 708; x_wconf 84' lang='lat' dir='ltr'><strong>est</strong></span> <span class='ocrx_word' id='word_1_71' title='bbox 406 683 504 708; x_wconf 92' lang='lat' dir='ltr'><strong>reatus</strong></span> <span class='ocrx_word' id='word_1_72' title='bbox 519 683 552 708; x_wconf 87' lang='lat' dir='ltr'><strong>ut</strong></span> <span class='ocrx_word' id='word_1_73' title='bbox 566 690 623 709; x_wconf 91' lang='lat' dir='ltr'><strong>non</strong></span> <span class='ocrx_word' id='word_1_74' title='bbox 637 681 733 708; x_wconf 90' lang='lat' dir='ltr'><strong>solum</strong></span> <span class='ocrx_word' id='word_1_75' title='bbox 750 681 800 717; x_wconf 91' lang='lat' dir='ltr'><strong>qui</strong></span> <span class='ocrx_word' id='word_1_76' title='bbox 813 681 925 708; x_wconf 79' lang='lat' dir='ltr'><strong>iaciunt</strong></span> <span class='ocrx_word' id='word_1_77' title='bbox 946 683 974 709; x_wconf 90' lang='lat' dir='ltr'><strong>et</strong></span> <span class='ocrx_word' id='word_1_78' title='bbox 1000 682 1051 717; x_wconf 86' lang='lat' dir='ltr'><strong>qui</strong></span> 
     </span>
    </p>
   </div>
   <div class='ocr_carea' id='block_1_12' title="bbox 230 724 1049 760">
    <p class='ocr_par' dir='ltr' id='par_1_12' title="bbox 230 724 1049 760">
     <span class='ocr_line' id='line_1_12' title="bbox 230 724 1049 760; baseline -0.001 -7"><span class='ocrx_word' id='word_1_79' title='bbox 230 724 426 758; x_wconf 75' lang='lat' dir='ltr'><strong>consentiunt,</strong></span> <span class='ocrx_word' id='word_1_80' title='bbox 437 733 537 753; x_wconf 87' lang='lat' dir='ltr'><strong>verum</strong></span> <span class='ocrx_word' id='word_1_81' title='bbox 553 725 641 753; x_wconf 88' lang='lat' dir='ltr'><strong>etiam</strong></span> <span class='ocrx_word' id='word_1_82' title='bbox 656 733 705 753; x_wconf 89' lang='lat' dir='ltr'><strong>eos</strong></span> <span class='ocrx_word' id='word_1_83' title='bbox 718 726 768 760; x_wconf 87' lang='lat' dir='ltr'><strong>qui</strong></span> <span class='ocrx_word' id='word_1_84' title='bbox 796 725 969 753; x_wconf 75' lang='lat' dir='ltr'><strong>facientibus</strong></span> <span class='ocrx_word' id='word_1_85' title='bbox 993 734 1049 752; x_wconf 90' lang='lat' dir='ltr'><strong>non</strong></span> 
     </span>
    </p>
   </div>
   <div class='ocr_carea' id='block_1_13' title="bbox 231 769 1050 804">
    <p class='ocr_par' dir='ltr' id='par_1_13' title="bbox 231 769 1050 804">
     <span class='ocr_line' id='line_1_13' title="bbox 231 769 1050 804; baseline -0.001 -7"><span class='ocrx_word' id='word_1_86' title='bbox 231 769 374 797; x_wconf 85' lang='lat' dir='ltr'><strong>resistunt</strong></span> <span class='ocrx_word' id='word_1_87' title='bbox 388 771 416 796; x_wconf 88' lang='lat' dir='ltr'><strong>et</strong></span> <span class='ocrx_word' id='word_1_88' title='bbox 430 769 652 804; x_wconf 81' lang='lat' dir='ltr'><strong>oppugnant,sic</strong></span> <span class='ocrx_word' id='word_1_89' title='bbox 668 769 820 804; x_wconf 75' lang='lat' dir='ltr'><strong>poenaliter</strong></span> <span class='ocrx_word' id='word_1_90' title='bbox 829 769 1050 804; x_wconf 87' lang='lat' dir='ltr'><strong>obliget,qnate-</strong></span> 
     </span>
    </p>
   </div>
   <div class='ocr_carea' id='block_1_14' title="bbox 231 812 1052 848">
    <p class='ocr_par' dir='ltr' id='par_1_14' title="bbox 231 812 1052 848">
     <span class='ocr_line' id='line_1_14' title="bbox 231 812 1052 848; baseline -0.001 -7"><span class='ocrx_word' id='word_1_91' title='bbox 231 821 288 841; x_wconf 88' lang='lat' dir='ltr'><strong>nus</strong></span> <span class='ocrx_word' id='word_1_92' title='bbox 303 812 505 840; x_wconf 85' lang='lat' dir='ltr'><strong>maledictione</strong></span> <span class='ocrx_word' id='word_1_93' title='bbox 520 820 581 848; x_wconf 72' lang='lat' dir='ltr'><strong>quae</strong></span> <span class='ocrx_word' id='word_1_94' title='bbox 607 813 717 840; x_wconf 91' lang='lat' dir='ltr'><strong>Simoni</strong></span> <span class='ocrx_word' id='word_1_95' title='bbox 748 821 764 839; x_wconf 86' lang='lat' dir='ltr'><strong>a</strong></span> <span class='ocrx_word' id='word_1_96' title='bbox 792 813 873 840; x_wconf 87' lang='lat' dir='ltr'><strong>Petro</strong></span> <span class='ocrx_word' id='word_1_97' title='bbox 902 815 947 840; x_wconf 88' lang='lat' dir='ltr'><strong>est</strong></span> <span class='ocrx_word' id='word_1_98' title='bbox 972 813 1052 840; x_wconf 87' lang='lat' dir='ltr'><strong>illata</strong></span> 
     </span>
    </p>
   </div>
   <div class='ocr_carea' id='block_1_15' title="bbox 232 856 1051 892">
    <p class='ocr_par' dir='ltr' id='par_1_15' title="bbox 232 856 1051 892">
     <span class='ocr_line' id='line_1_15' title="bbox 232 856 1051 892; baseline 0.001 -8"><span class='ocrx_word' id='word_1_99' title='bbox 232 856 341 885; x_wconf 90' lang='lat' dir='ltr'><strong>minine</strong></span> <span class='ocrx_word' id='word_1_100' title='bbox 352 856 553 892; x_wconf 88' lang='lat' dir='ltr'><strong>proculdubio</strong></span> <span class='ocrx_word' id='word_1_101' title='bbox 568 859 695 884; x_wconf 75' lang='lat' dir='ltr'><strong>careant.</strong></span> <span class='ocrx_word' id='word_1_102' title='bbox 713 857 754 884; x_wconf 90' lang='lat' dir='ltr'><strong>Ne</strong></span> <span class='ocrx_word' id='word_1_103' title='bbox 767 857 839 884; x_wconf 88' lang='lat' dir='ltr'><strong>forte</strong></span> <span class='ocrx_word' id='word_1_104' title='bbox 868 857 983 884; x_wconf 89' lang='lat' dir='ltr'><strong>mentiri</strong></span> <span class='ocrx_word' id='word_1_105' title='bbox 1005 865 1051 885; x_wconf 91' lang='lat' dir='ltr'><strong>me</strong></span> 
     </span>
    </p>
   </div>
   <div class='ocr_carea' id='block_1_16' title="bbox 232 900 1052 936">
    <p class='ocr_par' dir='ltr' id='par_1_16' title="bbox 232 900 1052 936">
     <span class='ocr_line' id='line_1_16' title="bbox 232 900 1052 936; baseline 0.001 -8"><span class='ocrx_word' id='word_1_106' title='bbox 232 901 425 933; x_wconf 82' lang='lat' dir='ltr'><strong>arbitremini,</strong></span> <span class='ocrx_word' id='word_1_107' title='bbox 442 900 511 935; x_wconf 92' lang='lat' dir='ltr'><strong>quid</strong></span> <span class='ocrx_word' id='word_1_108' title='bbox 527 901 563 927; x_wconf 91' lang='lat' dir='ltr'><strong>de</strong></span> <span class='ocrx_word' id='word_1_109' title='bbox 573 900 626 927; x_wconf 91' lang='lat' dir='ltr'><strong>hac</strong></span> <span class='ocrx_word' id='word_1_110' title='bbox 642 908 673 928; x_wconf 89' lang='lat' dir='ltr'><strong>re</strong></span> <span class='ocrx_word' id='word_1_111' title='bbox 684 902 782 928; x_wconf 87' lang='lat' dir='ltr'><strong>noster</strong></span> <span class='ocrx_word' id='word_1_112' title='bbox 796 903 935 936; x_wconf 78' lang='lat' dir='ltr'><strong>patronus</strong></span> <span class='ocrx_word' id='word_1_113' title='bbox 946 901 1052 929; x_wconf 84' lang='lat' dir='ltr'><strong>sentiat</strong></span> 
     </span>
    </p>
   </div>
   <div class='ocr_carea' id='block_1_17' title="bbox 233 942 1091 980">
    <p class='ocr_par' dir='ltr' id='par_1_17' title="bbox 233 942 1091 980">
     <span class='ocr_line' id='line_1_17' title="bbox 233 942 1091 980; baseline 0.002 -9"><span class='ocrx_word' id='word_1_114' title='bbox 233 945 264 971; x_wconf 89' lang='grc' dir='ltr'><strong>Β.</strong></span> <span class='ocrx_word' id='word_1_115' title='bbox 280 943 567 977; x_wconf 79' lang='lat' dir='ltr'><strong>Ambrosius,audite</strong></span> <span class='ocrx_word' id='word_1_116' title='bbox 578 953 586 970; x_wconf 87' lang='lat'><strong><em>:</em></strong></span> <span class='ocrx_word' id='word_1_117' title='bbox 598 944 639 972; x_wconf 91' lang='lat' dir='ltr'><strong>ait</strong></span> <span class='ocrx_word' id='word_1_118' title='bbox 653 944 730 972; x_wconf 88' lang='lat' dir='ltr'><strong>enim</strong></span> <span class='ocrx_word' id='word_1_119' title='bbox 748 952 755 971; x_wconf 73' lang='grc' dir='ltr'><strong>ε</strong></span> <span class='ocrx_word' id='word_1_120' title='bbox 787 955 801 969; x_wconf 78' lang='grc' dir='ltr'><strong>(ι</strong></span> <span class='ocrx_word' id='word_1_121' title='bbox 816 945 886 972; x_wconf 89' lang='lat' dir='ltr'><strong>Nam</strong></span> <span class='ocrx_word' id='word_1_122' title='bbox 898 947 927 972; x_wconf 89' lang='lat' dir='ltr'><strong>et</strong></span> <span class='ocrx_word' id='word_1_123' title='bbox 942 945 1052 980; x_wconf 85' lang='lat' dir='ltr'><strong>lepram</strong></span> <span class='ocrx_word' id='word_1_124' title='bbox 1067 942 1091 974; x_wconf 89' lang='lat' dir='ltr'><strong>B</strong></span> 
     </span>
    </p>
   </div>
   <div class='ocr_carea' id='block_1_18' title="bbox 232 987 1053 1024">
    <p class='ocr_par' dir='ltr' id='par_1_18' title="bbox 232 987 1053 1024">
     <span class='ocr_line' id='line_1_18' title="bbox 232 987 1053 1024; baseline 0 -8"><span class='ocrx_word' id='word_1_125' title='bbox 232 996 298 1016; x_wconf 90' lang='lat' dir='ltr'><strong>cum</strong></span> <span class='ocrx_word' id='word_1_126' title='bbox 309 987 386 1015; x_wconf 87' lang='lat' dir='ltr'><strong>Giczi</strong></span> <span class='ocrx_word' id='word_1_127' title='bbox 396 990 520 1015; x_wconf 89' lang='lat' dir='ltr'><strong>asancto</strong></span> <span class='ocrx_word' id='word_1_128' title='bbox 532 988 699 1023; x_wconf 83' lang='lat' dir='ltr'><strong>suscepisse</strong></span> <span class='ocrx_word' id='word_1_129' title='bbox 714 996 746 1016; x_wconf 86' lang='lat' dir='ltr'><strong>se</strong></span> <span class='ocrx_word' id='word_1_130' title='bbox 761 989 882 1016; x_wconf 89' lang='lat' dir='ltr'><strong>credant</strong></span> <span class='ocrx_word' id='word_1_131' title='bbox 894 988 1053 1024; x_wconf 81' lang='lat' dir='ltr'><strong>Eliseo.qui</strong></span> 
     </span>
    </p>
   </div>
   <div class='ocr_carea' id='block_1_19' title="bbox 232 1031 1052 1068">
    <p class='ocr_par' dir='ltr' id='par_1_19' title="bbox 232 1031 1052 1068">
     <span class='ocr_line' id='line_1_19' title="bbox 232 1031 1052 1068; baseline 0.002 -10"><span class='ocrx_word' id='word_1_132' title='bbox 232 1032 355 1067; x_wconf 82' lang='lat' dir='ltr'><strong>gradum</strong></span> <span class='ocrx_word' id='word_1_133' title='bbox 371 1031 581 1059; x_wconf 83' lang='lat' dir='ltr'><strong>sacerdotalem</strong></span> <span class='ocrx_word' id='word_1_134' title='bbox 598 1040 629 1058; x_wconf 90' lang='lat' dir='ltr'><strong>sc</strong></span> <span class='ocrx_word' id='word_1_135' title='bbox 644 1031 811 1059; x_wconf 84' lang='lat' dir='ltr'><strong>existimant</strong></span> <span class='ocrx_word' id='word_1_136' title='bbox 827 1033 959 1068; x_wconf 85' lang='lat' dir='ltr'><strong>pecuniis</strong></span> <span class='ocrx_word' id='word_1_137' title='bbox 974 1041 1052 1060; x_wconf 89' lang='lat' dir='ltr'><strong>com-</strong></span> 
     </span>
    </p>
   </div>
   <div class='ocr_carea' id='block_1_20' title="bbox 233 1075 1052 1112">
    <p class='ocr_par' dir='ltr' id='par_1_20' title="bbox 233 1075 1052 1112">
     <span class='ocr_line' id='line_1_20' title="bbox 233 1075 1052 1112; baseline 0 -8"><span class='ocrx_word' id='word_1_138' title='bbox 233 1084 344 1112; x_wconf 84' lang='lat' dir='ltr'><strong>parare.</strong></span> <span class='ocrx_word' id='word_1_139' title='bbox 352 1075 424 1103; x_wconf 87' lang='lat' dir='ltr'><strong>Nam</strong></span> <span class='ocrx_word' id='word_1_140' title='bbox 436 1075 511 1103; x_wconf 85' lang='lat' dir='ltr'><strong>sicut</strong></span> <span class='ocrx_word' id='word_1_141' title='bbox 520 1075 710 1103; x_wconf 87' lang='lat' dir='ltr'><strong>validioribus</strong></span> <span class='ocrx_word' id='word_1_142' title='bbox 719 1076 828 1104; x_wconf 86' lang='lat' dir='ltr'><strong>morbis</strong></span> <span class='ocrx_word' id='word_1_143' title='bbox 840 1076 933 1112; x_wconf 83' lang='lat' dir='ltr'><strong>capite</strong></span> <span class='ocrx_word' id='word_1_144' title='bbox 943 1076 1052 1112; x_wconf 85' lang='lat' dir='ltr'><strong>vitiato,</strong></span> 
     </span>
    </p>
   </div>
   <div class='ocr_carea' id='block_1_21' title="bbox 233 1119 1055 1156">
    <p class='ocr_par' dir='ltr' id='par_1_21' title="bbox 233 1119 1055 1156">
     <span class='ocr_line' id='line_1_21' title="bbox 233 1119 1055 1156; baseline 0.001 -9"><span class='ocrx_word' id='word_1_145' title='bbox 233 1119 380 1155; x_wconf 88' lang='lat' dir='ltr'><strong>reliquum</strong></span> <span class='ocrx_word' id='word_1_146' title='bbox 392 1127 509 1147; x_wconf 88' lang='lat' dir='ltr'><strong>necesse</strong></span> <span class='ocrx_word' id='word_1_147' title='bbox 519 1121 565 1147; x_wconf 89' lang='lat' dir='ltr'><strong>est</strong></span> <span class='ocrx_word' id='word_1_148' title='bbox 574 1127 679 1155; x_wconf 89' lang='lat' dir='ltr'><strong>corpus</strong></span> <span class='ocrx_word' id='word_1_149' title='bbox 694 1119 885 1147; x_wconf 86' lang='lat' dir='ltr'><strong>inundatione</strong></span> <span class='ocrx_word' id='word_1_150' title='bbox 896 1121 1055 1156; x_wconf 81' lang='lat' dir='ltr'><strong>superioris</strong></span> 
     </span>
    </p>
   </div>
   <div class='ocr_carea' id='block_1_22' title="bbox 234 1162 1056 1199">
    <p class='ocr_par' dir='ltr' id='par_1_22' title="bbox 234 1162 1056 1199">
     <span class='ocr_line' id='line_1_22' title="bbox 234 1162 1056 1199; baseline 0.001 -8"><span class='ocrx_word' id='word_1_151' title='bbox 234 1163 328 1191; x_wconf 89' lang='lat' dir='ltr'><strong>morbi</strong></span> <span class='ocrx_word' id='word_1_152' title='bbox 344 1162 488 1190; x_wconf 87' lang='lat' dir='ltr'><strong>lcthaliter</strong></span> <span class='ocrx_word' id='word_1_153' title='bbox 498 1163 622 1198; x_wconf 87' lang='lat' dir='ltr'><strong>irrigari,</strong></span> <span class='ocrx_word' id='word_1_154' title='bbox 639 1163 679 1191; x_wconf 87' lang='lat' dir='ltr'><strong>ita</strong></span> <span class='ocrx_word' id='word_1_155' title='bbox 689 1165 717 1190; x_wconf 88' lang='lat' dir='ltr'><strong>et</strong></span> <span class='ocrx_word' id='word_1_156' title='bbox 732 1163 750 1190; x_wconf 91' lang='lat' dir='ltr'><strong>ii</strong></span> <span class='ocrx_word' id='word_1_157' title='bbox 763 1164 811 1199; x_wconf 91' lang='lat' dir='ltr'><strong>qui</strong></span> <span class='ocrx_word' id='word_1_158' title='bbox 824 1166 911 1199; x_wconf 85' lang='lat' dir='ltr'><strong>caput</strong></span> <span class='ocrx_word' id='word_1_159' title='bbox 921 1165 1056 1192; x_wconf 90' lang='lat' dir='ltr'><strong>videntur</strong></span> 
     </span>
    </p>
   </div>
   <div class='ocr_carea' id='block_1_23' title="bbox 236 1206 1056 1242">
    <p class='ocr_par' dir='ltr' id='par_1_23' title="bbox 236 1206 1056 1242">
     <span class='ocr_line' id='line_1_23' title="bbox 236 1206 1056 1242; baseline 0.001 -7"><span class='ocrx_word' id='word_1_160' title='bbox 236 1215 300 1235; x_wconf 86' lang='lat' dir='ltr'><strong>esse</strong></span> <span class='ocrx_word' id='word_1_161' title='bbox 315 1206 460 1240; x_wconf 72' lang='lat' dir='ltr'><strong>Ecclesiae,</strong></span> <span class='ocrx_word' id='word_1_162' title='bbox 478 1207 580 1234; x_wconf 90' lang='lat' dir='ltr'><strong>morbo</strong></span> <span class='ocrx_word' id='word_1_163' title='bbox 603 1207 739 1242; x_wconf 85' lang='lat' dir='ltr'><strong>pestifero</strong></span> <span class='ocrx_word' id='word_1_164' title='bbox 769 1207 928 1235; x_wconf 86' lang='lat' dir='ltr'><strong>fraternum</strong></span> <span class='ocrx_word' id='word_1_165' title='bbox 954 1208 1056 1236; x_wconf 84' lang='lat' dir='ltr'><strong>vitiant</strong></span> 
     </span>
    </p>
   </div>
   <div class='ocr_carea' id='block_1_24' title="bbox 235 1250 1054 1288">
    <p class='ocr_par' dir='ltr' id='par_1_24' title="bbox 235 1250 1054 1288">
     <span class='ocr_line' id='line_1_24' title="bbox 235 1250 1054 1288; baseline 0.001 -9"><span class='ocrx_word' id='word_1_166' title='bbox 235 1259 352 1287; x_wconf 86' lang='lat' dir='ltr'><strong>corpus,</strong></span> <span class='ocrx_word' id='word_1_167' title='bbox 368 1253 401 1278; x_wconf 88' lang='lat' dir='ltr'><strong>ut</strong></span> <span class='ocrx_word' id='word_1_168' title='bbox 417 1250 489 1277; x_wconf 92' lang='lat' dir='ltr'><strong>nihil</strong></span> <span class='ocrx_word' id='word_1_169' title='bbox 505 1258 540 1278; x_wconf 88' lang='lat' dir='ltr'><strong>ex</strong></span> <span class='ocrx_word' id='word_1_170' title='bbox 554 1251 643 1278; x_wconf 87' lang='lat' dir='ltr'><strong>totius</strong></span> <span class='ocrx_word' id='word_1_171' title='bbox 659 1251 787 1287; x_wconf 87' lang='lat' dir='ltr'><strong>corporis</strong></span> <span class='ocrx_word' id='word_1_172' title='bbox 808 1260 946 1288; x_wconf 83' lang='lat' dir='ltr'><strong>compage</strong></span> <span class='ocrx_word' id='word_1_173' title='bbox 957 1252 1054 1280; x_wconf 85' lang='lat' dir='ltr'><strong>insan-</strong></span> 
     </span>
    </p>
   </div>
   <div class='ocr_carea' id='block_1_25' title="bbox 235 1294 1054 1331">
    <p class='ocr_par' dir='ltr' id='par_1_25' title="bbox 235 1294 1054 1331">
     <span class='ocr_line' id='line_1_25' title="bbox 235 1294 1054 1331; baseline 0.001 -8"><span class='ocrx_word' id='word_1_174' title='bbox 235 1295 343 1323; x_wconf 85' lang='lat' dir='ltr'><strong>ciatum</strong></span> <span class='ocrx_word' id='word_1_175' title='bbox 359 1294 452 1329; x_wconf 83' lang='lat' dir='ltr'><strong>possit</strong></span> <span class='ocrx_word' id='word_1_176' title='bbox 466 1295 603 1327; x_wconf 88' lang='lat' dir='ltr'><strong>evadere;</strong></span> <span class='ocrx_word' id='word_1_177' title='bbox 616 1295 692 1330; x_wconf 89' lang='lat' dir='ltr'><strong>quod</strong></span> <span class='ocrx_word' id='word_1_178' title='bbox 706 1295 914 1331; x_wconf 79' lang='lat' dir='ltr'><strong>negligentiam</strong></span> <span class='ocrx_word' id='word_1_179' title='bbox 923 1297 1054 1324; x_wconf 81' lang='lat' dir='ltr'><strong>sacerdo-</strong></span> 
     </span>
    </p>
   </div>
   <div class='ocr_carea' id='block_1_26' title="bbox 236 1339 1057 1375">
    <p class='ocr_par' dir='ltr' id='par_1_26' title="bbox 236 1339 1057 1375">
     <span class='ocr_line' id='line_1_26' title="bbox 236 1339 1057 1375; baseline 0.004 -10"><span class='ocrx_word' id='word_1_180' title='bbox 236 1342 298 1366; x_wconf 90' lang='lat' dir='ltr'><strong>tum</strong></span> <span class='ocrx_word' id='word_1_181' title='bbox 313 1339 477 1366; x_wconf 82' lang='lat' dir='ltr'><strong>vitiositatis</strong></span> <span class='ocrx_word' id='word_1_182' title='bbox 503 1339 611 1366; x_wconf 78' lang='lat' dir='ltr'><strong>moralc</strong></span> <span class='ocrx_word' id='word_1_183' title='bbox 627 1348 683 1366; x_wconf 90' lang='lat' dir='ltr'><strong>non</strong></span> <span class='ocrx_word' id='word_1_184' title='bbox 710 1339 841 1367; x_wconf 79' lang='lat' dir='ltr'><strong>infecerit</strong></span> <span class='ocrx_word' id='word_1_185' title='bbox 864 1341 954 1375; x_wconf 82' lang='lat' dir='ltr'><strong>virus,</strong></span> <span class='ocrx_word' id='word_1_186' title='bbox 970 1341 1009 1368; x_wconf 87' lang='lat' dir='ltr'><strong>ita</strong></span> <span class='ocrx_word' id='word_1_187' title='bbox 1025 1343 1057 1368; x_wconf 89' lang='lat' dir='ltr'><strong>ut</strong></span> 
     </span>
    </p>
   </div>
   <div class='ocr_carea' id='block_1_27' title="bbox 235 1382 1054 1418">
    <p class='ocr_par' dir='ltr' id='par_1_27' title="bbox 235 1382 1054 1418">
     <span class='ocr_line' id='line_1_27' title="bbox 235 1382 1054 1418; baseline 0.001 -7"><span class='ocrx_word' id='word_1_188' title='bbox 235 1384 332 1411; x_wconf 85' lang='lat' dir='ltr'><strong>videas</strong></span> <span class='ocrx_word' id='word_1_189' title='bbox 347 1383 377 1409; x_wconf 91' lang='lat' dir='ltr'><strong>in</strong></span> <span class='ocrx_word' id='word_1_190' title='bbox 392 1382 519 1410; x_wconf 80' lang='lat' dir='ltr'><strong>Ecclesia</strong></span> <span class='ocrx_word' id='word_1_191' title='bbox 535 1383 644 1418; x_wconf 87' lang='lat' dir='ltr'><strong>passim</strong></span> <span class='ocrx_word' id='word_1_192' title='bbox 671 1392 744 1418; x_wconf 89' lang='lat' dir='ltr'><strong>quos</strong></span> <span class='ocrx_word' id='word_1_193' title='bbox 775 1393 831 1411; x_wconf 91' lang='lat' dir='ltr'><strong>non</strong></span> <span class='ocrx_word' id='word_1_194' title='bbox 863 1385 975 1417; x_wconf 88' lang='lat' dir='ltr'><strong>merita,</strong></span> <span class='ocrx_word' id='word_1_195' title='bbox 1005 1386 1054 1413; x_wconf 88' lang='lat' dir='ltr'><strong>sed</strong></span> 
     </span>
    </p>
   </div>
   <div class='ocr_carea' id='block_1_28' title="bbox 236 1427 1056 1464">
    <p class='ocr_par' dir='ltr' id='par_1_28' title="bbox 236 1427 1056 1464">
     <span class='ocr_line' id='line_1_28' title="bbox 236 1427 1056 1464; baseline 0.002 -10"><span class='ocrx_word' id='word_1_196' title='bbox 236 1427 365 1464; x_wconf 74' lang='lat' dir='ltr'><strong>pecunia:</strong></span> <span class='ocrx_word' id='word_1_197' title='bbox 376 1428 410 1454; x_wconf 90' lang='lat' dir='ltr'><strong>ad</strong></span> <span class='ocrx_word' id='word_1_198' title='bbox 427 1427 612 1463; x_wconf 83' lang='lat' dir='ltr'><strong>episcopatus</strong></span> <span class='ocrx_word' id='word_1_199' title='bbox 628 1427 758 1455; x_wconf 83' lang='lat' dir='ltr'><strong>ordinem</strong></span> <span class='ocrx_word' id='word_1_200' title='bbox 772 1432 972 1463; x_wconf 81' lang='lat' dir='ltr'><strong>provexerunt.</strong></span> <span class='ocrx_word' id='word_1_201' title='bbox 1002 1430 1056 1456; x_wconf 81' lang='lat' dir='ltr'><strong>Ve-</strong></span> 
     </span>
    </p>
   </div>
   <div class='ocr_carea' id='block_1_29' title="bbox 237 1471 1057 1502">
    <p class='ocr_par' dir='ltr' id='par_1_29' title="bbox 237 1471 1057 1502">
     <span class='ocr_line' id='line_1_29' title="bbox 237 1471 1057 1502; baseline 0.004 -4"><span class='ocrx_word' id='word_1_202' title='bbox 237 1473 412 1502; x_wconf 79' lang='lat' dir='ltr'><strong>rumtamen,</strong></span> <span class='ocrx_word' id='word_1_203' title='bbox 430 1471 501 1498; x_wconf 90' lang='lat' dir='ltr'><strong>utin</strong></span> <span class='ocrx_word' id='word_1_204' title='bbox 518 1479 567 1498; x_wconf 92' lang='lat' dir='ltr'><strong>ore</strong></span> <span class='ocrx_word' id='word_1_205' title='bbox 577 1472 701 1498; x_wconf 89' lang='lat' dir='ltr'><strong>duorum</strong></span> <span class='ocrx_word' id='word_1_206' title='bbox 710 1472 752 1499; x_wconf 89' lang='lat' dir='ltr'><strong>vel</strong></span> <span class='ocrx_word' id='word_1_207' title='bbox 768 1473 855 1499; x_wconf 91' lang='lat' dir='ltr'><strong>trium</strong></span> <span class='ocrx_word' id='word_1_208' title='bbox 873 1473 991 1500; x_wconf 88' lang='lat' dir='ltr'><strong>testium</strong></span> <span class='ocrx_word' id='word_1_209' title='bbox 1001 1475 1057 1501; x_wconf 87' lang='lat' dir='ltr'><strong>stet</strong></span> 
     </span>
    </p>
   </div>
   <div class='ocr_carea' id='block_1_30' title="bbox 238 1514 1057 1552">
    <p class='ocr_par' dir='ltr' id='par_1_30' title="bbox 238 1514 1057 1552">
     <span class='ocr_line' id='line_1_30' title="bbox 238 1514 1057 1552; baseline 0.001 -9"><span class='ocrx_word' id='word_1_210' title='bbox 238 1514 448 1543; x_wconf 89' lang='lat' dir='ltr'><strong>omneverbum</strong></span> <span class='ocrx_word' id='word_1_211' title='bbox 459 1515 550 1548; x_wconf 78' lang='lat' dir='ltr'><strong>(Deut.</strong></span> <span class='ocrx_word' id='word_1_212' title='bbox 564 1523 633 1550; x_wconf 78' lang='lat' dir='ltr'><strong>xvn,</strong></span> <span class='ocrx_word' id='word_1_213' title='bbox 645 1516 703 1549; x_wconf 75' lang='lat'><strong>6),»</strong></span> <span class='ocrx_word' id='word_1_214' title='bbox 713 1516 810 1543; x_wconf 87' lang='lat' dir='ltr'><strong>audite</strong></span> <span class='ocrx_word' id='word_1_215' title='bbox 826 1517 894 1551; x_wconf 87' lang='lat' dir='ltr'><strong>quid</strong></span> <span class='ocrx_word' id='word_1_216' title='bbox 907 1525 994 1552; x_wconf 87' lang='lat' dir='ltr'><strong>super</strong></span> <span class='ocrx_word' id='word_1_217' title='bbox 1003 1518 1057 1544; x_wconf 87' lang='lat' dir='ltr'><strong>hac</strong></span> 
     </span>
    </p>
   </div>
   <div class='ocr_carea' id='block_1_31' title="bbox 238 1558 1055 1594">
    <p class='ocr_par' dir='ltr' id='par_1_31' title="bbox 238 1558 1055 1594">
     <span class='ocr_line' id='line_1_31' title="bbox 238 1558 1055 1594; baseline 0.001 -7"><span class='ocrx_word' id='word_1_218' title='bbox 238 1567 268 1587; x_wconf 86' lang='lat' dir='ltr'><strong>ro</strong></span> <span class='ocrx_word' id='word_1_219' title='bbox 280 1559 381 1586; x_wconf 87' lang='lat' dir='ltr'><strong>beatus</strong></span> <span class='ocrx_word' id='word_1_220' title='bbox 390 1558 468 1585; x_wconf 81' lang='lat' dir='ltr'><strong>dicat</strong></span> <span class='ocrx_word' id='word_1_221' title='bbox 478 1558 661 1593; x_wconf 80' lang='lat' dir='ltr'><strong>Gregorius.«</strong></span> <span class='ocrx_word' id='word_1_222' title='bbox 670 1559 725 1586; x_wconf 83' lang='lat' dir='ltr'><strong>Cur</strong></span> <span class='ocrx_word' id='word_1_223' title='bbox 737 1559 852 1594; x_wconf 85' lang='lat' dir='ltr'><strong>(inquit)</strong></span> <span class='ocrx_word' id='word_1_224' title='bbox 865 1569 920 1587; x_wconf 90' lang='lat' dir='ltr'><strong>non</strong></span> <span class='ocrx_word' id='word_1_225' title='bbox 932 1561 1055 1594; x_wconf 88' lang='lat' dir='ltr'><strong>videtur,</strong></span> 
     </span>
    </p>
   </div>
   <div class='ocr_carea' id='block_1_32' title="bbox 240 1603 1093 1651">
    <p class='ocr_par' dir='ltr' id='par_1_32' title="bbox 240 1603 1093 1651">
     <span class='ocr_line' id='line_1_32' title="bbox 240 1603 1093 1651; baseline 0.002 -20"><span class='ocrx_word' id='word_1_226' title='bbox 240 1612 291 1631; x_wconf 87' lang='lat' dir='ltr'><strong>cur</strong></span> <span class='ocrx_word' id='word_1_227' title='bbox 307 1612 362 1630; x_wconf 89' lang='lat' dir='ltr'><strong>non</strong></span> <span class='ocrx_word' id='word_1_228' title='bbox 379 1603 576 1638; x_wconf 80' lang='lat' dir='ltr'><strong>perpenditur,</strong></span> <span class='ocrx_word' id='word_1_229' title='bbox 589 1603 638 1638; x_wconf 87' lang='lat' dir='ltr'><strong>qui</strong></span> <span class='ocrx_word' id='word_1_230' title='bbox 654 1604 687 1629; x_wconf 86' lang='lat' dir='ltr'><strong>ad</strong></span> <span class='ocrx_word' id='word_1_231' title='bbox 706 1604 769 1651; x_wconf 80' lang='lat' dir='ltr'><strong>hoc,</strong></span> <span class='ocrx_word' id='word_1_232' title='bbox 782 1606 816 1631; x_wconf 87' lang='lat' dir='ltr'><strong>ut</strong></span> <span class='ocrx_word' id='word_1_233' title='bbox 831 1604 879 1631; x_wconf 80' lang='lat' dir='ltr'><strong>fiat</strong></span> <span class='ocrx_word' id='word_1_234' title='bbox 895 1605 1055 1637; x_wconf 61' lang='lat' dir='ltr'><strong>haereticus,</strong></span> <span class='ocrx_word' id='word_1_235' title='bbox 1073 1619 1093 1651; x_wconf 66' lang='grc' dir='ltr'><strong>ρ</strong></span> 
     </span>
    </p>
   </div>
   <div class='ocr_carea' id='block_1_33' title="bbox 241 1647 1057 1683">
    <p class='ocr_par' dir='ltr' id='par_1_33' title="bbox 241 1647 1057 1683">
     <span class='ocr_line' id='line_1_33' title="bbox 241 1647 1057 1683; baseline 0.002 -9"><span class='ocrx_word' id='word_1_236' title='bbox 241 1648 394 1675; x_wconf 86' lang='lat' dir='ltr'><strong>ordinatur</strong></span> <span class='ocrx_word' id='word_1_237' title='bbox 404 1647 417 1673; x_wconf 81' lang='lat'><strong>&#39;?</strong></span> <span class='ocrx_word' id='word_1_238' title='bbox 427 1647 485 1673; x_wconf 78' lang='grc' dir='ltr'><strong>»Ει</strong></span> <span class='ocrx_word' id='word_1_239' title='bbox 504 1647 626 1674; x_wconf 88' lang='lat' dir='ltr'><strong>iterum:</strong></span> <span class='ocrx_word' id='word_1_240' title='bbox 657 1660 668 1670; x_wconf 83' lang='grc' dir='ltr'><strong>ι‹</strong></span> <span class='ocrx_word' id='word_1_241' title='bbox 692 1647 829 1683; x_wconf 85' lang='lat' dir='ltr'><strong>Quisquis</strong></span> <span class='ocrx_word' id='word_1_242' title='bbox 855 1651 954 1676; x_wconf 84' lang='lat' dir='ltr'><strong>contra</strong></span> <span class='ocrx_word' id='word_1_243' title='bbox 983 1649 1057 1677; x_wconf 89' lang='lat' dir='ltr'><strong>hanc</strong></span> 
     </span>
    </p>
   </div>
   <div class='ocr_carea' id='block_1_34' title="bbox 240 1690 1058 1726">
    <p class='ocr_par' dir='ltr' id='par_1_34' title="bbox 240 1690 1058 1726">
     <span class='ocr_line' id='line_1_34' title="bbox 240 1690 1058 1726; baseline 0.002 -7"><span class='ocrx_word' id='word_1_244' title='bbox 240 1691 435 1719; x_wconf 85' lang='lat' dir='ltr'><strong>Simoniacam</strong></span> <span class='ocrx_word' id='word_1_245' title='bbox 448 1694 475 1718; x_wconf 91' lang='lat' dir='ltr'><strong>et</strong></span> <span class='ocrx_word' id='word_1_246' title='bbox 490 1690 705 1726; x_wconf 82' lang='lat' dir='ltr'><strong>Ncophytorum</strong></span> <span class='ocrx_word' id='word_1_247' title='bbox 719 1692 851 1719; x_wconf 71' lang='lat' dir='ltr'><strong>hmresim</strong></span> <span class='ocrx_word' id='word_1_248' title='bbox 874 1693 1058 1721; x_wconf 79' lang='lat' dir='ltr'><strong>vehementer</strong></span> 
     </span>
    </p>
   </div>
   <div class='ocr_carea' id='block_1_35' title="bbox 240 1735 1054 1772">
    <p class='ocr_par' dir='ltr' id='par_1_35' title="bbox 240 1735 1054 1772">
     <span class='ocr_line' id='line_1_35' title="bbox 240 1735 1054 1772; baseline 0.002 -9"><span class='ocrx_word' id='word_1_249' title='bbox 240 1736 386 1772; x_wconf 80' lang='lat' dir='ltr'><strong>proofﬁcii</strong></span> <span class='ocrx_word' id='word_1_250' title='bbox 411 1735 455 1763; x_wconf 89' lang='lat' dir='ltr'><strong>sui</strong></span> <span class='ocrx_word' id='word_1_251' title='bbox 485 1736 716 1763; x_wconf 84' lang='lat' dir='ltr'><strong>consideratione</strong></span> <span class='ocrx_word' id='word_1_252' title='bbox 739 1745 794 1763; x_wconf 92' lang='lat' dir='ltr'><strong>non</strong></span> <span class='ocrx_word' id='word_1_253' title='bbox 819 1737 967 1770; x_wconf 82' lang='lat' dir='ltr'><strong>exarserit,</strong></span> <span class='ocrx_word' id='word_1_254' title='bbox 990 1746 1054 1765; x_wconf 91' lang='lat' dir='ltr'><strong>cum</strong></span> 
     </span>
    </p>
   </div>
   <div class='ocr_carea' id='block_1_36' title="bbox 239 1779 1056 1817">
    <p class='ocr_par' dir='ltr' id='par_1_36' title="bbox 239 1779 1056 1817">
     <span class='ocr_line' id='line_1_36' title="bbox 239 1779 1056 1817; baseline 0.001 -9"><span class='ocrx_word' id='word_1_255' title='bbox 239 1780 357 1808; x_wconf 88' lang='lat' dir='ltr'><strong>Simone</strong></span> <span class='ocrx_word' id='word_1_256' title='bbox 373 1780 456 1815; x_wconf 79' lang='lat' dir='ltr'><strong>Mago</strong></span> <span class='ocrx_word' id='word_1_257' title='bbox 472 1788 502 1807; x_wconf 87' lang='lat' dir='ltr'><strong>se</strong></span> <span class='ocrx_word' id='word_1_258' title='bbox 510 1788 565 1806; x_wconf 92' lang='lat' dir='ltr'><strong>non</strong></span> <span class='ocrx_word' id='word_1_259' title='bbox 582 1779 694 1807; x_wconf 88' lang='lat' dir='ltr'><strong>dubitet</strong></span> <span class='ocrx_word' id='word_1_260' title='bbox 708 1780 815 1808; x_wconf 83' lang='lat' dir='ltr'><strong>habere</strong></span> <span class='ocrx_word' id='word_1_261' title='bbox 828 1781 990 1816; x_wconf 91' lang='lat' dir='ltr'><strong>portionem</strong></span> <span class='ocrx_word' id='word_1_262' title='bbox 1007 1782 1056 1817; x_wconf 87' lang='lat' dir='ltr'><strong>qui</strong></span> 
     </span>
    </p>
   </div>
   <div class='ocr_carea' id='block_1_37' title="bbox 240 1823 913 1860">
    <p class='ocr_par' dir='ltr' id='par_1_37' title="bbox 240 1823 913 1860">
     <span class='ocr_line' id='line_1_37' title="bbox 240 1823 913 1860; baseline 0.001 -9"><span class='ocrx_word' id='word_1_263' title='bbox 240 1824 320 1860; x_wconf 89' lang='lat' dir='ltr'><strong>prius</strong></span> <span class='ocrx_word' id='word_1_264' title='bbox 336 1824 483 1852; x_wconf 86' lang='lat' dir='ltr'><strong>commisit</strong></span> <span class='ocrx_word' id='word_1_265' title='bbox 499 1824 552 1851; x_wconf 87' lang='lat' dir='ltr'><strong>hoc</strong></span> <span class='ocrx_word' id='word_1_266' title='bbox 568 1823 714 1859; x_wconf 86' lang='lat' dir='ltr'><strong>piaculare</strong></span> <span class='ocrx_word' id='word_1_267' title='bbox 730 1824 882 1860; x_wconf 76' lang='lat' dir='ltr'><strong>flagitium.</strong></span> <span class='ocrx_word' id='word_1_268' title='bbox 900 1836 913 1850; x_wconf 84' lang='lat'>»</span> 
     </span>
    </p>
   </div>
   <div class='ocr_carea' id='block_1_38' title="bbox 272 1890 1054 1926">
    <p class='ocr_par' dir='ltr' id='par_1_38' title="bbox 272 1890 1054 1926">
     <span class='ocr_line' id='line_1_38' title="bbox 272 1890 1054 1926; baseline 0.003 -8"><span class='ocrx_word' id='word_1_269' title='bbox 272 1891 315 1918; x_wconf 83' lang='grc'><strong>23.</strong></span> <span class='ocrx_word' id='word_1_270' title='bbox 328 1891 469 1922; x_wconf 88' lang='lat' dir='ltr'><strong>Quoniam</strong></span> <span class='ocrx_word' id='word_1_271' title='bbox 482 1890 562 1917; x_wconf 92' lang='lat' dir='ltr'><strong>locus</strong></span> <span class='ocrx_word' id='word_1_272' title='bbox 576 1890 624 1917; x_wconf 89' lang='lat' dir='ltr'><strong>ille</strong></span> <span class='ocrx_word' id='word_1_273' title='bbox 639 1890 692 1917; x_wconf 90' lang='lat' dir='ltr'><strong>hoc</strong></span> <span class='ocrx_word' id='word_1_274' title='bbox 709 1890 739 1917; x_wconf 82' lang='grc' dir='ltr'><strong>Β.</strong></span> <span class='ocrx_word' id='word_1_275' title='bbox 757 1891 887 1926; x_wconf 83' lang='lat' dir='ltr'><strong>Gregorii</strong></span> <span class='ocrx_word' id='word_1_276' title='bbox 911 1900 1054 1924; x_wconf 87' lang='lat' dir='ltr'><strong>sermone,</strong></span> 
     </span>
    </p>
   </div>
   <div class='ocr_carea' id='block_1_39' title="bbox 237 1934 1055 1971">
    <p class='ocr_par' dir='ltr' id='par_1_39' title="bbox 237 1934 1055 1971">
     <span class='ocr_line' id='line_1_39' title="bbox 237 1934 1055 1971; baseline 0.001 -8"><span class='ocrx_word' id='word_1_277' title='bbox 237 1935 286 1963; x_wconf 86' lang='lat' dir='ltr'><strong>ubi</strong></span> <span class='ocrx_word' id='word_1_278' title='bbox 303 1935 469 1971; x_wconf 71' lang='lat' dir='ltr'><strong>praecipitur</strong></span> <span class='ocrx_word' id='word_1_279' title='bbox 486 1934 644 1969; x_wconf 88' lang='lat' dir='ltr'><strong>unicuique</strong></span> <span class='ocrx_word' id='word_1_280' title='bbox 660 1943 710 1970; x_wconf 90' lang='lat' dir='ltr'><strong>pro</strong></span> <span class='ocrx_word' id='word_1_281' title='bbox 727 1935 772 1961; x_wconf 89' lang='lat' dir='ltr'><strong>sui</strong></span> <span class='ocrx_word' id='word_1_282' title='bbox 783 1935 872 1962; x_wconf 72' lang='lat' dir='ltr'><strong>officii</strong></span> <span class='ocrx_word' id='word_1_283' title='bbox 888 1936 1055 1964; x_wconf 85' lang='lat' dir='ltr'><strong>considera-</strong></span> 
     </span>
    </p>
   </div>
   <div class='ocr_carea' id='block_1_40' title="bbox 235 1979 1054 2013">
    <p class='ocr_par' dir='ltr' id='par_1_40' title="bbox 235 1979 1054 2013">
     <span class='ocr_line' id='line_1_40' title="bbox 235 1979 1054 2013; baseline 0 -6"><span class='ocrx_word' id='word_1_284' title='bbox 235 1979 314 2007; x_wconf 82' lang='lat' dir='ltr'><strong>tione</strong></span> <span class='ocrx_word' id='word_1_285' title='bbox 324 1981 425 2007; x_wconf 82' lang='lat' dir='ltr'><strong>contra</strong></span> <span class='ocrx_word' id='word_1_286' title='bbox 437 1979 631 2006; x_wconf 87' lang='lat' dir='ltr'><strong>Simoniacam</strong></span> <span class='ocrx_word' id='word_1_287' title='bbox 652 1979 751 2006; x_wconf 89' lang='lat' dir='ltr'><strong>ardere</strong></span> <span class='ocrx_word' id='word_1_288' title='bbox 760 1979 875 2013; x_wconf 87' lang='lat' dir='ltr'><strong>debere,</strong></span> <span class='ocrx_word' id='word_1_289' title='bbox 884 1988 939 2006; x_wconf 92' lang='lat' dir='ltr'><strong>non</strong></span> <span class='ocrx_word' id='word_1_290' title='bbox 961 1980 1054 2008; x_wconf 90' lang='lat' dir='ltr'><strong>omni-</strong></span> 
     </span>
    </p>
   </div>
   <div class='ocr_carea' id='block_1_41' title="bbox 235 2022 1055 2059">
    <p class='ocr_par' dir='ltr' id='par_1_41' title="bbox 235 2022 1055 2059">
     <span class='ocr_line' id='line_1_41' title="bbox 235 2022 1055 2059; baseline 0.002 -9"><span class='ocrx_word' id='word_1_291' title='bbox 235 2023 292 2050; x_wconf 86' lang='lat' dir='ltr'><strong>bus</strong></span> <span class='ocrx_word' id='word_1_292' title='bbox 306 2023 426 2050; x_wconf 75' lang='lat' dir='ltr'><strong>forsitan</strong></span> <span class='ocrx_word' id='word_1_293' title='bbox 438 2023 520 2058; x_wconf 87' lang='lat' dir='ltr'><strong>plene</strong></span> <span class='ocrx_word' id='word_1_294' title='bbox 532 2025 621 2058; x_wconf 85' lang='lat' dir='ltr'><strong>patet,</strong></span> <span class='ocrx_word' id='word_1_295' title='bbox 637 2022 719 2050; x_wconf 87' lang='lat' dir='ltr'><strong>vobis</strong></span> <span class='ocrx_word' id='word_1_296' title='bbox 732 2023 827 2050; x_wconf 90' lang='lat' dir='ltr'><strong>lucide</strong></span> <span class='ocrx_word' id='word_1_297' title='bbox 839 2031 891 2050; x_wconf 89' lang='lat' dir='ltr'><strong>nos</strong></span> <span class='ocrx_word' id='word_1_298' title='bbox 902 2024 1055 2059; x_wconf 85' lang='lat' dir='ltr'><strong>explanare</strong></span> 
     </span>
    </p>
   </div>
   <div class='ocr_carea' id='block_1_42' title="bbox 235 2066 1055 2102">
    <p class='ocr_par' dir='ltr' id='par_1_42' title="bbox 235 2066 1055 2102">
     <span class='ocr_line' id='line_1_42' title="bbox 235 2066 1055 2102; baseline 0.002 -8"><span class='ocrx_word' id='word_1_299' title='bbox 235 2067 381 2094; x_wconf 87' lang='lat' dir='ltr'><strong>concedet.</strong></span> <span class='ocrx_word' id='word_1_300' title='bbox 399 2067 470 2094; x_wconf 86' lang='lat' dir='ltr'><strong>Tres</strong></span> <span class='ocrx_word' id='word_1_301' title='bbox 485 2066 593 2102; x_wconf 88' lang='lat' dir='ltr'><strong>quippe</strong></span> <span class='ocrx_word' id='word_1_302' title='bbox 609 2066 726 2094; x_wconf 87' lang='lat' dir='ltr'><strong>ordines</strong></span> <span class='ocrx_word' id='word_1_303' title='bbox 742 2066 771 2093; x_wconf 94' lang='lat' dir='ltr'><strong>in</strong></span> <span class='ocrx_word' id='word_1_304' title='bbox 797 2069 900 2094; x_wconf 85' lang='lat' dir='ltr'><strong>sancta</strong></span> <span class='ocrx_word' id='word_1_305' title='bbox 927 2068 1055 2096; x_wconf 83' lang='lat' dir='ltr'><strong>Ecclesia</strong></span> 
     </span>
    </p>
   </div>
   <div class='ocr_carea' id='block_1_43' title="bbox 235 2109 1053 2145">
    <p class='ocr_par' dir='ltr' id='par_1_43' title="bbox 235 2109 1053 2145">
     <span class='ocr_line' id='line_1_43' title="bbox 235 2109 1053 2145; baseline 0.001 -7"><span class='ocrx_word' id='word_1_306' title='bbox 235 2110 397 2138; x_wconf 80' lang='lat' dir='ltr'><strong>habentur:</strong></span> <span class='ocrx_word' id='word_1_307' title='bbox 415 2118 490 2138; x_wconf 90' lang='lat' dir='ltr'><strong>unus</strong></span> <span class='ocrx_word' id='word_1_308' title='bbox 502 2109 734 2145; x_wconf 66' lang='lat' dir='ltr'><strong>praedicatorum,</strong></span> <span class='ocrx_word' id='word_1_309' title='bbox 751 2110 823 2138; x_wconf 88' lang='lat' dir='ltr'><strong>alter</strong></span> <span class='ocrx_word' id='word_1_310' title='bbox 832 2111 1053 2145; x_wconf 90' lang='lat' dir='ltr'><strong>continentium,</strong></span> 
     </span>
    </p>
   </div>
   <div class='ocr_carea' id='block_1_44' title="bbox 236 2153 1054 2189">
    <p class='ocr_par' dir='ltr' id='par_1_44' title="bbox 236 2153 1054 2189">
     <span class='ocr_line' id='line_1_44' title="bbox 236 2153 1054 2189; baseline 0.004 -9"><span class='ocrx_word' id='word_1_311' title='bbox 236 2154 338 2181; x_wconf 88' lang='lat' dir='ltr'><strong>tertius</strong></span> <span class='ocrx_word' id='word_1_312' title='bbox 348 2154 580 2189; x_wconf 79' lang='lat' dir='ltr'><strong>conjugatorum.</strong></span> <span class='ocrx_word' id='word_1_313' title='bbox 597 2153 711 2181; x_wconf 87' lang='lat' dir='ltr'><strong>Primus</strong></span> <span class='ocrx_word' id='word_1_314' title='bbox 719 2162 845 2189; x_wconf 86' lang='lat' dir='ltr'><strong>namque</strong></span> <span class='ocrx_word' id='word_1_315' title='bbox 860 2155 945 2182; x_wconf 82' lang='lat' dir='ltr'><strong>debet</strong></span> <span class='ocrx_word' id='word_1_316' title='bbox 956 2158 1054 2183; x_wconf 90' lang='lat' dir='ltr'><strong>contra</strong></span> 
     </span>
    </p>
   </div>
   <div class='ocr_carea' id='block_1_45' title="bbox 234 2198 1055 2231">
    <p class='ocr_par' dir='ltr' id='par_1_45' title="bbox 234 2198 1055 2231">
     <span class='ocr_line' id='line_1_45' title="bbox 234 2198 1055 2231; baseline 0.002 -6"><span class='ocrx_word' id='word_1_317' title='bbox 234 2198 310 2226; x_wconf 85' lang='lat' dir='ltr'><strong>hanc</strong></span> <span class='ocrx_word' id='word_1_318' title='bbox 340 2198 451 2230; x_wconf 87' lang='lat' dir='ltr'><strong>ardere,</strong></span> <span class='ocrx_word' id='word_1_319' title='bbox 474 2198 619 2225; x_wconf 85' lang='lat' dir='ltr'><strong>indefessa</strong></span> <span class='ocrx_word' id='word_1_320' title='bbox 647 2198 842 2231; x_wconf 87' lang='lat' dir='ltr'><strong>exortationc;</strong></span> <span class='ocrx_word' id='word_1_321' title='bbox 873 2199 1055 2227; x_wconf 85' lang='lat' dir='ltr'><strong>continentes</strong></span> 
     </span>
    </p>
   </div>
   <div class='ocr_carea' id='block_1_46' title="bbox 234 2242 1054 2279">
    <p class='ocr_par' dir='ltr' id='par_1_46' title="bbox 234 2242 1054 2279">
     <span class='ocr_line' id='line_1_46' title="bbox 234 2242 1054 2279; baseline 0 -9"><span class='ocrx_word' id='word_1_322' title='bbox 234 2244 342 2275; x_wconf 84' lang='lat' dir='ltr'><strong>autem,</strong></span> <span class='ocrx_word' id='word_1_323' title='bbox 360 2242 478 2270; x_wconf 88' lang='lat' dir='ltr'><strong>assidua</strong></span> <span class='ocrx_word' id='word_1_324' title='bbox 493 2242 641 2275; x_wconf 85' lang='lat' dir='ltr'><strong>oratione;</strong></span> <span class='ocrx_word' id='word_1_325' title='bbox 657 2250 707 2270; x_wconf 82' lang='lat' dir='ltr'><strong>vos</strong></span> <span class='ocrx_word' id='word_1_326' title='bbox 720 2250 798 2276; x_wconf 88' lang='lat' dir='ltr'><strong>vero,</strong></span> <span class='ocrx_word' id='word_1_327' title='bbox 820 2243 870 2278; x_wconf 91' lang='lat' dir='ltr'><strong>qui</strong></span> <span class='ocrx_word' id='word_1_328' title='bbox 905 2243 1054 2279; x_wconf 86' lang='lat' dir='ltr'><strong>conjugati</strong></span> 
     </span>
    </p>
   </div>
   <div class='ocr_carea' id='block_1_47' title="bbox 233 2286 1054 2320">
    <p class='ocr_par' dir='ltr' id='par_1_47' title="bbox 233 2286 1054 2320">
     <span class='ocr_line' id='line_1_47' title="bbox 233 2286 1054 2320; baseline 0.001 -6"><span class='ocrx_word' id='word_1_329' title='bbox 233 2287 566 2320; x_wconf 86' lang='lat' dir='ltr'><strong>estis,etinvcstrarum</strong></span> <span class='ocrx_word' id='word_1_330' title='bbox 590 2286 687 2314; x_wconf 88' lang='lat' dir='ltr'><strong>labore</strong></span> <span class='ocrx_word' id='word_1_331' title='bbox 716 2295 858 2314; x_wconf 82' lang='lat' dir='ltr'><strong>manuum</strong></span> <span class='ocrx_word' id='word_1_332' title='bbox 887 2287 991 2320; x_wconf 86' lang='lat' dir='ltr'><strong>vivitis,</strong></span> <span class='ocrx_word' id='word_1_333' title='bbox 1023 2290 1054 2315; x_wconf 92' lang='lat' dir='ltr'><strong>ut</strong></span> 
     </span>
    </p>
   </div>
   <div class='ocr_carea' id='block_1_48' title="bbox 233 2330 1057 2366">
    <p class='ocr_par' dir='ltr' id='par_1_48' title="bbox 233 2330 1057 2366">
     <span class='ocr_line' id='line_1_48' title="bbox 233 2330 1057 2366; baseline 0.001 -8"><span class='ocrx_word' id='word_1_334' title='bbox 233 2331 310 2359; x_wconf 88' lang='lat' dir='ltr'><strong>Deus</strong></span> <span class='ocrx_word' id='word_1_335' title='bbox 321 2331 506 2366; x_wconf 84' lang='lat' dir='ltr'><strong>omnipotens</strong></span> <span class='ocrx_word' id='word_1_336' title='bbox 518 2331 592 2358; x_wconf 82' lang='lat' dir='ltr'><strong>hanc</strong></span> <span class='ocrx_word' id='word_1_337' title='bbox 605 2332 640 2359; x_wconf 88' lang='lat' dir='ltr'><strong>ab</strong></span> <span class='ocrx_word' id='word_1_338' title='bbox 649 2330 777 2358; x_wconf 86' lang='lat' dir='ltr'><strong>Ecclesia</strong></span> <span class='ocrx_word' id='word_1_339' title='bbox 788 2332 889 2358; x_wconf 82' lang='lat' dir='ltr'><strong>sancta</strong></span> <span class='ocrx_word' id='word_1_340' title='bbox 900 2331 1019 2366; x_wconf 81' lang='lat' dir='ltr'><strong>repellat</strong></span> <span class='ocrx_word' id='word_1_341' title='bbox 1029 2335 1057 2359; x_wconf 88' lang='lat' dir='ltr'><strong>et</strong></span> 
     </span>
    </p>
   </div>
   <div class='ocr_carea' id='block_1_49' title="bbox 231 2375 1055 2411">
    <p class='ocr_par' dir='ltr' id='par_1_49' title="bbox 231 2375 1055 2411">
     <span class='ocr_line' id='line_1_49' title="bbox 231 2375 1055 2411; baseline 0.001 -9"><span class='ocrx_word' id='word_1_342' title='bbox 231 2376 390 2411; x_wconf 78' lang='lat' dir='ltr'><strong>disperdat,</strong></span> <span class='ocrx_word' id='word_1_343' title='bbox 400 2375 531 2410; x_wconf 85' lang='lat' dir='ltr'><strong>quotidie</strong></span> <span class='ocrx_word' id='word_1_344' title='bbox 544 2375 739 2410; x_wconf 85' lang='lat' dir='ltr'><strong>ardenterquc</strong></span> <span class='ocrx_word' id='word_1_345' title='bbox 751 2375 887 2409; x_wconf 84' lang='lat' dir='ltr'><strong>operibus</strong></span> <span class='ocrx_word' id='word_1_346' title='bbox 899 2375 1055 2411; x_wconf 85' lang='lat' dir='ltr'><strong>elcemosy-</strong></span> 
     </span>
    </p>
   </div>
   <div class='ocr_carea' id='block_1_50' title="bbox 230 2416 1074 2454">
    <p class='ocr_par' dir='ltr' id='par_1_50' title="bbox 230 2416 1074 2454">
     <span class='ocr_line' id='line_1_50' title="bbox 230 2416 1074 2454; baseline 0.001 -8"><span class='ocrx_word' id='word_1_347' title='bbox 230 2427 334 2448; x_wconf 87' lang='lat' dir='ltr'><strong>narum</strong></span> <span class='ocrx_word' id='word_1_348' title='bbox 352 2420 462 2447; x_wconf 83' lang='lat' dir='ltr'><strong>instare</strong></span> <span class='ocrx_word' id='word_1_349' title='bbox 481 2420 602 2447; x_wconf 77' lang='lat' dir='ltr'><strong>debetis.</strong></span> <span class='ocrx_word' id='word_1_350' title='bbox 615 2419 753 2454; x_wconf 83' lang='lat' dir='ltr'><strong>Quisquis</strong></span> <span class='ocrx_word' id='word_1_351' title='bbox 769 2419 858 2454; x_wconf 78' lang='lat' dir='ltr'><strong>igitur</strong></span> <span class='ocrx_word' id='word_1_352' title='bbox 875 2427 950 2446; x_wconf 87' lang='lat' dir='ltr'><strong>nunc</strong></span> <span class='ocrx_word' id='word_1_353' title='bbox 961 2428 994 2447; x_wconf 82' lang='lat' dir='ltr'><strong>ex</strong></span> <span class='ocrx_word' id='word_1_354' title='bbox 1010 2416 1074 2447; x_wconf 29' lang='lat' dir='ltr'><strong>hi&#39;s‘</strong></span> 
     </span>
    </p>
   </div>
   <div class='ocr_carea' id='block_1_51' title="bbox 231 2463 1054 2498">
    <p class='ocr_par' dir='ltr' id='par_1_51' title="bbox 231 2463 1054 2498">
     <span class='ocr_line' id='line_1_51' title="bbox 231 2463 1054 2498; baseline 0.001 -8"><span class='ocrx_word' id='word_1_355' title='bbox 231 2463 325 2490; x_wconf 82' lang='lat' dir='ltr'><strong>tribus</strong></span> <span class='ocrx_word' id='word_1_356' title='bbox 342 2463 498 2491; x_wconf 86' lang='lat' dir='ltr'><strong>ordinibus</strong></span> <span class='ocrx_word' id='word_1_357' title='bbox 515 2466 615 2491; x_wconf 86' lang='lat' dir='ltr'><strong>contra</strong></span> <span class='ocrx_word' id='word_1_358' title='bbox 626 2463 902 2495; x_wconf 86' lang='lat' dir='ltr'><strong>Simoniacam,cum</strong></span> <span class='ocrx_word' id='word_1_359' title='bbox 915 2463 1054 2498; x_wconf 80' lang='lat' dir='ltr'><strong>hisjusti-</strong></span> 
     </span>
    </p>
   </div>
   <div class='ocr_carea' id='block_1_52' title="bbox 232 2506 1055 2543">
    <p class='ocr_par' dir='ltr' id='par_1_52' title="bbox 232 2506 1055 2543">
     <span class='ocr_line' id='line_1_52' title="bbox 232 2506 1055 2543; baseline 0.004 -10"><span class='ocrx_word' id='word_1_360' title='bbox 232 2506 278 2534; x_wconf 69' lang='lat' dir='ltr'><strong>tite</strong></span> <span class='ocrx_word' id='word_1_361' title='bbox 287 2507 570 2541; x_wconf 76' lang='lat' dir='ltr'><strong>operibus,ardentcr</strong></span> <span class='ocrx_word' id='word_1_362' title='bbox 579 2508 698 2535; x_wconf 88' lang='lat' dir='ltr'><strong>minime</strong></span> <span class='ocrx_word' id='word_1_363' title='bbox 707 2508 970 2543; x_wconf 75' lang='lat' dir='ltr'><strong>pugnaverit,juxta</strong></span> <span class='ocrx_word' id='word_1_364' title='bbox 978 2508 1055 2536; x_wconf 85' lang='lat' dir='ltr'><strong>dicta</strong></span> 
     </span>
    </p>
   </div>
   <div class='ocr_carea' id='block_1_53' title="bbox 231 2550 1052 2587">
    <p class='ocr_par' dir='ltr' id='par_1_53' title="bbox 231 2550 1052 2587">
     <span class='ocr_line' id='line_1_53' title="bbox 231 2550 1052 2587; baseline 0 -9"><span class='ocrx_word' id='word_1_365' title='bbox 231 2550 356 2585; x_wconf 87' lang='lat' dir='ltr'><strong>Spiritus</strong></span> <span class='ocrx_word' id='word_1_366' title='bbox 372 2551 477 2584; x_wconf 84' lang='lat' dir='ltr'><strong>sancti,</strong></span> <span class='ocrx_word' id='word_1_367' title='bbox 493 2552 543 2586; x_wconf 89' lang='lat' dir='ltr'><strong>qui</strong></span> <span class='ocrx_word' id='word_1_368' title='bbox 559 2552 618 2579; x_wconf 56' lang='lat' dir='ltr'><strong>hac</strong></span> <span class='ocrx_word' id='word_1_369' title='bbox 634 2552 706 2579; x_wconf 85' lang='lat' dir='ltr'><strong>dixit</strong></span> <span class='ocrx_word' id='word_1_370' title='bbox 721 2560 771 2586; x_wconf 91' lang='lat' dir='ltr'><strong>per</strong></span> <span class='ocrx_word' id='word_1_371' title='bbox 800 2560 832 2578; x_wconf 88' lang='lat' dir='ltr'><strong>os</strong></span> <span class='ocrx_word' id='word_1_372' title='bbox 860 2552 886 2578; x_wconf 83' lang='grc' dir='ltr'><strong>Β.</strong></span> <span class='ocrx_word' id='word_1_373' title='bbox 913 2552 1052 2587; x_wconf 83' lang='lat' dir='ltr'><strong>Gregorii,</strong></span> 
     </span>
    </p>
   </div>
   <div class='ocr_carea' id='block_1_54' title="bbox 230 2595 1051 2631">
    <p class='ocr_par' dir='ltr' id='par_1_54' title="bbox 230 2595 1051 2631">
     <span class='ocr_line' id='line_1_54' title="bbox 230 2595 1051 2631; baseline 0.002 -10"><span class='ocrx_word' id='word_1_374' title='bbox 230 2602 357 2629; x_wconf 83' lang='lat' dir='ltr'><strong>pcenam,</strong></span> <span class='ocrx_word' id='word_1_375' title='bbox 375 2602 463 2629; x_wconf 88' lang='lat' dir='ltr'><strong>quam</strong></span> <span class='ocrx_word' id='word_1_376' title='bbox 488 2595 587 2622; x_wconf 87' lang='lat' dir='ltr'><strong>Simon</strong></span> <span class='ocrx_word' id='word_1_377' title='bbox 616 2595 718 2630; x_wconf 81' lang='lat' dir='ltr'><strong>Magus</strong></span> <span class='ocrx_word' id='word_1_378' title='bbox 746 2603 823 2622; x_wconf 91' lang='lat' dir='ltr'><strong>nunc</strong></span> <span class='ocrx_word' id='word_1_379' title='bbox 850 2595 945 2628; x_wconf 83' lang='lat' dir='ltr'><strong>habet,</strong></span> <span class='ocrx_word' id='word_1_380' title='bbox 975 2597 1051 2631; x_wconf 88' lang='lat' dir='ltr'><strong>quod</strong></span> 
     </span>
    </p>
   </div>
   <div class='ocr_carea' id='block_1_55' title="bbox 230 2638 1050 2675">
    <p class='ocr_par' dir='ltr' id='par_1_55' title="bbox 230 2638 1050 2675">
     <span class='ocr_line' id='line_1_55' title="bbox 230 2638 1050 2675; baseline 0.002 -10"><span class='ocrx_word' id='word_1_381' title='bbox 230 2638 362 2666; x_wconf 85' lang='lat' dir='ltr'><strong>eamdem</strong></span> <span class='ocrx_word' id='word_1_382' title='bbox 377 2638 405 2665; x_wconf 92' lang='lat' dir='ltr'><strong>in</strong></span> <span class='ocrx_word' id='word_1_383' title='bbox 428 2639 483 2665; x_wconf 80' lang='lat' dir='ltr'><strong>fine</strong></span> <span class='ocrx_word' id='word_1_384' title='bbox 499 2639 625 2675; x_wconf 84' lang='lat' dir='ltr'><strong>eil‘ugere</strong></span> <span class='ocrx_word' id='word_1_385' title='bbox 641 2640 738 2673; x_wconf 86' lang='lat' dir='ltr'><strong>queat,</strong></span> <span class='ocrx_word' id='word_1_386' title='bbox 756 2638 835 2666; x_wconf 92' lang='lat' dir='ltr'><strong>nullo</strong></span> <span class='ocrx_word' id='word_1_387' title='bbox 845 2639 931 2666; x_wconf 90' lang='lat' dir='ltr'><strong>modo</strong></span> <span class='ocrx_word' id='word_1_388' title='bbox 942 2640 1050 2675; x_wconf 85' lang='lat' dir='ltr'><strong>credat,</strong></span> 
     </span>
    </p>
   </div>
   <div class='ocr_carea' id='block_1_56' title="bbox 231 2675 1050 2718">
    <p class='ocr_par' dir='ltr' id='par_1_56' title="bbox 231 2675 1050 2718">
     <span class='ocr_line' id='line_1_56' title="bbox 231 2675 1050 2718; baseline 0.004 -10"><span class='ocrx_word' id='word_1_389' title='bbox 231 2681 259 2708; x_wconf 89' lang='lat' dir='ltr'><strong>Si</strong></span> <span class='ocrx_word' id='word_1_390' title='bbox 273 2682 350 2709; x_wconf 85' lang='lat' dir='ltr'><strong>enim</strong></span> <span class='ocrx_word' id='word_1_391' title='bbox 362 2682 402 2716; x_wconf 91' lang='lat' dir='ltr'><strong>hi,</strong></span> <span class='ocrx_word' id='word_1_392' title='bbox 420 2681 528 2717; x_wconf 88' lang='lat' dir='ltr'><strong>quibus</strong></span> <span class='ocrx_word' id='word_1_393' title='bbox 539 2685 584 2709; x_wconf 87' lang='lat' dir='ltr'><strong>est</strong></span> <span class='ocrx_word' id='word_1_394' title='bbox 599 2681 718 2709; x_wconf 87' lang='lat' dir='ltr'><strong>scientia</strong></span> <span class='ocrx_word' id='word_1_395' title='bbox 732 2675 935 2718; x_wconf 41' lang='lat' dir='ltr'><strong>officiumque.</strong></span> <span class='ocrx_word' id='word_1_396' title='bbox 949 2684 1050 2718; x_wconf 68' lang='lat' dir='ltr'><strong>prmdi-</strong></span> 
     </span>
    </p>
   </div>
   <div class='ocr_carea' id='block_1_57' title="bbox 231 2725 1048 2761">
    <p class='ocr_par' dir='ltr' id='par_1_57' title="bbox 231 2725 1048 2761">
     <span class='ocr_line' id='line_1_57' title="bbox 231 2725 1048 2761; baseline 0.007 -11"><span class='ocrx_word' id='word_1_397' title='bbox 231 2725 314 2751; x_wconf 84' lang='lat' dir='ltr'><strong>candi</strong></span> <span class='ocrx_word' id='word_1_398' title='bbox 328 2725 667 2760; x_wconf 81' lang='lat' dir='ltr'><strong>commissum,qnalibct</strong></span> <span class='ocrx_word' id='word_1_399' title='bbox 682 2733 715 2752; x_wconf 85' lang='lat' dir='ltr'><strong>ex</strong></span> <span class='ocrx_word' id='word_1_400' title='bbox 731 2733 819 2753; x_wconf 85' lang='lat' dir='ltr'><strong>causa</strong></span> <span class='ocrx_word' id='word_1_401' title='bbox 835 2727 1048 2761; x_wconf 85' lang='lat' dir='ltr'><strong>tacuerint,non</strong></span> 
     </span>
    </p>
   </div>
   <div class='ocr_carea' id='block_1_58' title="bbox 231 2766 1048 2804">
    <p class='ocr_par' dir='ltr' id='par_1_58' title="bbox 231 2766 1048 2804">
     <span class='ocr_line' id='line_1_58' title="bbox 231 2766 1048 2804; baseline 0.01 -12"><span class='ocrx_word' id='word_1_402' title='bbox 231 2766 325 2794; x_wconf 88' lang='lat' dir='ltr'><strong>solum</strong></span> <span class='ocrx_word' id='word_1_403' title='bbox 337 2770 530 2802; x_wconf 85' lang='lat' dir='ltr'><strong>continentes,</strong></span> <span class='ocrx_word' id='word_1_404' title='bbox 547 2776 671 2804; x_wconf 89' lang='lat' dir='ltr'><strong>quorum</strong></span> <span class='ocrx_word' id='word_1_405' title='bbox 687 2769 851 2804; x_wconf 65' lang='lat' dir='ltr'><strong>praedicatio</strong></span> <span class='ocrx_word' id='word_1_406' title='bbox 876 2772 957 2799; x_wconf 85' lang='lat' dir='ltr'><strong>tanto</strong></span> <span class='ocrx_word' id='word_1_407' title='bbox 985 2780 1048 2800; x_wconf 84' lang='lat' dir='ltr'><strong>esse</strong></span> 
     </span>
    </p>
   </div>
   <div class='ocr_carea' id='block_1_59' title="bbox 231 2807 1048 2852">
    <p class='ocr_par' dir='ltr' id='par_1_59' title="bbox 231 2807 1048 2852">
     <span class='ocr_line' id='line_1_59' title="bbox 231 2807 1048 2852; baseline 0.013 -17"><span class='ocrx_word' id='word_1_408' title='bbox 231 2807 315 2837; x_wconf 83' lang='lat' dir='ltr'><strong>debet</strong></span> <span class='ocrx_word' id='word_1_409' title='bbox 324 2809 441 2841; x_wconf 82' lang='lat' dir='ltr'><strong>liberior</strong></span> <span class='ocrx_word' id='word_1_410' title='bbox 451 2814 480 2841; x_wconf 86' lang='lat' dir='ltr'><strong>et</strong></span> <span class='ocrx_word' id='word_1_411' title='bbox 494 2811 631 2846; x_wconf 79' lang='lat' dir='ltr'><strong>voracior,</strong></span> <span class='ocrx_word' id='word_1_412' title='bbox 644 2814 751 2849; x_wconf 77' lang='lat' dir='ltr'><strong>quanto</strong></span> <span class='ocrx_word' id='word_1_413' title='bbox 768 2815 882 2844; x_wconf 80' lang='lat' dir='ltr'><strong>constat</strong></span> <span class='ocrx_word' id='word_1_414' title='bbox 896 2814 964 2852; x_wconf 85' lang='lat' dir='ltr'><strong>quia</strong></span> <span class='ocrx_word' id='word_1_415' title='bbox 979 2818 1048 2846; x_wconf 86' lang='lat' dir='ltr'><strong>sunt</strong></span> 
     </span>
    </p>
   </div>
   <div class='ocr_carea' id='block_1_60' title="bbox 1111 195 1950 228">
    <p class='ocr_par' dir='ltr' id='par_1_60' title="bbox 1111 195 1950 228">
     <span class='ocr_line' id='line_1_60' title="bbox 1111 195 1950 228; baseline -0.002 0"><span class='ocrx_word' id='word_1_416' title='bbox 1111 195 1364 228; x_wconf 80' lang='lat' dir='ltr'><strong>ERLEMBALDI</strong></span> <span class='ocrx_word' id='word_1_417' title='bbox 1873 198 1887 227; x_wconf 81' lang='grc' dir='ltr'><strong>Ι</strong></span> <span class='ocrx_word' id='word_1_418' title='bbox 1894 197 1950 226; x_wconf 75' lang='grc'><strong>452</strong></span> 
     </span>
    </p>
   </div>
   <div class='ocr_carea' id='block_1_61' title="bbox 1104 260 1949 298">
    <p class='ocr_par' dir='ltr' id='par_1_61' title="bbox 1104 260 1949 298">
     <span class='ocr_line' id='line_1_61' title="bbox 1104 260 1949 298; baseline 0 -8"><span class='ocrx_word' id='word_1_419' title='bbox 1104 263 1140 290; x_wconf 87' lang='lat' dir='ltr'><strong>ab</strong></span> <span class='ocrx_word' id='word_1_420' title='bbox 1155 263 1235 290; x_wconf 91' lang='lat' dir='ltr'><strong>omni</strong></span> <span class='ocrx_word' id='word_1_421' title='bbox 1249 270 1279 290; x_wconf 89' lang='lat' dir='ltr'><strong>re</strong></span> <span class='ocrx_word' id='word_1_422' title='bbox 1290 261 1421 290; x_wconf 74' lang='lat' dir='ltr'><strong>smculari</strong></span> <span class='ocrx_word' id='word_1_423' title='bbox 1435 261 1574 298; x_wconf 83' lang='lat' dir='ltr'><strong>expediti,</strong></span> <span class='ocrx_word' id='word_1_424' title='bbox 1587 263 1617 289; x_wconf 87' lang='lat' dir='ltr'><strong>et</strong></span> <span class='ocrx_word' id='word_1_425' title='bbox 1634 268 1734 290; x_wconf 77' lang='lat' dir='ltr'><strong>sacrae</strong></span> <span class='ocrx_word' id='word_1_426' title='bbox 1753 260 1835 297; x_wconf 82' lang='lat' dir='ltr'><strong>legis</strong></span> <span class='ocrx_word' id='word_1_427' title='bbox 1865 262 1949 290; x_wconf 87' lang='lat' dir='ltr'><strong>medi-</strong></span> 
     </span>
    </p>
   </div>
   <div class='ocr_carea' id='block_1_62' title="bbox 1103 305 1946 341">
    <p class='ocr_par' dir='ltr' id='par_1_62' title="bbox 1103 305 1946 341">
     <span class='ocr_line' id='line_1_62' title="bbox 1103 305 1946 341; baseline 0 -7"><span class='ocrx_word' id='word_1_428' title='bbox 1103 306 1212 334; x_wconf 85' lang='lat' dir='ltr'><strong>tatione</strong></span> <span class='ocrx_word' id='word_1_429' title='bbox 1224 307 1343 334; x_wconf 84' lang='lat' dir='ltr'><strong>assidua</strong></span> <span class='ocrx_word' id='word_1_430' title='bbox 1357 305 1462 339; x_wconf 90' lang='lat' dir='ltr'><strong>edocti,</strong></span> <span class='ocrx_word' id='word_1_431' title='bbox 1478 314 1581 334; x_wconf 78' lang='lat' dir='ltr'><strong>verum</strong></span> <span class='ocrx_word' id='word_1_432' title='bbox 1598 305 1691 333; x_wconf 85' lang='lat' dir='ltr'><strong>etiam</strong></span> <span class='ocrx_word' id='word_1_433' title='bbox 1710 313 1780 339; x_wconf 83' lang='lat' dir='ltr'><strong>vos,</strong></span> <span class='ocrx_word' id='word_1_434' title='bbox 1800 306 1853 341; x_wconf 89' lang='lat' dir='ltr'><strong>qui</strong></span> <span class='ocrx_word' id='word_1_435' title='bbox 1881 307 1946 334; x_wconf 84' lang='lat' dir='ltr'><strong>estis</strong></span> 
     </span>
    </p>
   </div>
   <div class='ocr_carea' id='block_1_63' title="bbox 1102 349 1946 387">
    <p class='ocr_par' dir='ltr' id='par_1_63' title="bbox 1102 349 1946 387">
     <span class='ocr_line' id='line_1_63' title="bbox 1102 349 1946 387; baseline 0 -10"><span class='ocrx_word' id='word_1_436' title='bbox 1102 350 1199 378; x_wconf 78' lang='lat' dir='ltr'><strong>idiotas</strong></span> <span class='ocrx_word' id='word_1_437' title='bbox 1208 351 1360 387; x_wconf 84' lang='lat' dir='ltr'><strong>ignarique</strong></span> <span class='ocrx_word' id='word_1_438' title='bbox 1371 350 1769 386; x_wconf 71' lang='lat' dir='ltr'><strong>Scripturm,communibus</strong></span> <span class='ocrx_word' id='word_1_439' title='bbox 1777 349 1878 378; x_wconf 86' lang='lat' dir='ltr'><strong>verbis</strong></span> <span class='ocrx_word' id='word_1_440' title='bbox 1888 350 1946 386; x_wconf 88' lang='lat' dir='ltr'><strong>qui-</strong></span> 
     </span>
    </p>
   </div>
   <div class='ocr_carea' id='block_1_64' title="bbox 1103 394 1948 430">
    <p class='ocr_par' dir='ltr' id='par_1_64' title="bbox 1103 394 1948 430">
     <span class='ocr_line' id='line_1_64' title="bbox 1103 394 1948 430; baseline 0 -8"><span class='ocrx_word' id='word_1_441' title='bbox 1103 394 1278 427; x_wconf 86' lang='lat' dir='ltr'><strong>busvaletis,</strong></span> <span class='ocrx_word' id='word_1_442' title='bbox 1294 394 1418 422; x_wconf 89' lang='lat' dir='ltr'><strong>invicem</strong></span> <span class='ocrx_word' id='word_1_443' title='bbox 1433 403 1485 423; x_wconf 89' lang='lat' dir='ltr'><strong>vos</strong></span> <span class='ocrx_word' id='word_1_444' title='bbox 1495 397 1599 423; x_wconf 86' lang='lat' dir='ltr'><strong>cautos</strong></span> <span class='ocrx_word' id='word_1_445' title='bbox 1610 395 1648 422; x_wconf 89' lang='lat' dir='ltr'><strong>ab</strong></span> <span class='ocrx_word' id='word_1_446' title='bbox 1660 394 1724 422; x_wconf 84' lang='lat' dir='ltr'><strong>hac</strong></span> <span class='ocrx_word' id='word_1_447' title='bbox 1742 402 1805 430; x_wconf 87' lang='lat' dir='ltr'><strong>neq</strong></span> <span class='ocrx_word' id='word_1_448' title='bbox 1812 394 1948 422; x_wconf 81' lang='lat' dir='ltr'><strong>uitiared-</strong></span> 
     </span>
    </p>
   </div>
   <div class='ocr_carea' id='block_1_65' title="bbox 1102 439 1940 467">
    <p class='ocr_par' dir='ltr' id='par_1_65' title="bbox 1102 439 1940 467">
     <span class='ocr_line' id='line_1_65' title="bbox 1102 439 1940 467; baseline 0 -1"><span class='ocrx_word' id='word_1_449' title='bbox 1102 439 1170 466; x_wconf 83' lang='lat' dir='ltr'><strong>dere</strong></span> <span class='ocrx_word' id='word_1_450' title='bbox 1184 439 1306 467; x_wconf 89' lang='lat' dir='ltr'><strong>debetis.</strong></span> <span class='ocrx_word' id='word_1_451' title='bbox 1323 439 1404 467; x_wconf 85' lang='lat' dir='ltr'><strong>Unde</strong></span> <span class='ocrx_word' id='word_1_452' title='bbox 1418 439 1562 467; x_wconf 85' lang='lat' dir='ltr'><strong>Dominus</strong></span> <span class='ocrx_word' id='word_1_453' title='bbox 1577 439 1653 467; x_wconf 83' lang='lat' dir='ltr'><strong>dixit</strong></span> <span class='ocrx_word' id='word_1_454' title='bbox 1668 447 1675 466; x_wconf 89' lang='lat'><strong>:</strong></span> <span class='ocrx_word' id='word_1_455' title='bbox 1712 450 1728 464; x_wconf 84' lang='lat'><strong><em>«</em></strong></span> <span class='ocrx_word' id='word_1_456' title='bbox 1754 439 1787 467; x_wconf 92' lang='lat' dir='ltr'><strong>Si</strong></span> <span class='ocrx_word' id='word_1_457' title='bbox 1811 439 1940 467; x_wconf 82' lang='lat' dir='ltr'><strong>homines</strong></span> 
     </span>
    </p>
   </div>
   <div class='ocr_carea' id='block_1_66' title="bbox 1101 483 1947 519">
    <p class='ocr_par' dir='ltr' id='par_1_66' title="bbox 1101 483 1947 519">
     <span class='ocr_line' id='line_1_66' title="bbox 1101 483 1947 519; baseline 0.001 -9"><span class='ocrx_word' id='word_1_458' title='bbox 1101 483 1384 519; x_wconf 87' lang='lat' dir='ltr'><strong>tacuerint,parietes</strong></span> <span class='ocrx_word' id='word_1_459' title='bbox 1401 483 1558 519; x_wconf 85' lang='lat' dir='ltr'><strong>loquentur</strong></span> <span class='ocrx_word' id='word_1_460' title='bbox 1569 484 1647 519; x_wconf 83' lang='lat' dir='ltr'><strong>(Luc.</strong></span> <span class='ocrx_word' id='word_1_461' title='bbox 1666 491 1731 516; x_wconf 78' lang='lat' dir='ltr'><strong>xix,</strong></span> <span class='ocrx_word' id='word_1_462' title='bbox 1749 484 1810 519; x_wconf 68' lang='grc'><strong>40).</strong></span> <span class='ocrx_word' id='word_1_463' title='bbox 1831 494 1842 508; x_wconf 81' lang='grc' dir='ltr'>ι</span> <span class='ocrx_word' id='word_1_464' title='bbox 1855 483 1947 511; x_wconf 83' lang='lat' dir='ltr'><strong>Nonne</strong></span> 
     </span>
    </p>
   </div>
   <div class='ocr_carea' id='block_1_67' title="bbox 1103 527 1943 563">
    <p class='ocr_par' dir='ltr' id='par_1_67' title="bbox 1103 527 1943 563">
     <span class='ocr_line' id='line_1_67' title="bbox 1103 527 1943 563; baseline -0.001 -8"><span class='ocrx_word' id='word_1_465' title='bbox 1103 527 1138 554; x_wconf 86' lang='lat' dir='ltr'><strong>de</strong></span> <span class='ocrx_word' id='word_1_466' title='bbox 1149 527 1203 555; x_wconf 92' lang='lat' dir='ltr'><strong>hac</strong></span> <span class='ocrx_word' id='word_1_467' title='bbox 1214 536 1244 555; x_wconf 89' lang='lat' dir='ltr'><strong>re</strong></span> <span class='ocrx_word' id='word_1_468' title='bbox 1255 527 1325 555; x_wconf 91' lang='lat' dir='ltr'><strong>dicit</strong></span> <span class='ocrx_word' id='word_1_469' title='bbox 1335 527 1477 563; x_wconf 86' lang='lat' dir='ltr'><strong>propheta</strong></span> <span class='ocrx_word' id='word_1_470' title='bbox 1489 536 1495 554; x_wconf 92' lang='lat'>:</span> <span class='ocrx_word' id='word_1_471' title='bbox 1509 539 1522 552; x_wconf 87' lang='lat'><strong><em>«</em></strong></span> <span class='ocrx_word' id='word_1_472' title='bbox 1537 527 1734 560; x_wconf 83' lang='lat' dir='ltr'><strong>Maledictus,</strong></span> <span class='ocrx_word' id='word_1_473' title='bbox 1745 527 1801 563; x_wconf 87' lang='lat' dir='ltr'><strong>qui</strong></span> <span class='ocrx_word' id='word_1_474' title='bbox 1814 527 1943 563; x_wconf 87' lang='lat' dir='ltr'><strong>prohibet</strong></span> 
     </span>
    </p>
   </div>
   <div class='ocr_carea' id='block_1_68' title="bbox 1103 571 1941 608">
    <p class='ocr_par' dir='ltr' id='par_1_68' title="bbox 1103 571 1941 608">
     <span class='ocr_line' id='line_1_68' title="bbox 1103 571 1941 608; baseline 0 -10"><span class='ocrx_word' id='word_1_475' title='bbox 1103 571 1232 607; x_wconf 84' lang='lat' dir='ltr'><strong>gladium</strong></span> <span class='ocrx_word' id='word_1_476' title='bbox 1244 580 1332 599; x_wconf 90' lang='lat' dir='ltr'><strong>suum</strong></span> <span class='ocrx_word' id='word_1_477' title='bbox 1342 579 1359 598; x_wconf 83' lang='lat' dir='ltr'><strong>a</strong></span> <span class='ocrx_word' id='word_1_478' title='bbox 1374 571 1607 608; x_wconf 79' lang='lat' dir='ltr'><strong>sanguine?(1er.</strong></span> <span class='ocrx_word' id='word_1_479' title='bbox 1620 571 1815 606; x_wconf 74' lang='lat' dir='ltr'><strong>xt.vm,40,)»</strong></span> <span class='ocrx_word' id='word_1_480' title='bbox 1828 571 1883 599; x_wconf 89' lang='lat' dir='ltr'><strong>hoc</strong></span> <span class='ocrx_word' id='word_1_481' title='bbox 1891 574 1941 605; x_wconf 84' lang='lat' dir='ltr'><strong>est,</strong></span> 
     </span>
    </p>
   </div>
   <div class='ocr_carea' id='block_1_69' title="bbox 1104 615 1818 651">
    <p class='ocr_par' dir='ltr' id='par_1_69' title="bbox 1104 615 1818 651">
     <span class='ocr_line' id='line_1_69' title="bbox 1104 615 1818 651; baseline 0 -9"><span class='ocrx_word' id='word_1_482' title='bbox 1104 616 1140 643; x_wconf 87' lang='lat' dir='ltr'><strong>ab</strong></span> <span class='ocrx_word' id='word_1_483' title='bbox 1155 615 1355 643; x_wconf 86' lang='lat' dir='ltr'><strong>interfectione</strong></span> <span class='ocrx_word' id='word_1_484' title='bbox 1370 616 1460 651; x_wconf 88' lang='lat' dir='ltr'><strong>hujus</strong></span> <span class='ocrx_word' id='word_1_485' title='bbox 1476 616 1673 651; x_wconf 64' lang='lat' dir='ltr'><strong>nequissima:</strong></span> <span class='ocrx_word' id='word_1_486' title='bbox 1690 615 1818 644; x_wconf 63' lang='lat' dir='ltr'><strong>belluas.</strong></span> 
     </span>
    </p>
   </div>
   <div class='ocr_carea' id='block_1_70' title="bbox 1139 659 1945 696">
    <p class='ocr_par' dir='ltr' id='par_1_70' title="bbox 1139 659 1945 696">
     <span class='ocr_line' id='line_1_70' title="bbox 1139 659 1945 696; baseline 0.001 -9"><span class='ocrx_word' id='word_1_487' title='bbox 1139 660 1184 687; x_wconf 64' lang='lat' dir='ltr'><strong>2i.</strong></span> <span class='ocrx_word' id='word_1_488' title='bbox 1200 660 1263 687; x_wconf 80' lang='lat' dir='ltr'><strong>Haec</strong></span> <span class='ocrx_word' id='word_1_489' title='bbox 1275 660 1383 696; x_wconf 87' lang='lat' dir='ltr'><strong>quippe</strong></span> <span class='ocrx_word' id='word_1_490' title='bbox 1393 662 1422 687; x_wconf 89' lang='lat' dir='ltr'><strong>et</strong></span> <span class='ocrx_word' id='word_1_491' title='bbox 1447 660 1658 695; x_wconf 85' lang='lat' dir='ltr'><strong>hujuscemodi</strong></span> <span class='ocrx_word' id='word_1_492' title='bbox 1692 659 1882 696; x_wconf 78' lang='lat' dir='ltr'><strong>quamplura</strong></span> <span class='ocrx_word' id='word_1_493' title='bbox 1909 660 1945 688; x_wconf 49' lang='lat' dir='ltr'><strong>di.</strong></span> 
     </span>
    </p>
   </div>
   <div class='ocr_carea' id='block_1_71' title="bbox 1104 703 1946 740">
    <p class='ocr_par' dir='ltr' id='par_1_71' title="bbox 1104 703 1946 740">
     <span class='ocr_line' id='line_1_71' title="bbox 1104 703 1946 740; baseline 0 -9"><span class='ocrx_word' id='word_1_494' title='bbox 1104 705 1185 731; x_wconf 87' lang='lat' dir='ltr'><strong>cente</strong></span> <span class='ocrx_word' id='word_1_495' title='bbox 1199 704 1228 731; x_wconf 90' lang='grc' dir='ltr'><strong>Β.</strong></span> <span class='ocrx_word' id='word_1_496' title='bbox 1241 703 1402 737; x_wconf 83' lang='lat' dir='ltr'><strong>Arialdo,in</strong></span> <span class='ocrx_word' id='word_1_497' title='bbox 1412 703 1511 731; x_wconf 88' lang='lat' dir='ltr'><strong>locum</strong></span> <span class='ocrx_word' id='word_1_498' title='bbox 1520 703 1606 731; x_wconf 88' lang='lat' dir='ltr'><strong>illum</strong></span> <span class='ocrx_word' id='word_1_499' title='bbox 1619 703 1769 732; x_wconf 80' lang='lat' dir='ltr'><strong>salutifer</strong></span> <span class='ocrx_word' id='word_1_500' title='bbox 1782 704 1946 740; x_wconf 78' lang='lat' dir='ltr'><strong>illegladius</strong></span> 
     </span>
    </p>
   </div>
   <div class='ocr_carea' id='block_1_72' title="bbox 1105 747 1946 783">
    <p class='ocr_par' dir='ltr' id='par_1_72' title="bbox 1105 747 1946 783">
     <span class='ocr_line' id='line_1_72' title="bbox 1105 747 1946 783; baseline 0.002 -9"><span class='ocrx_word' id='word_1_501' title='bbox 1105 750 1150 775; x_wconf 87' lang='lat' dir='ltr'><strong>est</strong></span> <span class='ocrx_word' id='word_1_502' title='bbox 1165 747 1264 783; x_wconf 91' lang='lat' dir='ltr'><strong>procul</strong></span> <span class='ocrx_word' id='word_1_503' title='bbox 1279 748 1368 775; x_wconf 92' lang='lat' dir='ltr'><strong>dubio</strong></span> <span class='ocrx_word' id='word_1_504' title='bbox 1380 748 1501 781; x_wconf 88' lang='lat' dir='ltr'><strong>missus,</strong></span> <span class='ocrx_word' id='word_1_505' title='bbox 1516 748 1568 783; x_wconf 88' lang='lat' dir='ltr'><strong>qui</strong></span> <span class='ocrx_word' id='word_1_506' title='bbox 1585 747 1691 776; x_wconf 82' lang='lat' dir='ltr'><strong>ﬁdeles</strong></span> <span class='ocrx_word' id='word_1_507' title='bbox 1705 748 1820 776; x_wconf 81' lang='lat' dir='ltr'><strong>dividit</strong></span> <span class='ocrx_word' id='word_1_508' title='bbox 1835 748 1872 776; x_wconf 85' lang='lat' dir='ltr'><strong>ab</strong></span> <span class='ocrx_word' id='word_1_509' title='bbox 1890 748 1946 776; x_wconf 82' lang='lat' dir='ltr'><strong>inli-</strong></span> 
     </span>
    </p>
   </div>
   <div class='ocr_carea' id='block_1_73' title="bbox 1105 791 1944 827">
    <p class='ocr_par' dir='ltr' id='par_1_73' title="bbox 1105 791 1944 827">
     <span class='ocr_line' id='line_1_73' title="bbox 1105 791 1944 827; baseline 0.001 -8"><span class='ocrx_word' id='word_1_510' title='bbox 1105 791 1230 825; x_wconf 86' lang='lat' dir='ltr'><strong>delibus,</strong></span> <span class='ocrx_word' id='word_1_511' title='bbox 1246 793 1274 819; x_wconf 89' lang='lat' dir='ltr'><strong>et</strong></span> <span class='ocrx_word' id='word_1_512' title='bbox 1284 792 1319 819; x_wconf 91' lang='lat' dir='ltr'><strong>de</strong></span> <span class='ocrx_word' id='word_1_513' title='bbox 1330 800 1387 827; x_wconf 92' lang='lat' dir='ltr'><strong>quo</strong></span> <span class='ocrx_word' id='word_1_514' title='bbox 1402 791 1518 819; x_wconf 89' lang='lat' dir='ltr'><strong>locutus</strong></span> <span class='ocrx_word' id='word_1_515' title='bbox 1528 795 1574 819; x_wconf 91' lang='lat' dir='ltr'><strong>est</strong></span> <span class='ocrx_word' id='word_1_516' title='bbox 1589 792 1756 820; x_wconf 87' lang='lat' dir='ltr'><strong>Dominus.</strong></span> <span class='ocrx_word' id='word_1_517' title='bbox 1775 793 1842 821; x_wconf 87' lang='lat' dir='ltr'><strong>Non</strong></span> <span class='ocrx_word' id='word_1_518' title='bbox 1871 793 1944 825; x_wconf 82' lang='lat' dir='ltr'><strong>veni,</strong></span> 
     </span>
    </p>
   </div>
   <div class='ocr_carea' id='block_1_74' title="bbox 1105 835 1943 872">
    <p class='ocr_par' dir='ltr' id='par_1_74' title="bbox 1105 835 1943 872">
     <span class='ocr_line' id='line_1_74' title="bbox 1105 835 1943 872; baseline 0.002 -10"><span class='ocrx_word' id='word_1_519' title='bbox 1105 835 1314 871; x_wconf 85' lang='lat' dir='ltr'><strong>inquit,pacem</strong></span> <span class='ocrx_word' id='word_1_520' title='bbox 1330 836 1455 870; x_wconf 89' lang='lat' dir='ltr'><strong>mittere,</strong></span> <span class='ocrx_word' id='word_1_521' title='bbox 1468 836 1519 864; x_wconf 89' lang='lat' dir='ltr'><strong>sed</strong></span> <span class='ocrx_word' id='word_1_522' title='bbox 1536 836 1773 872; x_wconf 82' lang='lat' dir='ltr'><strong>gladium.Nam</strong></span> <span class='ocrx_word' id='word_1_523' title='bbox 1790 837 1943 872; x_wconf 90' lang='lat' dir='ltr'><strong>Guido,qui</strong></span> 
     </span>
    </p>
   </div>
   <div class='ocr_carea' id='block_1_75' title="bbox 1105 880 1943 916">
    <p class='ocr_par' dir='ltr' id='par_1_75' title="bbox 1105 880 1943 916">
     <span class='ocr_line' id='line_1_75' title="bbox 1105 880 1943 916; baseline 0.002 -9"><span class='ocrx_word' id='word_1_524' title='bbox 1105 880 1256 907; x_wconf 84' lang='lat' dir='ltr'><strong>dicebatur</strong></span> <span class='ocrx_word' id='word_1_525' title='bbox 1270 880 1518 916; x_wconf 85' lang='lat' dir='ltr'><strong>archiepiscopus,</strong></span> <span class='ocrx_word' id='word_1_526' title='bbox 1532 882 1561 908; x_wconf 81' lang='lat' dir='ltr'><strong>et</strong></span> <span class='ocrx_word' id='word_1_527' title='bbox 1571 889 1641 916; x_wconf 87' lang='lat' dir='ltr'><strong>pars</strong></span> <span class='ocrx_word' id='word_1_528' title='bbox 1667 881 1812 909; x_wconf 67' lang='lat' dir='ltr'><strong>maxima</strong></span> <span class='ocrx_word' id='word_1_529' title='bbox 1832 881 1943 909; x_wconf 86' lang='lat' dir='ltr'><strong>clerico-</strong></span> 
     </span>
    </p>
   </div>
   <div class='ocr_carea' id='block_1_76' title="bbox 1106 923 1944 962">
    <p class='ocr_par' dir='ltr' id='par_1_76' title="bbox 1106 923 1944 962">
     <span class='ocr_line' id='line_1_76' title="bbox 1106 923 1944 962; baseline 0.004 -12"><span class='ocrx_word' id='word_1_530' title='bbox 1106 932 1170 951; x_wconf 91' lang='lat' dir='ltr'><strong>rum</strong></span> <span class='ocrx_word' id='word_1_531' title='bbox 1183 926 1212 951; x_wconf 87' lang='lat' dir='ltr'><strong>et</strong></span> <span class='ocrx_word' id='word_1_532' title='bbox 1227 923 1365 959; x_wconf 90' lang='lat' dir='ltr'><strong>militum,</strong></span> <span class='ocrx_word' id='word_1_533' title='bbox 1378 932 1430 951; x_wconf 91' lang='lat' dir='ltr'><strong>nec</strong></span> <span class='ocrx_word' id='word_1_534' title='bbox 1447 933 1504 952; x_wconf 92' lang='lat' dir='ltr'><strong>non</strong></span> <span class='ocrx_word' id='word_1_535' title='bbox 1516 926 1545 952; x_wconf 85' lang='lat' dir='ltr'><strong>et</strong></span> <span class='ocrx_word' id='word_1_536' title='bbox 1556 924 1643 952; x_wconf 89' lang='lat' dir='ltr'><strong>multi</strong></span> <span class='ocrx_word' id='word_1_537' title='bbox 1658 924 1699 953; x_wconf 88' lang='lat' dir='ltr'><strong>de</strong></span> <span class='ocrx_word' id='word_1_538' title='bbox 1710 925 1829 962; x_wconf 90' lang='lat' dir='ltr'><strong>populo</strong></span> <span class='ocrx_word' id='word_1_539' title='bbox 1841 925 1944 953; x_wconf 87' lang='lat' dir='ltr'><strong>minore</strong></span> 
     </span>
    </p>
   </div>
   <div class='ocr_carea' id='block_1_77' title="bbox 1082 968 1943 1003">
    <p class='ocr_par' dir='ltr' id='par_1_77' title="bbox 1082 968 1943 1003">
     <span class='ocr_line' id='line_1_77' title="bbox 1082 968 1943 1003; baseline 0.002 -9"><span class='ocrx_word' id='word_1_540' title='bbox 1082 968 1090 995; x_wconf 76' lang='grc' dir='ltr'><strong><em>ἴ</em></strong></span> <span class='ocrx_word' id='word_1_541' title='bbox 1108 975 1235 1003; x_wconf 88' lang='lat' dir='ltr'><strong>nequam</strong></span> <span class='ocrx_word' id='word_1_542' title='bbox 1250 968 1314 1001; x_wconf 91' lang='lat' dir='ltr'><strong>viri,</strong></span> <span class='ocrx_word' id='word_1_543' title='bbox 1331 976 1362 995; x_wconf 90' lang='lat' dir='ltr'><strong>se</strong></span> <span class='ocrx_word' id='word_1_544' title='bbox 1377 970 1540 1001; x_wconf 84' lang='lat' dir='ltr'><strong>cernentes,</strong></span> <span class='ocrx_word' id='word_1_545' title='bbox 1553 968 1653 996; x_wconf 86' lang='lat' dir='ltr'><strong>dixere</strong></span> <span class='ocrx_word' id='word_1_546' title='bbox 1663 969 1704 996; x_wconf 87' lang='lat' dir='ltr'><strong>ad</strong></span> <span class='ocrx_word' id='word_1_547' title='bbox 1721 969 1854 998; x_wconf 86' lang='lat' dir='ltr'><strong>invicem</strong></span> <span class='ocrx_word' id='word_1_548' title='bbox 1868 978 1874 996; x_wconf 91' lang='lat'>:</span> <span class='ocrx_word' id='word_1_549' title='bbox 1887 969 1943 996; x_wconf 66' lang='lat' dir='ltr'><strong>Hec</strong></span> 
     </span>
    </p>
   </div>
   <div class='ocr_carea' id='block_1_78' title="bbox 1108 1012 1941 1048">
    <p class='ocr_par' dir='ltr' id='par_1_78' title="bbox 1108 1012 1941 1048">
     <span class='ocr_line' id='line_1_78' title="bbox 1108 1012 1941 1048; baseline 0 -9"><span class='ocrx_word' id='word_1_550' title='bbox 1108 1020 1236 1047; x_wconf 88' lang='lat' dir='ltr'><strong>namque</strong></span> <span class='ocrx_word' id='word_1_551' title='bbox 1250 1012 1392 1045; x_wconf 83' lang='lat' dir='ltr'><strong>doctrina,</strong></span> <span class='ocrx_word' id='word_1_552' title='bbox 1409 1012 1433 1040; x_wconf 93' lang='lat' dir='ltr'><strong>si</strong></span> <span class='ocrx_word' id='word_1_553' title='bbox 1450 1012 1486 1039; x_wconf 90' lang='lat' dir='ltr'><strong>ad</strong></span> <span class='ocrx_word' id='word_1_554' title='bbox 1506 1013 1674 1048; x_wconf 87' lang='lat' dir='ltr'><strong>profectum</strong></span> <span class='ocrx_word' id='word_1_555' title='bbox 1705 1014 1839 1047; x_wconf 87' lang='lat' dir='ltr'><strong>venerit,</strong></span> <span class='ocrx_word' id='word_1_556' title='bbox 1866 1013 1941 1041; x_wconf 83' lang='lat' dir='ltr'><strong>nobis</strong></span> 
     </span>
    </p>
   </div>
   <div class='ocr_carea' id='block_1_79' title="bbox 1108 1055 1940 1093">
    <p class='ocr_par' dir='ltr' id='par_1_79' title="bbox 1108 1055 1940 1093">
     <span class='ocr_line' id='line_1_79' title="bbox 1108 1055 1940 1093; baseline 0.001 -11"><span class='ocrx_word' id='word_1_557' title='bbox 1108 1055 1275 1091; x_wconf 85' lang='lat' dir='ltr'><strong>nostrisque</strong></span> <span class='ocrx_word' id='word_1_558' title='bbox 1287 1056 1355 1083; x_wconf 87' lang='lat' dir='ltr'><strong>ﬁliis</strong></span> <span class='ocrx_word' id='word_1_559' title='bbox 1365 1056 1493 1091; x_wconf 88' lang='lat' dir='ltr'><strong>profecto</strong></span> <span class='ocrx_word' id='word_1_560' title='bbox 1506 1056 1588 1084; x_wconf 92' lang='lat' dir='ltr'><strong>nullo</strong></span> <span class='ocrx_word' id='word_1_561' title='bbox 1602 1057 1693 1085; x_wconf 87' lang='lat' dir='ltr'><strong>modo</strong></span> <span class='ocrx_word' id='word_1_562' title='bbox 1706 1058 1810 1086; x_wconf 87' lang='lat' dir='ltr'><strong>vivere</strong></span> <span class='ocrx_word' id='word_1_563' title='bbox 1825 1057 1940 1093; x_wconf 86' lang='lat' dir='ltr'><strong>expedit.</strong></span> 
     </span>
    </p>
   </div>
   <div class='ocr_carea' id='block_1_80' title="bbox 1108 1099 1940 1134">
    <p class='ocr_par' dir='ltr' id='par_1_80' title="bbox 1108 1099 1940 1134">
     <span class='ocr_line' id='line_1_80' title="bbox 1108 1099 1940 1134; baseline 0.001 -7"><span class='ocrx_word' id='word_1_564' title='bbox 1108 1099 1174 1131; x_wconf 72' lang='lat' dir='ltr'><strong>Qua:</strong></span> <span class='ocrx_word' id='word_1_565' title='bbox 1189 1100 1267 1127; x_wconf 88' lang='lat' dir='ltr'><strong>enim</strong></span> <span class='ocrx_word' id='word_1_566' title='bbox 1279 1102 1323 1127; x_wconf 88' lang='lat' dir='ltr'><strong>est</strong></span> <span class='ocrx_word' id='word_1_567' title='bbox 1335 1102 1435 1128; x_wconf 83' lang='lat' dir='ltr'><strong>nostra</strong></span> <span class='ocrx_word' id='word_1_568' title='bbox 1444 1100 1575 1134; x_wconf 86' lang='lat' dir='ltr'><strong>vita,nisi</strong></span> <span class='ocrx_word' id='word_1_569' title='bbox 1585 1101 1792 1129; x_wconf 85' lang='lat' dir='ltr'><strong>ecclesiarum</strong></span> <span class='ocrx_word' id='word_1_570' title='bbox 1799 1101 1940 1133; x_wconf 84' lang='lat' dir='ltr'><strong>beneﬁcia,</strong></span> 
     </span>
    </p>
   </div>
   <div class='ocr_carea' id='block_1_81' title="bbox 1109 1143 1941 1179">
    <p class='ocr_par' dir='ltr' id='par_1_81' title="bbox 1109 1143 1941 1179">
     <span class='ocr_line' id='line_1_81' title="bbox 1109 1143 1941 1179; baseline 0.004 -9"><span class='ocrx_word' id='word_1_571' title='bbox 1109 1151 1172 1179; x_wconf 79' lang='lat' dir='ltr'><strong>quas</strong></span> <span class='ocrx_word' id='word_1_572' title='bbox 1186 1143 1303 1171; x_wconf 83' lang='lat' dir='ltr'><strong>assidue</strong></span> <span class='ocrx_word' id='word_1_573' title='bbox 1318 1152 1335 1171; x_wconf 91' lang='lat' dir='ltr'><strong>a</strong></span> <span class='ocrx_word' id='word_1_574' title='bbox 1350 1144 1434 1172; x_wconf 88' lang='lat' dir='ltr'><strong>nobis</strong></span> <span class='ocrx_word' id='word_1_575' title='bbox 1449 1145 1618 1172; x_wconf 89' lang='lat' dir='ltr'><strong>venduntur</strong></span> <span class='ocrx_word' id='word_1_576' title='bbox 1633 1147 1663 1173; x_wconf 88' lang='lat' dir='ltr'><strong>ot</strong></span> <span class='ocrx_word' id='word_1_577' title='bbox 1678 1148 1831 1174; x_wconf 86' lang='lat' dir='ltr'><strong>emuntur</strong></span> <span class='ocrx_word' id='word_1_578' title='bbox 1842 1147 1857 1172; x_wconf 86' lang='lat'><strong>?</strong></span> <span class='ocrx_word' id='word_1_579' title='bbox 1870 1146 1941 1178; x_wconf 82' lang='lat' dir='ltr'><strong>Qua-</strong></span> 
     </span>
    </p>
   </div>
   <div class='ocr_carea' id='block_1_82' title="bbox 1109 1187 1942 1223">
    <p class='ocr_par' dir='ltr' id='par_1_82' title="bbox 1109 1187 1942 1223">
     <span class='ocr_line' id='line_1_82' title="bbox 1109 1187 1942 1223; baseline 0.005 -9"><span class='ocrx_word' id='word_1_580' title='bbox 1109 1189 1227 1223; x_wconf 88' lang='lat' dir='ltr'><strong>propter</strong></span> <span class='ocrx_word' id='word_1_581' title='bbox 1235 1187 1337 1215; x_wconf 87' lang='lat' dir='ltr'><strong>utilius</strong></span> <span class='ocrx_word' id='word_1_582' title='bbox 1353 1190 1397 1216; x_wconf 89' lang='lat' dir='ltr'><strong>est</strong></span> <span class='ocrx_word' id='word_1_583' title='bbox 1412 1188 1498 1216; x_wconf 89' lang='lat' dir='ltr'><strong>nobis</strong></span> <span class='ocrx_word' id='word_1_584' title='bbox 1513 1190 1547 1216; x_wconf 90' lang='lat' dir='ltr'><strong>ut</strong></span> <span class='ocrx_word' id='word_1_585' title='bbox 1560 1188 1630 1217; x_wconf 91' lang='lat' dir='ltr'><strong>huic</strong></span> <span class='ocrx_word' id='word_1_586' title='bbox 1646 1198 1735 1217; x_wconf 77' lang='lat' dir='ltr'><strong>novas</strong></span> <span class='ocrx_word' id='word_1_587' title='bbox 1753 1190 1892 1218; x_wconf 65' lang='lat' dir='ltr'><strong>doctrina!</strong></span> <span class='ocrx_word' id='word_1_588' title='bbox 1906 1197 1942 1217; x_wconf 78' lang='lat' dir='ltr'><strong>re-</strong></span> 
     </span>
    </p>
   </div>
   <div class='ocr_carea' id='block_1_83' title="bbox 1110 1231 1939 1270">
    <p class='ocr_par' dir='ltr' id='par_1_83' title="bbox 1110 1231 1939 1270">
     <span class='ocr_line' id='line_1_83' title="bbox 1110 1231 1939 1270; baseline 0.002 -12"><span class='ocrx_word' id='word_1_589' title='bbox 1110 1231 1246 1259; x_wconf 88' lang='lat' dir='ltr'><strong>sistentes</strong></span> <span class='ocrx_word' id='word_1_590' title='bbox 1254 1232 1325 1259; x_wconf 93' lang='lat' dir='ltr'><strong>mori</strong></span> <span class='ocrx_word' id='word_1_591' title='bbox 1330 1240 1519 1268; x_wconf 90' lang='lat' dir='ltr'><strong>amur,quam</strong></span> <span class='ocrx_word' id='word_1_592' title='bbox 1525 1233 1625 1261; x_wconf 84' lang='lat' dir='ltr'><strong>venire</strong></span> <span class='ocrx_word' id='word_1_593' title='bbox 1631 1233 1715 1261; x_wconf 87' lang='lat' dir='ltr'><strong>hanc</strong></span> <span class='ocrx_word' id='word_1_594' title='bbox 1722 1234 1762 1261; x_wconf 91' lang='lat' dir='ltr'><strong>ad</strong></span> <span class='ocrx_word' id='word_1_595' title='bbox 1773 1234 1939 1270; x_wconf 82' lang='lat' dir='ltr'><strong>profectum,</strong></span> 
     </span>
    </p>
   </div>
   <div class='ocr_carea' id='block_1_84' title="bbox 1110 1275 1938 1308">
    <p class='ocr_par' dir='ltr' id='par_1_84' title="bbox 1110 1275 1938 1308">
     <span class='ocr_line' id='line_1_84' title="bbox 1110 1275 1938 1308; baseline 0.001 -6"><span class='ocrx_word' id='word_1_596' title='bbox 1110 1278 1142 1303; x_wconf 92' lang='lat' dir='ltr'><strong>ut</strong></span> <span class='ocrx_word' id='word_1_597' title='bbox 1157 1275 1296 1308; x_wconf 85' lang='lat' dir='ltr'><strong>diximus,</strong></span> <span class='ocrx_word' id='word_1_598' title='bbox 1313 1276 1457 1304; x_wconf 85' lang='lat' dir='ltr'><strong>sinamus.</strong></span> <span class='ocrx_word' id='word_1_599' title='bbox 1475 1277 1600 1305; x_wconf 88' lang='lat' dir='ltr'><strong>Econtra</strong></span> <span class='ocrx_word' id='word_1_600' title='bbox 1614 1285 1685 1306; x_wconf 88' lang='lat' dir='ltr'><strong>vero</strong></span> <span class='ocrx_word' id='word_1_601' title='bbox 1719 1278 1759 1306; x_wconf 86' lang='lat' dir='ltr'><strong>ad</strong></span> <span class='ocrx_word' id='word_1_602' title='bbox 1791 1279 1870 1306; x_wconf 91' lang='lat' dir='ltr'><strong>viros</strong></span> <span class='ocrx_word' id='word_1_603' title='bbox 1897 1277 1938 1305; x_wconf 83' lang='lat' dir='ltr'><strong>Dei</strong></span> 
     </span>
    </p>
   </div>
   <div class='ocr_carea' id='block_1_85' title="bbox 1111 1319 1938 1358">
    <p class='ocr_par' dir='ltr' id='par_1_85' title="bbox 1111 1319 1938 1358">
     <span class='ocr_line' id='line_1_85' title="bbox 1111 1319 1938 1358; baseline 0.004 -12"><span class='ocrx_word' id='word_1_604' title='bbox 1111 1319 1209 1347; x_wconf 80' lang='lat' dir='ltr'><strong>fideles</strong></span> <span class='ocrx_word' id='word_1_605' title='bbox 1220 1319 1384 1347; x_wconf 83' lang='lat' dir='ltr'><strong>clamabant</strong></span> <span class='ocrx_word' id='word_1_606' title='bbox 1397 1330 1402 1348; x_wconf 92' lang='lat'>:</span> <span class='ocrx_word' id='word_1_607' title='bbox 1421 1321 1608 1355; x_wconf 83' lang='lat' dir='ltr'><strong>Audivimus,</strong></span> <span class='ocrx_word' id='word_1_608' title='bbox 1624 1322 1789 1358; x_wconf 87' lang='lat' dir='ltr'><strong>inquiunt,</strong></span> <span class='ocrx_word' id='word_1_609' title='bbox 1806 1331 1841 1351; x_wconf 85' lang='lat' dir='ltr'><strong>ex</strong></span> <span class='ocrx_word' id='word_1_610' title='bbox 1855 1324 1938 1350; x_wconf 77' lang='lat' dir='ltr'><strong>vestra</strong></span> 
     </span>
    </p>
   </div>
   <div class='ocr_carea' id='block_1_86' title="bbox 1111 1363 1938 1403">
    <p class='ocr_par' dir='ltr' id='par_1_86' title="bbox 1111 1363 1938 1403">
     <span class='ocr_line' id='line_1_86' title="bbox 1111 1363 1938 1403; baseline 0.002 -13"><span class='ocrx_word' id='word_1_611' title='bbox 1111 1363 1268 1391; x_wconf 86' lang='lat' dir='ltr'><strong>assertione</strong></span> <span class='ocrx_word' id='word_1_612' title='bbox 1298 1364 1478 1392; x_wconf 85' lang='lat' dir='ltr'><strong>Simoniacos</strong></span> <span class='ocrx_word' id='word_1_613' title='bbox 1514 1365 1726 1402; x_wconf 89' lang='lat' dir='ltr'><strong>hereticosque</strong></span> <span class='ocrx_word' id='word_1_614' title='bbox 1757 1375 1824 1395; x_wconf 85' lang='lat' dir='ltr'><strong>esse</strong></span> <span class='ocrx_word' id='word_1_615' title='bbox 1848 1365 1938 1403; x_wconf 82' lang='lat' dir='ltr'><strong>procul</strong></span> 
     </span>
    </p>
   </div>
   <div class='ocr_carea' id='block_1_87' title="bbox 1111 1407 1938 1446">
    <p class='ocr_par' dir='ltr' id='par_1_87' title="bbox 1111 1407 1938 1446">
     <span class='ocr_line' id='line_1_87' title="bbox 1111 1407 1938 1446; baseline 0.005 -13"><span class='ocrx_word' id='word_1_616' title='bbox 1111 1407 1198 1434; x_wconf 86' lang='lat' dir='ltr'><strong>dubio</strong></span> <span class='ocrx_word' id='word_1_617' title='bbox 1214 1408 1263 1442; x_wconf 85' lang='lat' dir='ltr'><strong>qui</strong></span> <span class='ocrx_word' id='word_1_618' title='bbox 1275 1411 1436 1435; x_wconf 84' lang='lat' dir='ltr'><strong>noscuntur</strong></span> <span class='ocrx_word' id='word_1_619' title='bbox 1447 1409 1554 1436; x_wconf 80' lang='lat' dir='ltr'><strong>emisse</strong></span> <span class='ocrx_word' id='word_1_620' title='bbox 1565 1418 1599 1437; x_wconf 85' lang='lat' dir='ltr'><strong>ea</strong></span> <span class='ocrx_word' id='word_1_621' title='bbox 1611 1418 1676 1445; x_wconf 62' lang='lat' dir='ltr'><strong>qua:</strong></span> <span class='ocrx_word' id='word_1_622' title='bbox 1689 1413 1769 1439; x_wconf 84' lang='lat' dir='ltr'><strong>sunt</strong></span> <span class='ocrx_word' id='word_1_623' title='bbox 1781 1418 1938 1446; x_wconf 83' lang='lat' dir='ltr'><strong>sacra;qao</strong></span> 
     </span>
    </p>
   </div>
   <div class='ocr_carea' id='block_1_88' title="bbox 1111 1451 1940 1487">
    <p class='ocr_par' dir='ltr' id='par_1_88' title="bbox 1111 1451 1940 1487">
     <span class='ocr_line' id='line_1_88' title="bbox 1111 1451 1940 1487; baseline 0.002 -9"><span class='ocrx_word' id='word_1_624' title='bbox 1111 1451 1218 1478; x_wconf 85' lang='lat' dir='ltr'><strong>scelere</strong></span> <span class='ocrx_word' id='word_1_625' title='bbox 1233 1452 1281 1487; x_wconf 89' lang='lat' dir='ltr'><strong>qui</strong></span> <span class='ocrx_word' id='word_1_626' title='bbox 1299 1452 1439 1479; x_wconf 91' lang='lat' dir='ltr'><strong>immunis</strong></span> <span class='ocrx_word' id='word_1_627' title='bbox 1448 1453 1483 1480; x_wconf 90' lang='lat' dir='ltr'><strong>de</strong></span> <span class='ocrx_word' id='word_1_628' title='bbox 1500 1454 1711 1483; x_wconf 88' lang='lat' dir='ltr'><strong>sacerdotibus</strong></span> <span class='ocrx_word' id='word_1_629' title='bbox 1728 1455 1810 1484; x_wconf 85' lang='lat' dir='ltr'><strong>inter</strong></span> <span class='ocrx_word' id='word_1_630' title='bbox 1828 1463 1881 1482; x_wconf 87' lang='lat' dir='ltr'><strong>nos</strong></span> <span class='ocrx_word' id='word_1_631' title='bbox 1906 1454 1940 1481; x_wconf 87' lang='lat' dir='ltr'><strong>sit</strong></span> 
     </span>
    </p>
   </div>
   <div class='ocr_carea' id='block_1_89' title="bbox 1111 1496 1939 1533">
    <p class='ocr_par' dir='ltr' id='par_1_89' title="bbox 1111 1496 1939 1533">
     <span class='ocr_line' id='line_1_89' title="bbox 1111 1496 1939 1533; baseline 0.005 -12"><span class='ocrx_word' id='word_1_632' title='bbox 1111 1496 1173 1522; x_wconf 81' lang='lat' dir='ltr'><strong>sine</strong></span> <span class='ocrx_word' id='word_1_633' title='bbox 1186 1496 1275 1522; x_wconf 91' lang='lat' dir='ltr'><strong>dubio</strong></span> <span class='ocrx_word' id='word_1_634' title='bbox 1291 1497 1478 1524; x_wconf 80' lang='lat' dir='ltr'><strong>manifestum</strong></span> <span class='ocrx_word' id='word_1_635' title='bbox 1493 1500 1547 1530; x_wconf 88' lang='lat' dir='ltr'><strong>est,</strong></span> <span class='ocrx_word' id='word_1_636' title='bbox 1564 1497 1636 1533; x_wconf 90' lang='lat' dir='ltr'><strong>quia</strong></span> <span class='ocrx_word' id='word_1_637' title='bbox 1645 1507 1740 1527; x_wconf 91' lang='lat' dir='ltr'><strong>nemo</strong></span> <span class='ocrx_word' id='word_1_638' title='bbox 1756 1502 1813 1527; x_wconf 85' lang='lat' dir='ltr'><strong>est.</strong></span> <span class='ocrx_word' id='word_1_639' title='bbox 1828 1501 1884 1527; x_wconf 85' lang='lat' dir='ltr'><strong>Nos</strong></span> <span class='ocrx_word' id='word_1_640' title='bbox 1896 1505 1939 1526; x_wconf 86' lang='lat' dir='ltr'><strong>au-</strong></span> 
     </span>
    </p>
   </div>
   <div class='ocr_carea' id='block_1_90' title="bbox 1111 1540 1938 1578">
    <p class='ocr_par' dir='ltr' id='par_1_90' title="bbox 1111 1540 1938 1578">
     <span class='ocr_line' id='line_1_90' title="bbox 1111 1540 1938 1578; baseline 0.004 -12"><span class='ocrx_word' id='word_1_641' title='bbox 1111 1542 1180 1574; x_wconf 89' lang='lat' dir='ltr'><strong>tem,</strong></span> <span class='ocrx_word' id='word_1_642' title='bbox 1197 1540 1265 1574; x_wconf 86' lang='lat' dir='ltr'><strong>quia</strong></span> <span class='ocrx_word' id='word_1_643' title='bbox 1280 1540 1436 1567; x_wconf 86' lang='lat' dir='ltr'><strong>Christiani</strong></span> <span class='ocrx_word' id='word_1_644' title='bbox 1453 1541 1714 1578; x_wconf 86' lang='lat' dir='ltr'><strong>dicimur,absque</strong></span> <span class='ocrx_word' id='word_1_645' title='bbox 1725 1543 1839 1571; x_wconf 86' lang='lat' dir='ltr'><strong>Christi</strong></span> <span class='ocrx_word' id='word_1_646' title='bbox 1849 1550 1938 1571; x_wconf 78' lang='lat' dir='ltr'><strong>sacra-</strong></span> 
     </span>
    </p>
   </div>
   <div class='ocr_carea' id='block_1_91' title="bbox 1112 1583 1938 1620">
    <p class='ocr_par' dir='ltr' id='par_1_91' title="bbox 1112 1583 1938 1620">
     <span class='ocr_line' id='line_1_91' title="bbox 1112 1583 1938 1620; baseline 0.004 -10"><span class='ocrx_word' id='word_1_647' title='bbox 1112 1585 1208 1610; x_wconf 91' lang='lat' dir='ltr'><strong>mento</strong></span> <span class='ocrx_word' id='word_1_648' title='bbox 1224 1583 1316 1611; x_wconf 90' lang='lat' dir='ltr'><strong>vivere</strong></span> <span class='ocrx_word' id='word_1_649' title='bbox 1333 1584 1500 1612; x_wconf 86' lang='lat' dir='ltr'><strong>nullatenus</strong></span> <span class='ocrx_word' id='word_1_650' title='bbox 1516 1585 1659 1614; x_wconf 87' lang='lat' dir='ltr'><strong>valemus.</strong></span> <span class='ocrx_word' id='word_1_651' title='bbox 1686 1588 1774 1620; x_wconf 89' lang='lat' dir='ltr'><strong>Quod</strong></span> <span class='ocrx_word' id='word_1_652' title='bbox 1791 1587 1818 1615; x_wconf 89' lang='lat' dir='ltr'><strong>si</strong></span> <span class='ocrx_word' id='word_1_653' title='bbox 1832 1586 1938 1615; x_wconf 82' lang='lat' dir='ltr'><strong>abistis</strong></span> 
     </span>
    </p>
   </div>
   <div class='ocr_carea' id='block_1_92' title="bbox 1114 1628 1938 1663">
    <p class='ocr_par' dir='ltr' id='par_1_92' title="bbox 1114 1628 1938 1663">
     <span class='ocr_line' id='line_1_92' title="bbox 1114 1628 1938 1663; baseline 0.005 -9"><span class='ocrx_word' id='word_1_654' title='bbox 1114 1628 1337 1663; x_wconf 84' lang='lat' dir='ltr'><strong>sumpserimus,</strong></span> <span class='ocrx_word' id='word_1_655' title='bbox 1356 1629 1452 1663; x_wconf 88' lang='lat' dir='ltr'><strong>potius</strong></span> <span class='ocrx_word' id='word_1_656' title='bbox 1468 1630 1564 1657; x_wconf 88' lang='lat' dir='ltr'><strong>dicitis</strong></span> <span class='ocrx_word' id='word_1_657' title='bbox 1575 1638 1630 1658; x_wconf 89' lang='lat' dir='ltr'><strong>nos</strong></span> <span class='ocrx_word' id='word_1_658' title='bbox 1645 1639 1772 1660; x_wconf 87' lang='lat' dir='ltr'><strong>sumere</strong></span> <span class='ocrx_word' id='word_1_659' title='bbox 1785 1631 1938 1660; x_wconf 80' lang='lat' dir='ltr'><strong>damnatio-</strong></span> 
     </span>
    </p>
   </div>
   <div class='ocr_carea' id='block_1_93' title="bbox 1112 1672 1938 1711">
    <p class='ocr_par' dir='ltr' id='par_1_93' title="bbox 1112 1672 1938 1711">
     <span class='ocr_line' id='line_1_93' title="bbox 1112 1672 1938 1711; baseline 0.005 -13"><span class='ocrx_word' id='word_1_660' title='bbox 1112 1679 1177 1699; x_wconf 90' lang='lat' dir='ltr'><strong>nem</strong></span> <span class='ocrx_word' id='word_1_661' title='bbox 1194 1680 1281 1707; x_wconf 88' lang='lat' dir='ltr'><strong>quam</strong></span> <span class='ocrx_word' id='word_1_662' title='bbox 1298 1672 1432 1705; x_wconf 83' lang='lat' dir='ltr'><strong>salutem,</strong></span> <span class='ocrx_word' id='word_1_663' title='bbox 1449 1675 1477 1700; x_wconf 90' lang='lat' dir='ltr'><strong>et</strong></span> <span class='ocrx_word' id='word_1_664' title='bbox 1492 1673 1557 1701; x_wconf 89' lang='lat' dir='ltr'><strong>ideo</strong></span> <span class='ocrx_word' id='word_1_665' title='bbox 1567 1674 1613 1701; x_wconf 91' lang='lat' dir='ltr'><strong>his</strong></span> <span class='ocrx_word' id='word_1_666' title='bbox 1628 1674 1700 1703; x_wconf 90' lang='lat' dir='ltr'><strong>telis</strong></span> <span class='ocrx_word' id='word_1_667' title='bbox 1726 1675 1861 1711; x_wconf 86' lang='lat' dir='ltr'><strong>undique</strong></span> <span class='ocrx_word' id='word_1_668' title='bbox 1875 1682 1938 1702; x_wconf 88' lang='lat' dir='ltr'><strong>con-</strong></span> 
     </span>
    </p>
   </div>
   <div class='ocr_carea' id='block_1_94' title="bbox 1117 1716 1891 1753">
    <p class='ocr_par' dir='ltr' id='par_1_94' title="bbox 1117 1716 1891 1753">
     <span class='ocr_line' id='line_1_94' title="bbox 1117 1716 1891 1753; baseline 0.005 -11"><span class='ocrx_word' id='word_1_669' title='bbox 1117 1716 1300 1751; x_wconf 82' lang='lat' dir='ltr'><strong>stringimur,</strong></span> <span class='ocrx_word' id='word_1_670' title='bbox 1317 1718 1345 1743; x_wconf 88' lang='lat' dir='ltr'><strong>et</strong></span> <span class='ocrx_word' id='word_1_671' title='bbox 1356 1716 1425 1751; x_wconf 90' lang='lat' dir='ltr'><strong>quid</strong></span> <span class='ocrx_word' id='word_1_672' title='bbox 1442 1725 1567 1752; x_wconf 83' lang='lat' dir='ltr'><strong>agamus</strong></span> <span class='ocrx_word' id='word_1_673' title='bbox 1578 1718 1713 1753; x_wconf 87' lang='lat' dir='ltr'><strong>profecto</strong></span> <span class='ocrx_word' id='word_1_674' title='bbox 1731 1719 1891 1748; x_wconf 83' lang='lat' dir='ltr'><strong>nescimus.</strong></span> 
     </span>
    </p>
   </div>
   <div class='ocr_carea' id='block_1_95' title="bbox 1146 1760 1938 1798">
    <p class='ocr_par' dir='ltr' id='par_1_95' title="bbox 1146 1760 1938 1798">
     <span class='ocr_line' id='line_1_95' title="bbox 1146 1760 1938 1798; baseline 0.005 -12"><span class='ocrx_word' id='word_1_675' title='bbox 1146 1760 1189 1786; x_wconf 86' lang='lat'><strong>25.</strong></span> <span class='ocrx_word' id='word_1_676' title='bbox 1207 1760 1317 1792; x_wconf 86' lang='lat' dir='ltr'><strong>Quibus</strong></span> <span class='ocrx_word' id='word_1_677' title='bbox 1334 1761 1363 1787; x_wconf 80' lang='grc' dir='ltr'><strong>Β.</strong></span> <span class='ocrx_word' id='word_1_678' title='bbox 1393 1760 1532 1789; x_wconf 81' lang='lat' dir='ltr'><strong>Ariuldus</strong></span> <span class='ocrx_word' id='word_1_679' title='bbox 1558 1762 1600 1790; x_wconf 89' lang='lat' dir='ltr'><strong>sic</strong></span> <span class='ocrx_word' id='word_1_680' title='bbox 1626 1763 1807 1798; x_wconf 86' lang='lat' dir='ltr'><strong>respondit:</strong></span> <span class='ocrx_word' id='word_1_681' title='bbox 1833 1762 1938 1794; x_wconf 77' lang='lat' dir='ltr'><strong>Videte,</strong></span> 
     </span>
    </p>
   </div>
   <div class='ocr_carea' id='block_1_96' title="bbox 1111 1804 1936 1844">
    <p class='ocr_par' dir='ltr' id='par_1_96' title="bbox 1111 1804 1936 1844">
     <span class='ocr_line' id='line_1_96' title="bbox 1111 1804 1936 1844; baseline 0.004 -14"><span class='ocrx_word' id='word_1_682' title='bbox 1111 1804 1216 1838; x_wconf 89' lang='lat' dir='ltr'><strong>inquit,</strong></span> <span class='ocrx_word' id='word_1_683' title='bbox 1233 1804 1428 1837; x_wconf 87' lang='lat' dir='ltr'><strong>dilectissimi,</strong></span> <span class='ocrx_word' id='word_1_684' title='bbox 1440 1805 1511 1834; x_wconf 86' lang='lat' dir='ltr'><strong>dum</strong></span> <span class='ocrx_word' id='word_1_685' title='bbox 1528 1805 1590 1833; x_wconf 72' lang='lat' dir='ltr'><strong>haec</strong></span> <span class='ocrx_word' id='word_1_686' title='bbox 1606 1806 1720 1841; x_wconf 83' lang='lat' dir='ltr'><strong>dicitis,</strong></span> <span class='ocrx_word' id='word_1_687' title='bbox 1738 1815 1776 1835; x_wconf 92' lang='lat' dir='ltr'><strong>ne</strong></span> <span class='ocrx_word' id='word_1_688' title='bbox 1787 1815 1877 1844; x_wconf 83' lang='lat' dir='ltr'><strong>super</strong></span> <span class='ocrx_word' id='word_1_689' title='bbox 1890 1814 1936 1834; x_wconf 85' lang='lat' dir='ltr'><strong>vos</strong></span> 
     </span>
    </p>
   </div>
   <div class='ocr_carea' id='block_1_97' title="bbox 1110 1848 1937 1887">
    <p class='ocr_par' dir='ltr' id='par_1_97' title="bbox 1110 1848 1937 1887">
     <span class='ocr_line' id='line_1_97' title="bbox 1110 1848 1937 1887; baseline 0.004 -13"><span class='ocrx_word' id='word_1_690' title='bbox 1110 1848 1206 1875; x_wconf 90' lang='lat' dir='ltr'><strong>veniat</strong></span> <span class='ocrx_word' id='word_1_691' title='bbox 1220 1849 1296 1883; x_wconf 89' lang='lat' dir='ltr'><strong>quod</strong></span> <span class='ocrx_word' id='word_1_692' title='bbox 1312 1849 1438 1883; x_wconf 89' lang='lat' dir='ltr'><strong>Spiritus</strong></span> <span class='ocrx_word' id='word_1_693' title='bbox 1455 1852 1574 1877; x_wconf 87' lang='lat' dir='ltr'><strong>sanctus</strong></span> <span class='ocrx_word' id='word_1_694' title='bbox 1584 1858 1638 1885; x_wconf 88' lang='lat' dir='ltr'><strong>per</strong></span> <span class='ocrx_word' id='word_1_695' title='bbox 1647 1851 1680 1878; x_wconf 91' lang='lat' dir='ltr'><strong>B.</strong></span> <span class='ocrx_word' id='word_1_696' title='bbox 1692 1850 1937 1887; x_wconf 85' lang='lat' dir='ltr'><strong>Jacobumloqni-</strong></span> 
     </span>
    </p>
   </div>
   <div class='ocr_carea' id='block_1_98' title="bbox 1110 1892 1933 1928">
    <p class='ocr_par' dir='ltr' id='par_1_98' title="bbox 1110 1892 1933 1928">
     <span class='ocr_line' id='line_1_98' title="bbox 1110 1892 1933 1928; baseline 0.009 -10"><span class='ocrx_word' id='word_1_697' title='bbox 1110 1895 1158 1919; x_wconf 86' lang='lat' dir='ltr'><strong>tur</strong></span> <span class='ocrx_word' id='word_1_698' title='bbox 1172 1892 1287 1919; x_wconf 89' lang='lat' dir='ltr'><strong>dicens:</strong></span> <span class='ocrx_word' id='word_1_699' title='bbox 1308 1904 1318 1916; x_wconf 77' lang='grc' dir='ltr'>α</span> <span class='ocrx_word' id='word_1_700' title='bbox 1337 1892 1387 1919; x_wconf 80' lang='lat' dir='ltr'><strong>Vir</strong></span> <span class='ocrx_word' id='word_1_701' title='bbox 1403 1893 1509 1928; x_wconf 85' lang='lat' dir='ltr'><strong>duplex</strong></span> <span class='ocrx_word' id='word_1_702' title='bbox 1520 1894 1631 1927; x_wconf 87' lang='lat' dir='ltr'><strong>animo,</strong></span> <span class='ocrx_word' id='word_1_703' title='bbox 1649 1895 1829 1924; x_wconf 82' lang='lat' dir='ltr'><strong>inconstans</strong></span> <span class='ocrx_word' id='word_1_704' title='bbox 1839 1897 1883 1924; x_wconf 78' lang='lat' dir='ltr'><strong>est</strong></span> <span class='ocrx_word' id='word_1_705' title='bbox 1908 1895 1933 1921; x_wconf 82' lang='lat' dir='ltr'><strong>in</strong></span> 
     </span>
    </p>
   </div>
   <div class='ocr_carea' id='block_1_99' title="bbox 1109 1936 1934 1976">
    <p class='ocr_par' dir='ltr' id='par_1_99' title="bbox 1109 1936 1934 1976">
     <span class='ocr_line' id='line_1_99' title="bbox 1109 1936 1934 1976; baseline 0.007 -14"><span class='ocrx_word' id='word_1_706' title='bbox 1109 1936 1245 1963; x_wconf 88' lang='lat' dir='ltr'><strong>omnibus</strong></span> <span class='ocrx_word' id='word_1_707' title='bbox 1269 1937 1323 1963; x_wconf 88' lang='lat' dir='ltr'><strong>viis</strong></span> <span class='ocrx_word' id='word_1_708' title='bbox 1348 1937 1410 1964; x_wconf 90' lang='lat' dir='ltr'><strong>suis</strong></span> <span class='ocrx_word' id='word_1_709' title='bbox 1430 1938 1496 1971; x_wconf 83' lang='lat' dir='ltr'><strong>(Jac.</strong></span> <span class='ocrx_word' id='word_1_710' title='bbox 1535 1947 1594 1971; x_wconf 74' lang='lat' dir='ltr'><strong>xxx,</strong></span> <span class='ocrx_word' id='word_1_711' title='bbox 1611 1939 1661 1974; x_wconf 87' lang='lat'><strong>8):</strong></span> <span class='ocrx_word' id='word_1_712' title='bbox 1693 1951 1708 1965; x_wconf 82' lang='lat' dir='ltr'><strong>n</strong></span> <span class='ocrx_word' id='word_1_713' title='bbox 1737 1940 1864 1976; x_wconf 82' lang='lat' dir='ltr'><strong>ideoque</strong></span> <span class='ocrx_word' id='word_1_714' title='bbox 1889 1938 1934 1974; x_wconf 84' lang='lat' dir='ltr'><strong>qui</strong></span> 
     </span>
    </p>
   </div>
   <div class='ocr_carea' id='block_1_100' title="bbox 1109 1980 1933 2017">
    <p class='ocr_par' dir='ltr' id='par_1_100' title="bbox 1109 1980 1933 2017">
     <span class='ocr_line' id='line_1_100' title="bbox 1109 1980 1933 2017; baseline 0.005 -11"><span class='ocrx_word' id='word_1_715' title='bbox 1109 1980 1258 2007; x_wconf 81' lang='lat' dir='ltr'><strong>veritatem</strong></span> <span class='ocrx_word' id='word_1_716' title='bbox 1275 1981 1353 2015; x_wconf 90' lang='lat' dir='ltr'><strong>cupit</strong></span> <span class='ocrx_word' id='word_1_717' title='bbox 1364 1981 1503 2008; x_wconf 84' lang='lat' dir='ltr'><strong>veraciter</strong></span> <span class='ocrx_word' id='word_1_718' title='bbox 1516 1982 1660 2017; x_wconf 87' lang='lat' dir='ltr'><strong>invenire,</strong></span> <span class='ocrx_word' id='word_1_719' title='bbox 1676 1986 1852 2013; x_wconf 81' lang='lat' dir='ltr'><strong>constanter</strong></span> <span class='ocrx_word' id='word_1_720' title='bbox 1877 1990 1933 2010; x_wconf 88' lang='lat' dir='ltr'><strong>om-</strong></span> 
     </span>
    </p>
   </div>
   <div class='ocr_carea' id='block_1_101' title="bbox 1109 2024 1934 2064">
    <p class='ocr_par' dir='ltr' id='par_1_101' title="bbox 1109 2024 1934 2064">
     <span class='ocr_line' id='line_1_101' title="bbox 1109 2024 1934 2064; baseline 0.002 -13"><span class='ocrx_word' id='word_1_721' title='bbox 1109 2032 1176 2051; x_wconf 84' lang='lat' dir='ltr'><strong>nem</strong></span> <span class='ocrx_word' id='word_1_722' title='bbox 1192 2025 1276 2052; x_wconf 88' lang='lat' dir='ltr'><strong>debet</strong></span> <span class='ocrx_word' id='word_1_723' title='bbox 1291 2024 1446 2052; x_wconf 78' lang='lat' dir='ltr'><strong>falsitatem</strong></span> <span class='ocrx_word' id='word_1_724' title='bbox 1463 2034 1612 2062; x_wconf 87' lang='lat' dir='ltr'><strong>respuere.</strong></span> <span class='ocrx_word' id='word_1_725' title='bbox 1625 2028 1862 2064; x_wconf 85' lang='lat' dir='ltr'><strong>Quapropter,ut</strong></span> <span class='ocrx_word' id='word_1_726' title='bbox 1869 2026 1934 2054; x_wconf 82' lang='lat' dir='ltr'><strong>veri-</strong></span> 
     </span>
    </p>
   </div>
   <div class='ocr_carea' id='block_1_102' title="bbox 1109 2068 1935 2107">
    <p class='ocr_par' dir='ltr' id='par_1_102' title="bbox 1109 2068 1935 2107">
     <span class='ocr_line' id='line_1_102' title="bbox 1109 2068 1935 2107; baseline 0.004 -12"><span class='ocrx_word' id='word_1_727' title='bbox 1109 2071 1176 2101; x_wconf 82' lang='lat' dir='ltr'><strong>tate,</strong></span> <span class='ocrx_word' id='word_1_728' title='bbox 1193 2077 1255 2103; x_wconf 75' lang='lat' dir='ltr'><strong>quae</strong></span> <span class='ocrx_word' id='word_1_729' title='bbox 1273 2068 1347 2096; x_wconf 82' lang='lat' dir='ltr'><strong>Deus</strong></span> <span class='ocrx_word' id='word_1_730' title='bbox 1364 2071 1418 2102; x_wconf 87' lang='lat' dir='ltr'><strong>est,</strong></span> <span class='ocrx_word' id='word_1_731' title='bbox 1435 2070 1544 2105; x_wconf 82' lang='lat' dir='ltr'><strong>perfrui</strong></span> <span class='ocrx_word' id='word_1_732' title='bbox 1570 2071 1700 2106; x_wconf 86' lang='lat' dir='ltr'><strong>perfecte</strong></span> <span class='ocrx_word' id='word_1_733' title='bbox 1728 2072 1863 2106; x_wconf 82' lang='lat' dir='ltr'><strong>valeatis,</strong></span> <span class='ocrx_word' id='word_1_734' title='bbox 1889 2078 1935 2107; x_wconf 82' lang='lat' dir='ltr'><strong>per</strong></span> 
     </span>
    </p>
   </div>
   <div class='ocr_carea' id='block_1_103' title="bbox 1109 2113 1933 2148">
    <p class='ocr_par' dir='ltr' id='par_1_103' title="bbox 1109 2113 1933 2148">
     <span class='ocr_line' id='line_1_103' title="bbox 1109 2113 1933 2148; baseline 0.004 -9"><span class='ocrx_word' id='word_1_735' title='bbox 1109 2113 1205 2148; x_wconf 87' lang='lat' dir='ltr'><strong>ipsum</strong></span> <span class='ocrx_word' id='word_1_736' title='bbox 1219 2121 1268 2140; x_wconf 86' lang='lat' dir='ltr'><strong>vos</strong></span> <span class='ocrx_word' id='word_1_737' title='bbox 1280 2113 1411 2147; x_wconf 86' lang='lat' dir='ltr'><strong>obsecro,</strong></span> <span class='ocrx_word' id='word_1_738' title='bbox 1427 2116 1487 2141; x_wconf 84' lang='lat' dir='ltr'><strong>uta</strong></span> <span class='ocrx_word' id='word_1_739' title='bbox 1499 2114 1642 2143; x_wconf 84' lang='lat' dir='ltr'><strong>falsorum</strong></span> <span class='ocrx_word' id='word_1_740' title='bbox 1671 2117 1825 2145; x_wconf 85' lang='lat' dir='ltr'><strong>consortio</strong></span> <span class='ocrx_word' id='word_1_741' title='bbox 1847 2122 1933 2144; x_wconf 81' lang='lat' dir='ltr'><strong>sacer-</strong></span> 
     </span>
    </p>
   </div>
   <div class='ocr_carea' id='block_1_104' title="bbox 1109 2157 1935 2195">
    <p class='ocr_par' dir='ltr' id='par_1_104' title="bbox 1109 2157 1935 2195">
     <span class='ocr_line' id='line_1_104' title="bbox 1109 2157 1935 2195; baseline 0.002 -12"><span class='ocrx_word' id='word_1_742' title='bbox 1109 2157 1209 2184; x_wconf 88' lang='lat' dir='ltr'><strong>dotum</strong></span> <span class='ocrx_word' id='word_1_743' title='bbox 1227 2157 1343 2191; x_wconf 89' lang='lat' dir='ltr'><strong>penitus</strong></span> <span class='ocrx_word' id='word_1_744' title='bbox 1358 2166 1408 2184; x_wconf 93' lang='lat' dir='ltr'><strong>vos</strong></span> <span class='ocrx_word' id='word_1_745' title='bbox 1424 2159 1595 2193; x_wconf 83' lang='lat' dir='ltr'><strong>segregetis,</strong></span> <span class='ocrx_word' id='word_1_746' title='bbox 1612 2160 1760 2195; x_wconf 87' lang='lat' dir='ltr'><strong>quoniam</strong></span> <span class='ocrx_word' id='word_1_747' title='bbox 1789 2159 1851 2188; x_wconf 89' lang='lat' dir='ltr'><strong>luci</strong></span> <span class='ocrx_word' id='word_1_748' title='bbox 1876 2165 1935 2187; x_wconf 88' lang='lat' dir='ltr'><strong>cum</strong></span> 
     </span>
    </p>
   </div>
   <div class='ocr_carea' id='block_1_105' title="bbox 1108 2200 1934 2238">
    <p class='ocr_par' dir='ltr' id='par_1_105' title="bbox 1108 2200 1934 2238">
     <span class='ocr_line' id='line_1_105' title="bbox 1108 2200 1934 2238; baseline 0.004 -12"><span class='ocrx_word' id='word_1_749' title='bbox 1108 2200 1390 2233; x_wconf 83' lang='lat' dir='ltr'><strong>tenebris,ﬁdelibus</strong></span> <span class='ocrx_word' id='word_1_750' title='bbox 1406 2210 1472 2228; x_wconf 85' lang='lat' dir='ltr'><strong>cum</strong></span> <span class='ocrx_word' id='word_1_751' title='bbox 1490 2202 1796 2238; x_wconf 84' lang='lat' dir='ltr'><strong>inﬁdelibus,Christo</strong></span> <span class='ocrx_word' id='word_1_752' title='bbox 1810 2212 1876 2232; x_wconf 84' lang='lat' dir='ltr'><strong>cum</strong></span> <span class='ocrx_word' id='word_1_753' title='bbox 1888 2204 1934 2230; x_wconf 86' lang='lat' dir='ltr'><strong>Be-</strong></span> 
     </span>
    </p>
   </div>
   <div class='ocr_carea' id='block_1_106' title="bbox 1109 2243 1929 2284">
    <p class='ocr_par' dir='ltr' id='par_1_106' title="bbox 1109 2243 1929 2284">
     <span class='ocr_line' id='line_1_106' title="bbox 1109 2243 1929 2284; baseline 0.006 -13"><span class='ocrx_word' id='word_1_754' title='bbox 1109 2243 1156 2271; x_wconf 86' lang='lat' dir='ltr'><strong>lial</strong></span> <span class='ocrx_word' id='word_1_755' title='bbox 1171 2244 1250 2271; x_wconf 85' lang='lat' dir='ltr'><strong>nulla</strong></span> <span class='ocrx_word' id='word_1_756' title='bbox 1263 2253 1327 2272; x_wconf 85' lang='lat' dir='ltr'><strong>esse</strong></span> <span class='ocrx_word' id='word_1_757' title='bbox 1342 2245 1427 2273; x_wconf 89' lang='lat' dir='ltr'><strong>debet</strong></span> <span class='ocrx_word' id='word_1_758' title='bbox 1441 2246 1606 2279; x_wconf 88' lang='lat' dir='ltr'><strong>conventio,</strong></span> <span class='ocrx_word' id='word_1_759' title='bbox 1623 2250 1675 2275; x_wconf 85' lang='lat' dir='ltr'><strong>aut</strong></span> <span class='ocrx_word' id='word_1_760' title='bbox 1689 2256 1761 2284; x_wconf 85' lang='lat' dir='ltr'><strong>pars</strong></span> <span class='ocrx_word' id='word_1_761' title='bbox 1775 2249 1836 2277; x_wconf 82' lang='lat' dir='ltr'><strong>sive</strong></span> <span class='ocrx_word' id='word_1_762' title='bbox 1849 2246 1929 2276; x_wconf 60' lang='lat' dir='ltr'><strong>socie‘</strong></span> 
     </span>
    </p>
   </div>
   <div class='ocr_carea' id='block_1_107' title="bbox 1071 2289 1930 2330">
    <p class='ocr_par' dir='ltr' id='par_1_107' title="bbox 1071 2289 1930 2330">
     <span class='ocr_line' id='line_1_107' title="bbox 1071 2289 1930 2330; baseline 0.008 -15"><span class='ocrx_word' id='word_1_763' title='bbox 1071 2298 1093 2330; x_wconf 73' lang='grc' dir='ltr'><strong>Ι)</strong></span> <span class='ocrx_word' id='word_1_764' title='bbox 1109 2291 1162 2315; x_wconf 86' lang='lat' dir='ltr'><strong>tas.</strong></span> <span class='ocrx_word' id='word_1_765' title='bbox 1180 2289 1226 2318; x_wconf 88' lang='lat' dir='ltr'><strong>Sic</strong></span> <span class='ocrx_word' id='word_1_766' title='bbox 1236 2289 1313 2316; x_wconf 88' lang='lat' dir='ltr'><strong>enim</strong></span> <span class='ocrx_word' id='word_1_767' title='bbox 1324 2290 1465 2325; x_wconf 89' lang='lat' dir='ltr'><strong>scriptum</strong></span> <span class='ocrx_word' id='word_1_768' title='bbox 1474 2292 1535 2318; x_wconf 88' lang='lat' dir='ltr'><strong>est:</strong></span> <span class='ocrx_word' id='word_1_769' title='bbox 1549 2302 1562 2315; x_wconf 82' lang='lat' dir='ltr'><strong>u</strong></span> <span class='ocrx_word' id='word_1_770' title='bbox 1576 2291 1658 2320; x_wconf 82' lang='lat' dir='ltr'><strong>Exite</strong></span> <span class='ocrx_word' id='word_1_771' title='bbox 1669 2292 1706 2320; x_wconf 91' lang='lat' dir='ltr'><strong>de</strong></span> <span class='ocrx_word' id='word_1_772' title='bbox 1719 2292 1818 2321; x_wconf 85' lang='lat' dir='ltr'><strong>medio</strong></span> <span class='ocrx_word' id='word_1_773' title='bbox 1829 2298 1930 2322; x_wconf 71' lang='lat' dir='ltr'><strong>eorum.</strong></span> 
     </span>
    </p>
   </div>
   <div class='ocr_carea' id='block_1_108' title="bbox 1110 2333 1929 2374">
    <p class='ocr_par' dir='ltr' id='par_1_108' title="bbox 1110 2333 1929 2374">
     <span class='ocr_line' id='line_1_108' title="bbox 1110 2333 1929 2374; baseline 0.005 -15"><span class='ocrx_word' id='word_1_774' title='bbox 1110 2335 1138 2359; x_wconf 85' lang='lat' dir='ltr'><strong>et</strong></span> <span class='ocrx_word' id='word_1_775' title='bbox 1147 2333 1332 2368; x_wconf 83' lang='lat' dir='ltr'><strong>separamini,</strong></span> <span class='ocrx_word' id='word_1_776' title='bbox 1349 2337 1377 2360; x_wconf 88' lang='lat' dir='ltr'><strong>et</strong></span> <span class='ocrx_word' id='word_1_777' title='bbox 1388 2334 1577 2362; x_wconf 90' lang='lat' dir='ltr'><strong>immundum</strong></span> <span class='ocrx_word' id='word_1_778' title='bbox 1595 2344 1631 2363; x_wconf 90' lang='lat' dir='ltr'><strong>ne</strong></span> <span class='ocrx_word' id='word_1_779' title='bbox 1656 2337 1828 2374; x_wconf 82' lang='lat' dir='ltr'><strong>tetigeritis,</strong></span> <span class='ocrx_word' id='word_1_780' title='bbox 1843 2337 1871 2364; x_wconf 86' lang='lat' dir='ltr'><strong>et</strong></span> <span class='ocrx_word' id='word_1_781' title='bbox 1885 2341 1929 2369; x_wconf 73' lang='lat' dir='ltr'><strong>ego</strong></span> 
     </span>
    </p>
   </div>
   <div class='ocr_carea' id='block_1_109' title="bbox 1111 2376 1929 2415">
    <p class='ocr_par' dir='ltr' id='par_1_109' title="bbox 1111 2376 1929 2415">
     <span class='ocr_line' id='line_1_109' title="bbox 1111 2376 1929 2415; baseline 0.002 -12"><span class='ocrx_word' id='word_1_782' title='bbox 1111 2376 1246 2412; x_wconf 80' lang='lat' dir='ltr'><strong>recipiam</strong></span> <span class='ocrx_word' id='word_1_783' title='bbox 1258 2385 1319 2409; x_wconf 85' lang='lat' dir='ltr'><strong>vos,</strong></span> <span class='ocrx_word' id='word_1_784' title='bbox 1331 2378 1402 2405; x_wconf 85' lang='lat' dir='ltr'><strong>dicit</strong></span> <span class='ocrx_word' id='word_1_785' title='bbox 1418 2378 1558 2406; x_wconf 84' lang='lat' dir='ltr'><strong>Dominus</strong></span> <span class='ocrx_word' id='word_1_786' title='bbox 1570 2380 1606 2414; x_wconf 91' lang='lat' dir='ltr'><strong>(II</strong></span> <span class='ocrx_word' id='word_1_787' title='bbox 1619 2380 1682 2408; x_wconf 79' lang='lat' dir='ltr'><strong>Cur.</strong></span> <span class='ocrx_word' id='word_1_788' title='bbox 1714 2390 1755 2415; x_wconf 78' lang='lat' dir='ltr'><strong>vr,</strong></span> <span class='ocrx_word' id='word_1_789' title='bbox 1780 2382 1824 2414; x_wconf 79' lang='grc'><strong>17,</strong></span> <span class='ocrx_word' id='word_1_790' title='bbox 1852 2379 1902 2413; x_wconf 73' lang='grc'><strong>48).</strong></span> <span class='ocrx_word' id='word_1_791' title='bbox 1917 2388 1929 2400; x_wconf 73' lang='grc' dir='ltr'><strong>ν</strong></span> 
     </span>
    </p>
   </div>
   <div class='ocr_carea' id='block_1_110' title="bbox 1111 2421 1929 2460">
    <p class='ocr_par' dir='ltr' id='par_1_110' title="bbox 1111 2421 1929 2460">
     <span class='ocr_line' id='line_1_110' title="bbox 1111 2421 1929 2460; baseline 0.004 -13"><span class='ocrx_word' id='word_1_792' title='bbox 1111 2421 1259 2453; x_wconf 85' lang='lat' dir='ltr'><strong>Quomodo</strong></span> <span class='ocrx_word' id='word_1_793' title='bbox 1276 2423 1370 2456; x_wconf 83' lang='lat' dir='ltr'><strong>potest</strong></span> <span class='ocrx_word' id='word_1_794' title='bbox 1387 2421 1458 2456; x_wconf 73' lang='lat' dir='ltr'><strong>fieri,</strong></span> <span class='ocrx_word' id='word_1_795' title='bbox 1473 2425 1506 2449; x_wconf 91' lang='lat' dir='ltr'><strong>nt</strong></span> <span class='ocrx_word' id='word_1_796' title='bbox 1521 2423 1604 2451; x_wconf 89' lang='lat' dir='ltr'><strong>vobis</strong></span> <span class='ocrx_word' id='word_1_797' title='bbox 1630 2425 1803 2460; x_wconf 87' lang='lat' dir='ltr'><strong>petentibus</strong></span> <span class='ocrx_word' id='word_1_798' title='bbox 1826 2423 1929 2451; x_wconf 72' lang='lat' dir='ltr'><strong>minora</strong></span> 
     </span>
    </p>
   </div>
   <div class='ocr_carea' id='block_1_111' title="bbox 1110 2465 1927 2506">
    <p class='ocr_par' dir='ltr' id='par_1_111' title="bbox 1110 2465 1927 2506">
     <span class='ocr_line' id='line_1_111' title="bbox 1110 2465 1927 2506; baseline 0.004 -14"><span class='ocrx_word' id='word_1_799' title='bbox 1110 2473 1167 2492; x_wconf 93' lang='lat' dir='ltr'><strong>non</strong></span> <span class='ocrx_word' id='word_1_800' title='bbox 1181 2465 1298 2498; x_wconf 79' lang='lat' dir='ltr'><strong>tribuat,</strong></span> <span class='ocrx_word' id='word_1_801' title='bbox 1317 2465 1345 2492; x_wconf 89' lang='lat' dir='ltr'><strong>id</strong></span> <span class='ocrx_word' id='word_1_802' title='bbox 1362 2468 1415 2497; x_wconf 84' lang='lat' dir='ltr'><strong>est,</strong></span> <span class='ocrx_word' id='word_1_803' title='bbox 1433 2469 1564 2502; x_wconf 76' lang='lat' dir='ltr'><strong>pastores</strong></span> <span class='ocrx_word' id='word_1_804' title='bbox 1581 2469 1630 2503; x_wconf 81' lang='lat' dir='ltr'><strong>qui</strong></span> <span class='ocrx_word' id='word_1_805' title='bbox 1648 2477 1701 2497; x_wconf 84' lang='lat' dir='ltr'><strong>vos</strong></span> <span class='ocrx_word' id='word_1_806' title='bbox 1715 2470 1799 2506; x_wconf 84' lang='lat' dir='ltr'><strong>juste</strong></span> <span class='ocrx_word' id='word_1_807' title='bbox 1827 2466 1927 2503; x_wconf 64' lang='lat' dir='ltr'><strong>regant.</strong></span> 
     </span>
    </p>
   </div>
   <div class='ocr_carea' id='block_1_112' title="bbox 1110 2509 1927 2546">
    <p class='ocr_par' dir='ltr' id='par_1_112' title="bbox 1110 2509 1927 2546">
     <span class='ocr_line' id='line_1_112' title="bbox 1110 2509 1927 2546; baseline 0.006 -11"><span class='ocrx_word' id='word_1_808' title='bbox 1110 2509 1159 2544; x_wconf 91' lang='lat' dir='ltr'><strong>qui</strong></span> <span class='ocrx_word' id='word_1_809' title='bbox 1177 2509 1257 2536; x_wconf 88' lang='lat' dir='ltr'><strong>vobis</strong></span> <span class='ocrx_word' id='word_1_810' title='bbox 1272 2509 1368 2536; x_wconf 86' lang='lat' dir='ltr'><strong>adhuc</strong></span> <span class='ocrx_word' id='word_1_811' title='bbox 1388 2518 1443 2536; x_wconf 93' lang='lat' dir='ltr'><strong>non</strong></span> <span class='ocrx_word' id='word_1_812' title='bbox 1471 2510 1669 2540; x_wconf 77' lang='lat' dir='ltr'><strong>existentibus</strong></span> <span class='ocrx_word' id='word_1_813' title='bbox 1693 2513 1799 2541; x_wconf 85' lang='lat' dir='ltr'><strong>tribuit</strong></span> <span class='ocrx_word' id='word_1_814' title='bbox 1815 2511 1927 2546; x_wconf 62' lang='grc' dir='ltr'><strong>ωηοτε,</strong></span> 
     </span>
    </p>
   </div>
   <div class='ocr_carea' id='block_1_113' title="bbox 1109 2553 1925 2591">
    <p class='ocr_par' dir='ltr' id='par_1_113' title="bbox 1109 2553 1925 2591">
     <span class='ocr_line' id='line_1_113' title="bbox 1109 2553 1925 2591; baseline 0.006 -11"><span class='ocrx_word' id='word_1_815' title='bbox 1109 2553 1162 2580; x_wconf 90' lang='lat' dir='ltr'><strong>hoc</strong></span> <span class='ocrx_word' id='word_1_816' title='bbox 1174 2556 1217 2580; x_wconf 89' lang='lat' dir='ltr'><strong>est</strong></span> <span class='ocrx_word' id='word_1_817' title='bbox 1233 2554 1422 2589; x_wconf 87' lang='lat' dir='ltr'><strong>semetipsum</strong></span> <span class='ocrx_word' id='word_1_818' title='bbox 1439 2562 1491 2589; x_wconf 89' lang='lat' dir='ltr'><strong>pro</strong></span> <span class='ocrx_word' id='word_1_819' title='bbox 1504 2554 1600 2583; x_wconf 82' lang='lat' dir='ltr'><strong>saluto</strong></span> <span class='ocrx_word' id='word_1_820' title='bbox 1630 2558 1754 2586; x_wconf 75' lang='lat' dir='ltr'><strong>vestra?</strong></span> <span class='ocrx_word' id='word_1_821' title='bbox 1772 2557 1925 2591; x_wconf 62' lang='lat' dir='ltr'><strong>Propterea:</strong></span> 
     </span>
    </p>
   </div>
   <div class='ocr_carea' id='block_1_114' title="bbox 1108 2597 1925 2638">
    <p class='ocr_par' dir='ltr' id='par_1_114' title="bbox 1108 2597 1925 2638">
     <span class='ocr_line' id='line_1_114' title="bbox 1108 2597 1925 2638; baseline 0.004 -14"><span class='ocrx_word' id='word_1_822' title='bbox 1108 2597 1238 2625; x_wconf 92' lang='lat' dir='ltr'><strong>omnium</strong></span> <span class='ocrx_word' id='word_1_823' title='bbox 1254 2601 1350 2633; x_wconf 71' lang='lat' dir='ltr'><strong>spreto</strong></span> <span class='ocrx_word' id='word_1_824' title='bbox 1367 2597 1568 2626; x_wconf 67' lang='lat' dir='ltr'><strong>haereticorum</strong></span> <span class='ocrx_word' id='word_1_825' title='bbox 1579 2602 1870 2638; x_wconf 73' lang='lat' dir='ltr'><strong>consortio,pastores</strong></span> <span class='ocrx_word' id='word_1_826' title='bbox 1881 2598 1925 2624; x_wconf 84' lang='lat' dir='ltr'><strong>b0-</strong></span> 
     </span>
    </p>
   </div>
   <div class='ocr_carea' id='block_1_115' title="bbox 1107 2639 1923 2680">
    <p class='ocr_par' dir='ltr' id='par_1_115' title="bbox 1107 2639 1923 2680">
     <span class='ocr_line' id='line_1_115' title="bbox 1107 2639 1923 2680; baseline -0.001 -12"><span class='ocrx_word' id='word_1_827' title='bbox 1107 2650 1159 2668; x_wconf 86' lang='lat' dir='ltr'><strong>nos</strong></span> <span class='ocrx_word' id='word_1_828' title='bbox 1170 2644 1197 2668; x_wconf 86' lang='lat' dir='ltr'><strong>et</strong></span> <span class='ocrx_word' id='word_1_829' title='bbox 1209 2641 1307 2668; x_wconf 77' lang='lat' dir='ltr'><strong>fideles</strong></span> <span class='ocrx_word' id='word_1_830' title='bbox 1316 2641 1350 2668; x_wconf 87' lang='lat' dir='ltr'><strong>ab</strong></span> <span class='ocrx_word' id='word_1_831' title='bbox 1368 2649 1400 2668; x_wconf 88' lang='lat' dir='ltr'><strong>eo</strong></span> <span class='ocrx_word' id='word_1_832' title='bbox 1417 2642 1591 2670; x_wconf 82' lang='lat' dir='ltr'><strong>ﬁducialiter</strong></span> <span class='ocrx_word' id='word_1_833' title='bbox 1607 2645 1708 2680; x_wconf 85' lang='lat' dir='ltr'><strong>petite,</strong></span> <span class='ocrx_word' id='word_1_834' title='bbox 1725 2648 1765 2679; x_wconf 87' lang='lat' dir='ltr'><strong>et,</strong></span> <span class='ocrx_word' id='word_1_835' title='bbox 1781 2643 1847 2680; x_wconf 84' lang='lat' dir='ltr'><strong>quia</strong></span> <span class='ocrx_word' id='word_1_836' title='bbox 1857 2639 1923 2670; x_wconf 84' lang='lat' dir='ltr'><strong>acci-</strong></span> 
     </span>
    </p>
   </div>
   <div class='ocr_carea' id='block_1_116' title="bbox 1105 2683 1920 2725">
    <p class='ocr_par' dir='ltr' id='par_1_116' title="bbox 1105 2683 1920 2725">
     <span class='ocr_line' id='line_1_116' title="bbox 1105 2683 1920 2725; baseline 0 -13"><span class='ocrx_word' id='word_1_837' title='bbox 1105 2685 1305 2721; x_wconf 84' lang='lat' dir='ltr'><strong>dietis,procul</strong></span> <span class='ocrx_word' id='word_1_838' title='bbox 1315 2685 1402 2712; x_wconf 88' lang='lat' dir='ltr'><strong>dubio</strong></span> <span class='ocrx_word' id='word_1_839' title='bbox 1411 2685 1579 2714; x_wconf 87' lang='lat' dir='ltr'><strong>scitote.His</strong></span> <span class='ocrx_word' id='word_1_840' title='bbox 1586 2696 1719 2725; x_wconf 87' lang='lat' dir='ltr'><strong>namque</strong></span> <span class='ocrx_word' id='word_1_841' title='bbox 1728 2688 1824 2717; x_wconf 88' lang='lat' dir='ltr'><strong>verbis</strong></span> <span class='ocrx_word' id='word_1_842' title='bbox 1844 2683 1920 2713; x_wconf 76' lang='lat' dir='ltr'><strong>multi</strong></span> 
     </span>
    </p>
   </div>
   <div class='ocr_carea' id='block_1_117' title="bbox 1104 2727 1918 2762">
    <p class='ocr_par' dir='ltr' id='par_1_117' title="bbox 1104 2727 1918 2762">
     <span class='ocr_line' id='line_1_117' title="bbox 1104 2727 1918 2762; baseline 0.001 -6"><span class='ocrx_word' id='word_1_843' title='bbox 1104 2729 1157 2756; x_wconf 87' lang='lat' dir='ltr'><strong>viri</strong></span> <span class='ocrx_word' id='word_1_844' title='bbox 1170 2737 1202 2756; x_wconf 88' lang='lat' dir='ltr'><strong>ac</strong></span> <span class='ocrx_word' id='word_1_845' title='bbox 1213 2729 1349 2757; x_wconf 87' lang='lat' dir='ltr'><strong>mulieres</strong></span> <span class='ocrx_word' id='word_1_846' title='bbox 1361 2729 1402 2756; x_wconf 88' lang='lat' dir='ltr'><strong>sic</strong></span> <span class='ocrx_word' id='word_1_847' title='bbox 1413 2731 1483 2757; x_wconf 90' lang='lat' dir='ltr'><strong>sunt</strong></span> <span class='ocrx_word' id='word_1_848' title='bbox 1495 2731 1609 2758; x_wconf 84' lang='lat' dir='ltr'><strong>accensi</strong></span> <span class='ocrx_word' id='word_1_849' title='bbox 1621 2735 1724 2761; x_wconf 88' lang='lat' dir='ltr'><strong>utnon</strong></span> <span class='ocrx_word' id='word_1_850' title='bbox 1739 2732 1835 2762; x_wconf 79' lang='lat' dir='ltr'><strong>solum</strong></span> <span class='ocrx_word' id='word_1_851' title='bbox 1845 2727 1918 2758; x_wconf 78' lang='lat' dir='ltr'><strong>dein-</strong></span> 
     </span>
    </p>
   </div>
   <div class='ocr_carea' id='block_1_118' title="bbox 1103 2773 1917 2811">
    <p class='ocr_par' dir='ltr' id='par_1_118' title="bbox 1103 2773 1917 2811">
     <span class='ocr_line' id='line_1_118' title="bbox 1103 2773 1917 2811; baseline 0.002 -11"><span class='ocrx_word' id='word_1_852' title='bbox 1103 2781 1170 2808; x_wconf 88' lang='lat' dir='ltr'><strong>ceps</strong></span> <span class='ocrx_word' id='word_1_853' title='bbox 1187 2773 1420 2801; x_wconf 90' lang='lat' dir='ltr'><strong>Simoniacorum</strong></span> <span class='ocrx_word' id='word_1_854' title='bbox 1433 2775 1514 2801; x_wconf 84' lang='lat' dir='ltr'><strong>actus</strong></span> <span class='ocrx_word' id='word_1_855' title='bbox 1529 2777 1767 2811; x_wconf 81' lang='lat' dir='ltr'><strong>contemnerent,</strong></span> <span class='ocrx_word' id='word_1_856' title='bbox 1779 2775 1829 2805; x_wconf 82' lang='lat' dir='ltr'><strong>sed</strong></span> <span class='ocrx_word' id='word_1_857' title='bbox 1841 2773 1917 2803; x_wconf 74' lang='lat' dir='ltr'><strong>etiam</strong></span> 
     </span>
    </p>
   </div>
   <div class='ocr_carea' id='block_1_119' title="bbox 1102 2816 1917 2853">
    <p class='ocr_par' dir='ltr' id='par_1_119' title="bbox 1102 2816 1917 2853">
     <span class='ocr_line' id='line_1_119' title="bbox 1102 2816 1917 2853; baseline -0.002 -7"><span class='ocrx_word' id='word_1_858' title='bbox 1102 2825 1168 2846; x_wconf 88' lang='lat' dir='ltr'><strong>cum</strong></span> <span class='ocrx_word' id='word_1_859' title='bbox 1184 2817 1225 2846; x_wconf 86' lang='lat' dir='ltr'><strong>eis</strong></span> <span class='ocrx_word' id='word_1_860' title='bbox 1242 2817 1322 2846; x_wconf 90' lang='lat' dir='ltr'><strong>nullo</strong></span> <span class='ocrx_word' id='word_1_861' title='bbox 1339 2817 1424 2846; x_wconf 86' lang='lat' dir='ltr'><strong>modo</strong></span> <span class='ocrx_word' id='word_1_862' title='bbox 1447 2817 1475 2850; x_wconf 84' lang='lat' dir='ltr'><strong>in</strong></span> <span class='ocrx_word' id='word_1_863' title='bbox 1493 2825 1550 2849; x_wconf 86' lang='lat' dir='ltr'><strong>uno</strong></span> <span class='ocrx_word' id='word_1_864' title='bbox 1561 2821 1692 2853; x_wconf 83' lang='lat' dir='ltr'><strong>oratorio</strong></span> <span class='ocrx_word' id='word_1_865' title='bbox 1709 2828 1792 2852; x_wconf 78' lang='lat' dir='ltr'><strong>orare</strong></span> <span class='ocrx_word' id='word_1_866' title='bbox 1814 2816 1917 2853; x_wconf 76' lang='lat' dir='ltr'><strong>vellent.</strong></span> 
     </span>
    </p>
   </div>
  </div>
