3952 6400
240 421 400 490 1438

1757 415 1760 418 ’
1813 425 2043 496 ACTA.

3510 436 3671 502 μδι

240 561 308 615 In
339 561 433 616 his
461 561 661 616 autem
693 558 901 617 diebus
933 559 981 616 si
1013 573 1118 634 per
1144 560 1306 618 illam
1338 563 1543 621 urbem
1576 564 1899 634 incederes,
1929 569 1986 634 Α
2014 566 2222 621 fertur.
2247 562 2448 621 Caeteri
2472 569 2668 624 autem
2696 565 2891 624 clerici
2912 582 3086 624 mane
3107 581 3310 625 omnes
3340 569 3457 626 dici
3486 571 3669 631 Horas

237 653 452 720 praeter
479 649 660 719 hujus
692 649 775 705 rei
807 650 1242 707 contentionem
1275 652 1537 725 undique
1556 653 1650 710 vix
1674 654 1899 727 aliquid

238 739 496 794 audires.
528 737 640 792 Alii
669 737 963 810 siquidem
984 739 1378 796 Simoniacam
1401 748 1765 811 excusantes,
1799 742 1900 798 alii

235 843 371 884 eam
399 830 739 884 constanter
765 827 1138 884 damnantes.
1183 829 1299 885 Nec
1329 830 1583 899 mirum;
1619 833 1897 904 quoniam

232 933 360 973 una
388 917 600 972 domus
629 920 754 972 tota
781 920 906 972 erat
930 916 1145 984 ﬁdelis,
1177 917 1361 975 altera
1390 936 1526 976 vero
1554 923 1677 976 tota
1696 920 1900 976 inﬁde-

230 1004 346 1074 lis;
379 1004 441 1062 in
469 1005 644 1060 tertia
687 1009 888 1060 autem
938 1009 1128 1063 mater
1173 1011 1299 1063 erat
1346 1008 1586 1064 credula
1615 1025 1751 1064 cum
1781 1026 1899 1065 uno

231 1093 378 1162 ﬁlio,
413 1097 580 1166 pater
607 1093 951 1150 incredulus
982 1111 1117 1151 cum
1156 1096 1359 1164 altero,
1409 1103 1466 1153 et
1505 1098 1616 1154 hac
1662 1098 1899 1170 quidem

233 1183 582 1240 confusione
612 1187 670 1240 et
700 1185 1074 1241 contentione
1105 1185 1308 1242 civitas
1334 1190 1458 1242 tota
1488 1190 1614 1244 erat
1640 1186 1815 1259 plena
1845 1190 1902 1243 et

231 1271 540 1344 permista.

305 1362 398 1417 26.
441 1363 505 1417 In
554 1361 762 1418 diebus
809 1361 930 1418 illis
981 1362 1410 1436 quamplurimi
1451 1365 1644 1422 clerici
1675 1381 1900 1439 coepere

233 1450 599 1507 consortium
632 1451 981 1510 clericorum
1017 1469 1333 1525 pravorum
1366 1454 1716 1527 relinquere,
1747 1458 1805 1511 et
1832 1459 1894 1510 B.

231 1539 475 1596 Arialdo
505 1539 821 1596 adhaerere.
859 1541 1019 1596 Inter
1048 1558 1196 1614 quos
1221 1543 1462 1614 quidam
1486 1560 1555 1601 ex
1576 1544 1693 1601 illis
1715 1559 1898 1601 sacer-

231 1628 495 1697 dotibus,
519 1629 708 1701 ipsius
729 1629 1130 1686 exhortatione
1157 1637 1570 1704 compunctus,
1590 1632 1896 1690 ecclesiam

232 1719 577 1790 quamdam,
603 1734 779 1790 quam
811 1719 1021 1792 grandi
1049 1719 1234 1791 pretio
1258 1720 1409 1776 male
1430 1726 1672 1792 emerat,
1699 1721 1897 1778 dimit-

229 1810 357 1863 tere
386 1806 700 1879 disposuit.
763 1807 876 1863 Sed
934 1807 1164 1863 Christo
1219 1809 1547 1878 ordinante,
1605 1809 1796 1880 Miles,
1834 1811 1896 1866 in

232 1897 410 1967 cujus
430 1897 566 1967 jure
595 1895 720 1952 haec
749 1900 892 1964 erat,
917 1897 1046 1968 jam
1096 1898 1167 1952 de
1218 1897 1517 1966 ﬁdelibus,
1551 1899 1767 1972 quippe
1795 1916 1899 1972 per

229 1986 299 2041 B.
330 1984 632 2041 Arialdum
664 1985 927 2052 edoctus,
956 1986 1112 2041 sicut
1131 1985 1230 2042 ille
1250 2003 1380 2042 eam
1406 1988 1674 2044 deserere
1701 1989 1894 2061 dispo-

227 2079 456 2146 suerat,
488 2075 590 2146 qui
621 2073 784 2130 illam
814 2079 1075 2143 emerat;
1108 2074 1191 2131 sic
1232 2075 1342 2132 iste
1373 2093 1480 2132 suo
1512 2093 1541 2132 e
1560 2077 1696 2148 jure
1721 2077 1894 2150 elegit

225 2164 386 2220 hanc
416 2163 681 2220 amittere
712 2167 778 2219 ut
809 2163 1134 2233 dominam,
1164 2165 1266 2236 qui
1291 2169 1536 2222 eatenus
1565 2167 1758 2238 ipsam
1790 2183 1890 2222 ne-

222 2254 427 2326 quiter
447 2257 760 2326 usurparet
781 2256 846 2308 ut
865 2252 1168 2309 famulam.
1192 2255 1688 2311 Convenientibus
1709 2255 1893 2328 igitur

225 2359 370 2399 cum
403 2342 464 2400 B.
496 2341 733 2397 Arialdo
757 2342 815 2397 in
839 2358 1025 2398 unum
1049 2341 1255 2399 multis
1286 2343 1582 2413 ﬁdelibus,
1606 2343 1772 2401 Miles
1801 2362 1890 2401 re-

222 2432 577 2488 futationem
595 2432 668 2486 ab
692 2435 952 2503 emptore
975 2432 1216 2504 accepit,
1242 2449 1489 2505 eamque
1511 2451 1689 2506 super
1711 2433 1892 2491 altare

219 2521 334 2578 viri
367 2521 469 2577 Dei
503 2519 903 2576 admonitione
953 2520 1172 2592 posuit,
1223 2525 1282 2576 et
1327 2522 1518 2577 eidem
1559 2522 1621 2577 B.
1656 2522 1890 2578 Arialdo

217 2610 405 2683 jussit
435 2613 500 2665 ut
527 2609 805 2682 deinceps
835 2625 964 2666 eam
995 2610 1354 2682 disponeret,
1381 2611 1710 2667 secundum
1733 2613 1890 2683 quod

222 2701 416 2757 Deum
447 2697 594 2754 velle
623 2699 819 2754 sciret.
845 2698 953 2766 Qui
977 2699 1249 2770 protinus
1271 2703 1388 2755 tres
1414 2700 1656 2756 clericos
1687 2699 1891 2756 ﬁdeles

223 2793 290 2847 et
317 2792 509 2845 castos
536 2788 785 2855 vocavit,
834 2791 892 2842 et
940 2787 1354 2844 refutationem
1408 2805 1588 2860 quam
1633 2789 1800 2845 Miles
1829 2789 1890 2845 in

223 2880 411 2937 altare
440 2882 717 2951 posuerat
740 2893 840 2933 eos
870 2876 1090 2950 pariter
1111 2877 1296 2948 jussit
1324 2877 1548 2934 tollere.

302 2970 394 3024 27.
427 2971 688 3039 Cumque
743 2966 901 3023 idem
959 2983 994 3021 a
1051 2965 1323 3038 pluribus
1370 2967 1795 3034 exhortaretur,
1828 2972 1893 3023 ut

225 3057 499 3116 eamdem
521 3071 657 3111 eum
679 3054 826 3127 ipsis
848 3071 968 3110 una
986 3058 1565 3127 sumeret,quatenus
1588 3057 1660 3111 ab
1682 3055 1893 3112 multo-

226 3164 367 3203 rum
398 3145 726 3218 profectum
753 3143 970 3200 ibidem
1021 3159 1258 3199 manere
1306 3144 1559 3214 deberet,
1594 3144 1710 3200 ait:
1745 3146 1890 3202 Cum

2001 655 2198 726 potius
2230 655 2706 726 murmurabant,
2741 673 2922 729 quam
2953 657 3374 728 decantarent;
3407 659 3503 716 hic
3534 679 3668 718 vero

2000 742 2065 797 in
2097 744 2210 811 die,
2245 747 2400 799 tacto
2434 746 2650 816 septies
2682 745 2873 818 signo,
2907 746 3189 803 fratribus
3212 764 3330 804 una
3349 765 3670 823 congrega-

1999 831 2098 900 tis,
2133 847 2350 904 magna
2381 849 2517 888 cum
2550 834 2922 890 veneratione
2970 835 3233 892 debitam
3277 837 3670 910 omnipotenti

1999 918 2116 975 Deo
2147 919 2385 977 laudem
2427 922 2797 990 decantabat,
2849 928 3024 996 atque
3072 925 3144 979 ad
3197 925 3669 984 satisfactionem

2002 1022 2206 1064 omnes
2236 1009 2296 1063 in
2329 1010 2535 1066 eodem
2576 1011 2794 1080 ofﬁcio,
2847 1012 2989 1068 dum
3041 1013 3185 1069 forte
3235 1013 3668 1088 delinquerent,

2003 1096 2158 1152 dicto
2187 1100 2244 1152 et
2273 1097 2424 1153 facto
2470 1100 2839 1170 provocabat.
2885 1101 3063 1157 Porro
3111 1102 3267 1157 sicut
3296 1102 3359 1158 B.
3391 1103 3670 1164 Arialdus

2001 1185 2171 1242 laatus
2205 1185 2382 1242 nimis
2417 1191 2506 1244 est
2536 1189 2797 1258 effectus,
2830 1206 2896 1245 eo
2931 1191 3086 1262 quod
3119 1191 3192 1246 ad
3223 1195 3425 1248 votum
3449 1193 3552 1250 diu
3584 1196 3670 1250 ni-

2007 1275 2240 1347 misque
2268 1280 2532 1348 optatum
2560 1277 2871 1350 (videlicet,
2901 1283 2967 1335 ut
2996 1297 3131 1336 cum
3158 1281 3440 1337 fratribus
3473 1283 3544 1338 ad
3577 1299 3668 1340 ec-

2005 1363 2246 1420 clesiam
2277 1365 2666 1422 communiter
2693 1367 2883 1424 vivere
2913 1370 3132 1440 posset)
3167 1374 3547 1442 pervenerat;
3580 1373 3666 1429 sic

2005 1451 2208 1509 fideles
2237 1453 2408 1514 multi
2440 1453 2552 1510 laeti
2585 1459 2725 1511 sunt
2754 1456 2963 1524 effecti,
2997 1473 3101 1528 pro
3155 1473 3221 1513 eo
3267 1461 3422 1531 quod
3455 1465 3662 1532 aptum

2004 1539 2198 1598 locum
2231 1543 2538 1612 haberent,
2563 1543 2664 1600 ubi
2689 1545 2923 1600 Domini
2945 1547 3120 1602 verba
3144 1551 3338 1602 mente
3358 1547 3545 1605 libera
3565 1568 3666 1606 au-

2006 1630 2128 1686 dire
2159 1635 2421 1703 possent,
2453 1635 2512 1687 et
2532 1632 2732 1688 divina
2751 1634 3031 1706 mysteria
3050 1651 3117 1692 ac
3142 1640 3512 1693 sacramenta
3534 1653 3664 1710 per-

2005 1719 2217 1790 cipere.
2266 1721 2448 1792 Coepit
2477 1724 2676 1776 autem
2727 1725 2890 1778 tanta
2921 1722 3062 1778 illuc
3092 1723 3314 1780 ibidem
3345 1725 3664 1782 multitudo

2007 1807 2318 1875 confluere,
2354 1825 2469 1869 non
2500 1808 2694 1865 solum
2725 1810 2796 1866 de
2818 1811 2982 1877 urbe,
3016 1811 3119 1867 sed
3140 1811 3316 1868 etiam
3341 1813 3412 1868 de
3432 1813 3588 1870 villis
3609 1819 3667 1871 et

2007 1896 2284 1964 castellis,
2317 1901 2608 1969 quatenus
2653 1915 2752 1955 eos
2795 1898 2957 1954 nullo
2997 1901 3171 1956 modo
3214 1901 3432 1958 valeret
3457 1919 3664 1976 capere

2001 1985 2133 2057 ipsa
2162 1985 2427 2052 ecclesia,
2460 1987 2596 2043 licet
2615 1987 2759 2043 satis
2780 1992 2936 2045 esset
2958 1988 3172 2061 ampla.
3196 1989 3351 2052 Quos
3372 1993 3494 2046 tam
3525 2008 3663 2048 con-

2001 2074 2180 2130 stanti
2211 2074 2570 2147 assiduaque
2619 2076 2885 2132 doctrina
2914 2076 3003 2132 vir
3033 2077 3134 2133 Dei
3169 2078 3415 2135 docebat
3443 2083 3510 2134 ut
3539 2079 3664 2152 ple-

2000 2178 2255 2233 rumque
2283 2179 2485 2219 vocem
2512 2163 2598 2220 sic
2619 2165 2935 2235 amitteret,
2961 2169 3254 2238 quatenus
3276 2168 3348 2222 ab
3365 2167 3663 2239 aliquibus

1991 2251 2162 2321 juxta
2188 2268 2250 2308 se
2280 2252 2488 2323 positis
2516 2253 2610 2308 vix
2639 2253 2832 2309 audiri
2868 2259 3088 2326 posset.

2069 2339 2268 2395 29-30.
2303 2340 2610 2412 Praeterea,
2643 2342 2783 2412 quia
2813 2357 2988 2398 canes
3020 2344 3170 2399 muti
3202 2345 3390 2400 effecti
3418 2350 3586 2402 erant
3607 2350 3665 2402 et

1999 2427 2215 2483 latrare
2237 2429 2777 2500 nequibant,multa
2797 2431 2954 2487 mala
2974 2435 3030 2487 et
3047 2432 3394 2489 detestanda
3409 2434 3665 2506 populus

1998 2521 2141 2571 tunc
2164 2517 2723 2590 committebat,quze
2745 2518 2826 2574 ita
2847 2519 3003 2575 idem
3028 2521 3101 2576 ab
3123 2521 3357 2577 exordio
3379 2539 3499 2578 suae
3525 2541 3666 2595 prae-

1999 2605 2310 2661 dicationis
2343 2606 2616 2663 universa
2639 2608 2939 2664 damnavit
2967 2613 3034 2664 ut
3055 2627 3231 2666 suum
3257 2611 3460 2682 procul
3481 2611 3660 2669 dubio

1999 2693 2145 2749 illud
2179 2694 2401 2749 dictum
2435 2695 2673 2764 faceret,
2696 2697 2853 2768 quod
2876 2713 2978 2768 per
2998 2698 3062 2752 B.
3085 2697 3332 2754 Paulum
3361 2698 3659 2770 prolatum

1999 2788 2116 2839 est:
2151 2804 2178 2831 ‹‹
2211 2783 2490 2849 Mundus,
2539 2784 2753 2856 inquit,
2805 2802 2840 2840 a
2887 2785 3176 2858 sanguine
3225 2803 3358 2843 sum
3391 2789 3658 2845 omnium

1996 2875 2286 2928 vestrum:
2306 2889 2422 2928 non
2445 2873 2601 2928 enim
2624 2874 3299 2947 subterfugi,quominus
3322 2877 3659 2934 nuntiarem

1999 2978 2172 3018 omne
2202 2961 2514 3018 consilium
2547 2962 2647 3017 Dei
2701 2963 2866 3018 vobis
2913 2964 3050 3034 (Act.
3097 2982 3192 3034 xx,
3224 2965 3314 3034 26,
3347 2967 3460 3038 27).
3493 2987 3522 3016 »
3552 2971 3660 3023 Per

1997 3054 2188 3107 totum
2207 3067 2461 3122 namque
2477 3052 2808 3108 Adventum
2824 3053 3048 3124 absque
3060 3054 3521 3111 contradictione
3538 3055 3661 3113 ulla

1999 3156 2099 3196 eos
2121 3140 2337 3212 reperit
2356 3140 2595 3212 nuptias
2617 3140 2957 3198 solemniter
2977 3141 3269 3199 celebrare
3289 3163 3302 3213 ;
3328 3161 3538 3200 uxores
3557 3144 3662 3199 du-

226 3235 382 3309 ipsis
403 3234 644 3307 quidem
667 3233 740 3288 ad
763 3249 967 3289 eorum
990 3231 1530 3302 instructionem,et
1548 3237 1889 3289 caeterorum
2001 3229 2333 3295 cere,etiam
2357 3229 2414 3282 in
2440 3228 2570 3300 ipsa
2586 3229 2820 3284 Domini
2841 3229 3066 3286 Natalis
3091 3231 3366 3304 vigilia,si
3390 3231 3659 3287 fortassis

228 3324 487 3381 salutem
521 3322 809 3390 manebo;
841 3326 1271 3388 verumtamen,
1305 3339 1378 3376 ne
1407 3323 1581 3377 verbo
1614 3323 1713 3377 Dei
1745 3323 1892 3378 mihi
1923 3309 1966 3377 C
2003 3317 2258 3374 eveniret
2287 3317 2346 3371 in
2377 3317 2700 3372 Dominica.
2730 3317 2832 3373 Cui
2854 3318 2935 3373 rei
2959 3320 3221 3374 nefandae
3242 3323 3362 3374 tam
3385 3321 3660 3376 ardenter

227 3413 453 3470 credito
473 3412 965 3484 impedimentum
984 3410 1194 3476 sit,sub
1210 3410 1356 3482 jugo
1380 3409 1627 3481 alicujus
1645 3415 1887 3466 terrenae

225 3503 401 3570 rei,et
421 3518 493 3558 ne
514 3501 651 3557 huic
669 3499 937 3569 Azoni,in
959 3500 1131 3571 cujus
1153 3499 1374 3555 ditione
1396 3500 1518 3554 haec
1540 3500 1784 3555 ecclesia
1801 3504 1891 3556 est

223 3595 588 3658 constructa,
621 3589 734 3646 sub
764 3589 874 3645 hac
904 3589 1210 3645 occasione
1239 3587 1477 3660 aliquod
1512 3589 1700 3660 possit
1729 3590 1889 3645 dam-

223 3698 374 3738 num
407 3679 631 3748 inferri,
664 3678 844 3749 hujus
895 3677 977 3733 rei
1027 3680 1245 3732 sortem
1289 3693 1660 3749 nequaquam
1693 3693 1886 3748 sumo,

223 3769 509 3844 quoniam
523 3769 638 3824 tale
653 3772 889 3839 tempus
906 3765 1112 3822 scitote
1130 3765 1333 3838 procul
1353 3766 1532 3821 dubio
1549 3769 1885 3836 venturum,

220 3859 289 3915 in
321 3874 437 3931 quo
469 3856 617 3913 nulli
645 3856 836 3913 vivere
864 3854 1057 3924 liceat,
1089 3855 1205 3910 nisi
1229 3871 1321 3910 me
1343 3871 1376 3909 a
1398 3854 1523 3911 suis
1553 3854 1770 3911 ﬁnibus
1793 3872 1888 3911 ex-

223 3947 428 4023 pellat.
463 3946 568 4002 Hic
599 3945 816 4018 quippe
838 3959 1031 4000 sermo
1055 3943 1352 4016 quomodo
1374 3943 1750 4016 propheticus
1772 3945 1890 4000 fue-

227 4037 333 4106 rit,
365 4035 425 4091 in
457 4035 728 4107 sequenti
756 4033 990 4090 lectoris
1021 4032 1204 4088 menti
1241 4031 1372 4087 luce
1401 4031 1616 4087 clarius
1644 4033 1886 4104 patebit.

227 4126 314 4182 Eo
344 4141 601 4196 namque
631 4124 691 4178 in
721 4123 925 4179 eadem
957 4121 1204 4178 ecclesia
1229 4125 1523 4186 manente,
1548 4125 1768 4192 quanta
1796 4122 1892 4177 be-

229 4213 467 4282 neﬁcia,
495 4218 617 4269 tam
646 4211 840 4268 verbis
859 4226 1038 4285 quam
1061 4210 1252 4279 factis,
1273 4209 1391 4265 sive
1413 4209 1560 4281 ipsis
1585 4209 1888 4279 fratribus,

232 4304 358 4361 sive
387 4302 610 4359 caeteris
640 4305 761 4358 tam
793 4300 1065 4356 ﬁdelibus
1096 4316 1274 4372 quam
1307 4298 1646 4360 inﬁdelibus
1666 4299 1892 4371 impen-

232 4393 408 4459 derit,
439 4396 496 4449 et
526 4395 750 4464 quanta
779 4390 851 4446 ab
883 4391 968 4447 eis
1021 4405 1126 4462 pro
1174 4389 1347 4445 bonis
1377 4388 1534 4444 mala
1559 4405 1662 4461 per
1692 4389 1894 4445 decem

230 4483 354 4539 fere
384 4497 572 4537 annos
601 4478 930 4553 pertulerit,
954 4495 1126 4535 nemo
1149 4493 1254 4533 nec
1278 4478 1476 4534 omnia
1496 4477 1893 4547 scribere,imo

228 4587 342 4626 nec
371 4569 524 4626 valet
551 4568 810 4643 profecto
833 4568 1045 4624 dicere.
1069 4568 1217 4623 Nam
1241 4566 1510 4640 protinus
1541 4565 1893 4639 legationem

1998 3411 2451 3477 constanterque
2479 3407 2654 3462 verbo
2685 3406 2858 3478 cmpit
2887 3407 3106 3477 pariter
3137 3411 3196 3463 et
3233 3407 3461 3464 actibus
3493 3409 3658 3465 obsi-

1998 3501 2170 3565 stere,
2199 3498 2493 3567 quatenus
2542 3495 2602 3548 in
2651 3496 2780 3566 ejus
2824 3497 3140 3551 venerabili
3179 3496 3434 3552 transitu
3483 3515 3658 3555 nemo

1998 3602 2145 3659 pene
2176 3584 2417 3656 reperiri
2450 3588 2648 3656 posset
2676 3583 2778 3656 qui
2809 3589 2931 3640 tam
2964 3587 3285 3642 nefandum
3316 3603 3464 3659 opus
3485 3603 3660 3660 agere

1997 3673 2394 3747 praesumeret.
2429 3673 2578 3728 Nam
2608 3673 2667 3728 in
2700 3673 2829 3744 ipso
2862 3673 3115 3747 nuptiali
3145 3676 3404 3746 die,jam
3435 3677 3658 3749 paratis

1997 3763 2273 3820 omnibus
2307 3779 2434 3833 qua
2487 3762 2547 3817 in
2598 3763 2821 3834 nuptiis
2872 3762 3062 3819 solent
3113 3765 3328 3836 parari,
3360 3765 3522 3832 illuc,
3553 3767 3659 3822 ubi

1998 3852 2214 3909 eadem
2249 3851 2468 3923 nuptiae
2499 3851 2845 3924 agebantur,
2879 3868 3014 3908 cum
3047 3852 3326 3910 fratribus
3357 3854 3524 3909 anxie
3555 3871 3660 3910 oc-

1997 3940 2306 4007 currebat;
2339 3943 2396 3996 et
2423 3938 2819 3996 celebraturos
2867 3941 3135 3997 omnium
3184 3958 3384 3998 rerum
3420 3941 3659 3998 Domini

2000 4029 2236 4101 nuptias
2259 4028 2498 4095 nitidos,
2531 4028 2656 4084 suis
2689 4029 2935 4085 minime
2972 4031 3232 4087 reatibus
3271 4047 3400 4087 esse
3447 4031 3663 4088 debere

1998 4117 2268 4175 sordidos
2285 4120 2714 4190 occupatosque
2729 4118 3200 4188 denuntiabat,et
3212 4119 3318 4177 tali
3335 4121 3509 4177 modo
3526 4119 3663 4178 illos

2001 4207 2244 4280 cogebat
2285 4207 2486 4263 omnia
2519 4208 2647 4279 jam
2695 4212 2949 4267 tractata
2991 4210 3282 4278 omittere,
3331 4215 3388 4268 et
3428 4211 3489 4267 in
3523 4214 3658 4285 apto

1999 4301 2261 4369 tempore
2292 4312 2545 4352 servare.

2074 4387 2164 4441 31.
2198 4385 2324 4441 Duo
2357 4385 2614 4458 denique
2643 4385 2860 4457 clerici,
2894 4387 3037 4444 olim
3082 4388 3322 4462 signum
3352 4390 3664 4447 clericatus

2003 4475 2064 4530 in
2095 4473 2343 4531 ecclesia
2377 4475 2791 4548 quadam,quae
2819 4477 2877 4533 S.
2903 4477 3087 4533 Maria
3105 4481 3337 4534 Secreta
3365 4495 3668 4551 nuncupa-

2002 4569 2121 4634 tur,
2150 4568 2560 4636 sumpserant;
2587 4581 2839 4637 quorum
2860 4569 3058 4621 tamen
3081 4582 3255 4622 nemo
3278 4567 3465 4640 ipsius
3486 4567 3666 4622 bene-

229 4659 297 4714 in
329 4658 571 4714 domum
603 4663 911 4731 paternam
943 4656 1125 4724 misit,
1159 4659 1217 4711 et
1266 4672 1336 4711 ex
1383 4671 1451 4712 ea
1478 4655 1685 4728 viginti
1714 4655 1894 4711 libras
1923 4677 1972 4743 D
2002 4653 2134 4710 ﬁcio
2165 4653 2386 4726 perfrui
2417 4657 2634 4726 posset,
2688 4653 2892 4722 donec,
2940 4654 3095 4711 sicut
3140 4654 3265 4712 loco
3296 4656 3500 4713 eodem
3533 4673 3664 4712 mos

234 4748 464 4820 argenti
494 4746 957 4818 sumpsit,atque
982 4747 1151 4817 juxta
1175 4745 1444 4801 eamdem
1466 4743 1772 4800 ecclesiam
1796 4744 1893 4800 ha-

232 4835 565 4894 bitaculum
598 4835 951 4893 mirabiliter
975 4839 1177 4908 aptum
1209 4833 1517 4890 aediﬁcavit
1547 4833 1680 4905 (15).

307 4925 397 4980 28.
430 4925 643 4998 Agitur
672 4926 925 4997 denique
969 4940 1062 4980 res
1104 4939 1256 4978 nova
1304 4926 1362 4978 et
1414 4938 1559 4992 pene
1591 4922 1663 4977 ab
1694 4922 1898 4978 eodem

233 5013 364 5069 loco
394 5013 680 5071 hactenus
715 5016 927 5071 inscia.
960 5013 1186 5069 Chorus
1215 5028 1473 5083 namque
1503 5009 1604 5066 alti
1649 5011 1897 5067 circum-

238 5103 476 5160 datione
509 5105 664 5160 muri
696 5103 1085 5170 concluditur,
1123 5102 1180 5156 in
1213 5118 1328 5173 quo
1368 5099 1586 5156 ostium
1618 5101 1897 5172 ponitur;

238 5192 388 5248 visio
421 5193 790 5262 clericorum,
823 5194 1106 5250 laicorum
1139 5207 1206 5246 ac
1251 5189 1590 5260 mulierum,
1622 5206 1750 5260 qua:
1781 5208 1901 5247 una

240 5286 366 5336 erat
396 5287 453 5338 et
483 5283 838 5351 communis,
865 5281 1146 5337 dividitur
1171 5297 1184 5347 ;
1209 5294 1414 5334 omnes
1436 5279 1508 5334 de
1530 5295 1648 5334 una
1669 5296 1805 5335 arca
1825 5279 1902 5336 vi-

239 5385 372 5426 vere
421 5375 735 5444 coguntur,
766 5370 976 5428 fabulae
1009 5371 1081 5427 ab
1113 5385 1380 5425 mensam
1425 5374 1899 5439 compescuntur,

240 5476 347 5533 pro
379 5460 600 5532 quibus
631 5466 838 5518 sancta
881 5459 1054 5518 lectio
1105 5474 1282 5530 super
1329 5472 1458 5513 eam
1501 5456 1739 5513 assidue
1768 5473 1901 5530 pro-

315 5655 428 5731 (15)
461 5655 790 5736 Landulfus
831 5654 1105 5736 Ju_nior:.
1127 5674 1157 5702 «
1185 5651 1290 5708 Hic
1321 5651 1385 5708 B.
1415 5648 1688 5736 Arialdus
1719 5651 1902 5711 eccle-

244 5727 419 5805 pia’m’
445 5745 578 5813 quae
628 5728 846 5794 dicitur
891 5727 1182 5790 Canonica
1218 5727 1532 5803 reparavit,
1562 5727 1725 5787 extra
1769 5741 1900 5787 mu-

2003 4749 2146 4813 erat,
2188 4743 2456 4813 ejusdem
2507 4741 2762 4798 ecclesiae
2812 4744 3086 4800 sacerdos
3134 4744 3378 4801 minime
3421 4743 3665 4812 obisset,

2008 4850 2182 4908 quem
2204 4849 2308 4905 per
2328 4832 2482 4888 idem
2503 4836 2738 4905 tempus
2755 4833 2949 4890 obisse
2967 4833 3232 4907 contigit.
3253 4835 3364 4892 Sed
3386 4851 3521 4890 cum
3536 4835 3665 4906 jam

2007 4923 2226 4978 dictam
2257 4920 2583 4986 ecclesiam,
2625 4921 2851 4994 pridem
2903 4922 3004 4994 qui
3061 4923 3290 4996 primus
3321 4922 3668 4997 designatus

2009 5013 2216 5079 fuerat,
2243 5011 2485 5082 adipisci
2508 5010 2767 5078 deberet,
2791 5013 3203 5070 tantummodo
3227 5014 3275 5070 si
3301 5032 3404 5087 pro
3425 5031 3493 5070 ea
3513 5013 3670 5070 male

2010 5102 2294 5158 usitatum
2316 5099 2625 5170 prmmium
2645 5100 2830 5168 daret,
2854 5101 2961 5156 viri
2984 5101 3228 5174 Deijam
3248 5103 3524 5160 credulus
3544 5121 3671 5160 ver-

2007 5192 2124 5256 bis,
2157 5188 2404 5245 distulit.
2435 5190 2619 5252 Quem
2651 5189 2959 5261 improbus
2989 5209 3135 5248 suus
3169 5194 3364 5249 minor
3389 5191 3671 5262 anticipa-

2007 5280 2112 5349 vit,
2144 5283 2200 5335 et
2230 5292 2419 5349 neque
2472 5278 2782 5334 Dominum
2836 5296 3027 5353 neque
3076 5281 3378 5338 hominem
3409 5279 3666 5346 erubuit,

2012 5386 2118 5425 nec
2146 5367 2368 5424 veritus
2400 5369 2490 5421 est
2517 5370 2583 5421 ut
2624 5368 2889 5425 eamdem
2938 5371 3050 5425 sibi
3103 5387 3238 5426 cum
3270 5367 3520 5442 pecunia
3548 5384 3669 5424 non

2011 5457 2356 5531 acquireret.
2415 5456 2579 5520 Quod
2639 5460 2706 5512 ut
2743 5459 2813 5514 ad
2873 5459 3173 5516 hominem
3222 5458 3324 5514 Dei
3362 5454 3669 5514 Arialdum

2010 5671 2111 5794 1-ῗὲ
2133 5656 2313 5728 portae
2345 5668 2506 5710 novae
2548 5651 2890 5725 Mediolani,
2920 5675 2948 5708 η
3002 5656 3058 5712 et
3104 5657 3311 5715 caetera
3337 5651 3474 5714 hinc
3505 5669 3671 5745 sum:

2010 5743 2047 5794 P
2115 5767 2131 5788 ο

2009 5743 2131 5812 pta.
