3952 6394
246 414 405 498 11Βῆ

1843 429 2071 502 AGTR.

3509 418 3684 506 ιιδθι

241 567 368 626 erat
414 564 624 624 laneis.
675 563 845 624 Hunc
894 563 956 624 in
1006 566 1221 641 pedum
1254 565 1548 626 ablatione
1578 575 1912 642 pauperum
1936 573 1991 640 Α
2021 567 2314 627 reficiebat
2343 585 2564 628 secum.
2595 567 2743 630 Nam
2774 568 2884 630 hoc
2907 583 3054 646 opus
3076 571 3344 630 sanctum
3367 567 3668 650 interdum

240 667 415 730 agere
444 654 585 726 vidi,
616 656 773 728 quod
804 655 862 712 in
896 653 1009 713 alio
1041 657 1275 713 nemine
1314 673 1407 713 me
1438 658 1784 715 reminiscbr
1813 659 1894 714 vi-

240 745 420 802 disse.
454 743 602 802 Nam
632 761 767 801 cum
799 745 1014 802 alicubi
1045 763 1148 819 per
1177 747 1382 803 urbem
1410 746 1662 805 vallatus
1683 765 1898 822 magna

240 833 622 891 multitudine
644 833 907 890 fidelium
935 835 1047 891 sibi
1069 836 1252 908 gratis
1273 837 1725 908 obsequentium
1747 838 1898 894 ince-

239 925 406 979 deret
435 926 493 979 et
520 922 848 979 horrendos
876 939 1163 996 pauperes
1195 927 1252 979 et
1293 923 1512 979 debiles
1557 924 1894 996 inspiceret,

239 1011 393 1069 clam
416 1011 592 1066 alicui
615 1011 818 1068 exsuis
838 1011 1373 1068 famulisinnuebat
1396 1012 1709 1084 persistere
1721 1019 1898 1086 atque

238 1117 556 1175 pauperem
589 1104 722 1172 post
755 1101 952 1174 ipsum
1005 1102 1076 1158 ad
1126 1103 1368 1157 domum
1417 1118 1617 1158 secum
1663 1103 1893 1158 ducere.

237 1189 513 1246 Dimissis
545 1189 727 1263 igitur
756 1191 1068 1258 extraneis,
1102 1189 1280 1246 allata
1322 1208 1496 1263 aqua,
1546 1192 1895 1264 cinctusque

237 1279 613 1352 linteo,egeni
631 1281 809 1352 pedes
824 1280 1010 1335 nimia
1024 1297 1155 1336 cum
1174 1281 1542 1336 veneratione
1559 1281 1832 1337 abluebat
1844 1286 1899 1337 et

237 1370 594 1442 extergebat.
605 1370 740 1426 Post
752 1369 875 1426 haec
892 1374 1357 1442 autem,corpore
1371 1370 1431 1425 in
1444 1370 1567 1426 solo
1587 1375 1895 1442 prostrato,

239 1458 351 1516 sub
373 1457 562 1531 ipsius
578 1459 830 1531 pedibus
843 1461 1020 1530 caput
1042 1459 1314 1530 ponebat,
1339 1463 1394 1513 et
1415 1458 1529 1514 tale
1548 1459 1719 1514 modo
1744 1476 1899 1515 men-

237 1547 438 1604 dicum
460 1550 517 1603 et
536 1563 857 1620 pauperem
879 1547 1127 1604 faciebat
1148 1564 1209 1604 se
1232 1547 1526 1603 modicum
1553 1547 1896 1604 conculcare

239 1636 502 1708 divitem,
528 1637 781 1710 denique
811 1636 1133 1694 honoriﬁce
1175 1641 1232 1694 et
1281 1637 1652 1693 abundanter
1697 1637 1896 1710 ipsum

2006 659 2065 716 in
2088 676 2407 718 numerum
2427 661 2767 719 duodenum
2790 661 3024 735 explere
3039 660 3160 718 vidi
3183 671 3531 736 pauperum.
3559 655 3667 722 Ve-

2006 753 2362 807 rumtamen.
2390 750 2492 808 Dei
2521 751 2644 809 zelo
2675 751 2760 810 sic
2808 755 2934 808 erat
2983 767 3274 810 accensus"
3310 755 3376 809 ut
3397 746 3482 811 de
3511 769 3578 811 eo
3605 754 3668 812 in

2007 838 2138 909 ejus
2160 838 2425 895 absentia
2449 839 2799 914 plerumque
2817 841 2908 896 vir
2929 840 3031 896 Dei
3061 841 3338 898 Ari‘aldus
3361 843 3670 916 suspirans

2007 927 2222 983 diceret
2247 945 2259 983 :
2285 929 2434 985 Proh
2457 929 2651 986 dolor!
2686 933 2899 1003 prater
2919 929 3394 988 Herlembaldum
3415 937 3473 989 et
3493 934 3670 990 Naza-

2007 1016 2182 1082 rium,
2205 1017 2484 1074 clericum
2505 1020 2598 1074 vix
2621 1036 2986 1092 quemquam
3012 1020 3256 1092 reperio,
3285 1021 3386 1094 qui
3407 1037 3670 1096 quoquo-

2008 1107 2180 1162 modo
2203 1107 2348 1162 mihi
2371 1109 2481 1162 sub
2505 1106 2653 1164 falsa
2674 1109 3036 1166 discretione
3057 1114 3246 1166 tacere
3267 1121 3384 1167 non
3421 1113 3672 1169 suadeat

2007 1196 2298 1264 quatenus
2328 1195 2643 1251 Simoniaci
2674 1200 2731 1252 et
2759 1196 3009 1253 adulteri
3044 1197 3225 1254 libere
3266 1199 3497 1271 possint
3526 1216 3656 1272 per-

2008 1293 2178 1354 agere
2199 1299 2374 1354 opera
2395 1283 2633 1339 diaboli.
2658 1284 2842 1342 Multa
2865 1303 3120 1358 namque
3141 1288 3297 1343 bona
3319 1287 3388 1344 de
3410 1288 3520 1344 hoc
3541 1290 3665 1346 viro

2010 1371 2382 1426 familiariter
2410 1373 2671 1446 cognovi,
2706 1375 2807 1429 sed
2838 1375 2976 1446 quia
3006 1389 3195 1448 nuper
3222 1376 3282 1431 in
3327 1378 3668 1436 defensione

2002 1460 2253 1532 justitiaa
2286 1461 2563 1535 martyrio
2590 1466 2682 1519 est
2703 1468 3034 1532 coronatus,
3059 1478 3126 1520 ea
3152 1464 3328 1521 alteri
3347 1470 3468 1522 tam
3499 1467 3668 1524 volu-

2015 1549 2161 1604 mini
2192 1565 2370 1621 quam
2403 1551 2678 1624 scriptori
2709 1552 3000 1625 relinquo,
3034 1554 3180 1627 quia
3202 1558 3264 1610 Β.
3313 1551 3664 1638 ArialdiVi-

2010 1641 2132 1694 tam
2166 1639 2443 1711 perﬁcere
2472 1639 2748 1698 velociter
2776 1641 2967 1714 cupio.

1526 1876 2408 1970 EMBOLISMUS-

1064 2057 1160 2119 De
1182 2056 1447 2138 ejusdem
1479 2055 1894 2120 Herlembaldz’
1911 2057 2232 2140 principiis
2257 2065 2326 2120 et
2342 2057 2629 2142 Landulﬁ
2656 2057 2844 2122 obitu.

307 2417 400 2473 35.
462 2418 606 2471 Cum
665 2413 1032 2487 prdpositum
1090 2413 1170 2470 sit
1224 2415 1281 2467 Β.
1341 2411 1740 2468 Herlemhaldi
1796 2410 1896 2466 Vi-
1925 2413 1974 2479 B
2006 2411 3680 2491 Herle'mbaldusesset'capitaneus,contra‘nobilesipsus‘

245 2511 371 2563 tam
403 2521 523 2561 una
556 2519 687 2560 cum
734 2503 868 2560 Vita
917 2503 977 2559 S.
1028 2501 1252 2558 Arialdi
1308 2501 1604 2574 prosequi,
1665 2504 1902 2574 praeter-

247 2595 480 2652 mittere
502 2609 617 2650 non
637 2609 882 2665 possum
905 2592 1049 2664 quin
1063 2591 1165 2648 tali
1182 2591 1482 2664 proposito
1501 2590 1902 2662 importunam

244 2684 502 2741 And-rea
520 2683 873 2739 brevitatem
897 2681 1134 2737 aliunde
1164 2679 1495 2753 suppleam,
1528 2683 1768 2736 secutus
1798 2695 1902 2735 au-

247 2777 504 2830 ctores‘a
535 2770 1344 2829 Puricello-subministratos.
1387 2769 1492 2825 Hic
1513 2785 1645 2840 pag.
1673 2768 1800 2837 224',
1835 2784 1904 2824 ex

245 2857 580 2919 Annalibus
610 2859 762 2917 Petri
791 2859 1010 2931 Aruzii,
1041 2860 1198 2915 circa
1243 2863 1466 2914 annum
1515 2859 1655 2914 1402
1697 2857 1901 2924 finitis,

248 2956 469 3020 narrat,
513 2951 808 3022 quomodo
857 2949 996 3006 sede
1044 2947 1462 3004 Mediolanensi
1508 2951 1752 3003 vacante
1801 2964 1907 3020 per

249 3045 502 3099 mortem
537 3038 792 3095 Ariberti
830 3037 1225 3094 laudatissimi
1247 3036 1518 3109 praesulis
1540 3036 1780 3108 ('obiisss
1799 3054 1902 3092 au-

245 3133 372 3187 tam
398 3128 501 3185 hic
514 3128 572 3184 in
595 3144 702 3184 suo
724 3125 1021 3200 epitaphio
1061 3126 1280 3199 legitur
1308 3147 1337 3178 «
1361 3142 1515 3182 anno
1537 3126 1698 3192 4045,
1722 3127 1787 3181 17
1809 3125 1903 3182 die

251 3217 475 3276 mensis
494 3216 784 3286 Januarii,
819 3216 1138 3272 indictione
1157 3216 1283 3288 xm)
1323 3218 1381 3271 et
1401 3215 1627 3271 Lazone
1647 3216 1719 3271 de
1741 3219 1904 3270 curte

245 3306 575 3374 exsulante,
605 3327 634 3357 »
667 3305 769 3377 qui
798 3304 983 3362 scissa
1035 3304 1108 3358 in-
1127 3303 1408 3360 factiones
1439 3303 1672 3359 civitate
1701 3308 1906 3359 contra

252 3395 622 3453 nobilitatem
643 3392 1039 3467 partesplcbis
1060 3392 1396 3449 sustinebat
1405 3407 1538 3447 cum
1557 3391 1726 3448 titulo
1750 3414 1779 3443 «
1803 3392 1906 3448 Ca-

248 3483 491 3559 pitauei,
518 3500 660 3556 pars
675 3481 879 3556 pepuli
902 3481 974 3538 ad
996 3480 1249 3538 nihilum
1269 3480 1505 3537 redacta
1527 3483 1633 3537 est.
1659 3481 1845 3550 Tunc,
1873 3503 1903 3531 »

247 3572 462 3645 inquit,
476 3591 506 3623 ‹‹
524 3571 813 3644 capitanei
835 3586 935 3627 sex
956 3574 1282 3643 portarum,
1307 3583 1440 3624 cum
1467 3569 1593 3625 suis
1605 3567 1901 3635 vassallis,

248 3661 579 3720 dominium
607 3660 1340 3732 civitatis‘usurpaverunt,
1374 3662 1432 3713 et
1478 3661 1902 3731 congregantes

2016 2501 2272 2558 multum
2303 2504 2626 2576 pravaluit‘.
2662 2526 2692 2555 »

2085 2591 2176 2646 36.
2205 2593 2355 2664 Ergo
2379 2596 2621 2650 vacante
2658 2593 2747 2667 (ut
2771 2593 2925 2663 dixi)
2950 2594 3111 2666 sede,
3149 2593 3684 2668 Herebraldus.(si0i

2015 2679 2183 2735 enim
2207 2681 2413 2738 scribit
2440 2683 2775 2755 pracitatus
2805 2683 3044 2753 Decius,
3085 2685 3268 2756 enjus‘
3305 2685 3491 2740 verba
3512 2683 3682 2757 apud?

2014 2767 2369 2826 Puricellum
2414 2775 2547 2844 pag.
2579 2773 2687 2827 215
2737 2773 2978 2828 recitata
3021 2773 3368 2846 prosequor)
3399 2790 3436 2823 «τ
3460 2775 3674 2845 procu-

2012 2857 2158 2913 ravit
2179 2875 2314 2915 cum
2337 2859 2510 2928 clero,
2534 2861 2689 2932 quod
2713 2859 3066 2933 eligerentur
3104 2862 3378 2934 quatuor,
3410 2861 3670 2935 etimp‘e»

2013 2951 2188 3017 rator,
2223 2971 2253 3002 »
2287 2949 2573 3006 Henricus
2601 2949 2797 3022 Niger,
2847 2951 2958 3006 seu
3002 2950 3209 3023 potius
3246 2965 3348 3008 rex
3397 2951 3557 3023 (nam
3581 2964 3671 3008 se-

2012 3038 2216 3108 quenti
2247 3054 2400 3093 anno
2428 3041 2674 3094 exeunte
2704 3039 2868 3112 regni
2915 3039 3009 3096 sui
3057 3039 3308 3112 septimo
3357 3042 3670 3096 coronatus

2013 3126 2274 3198 primum
2303 3127 2625 3200 imperator
2655 3127 2765 3184 fuit
2793 3150 2823 3180 ‹‹
2857 3128 3055 3201 (quem
3080 3127 3258 3186 vellet
3292 3128 3354 3185 in
3385 3128 3674 3202 archiepi-

2014 3231 2259 3289 scopum
2292 3217 2686 3274 confirmaret'.
2719 3216 2788 3274 Et
2818 3218 3059 3275 fuerunt
3083 3217 3250 3275 electi
3283 3218 3671 3290 Landulphus

2011 3304 2199 3372 Cotta,
2231 3305 2382 3361 sacri
2415 3305 2616 3378 palatii
2647 3306 2936 3374 notarius,
2967 3306 3148 3364 frater
3195 3305 3451 3361 carnalis
3479 3306 3674 3379 ipsius

2012 3393 2392 3450 Hernehraldi
2420 3410 2433 3448 :
2466 3394 2612 3450 alter
2639 3395 2948 3450 d‘ictus'est
2965 3393 3370 3450 Anselmu’side
3387 3393 3682 3466 Badagio,

2013 3481 2271 3538 ecclesia
2294 3482 2750 3538 Mediolanensis
2769 3481 3680 3552 cardinalis,»idrestcanonicus!

2013 3570 2348 3627 ordinarius
2373 3588 2386 3640 ;
2412 3593 2440 3621 «
2458 3569 2672 3627 tertius
2689 3569 2992 3627 dictus'est
3018 3569 3314 3640 Aria-idus,
3347 3585 3418 3627 ex
3445 3570 3667 3643 capita-

2013 3659 2139 3716 neis
2170 3661 2242 3716 de
2272 3659 2584 3724 Carimate‘,
2609 3681 2638 3710 »
2663 3658 2836 3731 plane
2865 3659 3142 3717 diversus
3155 3650 3410 3716 anostro
3431 3663 3668 3728 sancto;

247 3751 554 3808 universos
576 3748 798 3806 amicos
819 3748 1117 3821 in'palatio
1157 3746 1620 3815 communitatis,
1644 3747 1760 3803 duo
1781 3751 1902 3803 sta-
1933 3775 1976 3844 α
2020 3770 2049 3799 ‹‹
2079 3752 2326 3821 quartus
2355 3748 2548 3804 dictus
2576 3748 2667 3804 est
2707 3747 2881 3818 Atho,
2915 3749 3196 3805 Ecblesize
3216 3748 3684 3806 Mediolanensis'

247 3837 729 3895 tutai‘eceruntin
749 3837 960 3894 odium
975 3836 1478 3910 populi.Primum
1491 3839 1780 3892 statutum
1795 3836 1906 3892 fuit
1940 3836 1976 3844 “
2016 3836 2354 3894 cardinalis.
2387 3837 2466 3892 Ex
2495 3836 2614 3893 alia
2629 3841 2812 3905 parte,
2837 3843 2976 3908 pars
2998 3836 3492 3909 nobiliumEelegit
3524 3836 3672 3893 Geui-

247 3928 431 3998 istnd',
455 3927 612 3999 quod
645 3927 840 3984 Banzo
863 3927 936 3983 de
954 3929 1150 3994 Curta,
1169 3924 1342 3983 miles
1359 3926 1743 3999 proscriptus,
1767 3942 1904 3982 cum

247 4015 692 4089 totaparentela
712 4015 950 4072 illorum
969 4016 1052 4072 de
1067 4015 1259 4082 Curte,
1290 4020 1620 4087 numquam
1640 4014 1905 4072 habitare

248 4109 450 4179 posset
478 4106 540 4162 in
571 4103 800 4161 civitate
833 4103 1167 4173 Mediolani,
1201 4120 1307 4159 nec
1352 4103 1413 4158 in
1463 4103 1767 4170 comitatu,
1799 4109 1921 4160 nec

250 4193 654 4268 possessiones
687 4193 904 4250 habere
934 4193 992 4248 in
1025 4197 1329 4249 aeternum”.
1365 4193 1704 4248 Secundum
1723 4197 1906 4249 statu-

251 4287 385 4340 tum
414 4283 526 4338 fuit
553 4283 736 4349 istud,
768 4283 925 4354 quod
953 4283 1002 4338 si
1046 4281 1262 4354 aliquis
1310 4281 1524 4338 nobilis
1554 4282 1920 4338 interficeret"

252 4370 514 4444 aliquem
537 4371 902 4444 popularem,
926 4369 1174 4428 solveret
1193 4375 1418 4442 septem
1439 4370 1626 4426 libras
1647 4371 1906 4429 tertiolo-

251 4469 388 4517 rum
408 4464 464 4516 et
492 4460 803 4516 duodecim
825 4458 1119 4528 denarios,
1147 4475 1295 4531 quos
1334 4476 1469 4516 cum
1512 4458 1802 4527 solvisset,
1833 4461 1922 4516 ab

251 4549 414 4607 omni
452 4548 629 4622 culpa
674 4551 734 4605 et
782 4549 1008 4605 offensa
1053 4547 1200 4604 liber
1241 4551 1437 4617 esset;
1487 4551 1724 4622 propter
1752 4550 1908 4621 quod

250 4636 716 4694 innumerabiles
741 4638 814 4694 de
835 4636 1050 4710 populo
1071 4637 1226 4693 infra
1246 4653 1465 4709 paucos
1487 4637 1612 4718 dies
1634 4637 1907 4694 trucidati

251 4730 414 4784 sunt.
437 4727 557 4782 Hac
576 4727 649 4783 de
668 4741 849 4784 causa
889 4725 1200 4798 populares
1239 4727 1449 4782 iterum
1487 4725 1668 4782 alium
1691 4727 1907 4800 capita-

249 4832 428 4872 nsum
459 4816 766 4888 elegerunt
789 4816 1105 4888 quemdam
1135 4816 1328 4871 virum
1357 4832 1427 4871 ex
1447 4832 1692 4871 numero
1738 4817 1909 4872 nobi-

248 4904 418 4972 lium,
443 4904 545 4976 qui
569 4905 763 4961 dictus
779 4909 868 4962 est
891 4904 1337 4960 Herlembaldus
1369 4906 1550 4960 Cotta.
1569 4905 1674 4959 Hic
1699 4906 1809 4960 fuit
1826 4906 1914 4961 vir

250 5009 464 5069 genere
506 4993 705 5050 clarus
751 4993 952 5058 nimis,
984 4993 1045 5049 in
1088 4993 1272 5050 armis
1324 4997 1623 5062 strenuus,
1675 4995 1912 5066 gracilis

2012 3927 2224 3983 donem
2256 3926 2326 3980 de
2367 3925 2586 3993 Velate,
2638 3925 3026 3997 imperatoris
3061 3925 3678 3982 secretarium.-Faote;

2013 4015 2293 4072 relatione
2323 4015 2394 4070 ad
2426 4015 2865 4086 imperatorem,
2918 4015 3064 4087 ipse,
3115 4013 3342 4072 caeteris
3391 4013 3666 4083 exclusis,

2013 4103 2340 4160 Guidonem
2371 4103 2442 4158 de
2471 4102 2676 4159 Velate
2708 4103 3005 4159 investivit
3034 4113 3142 4177 per
3171 4102 3462 4160 baculum
3483 4107 3542 4160 et
3568 4119 3674 4162 an-

2014 4193 2221 4249 nulum
2239 4192 2310 4247 de
2330 4191 2834 4266 archiepiscopatu
2855 4192 3302 4263 Mediolanensi,
3327 4199 3502 4266 quem
3519 4195 3676 4266 papa

2014 4298 2146 4337 cum
2171 4280 2570 4337 cardinalibus
2592 4281 2770 4354 pallio
2797 4281 3282 4354 archiepiscopali
3302 4282 3618 4351 investiv‘it,
3644 4301 3674 4333 »ι

2014 4373 2261 4428 Romam
2281 4370 2550 4427 fortassis
2586 4372 2895 4428 advectum
2921 4387 3074 4427 anno
3107 4373 3267 4441 1046,
3299 4371 3360 4428 in
3392 4369 3675 4428 comitatu

2014 4459 2250 4516 Henrici
2295 4459 2472 4532 regis,
2523 4459 2892 4531 imperialem
2943 4460 3582 4532 coronamsuscepturi
3612 4461 3672 4516 in

2016 4547 2207 4605 Natali
2238 4547 2490 4604 Domini.
2523 4547 2686 4604 Decii
2716 4547 3081 4615 brevitatem,
3113 4548 3176 4604 in
3205 4549 3510 4604 narranda:
3531 4548 3671 4604 Gui-

2018 4638 2189 4695 donis
2205 4635 2898 4709 institutione,supplevit
2909 4636 3169 4693 Alciatus
3179 4636 3240 4692 in
3253 4637 3674 4709 supralaudato’

2020 4727 2367 4799 fragmento,
2385 4725 2563 4781 simul
2584 4729 2642 4782 et
2655 4726 3020 4782 occasionem
3040 4725 3674 4782 indicavitsubsecuta-

2019 4834 2152 4872 rum
2183 4834 2318 4871 cum
2347 4818 2404 4870 S.
2437 4815 2676 4872 Arialdo
2707 4819 2763 4871 et
2793 4815 2971 4871 sociis
3023 4815 3485 4871 contentionum.
3527 4817 3674 4871 Cum

2019 4905 2176 4962 enim
2206 4905 2452 4961 dixisset
2480 4904 2635 4975 quod
2682 4904 2970 4959 Henricus
3001 4926 3030 4954 «
3065 4906 3196 4959 actu
3244 4907 3301 4959 et
3349 4903 3677 4969 blanditiis,

2022 4994 2122 5066 qui
2162 4995 2516 5050 advenerant
2561 4995 2820 5048 oratores
2867 4991 3396 5049 Mediolanensiiim
3438 4991 3680 5066 impulit

251 5099 513 5156 corpore,
538 5083 770 5140 leonino
799 5087 1028 5155 pectore
1071 5083 1317 5138 fervens.
1346 5082 1484 5153 Ejus
1505 5083 1718 5138 domus
1739 5084 1910 5156 quasi
1947 5151 1981 5156 _
2023 5087 2088 5139 ut
2116 5099 2286 5140 suam
2317 5081 2658 5138 electionem
2700 5080 3035 5148 laudarent,
3063 5103 3093 5132 »
3145 5081 3228 5138 sic
3260 5081 3675 5155 progreditur:

251 5151 465 5229 domus
496 5151 710 5245 regalis
735 5151 892 5244 (cum
921 5175 1086 5228 curte
1116 5151 1460 5227 mirabili—et
1503 5151 1781 5228 viridario
1812 5174 1913 5229 de-
1945 5151 1992 5216 D
2091 5174 2181 5228 37.
2214 5193 2243 5222 «
2277 5170 2438 5226 Tulit
2466 5171 2548 5238 id,
2582 5175 2746 5242 isque
2779 5186 2844 5226 ac
2875 5170 3100 5238 debuit,
3146 5151 3448 5242 aegerrime
3487 5187 3678 5243 popu~

250 5259 534 5329 lsctabili,
558 5283 587 5312 ››
599 5261 804 5333 inquit
823 5260 1226 5327 Dacius,anno
1250 5261 1391 5316 1080
1423 5259 1708 5332 scribens)
1734 5285 1754 5311 ι
1798 5261 1910 5318 fuit

251 5365 322 5406 ex
339 5349 608 5421 opposito
628 5348 884 5406 ecclesiis
906 5349 967 5407 S.
988 5349 1244 5405 Victoris
1255 5349 1328 5404 ad
1346 5348 1732 5419 quadraginta
1753 5350 1904 5425 Mar-

251 5441 428 5511 tyres.
461 5437 1119 5510 Contradicente'igitur
1146 5440 1312 5509 parte
1343 5435 1632 5492 nobilium
1680 5454 1753 5493 ne
1781 5439 1908 5510 ipse

250 5579 377 5636 lani
402 5561 610 5648 fuisse,
642 5597 755 5636 non
781 5583 997 5648 autem,
1022 5583 1089 5634 ut
1108 5593 1480 5650 nequaquam
1502 5578 1904 5650 recipiendum

250 5650 595 5734 in‘gratiam
626 5650 1130 5734 archiepiscopum
1161 5649 1452 5734 suaderet.
1507 5649 1726 5734 Tacent
1755 5651 1903 5734 inte:

241 5719 374 5784 xiiii
399 5723 568 5778 de’ec
611 5743 640 5772 «
671 5719 898 5778 Ariaidi
927 5745 951 5778 ο
990 5719 1198 5778 itinere
1244 5723 1512 5778 auctores
1565 5721 1697 5788 alii;
1732 5723 1817 5778 uti
1846 5728 1916 5779 et:

261 5799 446 5823 M-

2019 5261 2134 5328 lus,
2159 5261 2369 5332 vixque
2388 5260 2602 5316 adduci
2625 5259 2816 5333 potuit
2837 5263 2902 5316 ut
2937 5260 3342 5318 advenientem
3363 5257 3677 5332 praesulem

2019 5355 2153 5407 enm
2185 5349 2466 5405 dedecore
2496 5366 2612 5404 non
2644 5348 2986 5420 repelleret;
3028 5350 3142 5407 sed
3159 5347 3452 5418 cOrrizptis
3498 5345 3675 5417 largi-

2017 5439 2176 5496 tione
2201 5437 2574 5494 sacerdotum
2618 5436 3280 5510 primoribus,facillims
3322 5433 3532 5490 deinde
3561 5433 3674 5489 im-

2021 5581 2092 5636 de
2105 5579 2380 5651 omnibus
2394 5579 2798 5651 supranotatis
2819 5580 3102 5650 Andreas,
3125 5577 3374 5649 ideoque
3395 5592 3465 5634 ea
3485 5574 3678 5633 fusius

2022 5651 2117 5708 hic
2147 5650 2397 5708 dicenda
2427 5650 2606 5708 fuere.
