4822 6452
829 5905 1144 6113 ..\

1225 397 1385 470 1459

2331 403 2442 469 SS.
2486 397 2801 466 ARIALDI
2842 396 2944 464 ET
2985 393 3492 462 ERLEMBALDI

4452 382 4636 454 1400

1221 544 1520 615 patratum
1540 543 1630 600 est
1652 543 1717 598 ut
1735 537 1896 616 plebs
1936 538 2063 614 ipsa
2089 539 2494 613 acquiesceret.
2525 536 2848 594 Praetende-
2877 533 2933 601 Α
2959 550 3095 606 pam
3124 537 3214 590 est
3241 531 3479 602 electus,
3510 533 3860 605 vocatusque
3907 525 4228 589 Alexander
4277 525 4626 586 secundus.

1222 629 1372 689 bant
1399 630 1485 686 illi
1510 631 1848 703 religionem
1879 631 2172 701 divinique
2221 629 2410 684 cultus
2447 625 2704 699 profanis
2735 641 2852 679 non

1229 721 1547 776 obnoxium
1565 719 1934 776 arbitrium...
1970 718 2224 774 Durabat
2248 721 2303 772 et
2331 721 2470 772 tunc
2500 731 2729 770 summa
2757 731 2853 769 ca-

1227 808 1394 876 ritas,
1430 813 1487 864 et
1511 809 1636 879 ejus
1667 823 1856 862 comes
1885 807 2084 876 pestis,
2119 822 2242 876 quas
2273 822 2389 860 non
2437 803 2549 859 nisi
2579 801 2853 858 vicesimo

1229 898 1400 952 tertio
1421 898 1652 952 demum
1675 911 1822 950 anno
1844 894 2124 949 exstincta
2146 897 2251 949 est.
2286 892 2388 950 llis
2418 891 2854 948 calamitatibus

1229 984 1814 1040 conﬂictatilnsubres
1828 983 2023 1036 omnia
2035 982 2429 1037 sacerdotibus
2445 981 2856 1052 permittebant

1227 1073 1302 1128 Hi
1332 1073 1508 1143 igitur
1535 1071 1833 1126 Widonem
1865 1087 1967 1141 pro
1991 1072 2156 1141 justo
2178 1069 2423 1141 praesule
2453 1071 2851 1141 agnoscentes,

1229 1159 1482 1231 insignia
1512 1157 1810 1228 dignitatis
1839 1157 1900 1212 in
1931 1175 2062 1213 eum
2112 1157 2500 1222 contulerunt,
2537 1157 2856 1212 honoribus

1234 1250 1464 1318 augent,
1514 1247 1699 1317 jussis
1757 1247 2178 1317 obtemperant.
2244 1248 2352 1301 Sed
2413 1250 2471 1300 et
2511 1245 2692 1300 comis
2749 1261 2856 1299 na-

1229 1341 1359 1391 tura
1387 1334 1757 1405 liberalisque
1787 1335 1976 1401 Wido,
2005 1335 2118 1390 sibi
2161 1336 2273 1405 ipsi
2320 1352 2434 1389 non
2493 1335 2704 1388 deerat.
2755 1335 2858 1387 Sa-

1229 1425 1486 1478 cerdotes
1511 1426 1566 1476 et
1587 1423 1887 1479 ministros
1901 1422 2316 1493 quoslibetque
2338 1422 2596 1477 initiatos
2615 1421 2860 1475 libenter

1225 1509 1519 1582 amplecti,
1550 1509 1756 1564 delicta
1802 1526 2000 1564 eorum
2051 1509 2442 1576 dissimulare,
2493 1525 2656 1579 aequa
2684 1512 2859 1578 atque

1227 1598 1430 1669 iniqua
1459 1597 1616 1668 pati;
1651 1597 1864 1667 quibus
1894 1597 2120 1652 actibus
2152 1615 2353 1652 omnes
2403 1598 2514 1652 sibi
2560 1614 2672 1652 non
2705 1596 2856 1650 difﬁ-

1229 1687 1415 1742 culter
1444 1684 1885 1752 conciliavisset,
1925 1686 2036 1740 nisi
2083 1686 2376 1740 licentiam
2426 1686 2574 1740 hanc
2622 1684 2856 1739 tandem

1227 1774 1496 1830 Arialdus
1525 1775 1912 1844 repressisset.
1951 1796 1976 1822 »
2009 1775 2086 1828 Ea
2133 1791 2224 1828 res
2271 1774 2763 1845 quemadmodum
2796 1789 2858 1827 se

3029 623 3118 678 39.
3153 645 3180 672 κ
3212 620 3316 679 Hic
3336 622 3478 678 dum
3499 625 3654 679 esset
3673 621 4003 678 ordinarius
4025 616 4484 676 Mediolanensis
4507 617 4628 673 Ec-

2961 711 3168 776 clesia,
3200 711 3462 767 scientiis
3511 715 3570 767 et
3615 710 3878 766 moribus
3925 707 4242 765 laudabilis
4287 706 4427 772 fuit,
4459 704 4628 761 etin

2961 816 3226 856 sermone
3249 803 3473 871 potens,
3511 800 3682 872 cujus
3713 798 3986 855 tacundia
4015 796 4382 868 scientiaque
4413 793 4623 866 pluri-

2962 905 3124 944 mum
3151 889 3376 944 civibus
3393 892 3560 960 grata
3579 891 3721 956 erat,
3751 888 4036 960 coepitque
4059 893 4196 941 tunc
4233 885 4293 939 in
4319 883 4624 956 praedica-

2961 977 3217 1032 tionibus
3239 977 3360 1032 suis
3375 977 3720 1032 clericorum
3729 976 3908 1031 vitam
3922 975 4272 1046 vituperare,
4289 988 4396 1028 nec
4413 969 4632 1028 verbis

2963 1065 3380 1137 archiepiscopi
3401 1065 3701 1131 Guidonis,
3729 1065 3922 1136 ipsum
3937 1061 4226 1118 hortantis
4239 1062 4312 1116 ad
4326 1057 4634 1118 scandala

2963 1153 3302 1210 clericorum
3329 1154 3570 1209 minime
3595 1152 3967 1224 publicanda,
3991 1150 4418 1207 consentiebat.
4447 1149 4632 1204 Unde

2964 1243 3454 1314 archiepiscopus,
3487 1241 3870 1298 dissimulans
3900 1241 4040 1312 quid
4065 1255 4234 1312 agere
4251 1237 4452 1304 vellet,
4479 1253 4630 1292 cum

2962 1331 3234 1386 Anselmo
3263 1332 3332 1386 ad
3363 1331 3776 1402 imperatorem
3807 1331 4030 1401 pergit:
4083 1328 4186 1400 qui
4237 1325 4492 1383 consilio
4525 1342 4630 1380 ar-

2965 1419 3316 1490 chiepiscopi
3339 1419 3564 1474 curiose
3585 1419 3728 1474 satis
3745 1419 3814 1474 ab
3837 1417 3982 1473 urbe
3994 1415 4218 1488 expulit
4235 1414 4628 1481 Anselmum,

2966 1524 3100 1562 nam
3141 1508 3192 1563 ei
3215 1509 3514 1562 Lucanum
3542 1508 3942 1578 episcopatum
3965 1505 4144 1560 dedit.
4171 1506 4374 1576 Itaque
4395 1502 4630 1570 Guido,

2965 1612 3026 1651 se
3058 1599 3250 1650 tutum
3283 1599 3495 1667 putans
3523 1595 3789 1651 absentia
3823 1593 4107 1658 Anselmi,
4139 1592 4331 1664 magis
4363 1591 4626 1648 fallitur.

2963 1684 3109 1740 Nam
3140 1685 3475 1753 Anselmus,
3507 1687 3707 1739 vocato
3741 1681 4025 1738 Landulfo
4067 1680 4245 1736 levita
4291 1681 4626 1746 ordinario,

2964 1771 3326 1826 familiariter
3374 1771 3640 1826 hortatur
3685 1774 3751 1824 ut
3809 1769 3870 1824 in
3919 1767 4440 1840 praedicationibus
4491 1769 4627 1823 suis

1227 1861 1516 1925 habuerit,
1548 1862 1827 1915 hactenus
1857 1861 2132 1927 vidimus,
2164 1862 2248 1916 uti
2279 1863 2452 1917 etiam
2501 1860 2706 1916 Alciati
2733 1877 2855 1915 ver-
2885 1892 2934 1958 B
2961 1859 3099 1915 vitia
3128 1861 3434 1930 exprobret
3477 1859 3821 1914 clericorum
3851 1875 3865 1925 ;
3897 1858 4054 1913 idem
4097 1856 4422 1912 domestice
4473 1857 4627 1912 satis

1225 1950 1340 2017 bis,
1363 1953 1654 2019 quatenus
1702 1953 1926 2004 servata
1977 1950 2048 2003 ab
2081 1949 2310 2019 injuriis
2337 1954 2665 2021 temporum
2697 1954 2855 2004 sunt.

1228 2038 1309 2094 De
1338 2036 1739 2092 Herlembaldo
1771 2037 1865 2091 hic
1896 2038 2336 2109 subjungimus,
2376 2040 2528 2108 quod
2580 2040 2859 2108 praesente

1221 2128 1346 2198 jam
1377 2125 1826 2197 archiepiscopo,
1860 2142 2036 2197 penes
2068 2143 2241 2197 quem
2282 2143 2348 2181 ex
2396 2143 2554 2181 more
2601 2126 2859 2196 regimen

1229 2214 1476 2270 civitatis
1507 2218 1649 2280 erat,
1680 2217 1736 2268 et
1771 2215 2139 2269 sacerdotum
2189 2231 2380 2285 opera,
2433 2212 2739 2268 conciliata
2771 2215 2860 2267 ut-

1228 2318 1457 2373 cunque
1490 2318 1622 2356 cum
1652 2301 1947 2357 nobilibus
1977 2302 2165 2372 plebe,
2201 2303 2395 2357 minus
2427 2301 2561 2356 huic
2592 2317 2862 2356 necessa-

1229 2391 1383 2445 rium
1395 2406 1521 2445 esse
1534 2405 1596 2444 se
1605 2390 1826 2457 videns,
1841 2389 2299 2461 Hierosolymam
2331 2389 2667 2461 peregrinus
2689 2389 2858 2455 abiit;

1231 2477 1497 2533 fortassis
1511 2493 1582 2532 ne
1599 2477 2027 2532 immisceretur
2038 2478 2569 2548 novisturbis,quas
2581 2476 2863 2549 prospicis

1230 2565 1332 2621 bat
1347 2564 1699 2631 excitandas,
1715 2565 2016 2620 occasione
2037 2582 2238 2622 eorum
2258 2583 2380 2638 quae
2399 2571 2597 2622 contra
2613 2567 2862 2620 incestos

1230 2653 1710 2724 Simoniacosque
1723 2653 2066 2710 aS.Arialdo
2081 2671 2143 2707 ac
2157 2654 2330 2710 fratre
2343 2653 2735 2710 suoLandulfo
2767 2670 2860 2709 mo

1230 2741 1532 2795 vehantur.
1553 2742 1850 2806 Quomodo
1867 2745 2060 2796 autem
2078 2741 2380 2797 Alexandri
2399 2742 2445 2797 ΙΙ
2461 2740 2861 2813 temporeinde

1231 2845 1522 2896 reversus,
1543 2828 1752 2884 iisdem
1772 2846 1832 2884 se
1861 2831 2206 2899 adjunxerit,
2233 2831 2482 2886 fervente
2500 2829 2586 2885 vel
2611 2829 2862 2888 maxime

1238 2917 1603 2972 contentione
1624 2920 1860 2988 propter
1881 2918 2156 2988 Stephani
2185 2923 2241 2973 et
2276 2918 2494 2974 Nicolai
2532 2935 2691 2990 papa:
2707 2916 2863 2988 judi-

1235 3006 1342 3072 cia,
1376 3003 1599 3075 placeat
1626 3009 1682 3059 et
1711 3005 1990 3060 Landulfo
2025 3006 2255 3075 juniore
2285 3007 2527 3074 discere,
2566 3006 2718 3076 apud
2750 3005 2859 3059 Pu-

1233 3091 1500 3148 ricellum
1518 3107 1649 3163 pag.
1673 3091 1798 3161 MO,
1822 3091 1904 3146 sic
1927 3097 2310 3164 prosequente
2331 3095 2387 3148 S.
2413 3093 2630 3148 Arialdi
2649 3092 2858 3147 Vitam.

1304 3180 1392 3234 38.
1427 3201 1455 3228 κ
1487 3178 1698 3234 Iisdem
1727 3180 2085 3250 temporibus
2129 3180 2570 3236 Herlembaldus
2602 3181 2670 3234 de
2699 3181 2860 3234 Cotta

2967 1947 3105 2003 facit
3132 1947 3389 2015 Arialdo,
3441 1947 3752 2014 ostendens
3799 1945 3885 2000 eis
3933 1945 4140 2001 modos
4181 1961 4332 2016 quos
4373 1945 4632 2000 tenebat

2967 2041 3284 2108 antequam
3309 2037 3472 2092 ﬁeret
3492 2037 3819 2108 episcopus.
3845 2035 4056 2106 Sicque
4070 2034 4194 2089 haec
4223 2031 4630 2106 proclamatio

2967 2130 3168 2181 contra
3197 2125 3433 2180 clericos
3463 2125 3709 2180 lascivos
3750 2127 3808 2179 et
3853 2122 4242 2188 Simoniacos,
4289 2138 4398 2194 per
4425 2121 4630 2177 Arial-

2969 2216 3110 2269 dum
3141 2217 3198 2268 et
3235 2213 3584 2269 Landulfum
3633 2214 3832 2268 diutus
3875 2212 4240 2280 continuata,
4289 2227 4324 2266 a
4373 2211 4628 2282 praefato

2968 2301 3237 2357 Anselmo
3269 2303 3340 2357 de
3367 2301 3617 2372 Badagio
3642 2300 3894 2372 sumpsit
3914 2299 4246 2355 exordium.
4277 2299 4402 2354 Hac
4435 2299 4632 2370 igitur

2969 2390 3361 2446 familiaritate
3383 2391 3637 2445 confisus
3657 2389 3953 2457 Arialdus,
3981 2389 4053 2444 ad
4073 2387 4477 2443 Alexandrum
4515 2404 4634 2459 pa-

2971 2496 3104 2550 pam
3136 2495 3268 2532 cum
3300 2477 3708 2533 Herlembaldo
3739 2493 3868 2533 sese
3894 2475 4222 2532 transtulit.

3039 2568 3128 2622 40.
3161 2589 3190 2616 «
3219 2566 3362 2620 Cum
3383 2583 3513 2622 vero
3533 2565 3859 2622 Alexandro
3881 2581 4043 2637 papae
4063 2579 4270 2620 eorum
4293 2563 4449 2620 foret
4465 2579 4634 2620 nun-

2969 2656 3148 2711 tiatus
3168 2655 3469 2722 adventus,
3490 2672 3586 2711 eos
3608 2656 3679 2711 ad
3703 2671 3766 2710 se
3781 2654 3842 2708 in
3880 2652 4204 2710 cubiculari
4227 2652 4498 2708 thalamo
4525 2669 4636 2708 vo-

2970 2742 3087 2798 cari
3108 2743 3278 2813 jubet
3303 2759 3315 2797 :
3341 2743 3437 2797 ubi
3465 2758 3641 2813 super
3661 2758 3864 2798 eorum
3885 2739 4035 2796 colla
4056 2755 4259 2811 ruens,
4283 2739 4635 2812 plurimum

2969 2830 3205 2902 gavisus
3231 2837 3316 2885 est
3341 2848 3354 2897 ;
3377 2829 3609 2886 Arialdo
3631 2829 3934 2901 antiquam
3965 2829 4280 2885 ostendens
4303 2828 4634 2885 familiari-

2968 2922 3170 2985 tatem,
3201 2935 3376 2989 quam
3409 2918 3596 2973 solent
3619 2919 3792 2973 amici
3818 2919 3889 2973 ad
3927 2917 4048 2973 alta
4093 2917 4487 2974 ascendentes
4519 2933 4634 2973 ne-

2968 3006 3204 3078 gligere.
3235 3009 3307 3062 At
3334 3005 3619 3073 Arialdus,
3651 3011 3856 3063 mutuo
3885 3021 4084 3062 amore
4126 3008 4466 3060 monstrato
4497 3021 4632 3061 ser-

2966 3099 3213 3166 vataque
3241 3095 3434 3150 debita
3477 3095 3814 3163 reverentia,
3863 3094 3945 3150 ita
3991 3094 4166 3166 ccepit
4213 3093 4414 3150 effari:
4450 3093 4638 3150 Pater

2968 3183 3356 3248 sanctissime,
3379 3182 3632 3239 Creatori
3647 3183 3912 3240 omnium
3927 3181 4147 3254 gratias
4161 3181 4348 3237 refero
4361 3181 4638 3238 immen-

1235 3269 1412 3322 frater
1435 3266 1700 3322 Landulﬁ
1721 3268 1790 3322 ab
1811 3247 2224 3339 Hierosolymis
2267 3269 2535 3338 redierat,
2572 3266 2742 3322 miles
2779 3267 2858 3322 fa-
2887 3247 2930 3315 Ο
2969 3288 3086 3336 sas,
3109 3271 3264 3341 quod
3281 3247 3420 3325 tein
3449 3275 3609 3326 tanto
3644 3270 3882 3326 honoris
3911 3247 4190 3337 culmine,
4227 3286 4334 3340 per
4371 3270 4478 3326 Dei
4509 3270 4638 3326 mi-

1235 3361 1380 3413 ctus.
1397 3356 1496 3410 Vir
1513 3356 1784 3427 equidem
1809 3373 2028 3429 magna:
2053 3356 2370 3413 nobilitatis
2386 3361 2444 3413 et
2464 3355 2706 3412 concilio
2727 3371 2860 3427 pru-

1233 3445 1377 3500 dens
1407 3444 1934 3517 magnanimusque
1961 3460 2190 3516 semper
2237 3446 2362 3500 fuit.
2405 3445 2509 3501 Hic
2540 3443 2774 3499 Arialdo
2804 3446 2860 3499 et

1230 3532 1510 3588 Landulfo
1541 3532 1699 3587 visus
1730 3537 1818 3588 est
1847 3533 2089 3589 idoneus
2121 3534 2192 3588 ad
2240 3533 2398 3604 ipsos
2429 3533 2856 3588 defendendum

1231 3625 1433 3677 contra
1451 3619 1689 3676 clericos
1709 3637 1872 3678 arma
1893 3625 2205 3677 moventes.
2232 3622 2390 3681 Unde
2427 3637 2561 3676 cum
2583 3620 2858 3676 visitandi

1229 3708 1617 3779 hortandique
1646 3709 1832 3780 gratia
1861 3710 1931 3765 ad
1962 3725 2097 3764 eum
2134 3710 2446 3775 venissent,
2493 3707 2711 3768 talibus
2739 3709 2858 3764 orsi

1231 3801 1370 3852 sunt
1389 3797 1598 3853 verbis.
1623 3798 1670 3852 G
1689 3796 2110 3864 Herlembalde,
2135 3798 2191 3852 in
2221 3798 2493 3854 omnibus
2512 3799 2858 3864 venerande,

1229 3901 1334 3958 pro
1362 3888 1462 3941 tuo
1493 3885 1680 3941 reditu
1711 3902 1818 3941 nos
1863 3887 2044 3942 Deum
2094 3885 2510 3952 collaudantes,
2561 3886 2778 3957 gratias
2806 3884 2858 3940 ei

1230 3974 1536 4029 referimus
1565 3974 1918 4044 immensas;
1953 3975 2036 4029 sic
2066 3975 2223 4030 enim
2254 3975 2428 4042 Deus,
2456 3973 2516 4028 in
2549 3974 2694 4028 mari
2725 3973 2860 4028 etin

1230 4065 1386 4115 terra
1405 4059 1607 4116 multis
1630 4065 1972 4132 quassatum
1985 4061 2272 4133 procellis,
2291 4065 2347 4117 te
2359 4061 2527 4116 nobis
2548 4059 2733 4116 redire
2755 4077 2864 4116 sua

1231 4147 1589 4219 benignitate
1618 4149 1923 4221 disposuit.
1955 4149 2124 4206 Vitiis
2145 4151 2318 4205 modo
2343 4147 2538 4205 saeculi
2560 4147 2726 4205 miles
2747 4148 2861 4204 fui-

1233 4235 1331 4300 sti,
1363 4236 1570 4291 decens
1601 4237 1742 4292 ratio
1773 4242 1860 4294 est
1903 4241 1968 4293 ut
2008 4236 2110 4294 Dei
2151 4236 2521 4308 ecclesiaeque
2569 4235 2862 4292 catholica

1235 4322 1402 4379 miles
1432 4323 1701 4380 efﬁciaris
1719 4325 2166 4384 strenuissimus
2187 4343 2200 4393 ;
2221 4329 2278 4380 et
2310 4325 2464 4396 quod
2491 4325 2716 4380 efﬁcere
2747 4341 2864 4381 non

1233 4411 1550 4485 potuimus,
1607 4417 1710 4468 tua
1755 4413 1989 4469 dextera
2031 4413 2303 4485 perﬁcere
2351 4412 2670 4468 valeamus.
2728 4413 2864 4468 Esto

1235 4500 1402 4556 nobis
1423 4501 1590 4571 quasi
1607 4502 1958 4558 Mathathias
1979 4505 2036 4556 et
2065 4500 2168 4556 ﬁlii
2195 4502 2344 4570 ejus,
2377 4500 2478 4572 qui
2508 4517 2610 4571 pro
2647 4500 2864 4572 templo

2967 3359 3361 3427 sericordiam,
3385 3358 3703 3416 sublimare
3722 3363 3778 3414 et
3811 3357 4064 3414 exaltare
4097 3357 4414 3430 disposuit.
4449 3359 4644 3416 Nunc

2966 3449 3163 3518 itaque
3191 3447 3424 3502 animus
3455 3461 3646 3512 meus,
3677 3446 3882 3503 multis
3921 3449 4264 3503 attenuatus
4293 3447 4642 3516 angustiis,

2967 3535 3230 3608 agnoscit
3253 3535 3406 3605 quod
3429 3533 3566 3589 olim
3582 3533 3726 3590 mihi
3745 3533 4090 3590 tuadilectio
4112 3533 4532 3606 promittebat,
4555 3539 4640 3602 et,

2966 3629 3031 3679 ut
3060 3623 3256 3678 omnia
3277 3624 3629 3690 omitterem,
3649 3623 3978 3678 sanctitatis
4000 3629 4111 3678 tum
4131 3621 4528 3678 clementiam
4553 3639 4646 3679 re-

2965 3715 3225 3768 verenter
3253 3727 3442 3779 exoro,
3495 3714 3560 3766 ut
3606 3710 3763 3766 hunc
3807 3709 4058 3766 militem
4106 3708 4642 3781 Herlembaldum,

2963 3798 3114 3854 bello
3135 3800 3382 3870 probum
3417 3798 3774 3870 consilioque
3807 3797 4309 3866 strenuissimum,
4337 3798 4404 3854 in
4427 3799 4641 3856 omni-

2967 3887 3081 3942 bus
3100 3887 3411 3943 virtutibus
3433 3887 3866 3954 conﬁrmatum,
3889 3887 3990 3943 Dei
4018 3887 4214 3943 favore
4233 3890 4472 3958 tuoque
4497 3903 4648 3944 mu-

2969 3974 3178 4042 nitum,
3211 3975 3355 4030 mihi
3385 3974 3610 4031 tribuas
3637 3975 4024 4044 defensorem,
4055 3979 4114 4031 et
4155 3991 4190 4030 a
4229 3978 4288 4030 te
4331 3975 4648 4033 vexillum

2969 4060 3230 4133 accipiat,
3264 4065 3329 4117 ut
3353 4063 3614 4118 securius
3644 4062 3906 4119 militans
3935 4079 4044 4120 nos
4073 4062 4262 4136 possit
4275 4062 4648 4134 defendere,

2969 4153 3026 4204 et
3077 4153 3210 4206 tuos
3259 4151 3400 4208 olim
3443 4149 3686 4207 rebelles
3735 4149 4068 4208 humiliare.
4121 4151 4351 4219 Quibus
4407 4154 4658 4210 auditis

2969 4235 3292 4294 Alexander
3321 4237 3778 4296 Hildebrandum
3809 4238 4186 4306 cardinalem,
4209 4237 4357 4296 olim
4381 4239 4660 4313 legatio-

2971 4323 3063 4381 nis
3093 4342 3210 4381 suae
3229 4325 3532 4399 collegam,
3554 4329 3746 4384 vocari
3767 4328 3971 4399 jussit,
3995 4326 4660 4403 consentientibusque

2971 4414 3189 4470 caeteris
3227 4416 3649 4484 cardinalibus,
3721 4419 4020 4473 annuente
4086 4416 4146 4471 id
4197 4415 4660 4488 Hildebrando,

2968 4500 3288 4558 Alexander
3313 4503 3372 4558 in
3394 4503 3625 4575 publico
3649 4504 3995 4561 consistorio
4015 4503 4300 4560 vexillum
4322 4509 4658 4576 sanctum,

1235 4588 1334 4644 Dei
1355 4593 1412 4644 et
1431 4589 1628 4660 populi
1648 4589 1913 4644 libertate
1935 4589 2148 4644 mortui
2170 4593 2328 4656 sunt,
2365 4593 2422 4643 et
2440 4588 2616 4643 vitam
2646 4587 2864 4644 haben-
2895 4607 2941 4672 Ι)
2973 4590 3125 4661 quod
3149 4590 3469 4648 nominavit
3489 4591 3776 4648 Vexillum
3797 4592 3857 4648 Β.
3879 4592 4034 4648 Petri
4071 4591 4518 4652 Herlembaldo
4553 4597 4660 4652 de-

1231 4681 1320 4733 tes
1340 4679 1614 4732 aeternam
1635 4678 1695 4731 in
1717 4676 1943 4731 Christo
1975 4680 2114 4730 sunt
2133 4676 2377 4732 feliciter
2399 4676 2672 4731 coronati.
2707 4677 2870 4733 Libe-

1233 4781 1432 4822 remus
1451 4763 1768 4820 Ecclesiam
1793 4763 1914 4831 Dei,
1941 4762 2143 4820 multis
2161 4764 2524 4836 temporibus
2543 4764 2862 4833 obsessam,

1235 4857 1290 4910 et
1319 4853 1576 4908 uxoratis
1605 4851 2002 4908 sacerdotibus
2020 4851 2410 4924 inquinatam,
2435 4857 2498 4907 tu
2523 4850 2647 4923 lege
2667 4853 2864 4924 gladii,

1236 4946 1292 4999 et
1321 4957 1428 4995 nos
1457 4939 1580 4994 Dei.
1612 4937 1874 4994 Visitasti
1906 4939 2234 5012 sepulcrum
2283 4942 2432 5012 ejus,
2479 4939 2662 4995 libera
2689 4941 2868 5012 igitur

1235 5025 1550 5086 Ecclesium
1571 5027 1717 5098 ejus.
1741 5027 1841 5084 His
1857 5030 2069 5086 auditis
2081 5027 2524 5086 Herlembaldus
2537 5027 2866 5100 aliquantu-

1235 5117 1360 5172 lum
1383 5115 1726 5187 supersedit,
1757 5117 2029 5176 dubitans
2055 5117 2398 5174 clericorum
2415 5115 2740 5173 actionibus
2762 5117 2866 5171 im-

1241 5205 1494 5263 misceri.
1545 5205 1802 5262 Tandem
1857 5207 2090 5265 hortatu
2143 5201 2412 5262 Landulﬁ
2457 5219 2591 5258 cum
2635 5195 2864 5260 Arialdo

1241 5295 1488 5350 Romam
1515 5295 1924 5365 proﬁciscitur,
1955 5294 2304 5369 promittens
2333 5309 2394 5348 se
2425 5291 2482 5346 id
2499 5295 2785 5363 acturum,
2815 5291 2866 5348 si

1241 5397 1390 5452 papa
1417 5381 1752 5446 Alexander,
1787 5385 1882 5455 qui
1925 5385 1996 5439 de
2027 5381 2278 5451 Badagio
2303 5385 2443 5448 erat,
2477 5381 2861 5437 conﬁrmaret.

1243 5467 1324 5520 Ea
1355 5483 1603 5539 namque
1633 5475 1996 5542 tempestate,
2029 5473 2258 5524 mortuo
2289 5468 2520 5524 Nicolao
2551 5485 2721 5541 papa,
2751 5471 2864 5524 An-

1247 5551 1486 5616 selmus,
1571 5555 2016 5614 Mediolanensis
2091 5556 2232 5612 civis
2306 5557 2375 5610 de
2435 5557 2702 5628 Badagio,
2760 5561 2866 5614 Lu-

1250 5651 1429 5692 canus
1459 5641 1778 5713 episcopus,
1808 5645 1877 5700 ab
1925 5644 2194 5700 omnibus
2240 5643 2638 5703 cardinalibus
2677 5645 2735 5702 in
2765 5663 2866 5716 pa-

2974 4677 3076 4744 dit,
3101 4693 3350 4749 eumque
3371 4679 3644 4736 Romanae
3662 4679 4008 4737 universalis
4029 4679 4299 4737 Ecclesiae
4329 4681 4662 4740 vexillife-

2973 4781 3102 4821 rum
3123 4767 3274 4821 fecit.
3297 4767 3519 4830 Quibus
3541 4768 4128 4842 felicitercompletis,
4167 4767 4468 4826 Arialdus
4511 4789 4658 4830 eum

2971 4851 3372 4910 Herlembaldo
3387 4855 3778 4914 Mediolanum
3793 4857 4108 4931 repedavit,
4127 4857 4462 4931 factusque
4475 4877 4657 4918 secu-

2971 4959 3070 4999 rus
3090 4943 3191 4998 tali
3205 4943 3524 5012 defensore,
3537 4945 3677 5002 vitia
3706 4947 4049 5004 clericorum
4063 4946 4388 5018 extirpavit
4407 4951 4654 5008 acrius.

3041 5031 3128 5087 41.
3167 5053 3188 5081 α
3225 5034 3368 5088 Cum
3391 5039 3586 5090 autem
3615 5035 4064 5092 Herlembaldus
4093 5035 4346 5092 vidisset
4397 5037 4650 5095 clerum

2971 5135 3134 5174 arma
3155 5125 3501 5190 moventem,
3525 5127 3834 5195 utramque
3851 5127 4076 5196 partem
4097 5124 4168 5180 ad
4191 5123 4502 5182 diurnam
4523 5129 4654 5183 dis-

2972 5207 3330 5279 putationem
3391 5215 3688 5280 convocat,
3743 5228 3810 5268 eo
3874 5215 4064 5284 pacto,
4123 5215 4194 5290 ut
4245 5228 4656 5290 quacunque

2971 5311 3109 5366 pars
3157 5296 3377 5354 ratione
3415 5301 3874 5368 convinceretur,
3925 5301 4092 5358 alteri
4141 5300 4530 5371 subjaceret.
4586 5305 4654 5362 In

2971 5383 3226 5438 medium
3259 5385 3499 5455 prolatis
3529 5388 3827 5444 doctorum
3863 5389 4170 5445 sententiis
4191 5389 4478 5446 maxime
4511 5396 4658 5450 Am-

2972 5470 3148 5525 brosii
3177 5475 3512 5542 protectoris
3539 5479 3748 5532 nostra:
3793 5476 4130 5534 clarissima:
4177 5476 4374 5543 urbis,
4429 5480 4655 5553 ibique

2973 5573 3074 5630 per
3102 5558 3463 5617 Guilbertum
3487 5563 3980 5632 archidiaconum,
4005 5564 4320 5622 Antonium
4354 5566 4652 5640 Bissum,

2972 5645 3257 5720 Andream
3287 5649 3704 5723 Deoumanum,
3737 5653 3924 5724 multa
3951 5653 4176 5728 pro-lata
4217 5657 4366 5712 sunt
4425 5665 4658 5717 contra
