3922 6422
316 480 438 542 279

1233 475 1296 538 S.
1343 476 1739 539 BRUNONIS
1785 476 2410 538 HERBIPOLENSIS
2457 475 2836 539 EPISCOPI.

3643 473 3766 538 280

319 611 588 680 bebatur,
610 608 713 687 qui
745 607 1105 685 malignatus
1135 612 1224 666 est
1262 609 1323 666 in
1344 609 1510 682 iocis
1531 610 1748 670 sanctis
1773 609 1976 668 Hieru-
2007 610 2064 680 Α
2097 609 2163 666 10
2235 609 2412 685 Signa
2443 617 2631 668 nostra
2651 626 2762 667 non
2781 607 3021 668 vidimus
3043 628 3062 666 :
3075 609 3197 684 jam
3215 625 3329 667 non
3349 616 3436 668 est
3455 612 3759 686 propheta:

323 701 532 768 salem,
550 700 788 774 quando
805 699 1137 758 sacerdotes
1159 703 1396 772 totaque
1420 699 1748 758 ministeria
1771 699 1976 775 templi

322 791 384 850 in
413 791 670 866 pradam
714 789 900 846 missa
945 792 1281 862 patuerunt,
1313 793 1640 862 cunctaque
1687 806 1832 864 gens
1870 789 1979 848 Ju-

324 881 609 950 deorum,
640 884 743 937 aut
771 878 966 954 gladio
997 879 1314 952 subjacuit,
1348 883 1448 936 aut
1479 879 1801 954 captivitati
1842 881 1979 938 sub-

317 971 529 1045 jugata
553 969 685 1026 fuit.

323 1059 362 1117 5
468 1059 534 1117 Et
558 1059 786 1130 gloriati
811 1065 943 1116 sunt
970 1059 1069 1131 qui
1095 1056 1328 1114 oderunt
1348 1066 1398 1115 te
1428 1077 1448 1113 :

468 1147 737 1230 Inmedio
765 1149 1124 1205 solemnitatis
1153 1155 1285 1206 tua}.

397 1238 444 1295 Β
476 1237 814 1296 Glorientur
843 1236 1650 1312 peccatores,cuminstinctu
1679 1238 1896 1296 diaboli
1915 1255 1985 1295 ex

327 1327 423 1385 Dei
455 1326 608 1397 odio,
641 1331 879 1384 sanctos
928 1331 1217 1399 martyres
1265 1327 1454 1400 poenis
1485 1327 1776 1401 afﬂigunt.
1811 1331 1852 1384 C
1881 1328 1982 1384 V'el

325 1416 557 1492 gloriati
589 1419 730 1475 sunt
759 1416 1031 1484 Romani,
1065 1416 1207 1472 dum
1239 1416 1415 1472 etiam
1445 1416 1505 1472 in
1535 1416 1754 1492 templo
1785 1417 1884 1474 Dei
1925 1417 1984 1473 in

323 1505 688 1564 Hierusalem
719 1505 1095 1578 sacrilegium
1128 1505 1580 1562 committerent.

324 1596 360 1654 6
467 1601 776 1654 Posuerunt
807 1597 972 1666 signa
994 1611 1097 1652 sua
1140 1599 1196 1660 αξ·
1221 1597 1382 1668 signa
1424 1603 1438 1662 ζ
1481 1604 1535 1653 et
1577 1613 1686 1654 non
1727 1614 1986 1668 cognove-

541 1692 674 1743 runt
699 1701 724 1745 :

471 1776 629 1833 Sicut
656 1776 715 1831 in
746 1775 901 1832 exitu
927 1790 1095 1846 super
1110 1790 1408 1832 summum.

403 1868 444 1920 C
472 1863 674 1922 Posuit
704 1863 1006 1921 Romanus
1027 1862 1314 1920 exercitus
1342 1863 1534 1938 signa,
1564 1863 1789 1922 scilicet
1818 1866 1987 1939 aqui-

330 1952 440 2023 las,
471 1953 775 2022 dracones,
807 1956 1129 2026 ceteraque
1159 1953 1378 2026 quibus
1408 1955 1467 2009 in
1497 1953 1697 2028 praelia
1727 1955 1811 2011 uti
1845 1955 1990 2012 sole-

331 2041 454 2100 bat.
485 2042 665 2100 Addit
693 2042 884 2116 signa,
918 2045 982 2098 ut
1013 2042 1142 2115 ipsa
1172 2041 1438 2116 repetitio
1477 2049 1867 2100 commoveret
1887 2045 1986 2117 ju-

332 2131 524 2190 dicem
555 2131 627 2187 ad
653 2129 972 2189 vindictam
1004 2130 1274 2200 celerem,
1307 2135 1366 2188 et
1401 2149 1518 2188 non
1569 2139 1988 2207 cognoverunt,

330 2220 487 2294 quod
517 2220 566 2278 si
598 2219 1030 2293 cognovissent,
1063 2219 1174 2276 tibi
1225 2220 1428 2294 utique
1480 2221 1901 2295 sacriﬁcarent,
1932 2227 1991 2280 et

329 2326 444 2367 non
475 2307 791 2384 elegissent
820 2309 894 2365 ad
925 2309 1261 2367 daemonum
1292 2309 1480 2367 redire
1509 2310 1795 2370 culturas.
1821 2313 1888 2369 Et
1917 2313 1991 2370 si-

326 2416 444 2473 gna
471 2416 580 2456 sua
603 2415 783 2473 super
811 2414 1140 2467 summum,
1177 2399 1236 2455 in
1262 2403 1364 2456 tuo
1393 2399 1616 2474 templo
1649 2406 1852 2458 sancto
1885 2419 1988 2475 po-

329 2489 521 2554 suisse
551 2492 974 2560 memorantur,
1010 2489 1516 2562 quemadmodum
1549 2489 1740 2548 solent
1771 2491 1989 2564 princi-

329 2595 474 2652 pum
505 2581 713 2635 statuas
747 2595 762 2635 :
795 2578 856 2634 in
887 2577 1100 2650 plateis
1129 2593 1232 2651 per
1263 2576 1391 2634 loca
1415 2579 1587 2635 asdita
1619 2579 1992 2650 collocari,ut

332 2665 620 2723 memoria
646 2665 935 2723 viantium
963 2664 1296 2722 instruatur
1323 2666 1465 2722 visis
1496 2667 1739 2726 talibus.

330 2757 367 2811 7
479 2756 650 2825 Quasi
679 2756 738 2810 in
767 2756 910 2811 silva
941 2756 1220 2826 lignorum
1245 2758 1530 2813 securibus
1557 2759 1879 2816 exciderunt
1899 2761 1990 2830 ja-

458 2837 467 2844 ’
546 2861 689 2901 nuas
715 2844 833 2916 ejus
864 2843 924 2900 in
955 2844 1193 2918 idipsum
1223 2861 1237 2900 :

476 2938 548 2992 In
575 2935 757 2991 securi
782 2942 835 2990 et
863 2935 1016 2990 ascia
1042 2933 1354 3007 dejecerunt
1397 2942 1452 3003 -,'-
1477 2953 1600 2994 eam
1640 2943 1654 3000 ζ

406 3023 448 3079 C
476 3022 668 3080 Janua
697 3023 856 3083 enim
888 3040 924 3081 a
950 3023 1099 3080 Jano
1129 3024 1289 3081 dicta
1317 3029 1426 3095 est,
1459 3027 1614 3099 quod
1646 3044 1751 3101 per
1794 3028 1988 3102 ipsum

332 3115 472 3170 anni
489 3113 580 3187 (ut
599 3113 890 3188 putabant
909 3111 1248 3186 idololatrzn)
1271 3115 1628 3188 praeberetur
1661 3115 1988 3191 ingressus.

330 3203 478 3278 Ergo
495 3206 562 3260 ut
581 3200 872 3259 civitatem
892 3201 1144 3272 illam,in
1158 3204 1402 3261 modum
1423 3203 1704 3264 silvarum
1727 3209 1994 3265 ostende-

329 3296 418 3350 ret
447 3291 716 3350 funditus
765 3309 895 3349 esse
941 3295 1252 3365 vastatam,
1282 3311 1386 3367 per
1435 3294 1558 3351 haec
1596 3296 1993 3356 instrumenta

2231 701 2295 757 Et
2323 717 2422 757 nos
2449 717 2563 756 non
2590 705 2873 771 cognoscet
2904 701 3164 774 amplius.

2161 790 2203 845 C
2229 789 2435 847 Adhuc
2469 789 2583 846 ista
2610 790 2788 846 verba
2837 794 2978 846 sunt
3028 790 3481 862 desperantium
3531 789 3758 848 Judasoo

2090 879 2586 948 rum,dicentium
2612 879 2802 953 signa,
2819 897 2946 952 quae
2983 880 3250 953 patribus
3277 896 3496 937 eorum
3525 879 3760 938 fuerunt

2091 968 2322 1038 collata,
2355 969 2704 1042 semetipsos
2739 987 2856 1026 non
2886 969 3106 1025 vidisse
3133 968 3193 1025 in
3233 967 3357 1026 illis
3407 968 3757 1027 calamitati-

2091 1059 2224 1125 bus,
2258 1075 2325 1115 ac
2374 1059 2712 1132 prophetas,
2747 1059 2818 1115 de
2866 1059 3086 1132 quibus
3133 1058 3600 1125 instruerentur,
3645 1077 3757 1116 non

2091 1147 2392 1214 habuisse,
2425 1153 2484 1204 et
2506 1147 2633 1205 ideo
2665 1165 2726 1204 se
2758 1165 2793 1205 a
2821 1148 2939 1205 Deo
2972 1148 3156 1204 fuisse
3184 1147 3526 1206 derelictos.

2095 1239 2156 1294 11
2240 1239 2540 1310 Usquequo,
2570 1239 2734 1305 Deus,
2769 1239 3161 1310 improperabit
3190 1239 3459 1293 inimicus
3491 1257 3510 1292 :

2237 1327 2426 1383 Irritat
2453 1327 2804 1383 adversarius
2833 1343 3032 1384 nomen
3062 1336 3220 1383 tuum
3245 1328 3308 1383 in
3333 1327 3558 1399 ﬁnem?

2164 1418 2214 1470 Η
2246 1417 2424 1474 Facta
2453 1421 2596 1473 sunt
2614 1416 2757 1486 haec,
2784 1435 2910 1490 quae
2935 1417 3062 1491 jam
3089 1420 3325 1473 narrata
3357 1421 3527 1486 sunt,
3561 1433 3761 1474 secun-

1973 1527 1982 1535 ·
2094 1505 2236 1562 dum
2269 1505 2595 1574 historiam,
2628 1521 2762 1563 cum
2796 1506 3334 1563 Nabuchodonosor
3376 1505 3632 1562 abduxit
3659 1505 3757 1562 Ju-

2095 1595 2252 1651 dazos
2283 1595 2342 1650 in
2374 1595 2748 1668 Babylonem,
2781 1595 2868 1652 vel
2899 1609 3034 1651 cum
3066 1595 3236 1652 Titus
3267 1599 3325 1652 et
3353 1594 3758 1670 Vespasianus

2096 1701 2380 1740 succensa
2427 1685 2658 1742 civitate
2711 1683 2929 1742 multos
2977 1683 3360 1758 perimerunt.
3395 1687 3438 1740 C
3477 1684 3694 1753 Irritat,
3723 1701 3758 1740 a

2095 1773 2345 1831 canibus
2363 1777 2618 1830 tractum
2639 1778 3010 1848 est,quorum
3032 1773 3436 1844 latratibus,id
3459 1777 3555 1831 est
3573 1773 3761 1831 littera

2096 1861 2418 1936 plurimum
2452 1868 2642 1920 sonat.
2675 1863 2758 1921 De
2787 1863 3006 1921 Judaeis
3035 1863 3234 1937 itaque
3274 1881 3344 1920 ex
3390 1860 3759 1937 impatientia

2098 1956 2302 2008 contra
2326 1952 2642 2010 Dominum
2673 1951 3054 2027 loquentibus
3102 1953 3330 2026 quaerit.
3365 1952 3646 2020 Quandiu
3683 1950 3761 2007 ita

2097 2059 2198 2101 eos
2229 2043 2625 2116 improperare
2647 2044 2836 2100 sinis?
2851 2043 3116 2117 quandiu
3138 2041 3451 2100 inimicum
3481 2047 3544 2099 et
3571 2041 3761 2099 adver-

2097 2133 2322 2190 sarium
2354 2132 2524 2190 illum
2556 2132 2663 2189 tibi
2696 2131 2977 2208 populum
3014 2149 3132 2189 non
3175 2133 3474 2190 convertis
3524 2132 3599 2189 ad
3630 2147 3758 2186 con-

2097 2222 2415 2279 fessionem
2473 2239 2671 2279 veram
2724 2222 2919 2280 laudis
2975 2223 3127 2279 tum?
3153 2222 3217 2280 In
3277 2223 3484 2294 linem,
3547 2218 3761 2278 scilicet

2099 2311 2328 2381 mundi,
2365 2313 2601 2385 quando
2631 2329 2775 2385 gens
2800 2310 2903 2369 illa
2921 2315 3308 2370 convertetur.
3713 2363 3720 2368 .

2101 2400 2168 2456 12
2245 2400 2306 2456 Ut
2332 2400 2465 2472 quid
2493 2403 2699 2456 avertis
2729 2416 2960 2456 manum
2989 2407 3143 2456 tuam
3171 2407 3222 2456 et
3248 2398 3540 2456 dexteram
3569 2405 3716 2456 tuam
3740 2413 3760 2451 :

2241 2491 2316 2545 De
2341 2489 2520 2545 medio
2548 2491 2678 2546 sinu
2709 2494 2802 2546 tuo
2833 2492 2889 2545 in
2921 2490 3128 2561 ﬁnem?

2169 2578 2569 2652 Spiritualiter
2587 2579 2683 2636 hic
2697 2579 2956 2640 Ecclesia
2971 2580 3151 2636 Deum
3167 2579 3396 2636 Patrem
3419 2579 3760 2652 deprecatur

2099 2667 2171 2724 de
2203 2668 2504 2741 unigenito
2537 2669 2820 2743 Filio,qui
2851 2668 2912 2726 in
2933 2669 3068 2726 sinu
3100 2668 3290 2726 Patris
3319 2667 3614 2742 est,quiet
3633 2667 3757 2722 dex-

2100 2761 2225 2813 tera
2249 2756 2662 2831 appellatur,et
2683 2775 2996 2826 manus,ne
3021 2759 3210 2816 tardet
3237 2775 3374 2815 eum
3397 2757 3756 2816 transmitte-

2101 2864 2163 2904 re
2194 2846 2255 2904 in
2287 2847 2479 2904 terris.
2500 2847 2546 2904 Η
2577 2850 2617 2905 C
2648 2849 2814 2905 Tunc
2840 2853 3038 2906 autem
3069 2852 3325 2906 avertere
3347 2864 3596 2905 manum
3617 2844 3754 2901 dici-

2101 2941 2216 2994 tur.
2251 2954 2387 2994 cum
2421 2955 2529 2994 nos
2559 2954 2798 3013 peccare
2829 2938 2988 2994 sinit.
3023 2942 3063 2994 C
3091 2940 3256 2996 'l‘unc
3293 2953 3431 2996 vero
3481 2932 3753 2994 convertit

2103 3042 2370 3098 manum,
2405 3044 2539 3084 cum
2570 3031 2808 3102 peccata
2837 3027 2932 3085 hic
2962 3027 3221 3101 corrigit.
3255 3027 3302 3084 Η
3334 3027 3518 3084 Sinus
3566 3027 3749 3082 antem

2101 3115 2225 3186 Dei,
2258 3117 2664 3173 sanctuarium
2693 3116 2822 3190 ejus
2853 3120 2964 3184 est,
2997 3116 3283 3190 templum
3327 3117 3482 3189 ejus,
3513 3114 3602 3172 vel
3631 3112 3750 3184 ejus

2099 3205 2388 3262 custodia.
2413 3205 2454 3262 C
2483 3205 2586 3262 Vel
2607 3206 2679 3262 ad
2712 3205 3104 3274 litteram,cur
3121 3222 3156 3262 a
3176 3205 3398 3272 sinu,id
3430 3209 3522 3263 est
3541 3199 3750 3262 Judteis

2100 3295 2311 3352 avertis
2343 3312 2610 3361 manum,
2639 3296 2698 3353 id
2728 3300 2818 3353 est
2859 3295 3187 3367 Christum,
3218 3311 3411 3369 usque
3458 3294 3532 3351 ad
3583 3293 3747 3348 linem

327 3380 558 3439 fabrilia
587 3379 729 3438 dicit
757 3397 888 3438 esse
918 3381 1227 3454 dejectam.
1260 3384 1403 3455 Ejus
1431 3399 1567 3442 vero
1601 3401 1614 3441 :
1649 3386 1853 3460 templi
1899 3387 1986 3444 in-
2019 3368 2064 3437 Ο
2099 3384 2340 3441 saeculi?
2369 3385 2607 3457 quando
2637 3385 2854 3442 iterum
2884 3385 2958 3442 ad
3007 3385 3206 3442 sinum
3254 3368 3428 3442 tuum
3469 3377 3748 3462 convertis

328 3467 546 3543 tellige.

329 3559 366 3612 8
473 3556 847 3614 Incenderunt
875 3558 996 3628 igni
1021 3561 1404 3616 sanctuarium
1432 3569 1590 3619 tuum
1621 3581 1634 3619 :

476 3647 536 3701 ln
561 3653 708 3702 terra
731 3646 1051 3718 polluerunt
1079 3647 1497 3707 tabernaculum
1529 3654 1768 3710 nominis
1797 3656 1898 3712 tui.

405 3733 448 3789 C
475 3733 698 3790 Crescit
725 3733 891 3790 dolor
921 3749 935 3789 :
969 3735 1069 3790 ubi
1115 3734 1421 3795 calamitas
1468 3742 1785 3799 eversionis
1817 3760 1990 3818 auge-

331 3825 449 3878 tur.
481 3821 896 3879 Sanotuarium
925 3821 1070 3880 illud
1103 3841 1116 3879 :
1151 3824 1436 3899 templum
1466 3828 1577 3886 fuit
1629 3832 1784 3904 quod
1832 3833 1989 3892 Salo-

332 3927 471 3968 mon
520 3909 777 3969 mirabili
820 3911 1207 3971 aedificatione
1236 3919 1580 3975 construxit.
1617 3919 1774 3978 Istud
1829 3922 1986 3980 enim

328 3999 640 4074 templum,
688 4001 847 4074 quod
894 4001 1171 4059 visitabat
1216 4003 1404 4063 virtus
1438 4006 1692 4066 celestis
1725 4027 1738 4066 :
1774 4029 1987 4071 manus

323 4087 535 4162 polluit
562 4089 894 4159 vastatoris,
929 4094 989 4147 et
1017 4108 1206 4164 usque
1236 4093 1306 4149 ad
1341 4097 1556 4152 terram
1587 4095 1849 4158 culmina
1886 4102 1984 4158 de-

320 4176 534 4234 duxit:
567 4193 696 4250 quas
764 4177 837 4234 ad
898 4177 1133 4236 laudem
1183 4180 1415 4239 Domini
1473 4186 1801 4258 probantur
1857 4207 1986 4249 esse

321 4269 682 4324 constructa.
719 4267 940 4324 Crescit
991 4272 1190 4326 autem
1243 4270 1339 4327 hic
1391 4275 1673 4332 atrocitas
1729 4277 1864 4336 facti
1923 4279 1985 4338 in

323 4353 660 4412 narratione
688 4355 1011 4429 prophetas,
1043 4361 1110 4414 ut
1139 4363 1260 4416 tam
1288 4361 1630 4422 immaniter
1673 4367 1988 4426 excidenti-

323 4442 443 4500 bus
489 4447 548 4500 et
584 4443 952 4504 vastantibus
999 4435 1210 4505 debeat
1241 4449 1314 4506 ab
1365 4452 1756 4527 omnipotenti
1783 4457 1988 4529 judice

331 4531 550 4590 obviari
559 4577 573 4590 .

323 4619 361 4675 9
471 4624 745 4681 Dixerunt
773 4625 834 4681 in
860 4625 1020 4684 corde
1047 4643 1145 4685 suo
1172 4631 1422 4699 cognatio
1447 4646 1635 4688 eorum
1659 4635 1829 4691 simul
1861 4653 1874 4692 ς

463 4721 520 4780 σξ-
567 4713 856 4782 Quiescere
921 4719 936 4776 ζ
978 4717 1254 4787 faciamus
1283 4734 1470 4775 omnes
1499 4719 1616 4776 dies
1643 4726 1808 4793 festos

464 4803 572 4858 Dei
593 4817 630 4858 α
657 4809 823 4859 terra.

397 4892 438 4944 C
467 4889 573 4946 Hic
601 4889 779 4946 verba
807 4889 1144 4946 referuntur
1180 4890 1562 4952 irascentium
1593 4896 1930 4960 Judaeorum
1965 4921 1978 4961 :

327 4978 608 5051 quoniam
638 4977 914 5034 viderunt
941 4983 1206 5037 sanctam
1261 4981 1578 5054 civitatem,
1610 4992 1669 5044 et
1716 4991 1813 5046 Dei
1845 5010 1981 5051 san-

320 5066 552 5122 ctuaria
607 5065 824 5132 diruta,
877 5065 1095 5126 furiose
1141 5071 1199 5127 et
1254 5071 1602 5146 insipienter
1657 5078 1976 5140 dixerunt:

314 5151 682 5224 Abjiciamus
737 5152 927 5225 legem
986 5155 1117 5228 Dei;
1169 5163 1225 5216 et
1283 5177 1356 5218 ne
1411 5165 1583 5236 pauci
1642 5167 1982 5230 viderentur

309 5248 466 5335 esse,
500 5238 651 5295 dixit
703 5243 1004 5335 cognatio
1031 5263 1233 5306 eorum
1273 5250 1472 5309 simul.
1507 5255 1578 5310 Et
1628 5257 1783 5314 mala
1809 5277 1978 5335 supe-

315 5328 442 5384 rius
471 5331 816 5384 enumerata
845 5333 1178 5404 potuissent
1227 5339 1459 5396 Domini
1509 5328 1974 5408 misericordiam

315 5431 703 5485 commovere,
737 5415 849 5474 nisi
908 5421 1100 5480 adhuc
1145 5425 1204 5480 in
1253 5426 1474 5486 Judazis
1529 5431 1737 5489 fuisset
1797 5437 1976 5496 obsti-

315 5508 456 5562 nata
504 5503 799 5578 superbia.
834 5507 967 5565 Ideo
1016 5515 1073 5568 et
1119 5513 1511 5586 impmnitenti
1557 5522 1716 5578 cordi
1763 5527 1972 5586 merito

315 5613 430 5652 non
491 5594 602 5650 fuit
657 5592 962 5654 calamitas
1021 5601 1338 5674 abstracta,
1387 5609 1665 5678 quoniam
1727 5629 1760 5668 a
1815 5614 1969 5674 blas-

312 5683 568 5758 phemiis
623 5699 825 5742 eorum
901 5688 1139 5749 animus
1186 5707 1299 5749 non
1352 5698 1612 5766 recessit,
1673 5702 1851 5760 etiam
1909 5705 1969 5762 in

309 5791 520 5850 paruis.

2098 3491 2364 3541 manum,
2396 3473 2455 3530 id
2487 3478 2577 3532 est
2602 3474 2836 3532 Judesos
2867 3477 3166 3532 convertes
3195 3473 3268 3530 ad
3297 3474 3622 3532 Christum.

2099 3563 2166 3619 13
2241 3564 2381 3620 Deus
2409 3571 2594 3620 autem
2625 3580 2727 3621 rex
2749 3568 2937 3620 noster
2964 3571 3094 3621 ante
3117 3563 3321 3622 saecula
3353 3583 3374 3619 :

2241 3654 2504 3726 Operatus
2549 3659 2605 3720 μὲ-
2631 3661 2709 3709 est
2775 3659 2790 3720 ζ
2833 3653 3070 3710 salutem
3100 3655 3158 3710 in
3189 3653 3367 3710 medio
3396 3661 3584 3710 terrae.

2167 3747 2207 3798 C
2235 3741 2459 3799 Saecula
2487 3747 2684 3800 autem
2715 3743 2872 3800 dicta
2895 3747 3054 3812 sunt,
3088 3743 3241 3816 quod
3274 3742 3333 3798 in
3365 3757 3430 3800 se
3461 3736 3764 3815 revolvant.

2096 3837 2380 3907 tempora.
2413 3833 2496 3889 Ne
2525 3833 2787 3889 crederet
2833 3833 2968 3906 quis
2999 3830 3381 3905 temporalem
3415 3828 3740 3889 Dominum,

2094 3921 2222 3978 ideo
2254 3921 2396 3978 dicit
2423 3939 2559 3978 eum
2591 3938 2719 3978 esse
2751 3938 2946 3996 regem
3000 3926 3134 3978 ante
3178 3919 3413 3977 saecula.
3446 3921 3512 3978 In
3559 3912 3740 3974 medio

2095 4011 2347 4077 terrae,id
2380 4015 2471 4068 est
2497 4011 2804 4068 hominum
2839 4010 2941 4085 qui
2970 4015 3134 4067 terra:
3159 4009 3396 4067 nomine
3418 4007 3743 4084 significan-

2094 4103 2218 4168 tur;
2251 4100 2501 4169 cunctis,
2531 4099 2751 4156 scilicet
2780 4099 3156 4157 cernentibus
3193 4097 3448 4173 populis,
3484 4096 3744 4168 operatus

2095 4194 2186 4246 est
2217 4188 2471 4247 salutem
2504 4188 2750 4246 humani
2784 4188 3048 4263 generis;
3081 4187 3128 4245 Η
3159 4187 3270 4258 vel,
3301 4187 3363 4245 in
3391 4187 3745 4256 Judaea,qum

2097 4279 2359 4335 medium
2393 4283 2560 4335 terra:
2592 4279 2828 4336 dicitur.

2094 4368 2165 4426 14
2239 4373 2348 4426 Aut
2372 4371 2708 4441 conﬁrmasti
2737 4371 2793 4425 in
2825 4371 3027 4425 virtute
3057 4374 3153 4424 tua
3176 4383 3330 4424 mare
3359 4385 3379 4424 :

2240 4459 2633 4515 Contribulasti
2661 4461 2847 4533 capita
2874 4459 3173 4515 draconum
3198 4459 3260 4514 in
3287 4457 3466 4530 aquis.

2166 4548 2208 4603 C
2237 4546 2506 4604 Ostendit
2537 4564 2694 4604 nunc
2725 4547 3000 4604 eumdem
3048 4545 3407 4603 Salvatorem
3456 4559 3584 4603 esse
3613 4552 3738 4597 eum

2094 4636 2196 4709 qui
2228 4637 2527 4710 quondam
2559 4637 2695 4692 fecit
2727 4635 3041 4692 mirabilia.
3072 4635 3448 4692 Confirmavit
3477 4633 3630 4691 enim
3674 4625 3738 4682 li-

2018 4746 2066 4811 D
2095 4725 2307 4798 quidas
2329 4723 2513 4780 Rubri
2536 4725 2718 4782 maris
2739 4724 3247 4800 abyssos,quando
3269 4724 3328 4780 in
3357 4723 3587 4781 duobus
3610 4718 3740 4811 late:

2098 4815 2265 4871 ribus
2283 4813 2363 4869 ita
2382 4816 2473 4870 est
2491 4814 2746 4871 deﬁxum
2759 4819 2844 4883 ,ut
2865 4831 3025 4871 mare
3043 4813 3384 4888 navigerum
3404 4812 3516 4870 iter
3539 4805 3738 4868 faceret

2093 4919 2224 4960 esse
2253 4906 2574 4959 terrenum.
2617 4904 2820 4977 Capita
2850 4904 3196 4972 draconum,
3228 4902 3503 4976 superbia
3531 4901 3734 4957 daemo—

2091 4993 2348 5059 niorum,
2381 5008 2508 5064 quae
2541 4993 2946 5066 perducuntur
2974 4993 3046 5049 ad
3077 4989 3351 5062 nihilum,
3372 4989 3603 5065 quando
3623 4981 3736 5042 ani-

2092 5099 2220 5140 mas
2251 5100 2398 5156 quas
2429 5079 2512 5138 illi
2546 5082 2940 5156 inquinabant
2969 5083 3100 5140 fans
3138 5081 3417 5139 salutaris
3464 5073 3734 5138 smundat

2088 5171 2390 5246 baptismi.
2416 5171 2480 5228 In
2511 5171 2623 5228 hoc
2653 5172 2812 5228 enim
2841 5189 3015 5228 versu
3049 5171 3398 5243 mysterium
3430 5171 3555 5244 jam
3601 5158 3731 5221 dicti

2087 5260 2357 5318 miraculi
2381 5261 2650 5335 exponit;
2686 5261 3059 5336 signiﬁcabat
3081 5260 3237 5318 enim
3257 5260 3542 5318 transitus
3563 5248 3732 5314 maria

2085 5351 2266 5407 Rubri
2321 5348 2685 5423 baptismum
2735 5355 2794 5408 et
2839 5349 3058 5408 diaboli
3108 5349 3436 5408 victoriam.
3473 5346 3630 5408 Unde
3674 5339 3728 5396 in

2083 5440 2278 5514 aquis,
2311 5438 2535 5496 scilicet
2565 5440 2870 5514 baptismi,
2896 5439 3180 5514 intellige.

2085 5532 2152 5587 15
2229 5532 2305 5587 Tu
2331 5531 2652 5602 confregisti
2677 5533 2864 5604 capita
2897 5530 3155 5588 draconis
3183 5549 3206 5586 .·
3323 5555 3326 5558 ’

2223 5620 2430 5676 Dedisti
2456 5636 2582 5674 eum
2609 5637 2787 5676 escam
2811 5621 3030 5693 populis
3069 5620 3402 5693 .‘Ethiopum.

2151 5713 2190 5764 C
2219 5708 2592 5766 Confractum
2626 5713 2714 5765 est
2765 5713 2942 5783 caput
2981 5709 3274 5774 draconis,
3309 5709 3366 5765 id
3409 5711 3500 5765 est
3539 5702 3722 5761 Salsa,

2081 5798 2316 5872 quando
2339 5797 2615 5871 superbia
2636 5798 2765 5871 ejus
2787 5799 2858 5857 de
2879 5799 3022 5856 cazlo
3043 5799 3272 5874 dejecta
3301 5801 3473 5870 est,et
3501 5785 3720 5868 quando
