  <div class='ocr_page' id='page_1' title='image "/cluster/home/n/w/nwhite01/storage/ocr_20150623/142-143/uc1.31175018423130/1473.png"; bbox 0 0 2411 3141; ppageno 0'>
   <div class='ocr_carea' id='block_1_1' title="bbox 0 0 637 3141">
    <p class='ocr_par' dir='ltr' id='par_1_1' title="bbox 357 0 637 3007">
     <span class='ocr_line' id='line_1_1' title="bbox 554 0 637 368; baseline 0 0"><span class='ocrx_word' id='word_1_1' title='bbox 554 0 637 357; x_wconf 40' lang='lat' dir='ltr'>ir</span> 
     </span>
     <span class='ocr_line' id='line_1_2' title="bbox 535 510 608 701; baseline 0 -1"><span class='ocrx_word' id='word_1_2' title='bbox 535 510 607 701; x_wconf 27' lang='lat' dir='ltr'>si</span> 
     </span>
     <span class='ocr_line' id='line_1_3' title="bbox 535 699 592 878; baseline 0.105 -89"><span class='ocrx_word' id='word_1_3' title='bbox 535 699 592 878; x_wconf 61' lang='grc' dir='ltr'>ιζ</span> 
     </span>
     <span class='ocr_line' id='line_1_4' title="bbox 535 794 567 847; baseline 0 -16"><span class='ocrx_word' id='word_1_4' title='bbox 535 794 567 847; x_wconf 33' lang='grc' dir='ltr'>Ιχ</span> 
     </span>
     <span class='ocr_line' id='line_1_5' title="bbox 535 850 605 935; baseline -0.071 -5"><span class='ocrx_word' id='word_1_5' title='bbox 583 883 605 925; x_wconf 67' lang='grc' dir='ltr'>ετ</span> 
     </span>
     <span class='ocr_line' id='line_1_6' title="bbox 535 934 605 1005; baseline 0.029 -2"><span class='ocrx_word' id='word_1_6' title='bbox 535 934 605 1005; x_wconf 63' lang='grc' dir='ltr'>ἰη</span> 
     </span>
     <span class='ocr_line' id='line_1_7' title="bbox 535 992 590 1089; baseline -0.055 0"><span class='ocrx_word' id='word_1_7' title='bbox 535 992 590 1089; x_wconf 67' lang='lat' dir='ltr'>i9-</span> 
     </span>
     <span class='ocr_line' id='line_1_8' title="bbox 535 1079 605 1157; baseline 0 -28"><span class='ocrx_word' id='word_1_8' title='bbox 535 1079 605 1157; x_wconf 50' lang='grc' dir='ltr'>(λ</span> 
     </span>
     <span class='ocr_line' id='line_1_9' title="bbox 536 1157 590 1223; baseline 0.074 -4"><span class='ocrx_word' id='word_1_9' title='bbox 536 1157 590 1223; x_wconf 68' lang='lat' dir='ltr'>,i</span> 
     </span>
     <span class='ocr_line' id='line_1_10' title="bbox 536 1209 609 1299; baseline -0.137 1"><span class='ocrx_word' id='word_1_10' title='bbox 536 1209 609 1299; x_wconf 65' lang='lat' dir='ltr'>ir</span> 
     </span>
     <span class='ocr_line' id='line_1_11' title="bbox 536 1296 608 1571; baseline -0.042 -189"><span class='ocrx_word' id='word_1_11' title='bbox 536 1296 591 1571; x_wconf 62' lang='grc' dir='ltr'><strong>ἱ</strong></span> 
     </span>
     <span class='ocr_line' id='line_1_12' title="bbox 533 1546 609 1701; baseline -0.066 0"><span class='ocrx_word' id='word_1_12' title='bbox 533 1546 609 1701; x_wconf 59' lang='lat' dir='ltr'>is!</span> 
     </span>
     <span class='ocr_line' id='line_1_13' title="bbox 534 1698 587 1770; baseline 0 -27"><span class='ocrx_word' id='word_1_13' title='bbox 534 1698 587 1770; x_wconf 67' lang='grc' dir='ltr'><strong><em>ετ</em></strong></span> 
     </span>
     <span class='ocr_line' id='line_1_14' title="bbox 561 2402 599 2497; baseline 0 -13"><span class='ocrx_word' id='word_1_14' title='bbox 561 2402 599 2497; x_wconf 54' lang='grc' dir='ltr'>’ἱ</span> 
     </span>
     <span class='ocr_line' id='line_1_15' title="bbox 558 2514 593 2554; baseline 0 0"><span class='ocrx_word' id='word_1_15' title='bbox 558 2514 593 2554; x_wconf 59' lang='grc'>⁸³</span> 
     </span>
     <span class='ocr_line' id='line_1_16' title="bbox 357 2875 594 3003; baseline 0 -54"><span class='ocrx_word' id='word_1_16' title='bbox 357 2912 392 2949; x_wconf 72' lang='grc' dir='ltr'>ι</span> <span class='ocrx_word' id='word_1_17' title='bbox 575 2875 594 3003; x_wconf 59' lang='grc' dir='ltr'><em>ἰ</em></span> 
     </span>
     <span class='ocr_line' id='line_1_17' title="bbox 555 2975 588 3007; baseline -0.061 0"><span class='ocrx_word' id='word_1_18' title='bbox 555 2975 588 3007; x_wconf 44' lang='grc' dir='ltr'><strong>Α</strong></span> 
     </span>
    </p>
   </div>
   <div class='ocr_carea' id='block_1_2' title="bbox 961 179 1038 213">
    <p class='ocr_par' dir='ltr' id='par_1_2' title="bbox 961 179 1038 213">
     <span class='ocr_line' id='line_1_18' title="bbox 961 179 1038 213; baseline 0.013 -1"><span class='ocrx_word' id='word_1_19' title='bbox 961 179 1038 213; x_wconf 71' lang='grc'>146⁸1</span> 
     </span>
    </p>
   </div>
   <div class='ocr_carea' id='block_1_3' title="bbox 1512 176 2096 213">
    <p class='ocr_par' dir='ltr' id='par_1_3' title="bbox 1512 176 2096 213">
     <span class='ocr_line' id='line_1_19' title="bbox 1512 176 2096 213; baseline -0.005 0"><span class='ocrx_word' id='word_1_20' title='bbox 1512 181 1569 213; x_wconf 89' lang='lat' dir='ltr'>SS.</span> <span class='ocrx_word' id='word_1_21' title='bbox 1591 177 1752 212; x_wconf 81' lang='lat' dir='ltr'>ARIALDI</span> <span class='ocrx_word' id='word_1_22' title='bbox 1773 177 1823 210; x_wconf 84' lang='lat' dir='ltr'>ET</span> <span class='ocrx_word' id='word_1_23' title='bbox 1843 176 2096 210; x_wconf 81' lang='lat' dir='ltr'>ERLEMBALDI</span> 
     </span>
    </p>
   </div>
   <div class='ocr_carea' id='block_1_4' title="bbox 959 245 2411 294">
    <p class='ocr_par' dir='ltr' id='par_1_4' title="bbox 959 245 2411 294">
     <span class='ocr_line' id='line_1_20' title="bbox 959 245 2411 294; baseline -0.001 -9"><span class='ocrx_word' id='word_1_24' title='bbox 959 257 1048 286; x_wconf 87' lang='lat' dir='ltr'>domo</span> <span class='ocrx_word' id='word_1_25' title='bbox 1058 256 1175 286; x_wconf 90' lang='lat' dir='ltr'><strong>Domini</strong></span> <span class='ocrx_word' id='word_1_26' title='bbox 1189 257 1352 294; x_wconf 87' lang='lat' dir='ltr'>rapuerant,</span> <span class='ocrx_word' id='word_1_27' title='bbox 1368 257 1396 284; x_wconf 87' lang='lat' dir='ltr'>et</span> <span class='ocrx_word' id='word_1_28' title='bbox 1410 255 1452 284; x_wconf 90' lang='lat' dir='ltr'>sio</span> <span class='ocrx_word' id='word_1_29' title='bbox 1469 254 1596 283; x_wconf 79' lang='lat' dir='ltr'>ecclesiae</span> <span class='ocrx_word' id='word_1_30' title='bbox 1625 253 1675 282; x_wconf 88' lang='lat' dir='ltr'>Dei</span> <span class='ocrx_word' id='word_1_31' title='bbox 1698 262 1772 290; x_wconf 88' lang='lat' dir='ltr'>pene</span> <span class='ocrx_word' id='word_1_32' title='bbox 1785 245 1813 279; x_wconf 81' lang='grc' dir='ltr'><strong>Α</strong></span> <span class='ocrx_word' id='word_1_33' title='bbox 1827 254 1927 283; x_wconf 89' lang='lat' dir='ltr'>eodem</span> <span class='ocrx_word' id='word_1_34' title='bbox 1937 253 2072 290; x_wconf 81' lang='lat' dir='ltr'>protinus</span> <span class='ocrx_word' id='word_1_35' title='bbox 2100 253 2179 282; x_wconf 89' lang='lat' dir='ltr'>idem</span> <span class='ocrx_word' id='word_1_36' title='bbox 2199 251 2379 290; x_wconf 69' lang='lat' dir='ltr'>incipiebat;</span> <span class='ocrx_word' id='word_1_37' title='bbox 2398 259 2411 283; x_wconf 57' lang='grc' dir='ltr'><strong>ιι</strong></span> 
     </span>
    </p>
   </div>
   <div class='ocr_carea' id='block_1_5' title="bbox 960 297 1772 337">
    <p class='ocr_par' dir='ltr' id='par_1_5' title="bbox 960 297 1772 337">
     <span class='ocr_line' id='line_1_21' title="bbox 960 297 1772 337; baseline -0.006 -7"><span class='ocrx_word' id='word_1_38' title='bbox 960 304 1065 330; x_wconf 87' lang='lat' dir='ltr'>cuncta</span> <span class='ocrx_word' id='word_1_39' title='bbox 1076 304 1147 330; x_wconf 88' lang='lat' dir='ltr'>sunt</span> <span class='ocrx_word' id='word_1_40' title='bbox 1159 302 1279 334; x_wconf 85' lang='lat' dir='ltr'>reddita,</span> <span class='ocrx_word' id='word_1_41' title='bbox 1291 302 1425 337; x_wconf 82' lang='lat' dir='ltr'>operante</span> <span class='ocrx_word' id='word_1_42' title='bbox 1453 299 1566 327; x_wconf 80' lang='lat' dir='ltr'>Christo</span> <span class='ocrx_word' id='word_1_43' title='bbox 1599 306 1650 335; x_wconf 90' lang='lat' dir='ltr'>per</span> <span class='ocrx_word' id='word_1_44' title='bbox 1677 297 1772 326; x_wconf 82' lang='lat' dir='ltr'>zelum</span> 
     </span>
    </p>
   </div>
   <div class='ocr_carea' id='block_1_6' title="bbox 959 343 1773 382">
    <p class='ocr_par' dir='ltr' id='par_1_6' title="bbox 959 343 1773 382">
     <span class='ocr_line' id='line_1_22' title="bbox 959 343 1773 382; baseline -0.005 -8"><span class='ocrx_word' id='word_1_45' title='bbox 959 346 1086 382; x_wconf 90' lang='lat' dir='ltr'>piorum,</span> <span class='ocrx_word' id='word_1_46' title='bbox 1102 355 1164 382; x_wconf 76' lang='lat' dir='ltr'>qua:</span> <span class='ocrx_word' id='word_1_47' title='bbox 1179 346 1214 374; x_wconf 89' lang='lat' dir='ltr'>ab</span> <span class='ocrx_word' id='word_1_48' title='bbox 1229 354 1262 373; x_wconf 88' lang='lat' dir='ltr'>ea</span> <span class='ocrx_word' id='word_1_49' title='bbox 1276 345 1388 372; x_wconf 78' lang='lat' dir='ltr'>fuerant</span> <span class='ocrx_word' id='word_1_50' title='bbox 1399 345 1489 379; x_wconf 86' lang='lat' dir='ltr'>rapta,</span> <span class='ocrx_word' id='word_1_51' title='bbox 1505 345 1642 379; x_wconf 78' lang='lat' dir='ltr'>operante</span> <span class='ocrx_word' id='word_1_52' title='bbox 1666 343 1773 370; x_wconf 85' lang='lat' dir='ltr'>Satana</span> 
     </span>
    </p>
   </div>
   <div class='ocr_carea' id='block_1_7' title="bbox 960 390 1327 426">
    <p class='ocr_par' dir='ltr' id='par_1_7' title="bbox 960 390 1327 426">
     <span class='ocr_line' id='line_1_23' title="bbox 960 390 1327 426; baseline -0.008 -8"><span class='ocrx_word' id='word_1_53' title='bbox 960 399 1012 426; x_wconf 87' lang='lat' dir='ltr'>per</span> <span class='ocrx_word' id='word_1_54' title='bbox 1025 391 1151 418; x_wconf 83' lang='lat' dir='ltr'>furorem</span> <span class='ocrx_word' id='word_1_55' title='bbox 1163 390 1327 425; x_wconf 88' lang='lat' dir='ltr'>impiorum.</span> 
     </span>
    </p>
   </div>
   <div class='ocr_carea' id='block_1_8' title="bbox 993 431 1768 468">
    <p class='ocr_par' dir='ltr' id='par_1_8' title="bbox 993 431 1768 468">
     <span class='ocr_line' id='line_1_24' title="bbox 993 431 1768 468; baseline -0.005 -6"><span class='ocrx_word' id='word_1_56' title='bbox 993 436 1037 462; x_wconf 89' lang='lat'>53.</span> <span class='ocrx_word' id='word_1_57' title='bbox 1054 435 1132 461; x_wconf 86' lang='lat' dir='ltr'>sicut</span> <span class='ocrx_word' id='word_1_58' title='bbox 1142 433 1272 461; x_wconf 84' lang='lat' dir='ltr'>Arialdus</span> <span class='ocrx_word' id='word_1_59' title='bbox 1286 432 1413 468; x_wconf 85' lang='lat' dir='ltr'>quotidie</span> <span class='ocrx_word' id='word_1_60' title='bbox 1425 431 1531 459; x_wconf 79' lang='lat' dir='ltr'>Christi</span> <span class='ocrx_word' id='word_1_61' title='bbox 1547 439 1650 459; x_wconf 80' lang='lat' dir='ltr'>causas</span> <span class='ocrx_word' id='word_1_62' title='bbox 1657 431 1768 467; x_wconf 81' lang='lat' dir='ltr'>erigere</span> 
     </span>
    </p>
   </div>
   <div class='ocr_carea' id='block_1_9' title="bbox 960 475 1767 507">
    <p class='ocr_par' dir='ltr' id='par_1_9' title="bbox 960 475 1767 507">
     <span class='ocr_line' id='line_1_25' title="bbox 960 475 1767 507; baseline -0.006 0"><span class='ocrx_word' id='word_1_63' title='bbox 960 481 988 507; x_wconf 88' lang='lat' dir='ltr'>et</span> <span class='ocrx_word' id='word_1_64' title='bbox 1003 478 1125 506; x_wconf 81' lang='lat' dir='ltr'>exaltare</span> <span class='ocrx_word' id='word_1_65' title='bbox 1136 476 1383 507; x_wconf 81' lang='lat' dir='ltr'>contendebat,ita</span> <span class='ocrx_word' id='word_1_66' title='bbox 1394 475 1525 503; x_wconf 79' lang='lat' dir='ltr'>Christus</span> <span class='ocrx_word' id='word_1_67' title='bbox 1541 476 1576 503; x_wconf 88' lang='lat' dir='ltr'>de</span> <span class='ocrx_word' id='word_1_68' title='bbox 1605 475 1710 503; x_wconf 90' lang='lat' dir='ltr'>virtute</span> <span class='ocrx_word' id='word_1_69' title='bbox 1738 475 1767 503; x_wconf 92' lang='lat' dir='ltr'>in</span> 
     </span>
    </p>
   </div>
   <div class='ocr_carea' id='block_1_10' title="bbox 958 519 1771 555">
    <p class='ocr_par' dir='ltr' id='par_1_10' title="bbox 958 519 1771 555">
     <span class='ocr_line' id='line_1_26' title="bbox 958 519 1771 555; baseline -0.004 -6"><span class='ocrx_word' id='word_1_70' title='bbox 958 523 1092 549; x_wconf 87' lang='lat' dir='ltr'>virtutem</span> <span class='ocrx_word' id='word_1_71' title='bbox 1109 520 1255 548; x_wconf 83' lang='lat' dir='ltr'>Arialdum</span> <span class='ocrx_word' id='word_1_72' title='bbox 1272 521 1388 548; x_wconf 81' lang='lat' dir='ltr'>assidue</span> <span class='ocrx_word' id='word_1_73' title='bbox 1398 519 1583 555; x_wconf 87' lang='lat' dir='ltr'>provehebat.</span> <span class='ocrx_word' id='word_1_74' title='bbox 1613 519 1685 546; x_wconf 89' lang='lat' dir='ltr'>Nam</span> <span class='ocrx_word' id='word_1_75' title='bbox 1711 521 1771 546; x_wconf 88' lang='lat' dir='ltr'>tam</span> 
     </span>
    </p>
   </div>
   <div class='ocr_carea' id='block_1_11' title="bbox 959 562 1772 602">
    <p class='ocr_par' dir='ltr' id='par_1_11' title="bbox 959 562 1772 602">
     <span class='ocr_line' id='line_1_27' title="bbox 959 562 1772 602; baseline -0.004 -9"><span class='ocrx_word' id='word_1_76' title='bbox 959 568 1102 602; x_wconf 81' lang='lat' dir='ltr'>potentem</span> <span class='ocrx_word' id='word_1_77' title='bbox 1115 565 1142 592; x_wconf 91' lang='lat' dir='ltr'>in</span> <span class='ocrx_word' id='word_1_78' title='bbox 1155 565 1283 591; x_wconf 86' lang='lat' dir='ltr'>oratione</span> <span class='ocrx_word' id='word_1_79' title='bbox 1299 572 1460 599; x_wconf 85' lang='lat' dir='ltr'>numquam</span> <span class='ocrx_word' id='word_1_80' title='bbox 1477 563 1646 591; x_wconf 89' lang='lat' dir='ltr'>reminiscor</span> <span class='ocrx_word' id='word_1_81' title='bbox 1668 571 1714 590; x_wconf 89' lang='lat' dir='ltr'>me</span> <span class='ocrx_word' id='word_1_82' title='bbox 1729 562 1772 590; x_wconf 91' lang='lat' dir='ltr'>vi-</span> 
     </span>
    </p>
   </div>
   <div class='ocr_carea' id='block_1_12' title="bbox 957 607 1773 644">
    <p class='ocr_par' dir='ltr' id='par_1_12' title="bbox 957 607 1773 644">
     <span class='ocr_line' id='line_1_28' title="bbox 957 607 1773 644; baseline -0.002 -8"><span class='ocrx_word' id='word_1_83' title='bbox 957 610 1034 637; x_wconf 81' lang='lat' dir='ltr'>disse</span> <span class='ocrx_word' id='word_1_84' title='bbox 1050 609 1139 636; x_wconf 80' lang='lat' dir='ltr'>alium</span> <span class='ocrx_word' id='word_1_85' title='bbox 1157 616 1351 644; x_wconf 79' lang='lat' dir='ltr'>quemquam;</span> <span class='ocrx_word' id='word_1_86' title='bbox 1364 608 1448 643; x_wconf 82' lang='lat' dir='ltr'><strong>cujus</strong></span> <span class='ocrx_word' id='word_1_87' title='bbox 1462 607 1633 643; x_wconf 78' lang='lat' dir='ltr'>qualitatem</span> <span class='ocrx_word' id='word_1_88' title='bbox 1643 607 1666 634; x_wconf 87' lang='lat' dir='ltr'>si</span> <span class='ocrx_word' id='word_1_89' title='bbox 1677 608 1773 634; x_wconf 75' lang='lat' dir='ltr'>dixero</span> 
     </span>
    </p>
   </div>
   <div class='ocr_carea' id='block_1_13' title="bbox 956 652 1773 689">
    <p class='ocr_par' dir='ltr' id='par_1_13' title="bbox 956 652 1773 689">
     <span class='ocr_line' id='line_1_29' title="bbox 956 652 1773 689; baseline -0.002 -9"><span class='ocrx_word' id='word_1_90' title='bbox 956 656 1071 689; x_wconf 79' lang='lat' dir='ltr'>gratum</span> <span class='ocrx_word' id='word_1_91' title='bbox 1079 653 1136 680; x_wconf 82' lang='lat' dir='ltr'>fore</span> <span class='ocrx_word' id='word_1_92' title='bbox 1143 652 1330 688; x_wconf 74' lang='lat' dir='ltr'>diligentibus</span> <span class='ocrx_word' id='word_1_93' title='bbox 1338 652 1689 687; x_wconf 85' lang='lat' dir='ltr'>Deum,prot‘uturumquc</span> <span class='ocrx_word' id='word_1_94' title='bbox 1709 660 1773 687; x_wconf 84' lang='lat' dir='ltr'>spe-</span> 
     </span>
    </p>
   </div>
   <div class='ocr_carea' id='block_1_14' title="bbox 957 696 1772 731">
    <p class='ocr_par' dir='ltr' id='par_1_14' title="bbox 957 696 1772 731">
     <span class='ocr_line' id='line_1_30' title="bbox 957 696 1772 731; baseline -0.002 -7"><span class='ocrx_word' id='word_1_95' title='bbox 957 698 1052 725; x_wconf 81' lang='lat' dir='ltr'>ro.’l‘ot</span> <span class='ocrx_word' id='word_1_96' title='bbox 1068 697 1145 724; x_wconf 88' lang='lat' dir='ltr'>enim</span> <span class='ocrx_word' id='word_1_97' title='bbox 1156 699 1322 724; x_wconf 84' lang='lat' dir='ltr'>sanctorum</span> <span class='ocrx_word' id='word_1_98' title='bbox 1335 696 1496 723; x_wconf 79' lang='lat' dir='ltr'>nominade</span> <span class='ocrx_word' id='word_1_99' title='bbox 1504 696 1596 731; x_wconf 78' lang='lat' dir='ltr'>ipsius</span> <span class='ocrx_word' id='word_1_100' title='bbox 1606 703 1653 722; x_wconf 89' lang='lat' dir='ltr'>ore</span> <span class='ocrx_word' id='word_1_101' title='bbox 1662 703 1717 722; x_wconf 88' lang='lat' dir='ltr'>non</span> <span class='ocrx_word' id='word_1_102' title='bbox 1727 703 1772 722; x_wconf 89' lang='lat' dir='ltr'>so-</span> 
     </span>
    </p>
   </div>
   <div class='ocr_carea' id='block_1_15' title="bbox 956 739 1774 775">
    <p class='ocr_par' dir='ltr' id='par_1_15' title="bbox 956 739 1774 775">
     <span class='ocr_line' id='line_1_31' title="bbox 956 739 1774 775; baseline -0.002 -7"><span class='ocrx_word' id='word_1_103' title='bbox 956 741 1017 768; x_wconf 88' lang='lat' dir='ltr'>lum</span> <span class='ocrx_word' id='word_1_104' title='bbox 1029 741 1117 768; x_wconf 84' lang='lat' dir='ltr'>semel</span> <span class='ocrx_word' id='word_1_105' title='bbox 1128 741 1156 768; x_wconf 88' lang='lat' dir='ltr'>in</span> <span class='ocrx_word' id='word_1_106' title='bbox 1168 741 1277 773; x_wconf 85' lang='lat' dir='ltr'>die,sed</span> <span class='ocrx_word' id='word_1_107' title='bbox 1285 740 1371 768; x_wconf 83' lang='lat' dir='ltr'>etiam</span> <span class='ocrx_word' id='word_1_108' title='bbox 1383 740 1428 767; x_wconf 86' lang='lat' dir='ltr'>bis</span> <span class='ocrx_word' id='word_1_109' title='bbox 1437 743 1537 775; x_wconf 82' lang='lat' dir='ltr'>terque</span> <span class='ocrx_word' id='word_1_110' title='bbox 1548 739 1701 767; x_wconf 80' lang='lat' dir='ltr'>audiebam</span> <span class='ocrx_word' id='word_1_111' title='bbox 1712 747 1774 775; x_wconf 88' lang='lat' dir='ltr'>pro-</span> 
     </span>
    </p>
   </div>
   <div class='ocr_carea' id='block_1_16' title="bbox 956 783 1774 820">
    <p class='ocr_par' dir='ltr' id='par_1_16' title="bbox 956 783 1774 820">
     <span class='ocr_line' id='line_1_32' title="bbox 956 783 1774 820; baseline -0.002 -8"><span class='ocrx_word' id='word_1_112' title='bbox 956 786 1067 819; x_wconf 86' lang='lat' dir='ltr'>cedere,</span> <span class='ocrx_word' id='word_1_113' title='bbox 1084 787 1315 820; x_wconf 80' lang='lat' dir='ltr'>quotnunquam</span> <span class='ocrx_word' id='word_1_114' title='bbox 1342 785 1449 819; x_wconf 84' lang='lat' dir='ltr'>scripta</span> <span class='ocrx_word' id='word_1_115' title='bbox 1460 784 1489 811; x_wconf 92' lang='lat' dir='ltr'>in</span> <span class='ocrx_word' id='word_1_116' title='bbox 1516 784 1613 811; x_wconf 84' lang='lat' dir='ltr'>codice</span> <span class='ocrx_word' id='word_1_117' title='bbox 1636 783 1705 815; x_wconf 87' lang='lat' dir='ltr'>vidi,</span> <span class='ocrx_word' id='word_1_118' title='bbox 1722 791 1774 810; x_wconf 88' lang='lat' dir='ltr'>nec</span> 
     </span>
    </p>
   </div>
   <div class='ocr_carea' id='block_1_17' title="bbox 957 827 1773 864">
    <p class='ocr_par' dir='ltr' id='par_1_17' title="bbox 957 827 1773 864">
     <span class='ocr_line' id='line_1_33' title="bbox 957 827 1773 864; baseline -0.002 -8"><span class='ocrx_word' id='word_1_119' title='bbox 957 828 1047 857; x_wconf 86' lang='lat' dir='ltr'>alium</span> <span class='ocrx_word' id='word_1_120' title='bbox 1058 829 1249 864; x_wconf 83' lang='lat' dir='ltr'>proferentem</span> <span class='ocrx_word' id='word_1_121' title='bbox 1261 828 1366 855; x_wconf 84' lang='lat' dir='ltr'>audivi.</span> <span class='ocrx_word' id='word_1_122' title='bbox 1379 828 1451 855; x_wconf 83' lang='lat' dir='ltr'>Nam</span> <span class='ocrx_word' id='word_1_123' title='bbox 1463 827 1530 855; x_wconf 84' lang='lat' dir='ltr'>licet</span> <span class='ocrx_word' id='word_1_124' title='bbox 1542 827 1649 854; x_wconf 88' lang='lat' dir='ltr'>divinis</span> <span class='ocrx_word' id='word_1_125' title='bbox 1660 836 1693 854; x_wconf 91' lang='lat' dir='ltr'>ac</span> <span class='ocrx_word' id='word_1_126' title='bbox 1702 827 1773 854; x_wconf 82' lang='lat' dir='ltr'>libe-</span> 
     </span>
    </p>
   </div>
   <div class='ocr_carea' id='block_1_18' title="bbox 957 871 1774 906">
    <p class='ocr_par' dir='ltr' id='par_1_18' title="bbox 957 871 1774 906">
     <span class='ocr_line' id='line_1_34' title="bbox 957 871 1774 906; baseline -0.002 -6"><span class='ocrx_word' id='word_1_127' title='bbox 957 872 1067 901; x_wconf 88' lang='lat' dir='ltr'>ralibus</span> <span class='ocrx_word' id='word_1_128' title='bbox 1081 871 1186 900; x_wconf 76' lang='lat' dir='ltr'>litteris</span> <span class='ocrx_word' id='word_1_129' title='bbox 1197 872 1237 899; x_wconf 86' lang='lat' dir='ltr'>sic</span> <span class='ocrx_word' id='word_1_130' title='bbox 1253 872 1385 899; x_wconf 85' lang='lat' dir='ltr'>imbutus</span> <span class='ocrx_word' id='word_1_131' title='bbox 1401 873 1477 899; x_wconf 85' lang='lat' dir='ltr'>esset</span> <span class='ocrx_word' id='word_1_132' title='bbox 1488 873 1521 899; x_wconf 94' lang='lat' dir='ltr'>ut</span> <span class='ocrx_word' id='word_1_133' title='bbox 1536 871 1581 899; x_wconf 78' lang='lat' dir='ltr'>vix</span> <span class='ocrx_word' id='word_1_134' title='bbox 1595 871 1702 898; x_wconf 89' lang='lat' dir='ltr'>alicubi</span> <span class='ocrx_word' id='word_1_135' title='bbox 1711 871 1774 906; x_wconf 90' lang='lat' dir='ltr'>ejus</span> 
     </span>
    </p>
   </div>
   <div class='ocr_carea' id='block_1_19' title="bbox 957 915 1774 952">
    <p class='ocr_par' dir='ltr' id='par_1_19' title="bbox 957 915 1774 952">
     <span class='ocr_line' id='line_1_35' title="bbox 957 915 1774 952; baseline -0.001 -9"><span class='ocrx_word' id='word_1_136' title='bbox 957 925 1010 952; x_wconf 84' lang='lat' dir='ltr'>par</span> <span class='ocrx_word' id='word_1_137' title='bbox 1024 916 1143 943; x_wconf 84' lang='lat' dir='ltr'>inveniri</span> <span class='ocrx_word' id='word_1_138' title='bbox 1161 918 1267 952; x_wconf 84' lang='lat' dir='ltr'>posset,</span> <span class='ocrx_word' id='word_1_139' title='bbox 1283 915 1452 943; x_wconf 79' lang='lat' dir='ltr'>nullatenus</span> <span class='ocrx_word' id='word_1_140' title='bbox 1463 915 1529 951; x_wconf 83' lang='lat' dir='ltr'>plus</span> <span class='ocrx_word' id='word_1_141' title='bbox 1546 915 1575 942; x_wconf 89' lang='lat' dir='ltr'>in</span> <span class='ocrx_word' id='word_1_142' title='bbox 1587 923 1641 942; x_wconf 87' lang='lat' dir='ltr'>sua</span> <span class='ocrx_word' id='word_1_143' title='bbox 1652 915 1774 942; x_wconf 84' lang='lat' dir='ltr'>scientia</span> 
     </span>
    </p>
   </div>
   <div class='ocr_carea' id='block_1_20' title="bbox 957 958 1773 994">
    <p class='ocr_par' dir='ltr' id='par_1_20' title="bbox 957 958 1773 994">
     <span class='ocr_line' id='line_1_36' title="bbox 957 958 1773 994; baseline -0.002 -7"><span class='ocrx_word' id='word_1_144' title='bbox 957 960 1119 987; x_wconf 80' lang='lat' dir='ltr'>conﬁdebat</span> <span class='ocrx_word' id='word_1_145' title='bbox 1131 967 1217 994; x_wconf 90' lang='lat' dir='ltr'>quam</span> <span class='ocrx_word' id='word_1_146' title='bbox 1241 958 1319 986; x_wconf 85' lang='lat' dir='ltr'>velut</span> <span class='ocrx_word' id='word_1_147' title='bbox 1335 967 1386 986; x_wconf 90' lang='lat' dir='ltr'>nec</span> <span class='ocrx_word' id='word_1_148' title='bbox 1412 967 1502 986; x_wconf 85' lang='lat' dir='ltr'>unam</span> <span class='ocrx_word' id='word_1_149' title='bbox 1524 958 1611 986; x_wconf 85' lang='lat' dir='ltr'>sciret</span> <span class='ocrx_word' id='word_1_150' title='bbox 1634 958 1773 986; x_wconf 79' lang='lat' dir='ltr'>litteram.</span> 
     </span>
    </p>
   </div>
   <div class='ocr_carea' id='block_1_21' title="bbox 957 1002 1774 1038">
    <p class='ocr_par' dir='ltr' id='par_1_21' title="bbox 957 1002 1774 1038">
     <span class='ocr_line' id='line_1_37' title="bbox 957 1002 1774 1038; baseline -0.001 -8"><span class='ocrx_word' id='word_1_151' title='bbox 957 1003 1012 1031; x_wconf 88' lang='lat' dir='ltr'>Sed</span> <span class='ocrx_word' id='word_1_152' title='bbox 1028 1011 1093 1030; x_wconf 91' lang='lat' dir='ltr'>cum</span> <span class='ocrx_word' id='word_1_153' title='bbox 1109 1005 1185 1030; x_wconf 83' lang='lat' dir='ltr'>esset</span> <span class='ocrx_word' id='word_1_154' title='bbox 1199 1011 1265 1029; x_wconf 89' lang='lat' dir='ltr'>cum</span> <span class='ocrx_word' id='word_1_155' title='bbox 1280 1002 1376 1038; x_wconf 86' lang='lat' dir='ltr'>aliquo</span> <span class='ocrx_word' id='word_1_156' title='bbox 1392 1002 1427 1030; x_wconf 91' lang='lat' dir='ltr'>de</span> <span class='ocrx_word' id='word_1_157' title='bbox 1442 1003 1500 1030; x_wconf 81' lang='lat' dir='ltr'>{ide</span> <span class='ocrx_word' id='word_1_158' title='bbox 1524 1002 1718 1029; x_wconf 88' lang='lat' dir='ltr'>altercaturus</span> <span class='ocrx_word' id='word_1_159' title='bbox 1745 1002 1774 1029; x_wconf 90' lang='lat' dir='ltr'>in</span> 
     </span>
    </p>
   </div>
   <div class='ocr_carea' id='block_1_22' title="bbox 956 1046 1774 1083">
    <p class='ocr_par' dir='ltr' id='par_1_22' title="bbox 956 1046 1774 1083">
     <span class='ocr_line' id='line_1_38' title="bbox 956 1046 1774 1083; baseline -0.001 -9"><span class='ocrx_word' id='word_1_160' title='bbox 956 1046 1081 1083; x_wconf 85' lang='lat' dir='ltr'>publico,</span> <span class='ocrx_word' id='word_1_161' title='bbox 1096 1047 1268 1082; x_wconf 81' lang='lat' dir='ltr'>priusquam</span> <span class='ocrx_word' id='word_1_162' title='bbox 1281 1046 1346 1082; x_wconf 87' lang='lat' dir='ltr'>ipsa</span> <span class='ocrx_word' id='word_1_163' title='bbox 1361 1046 1516 1074; x_wconf 88' lang='lat' dir='ltr'>haberetur</span> <span class='ocrx_word' id='word_1_164' title='bbox 1531 1046 1695 1082; x_wconf 81' lang='lat' dir='ltr'>congressio</span> <span class='ocrx_word' id='word_1_165' title='bbox 1713 1048 1774 1073; x_wconf 90' lang='lat' dir='ltr'>stu—</span> 
     </span>
    </p>
   </div>
   <div class='ocr_carea' id='block_1_23' title="bbox 956 1090 1774 1126">
    <p class='ocr_par' dir='ltr' id='par_1_23' title="bbox 956 1090 1774 1126">
     <span class='ocr_line' id='line_1_39' title="bbox 956 1090 1774 1126; baseline -0.001 -8"><span class='ocrx_word' id='word_1_166' title='bbox 956 1092 1042 1118; x_wconf 82' lang='lat' dir='ltr'>debat</span> <span class='ocrx_word' id='word_1_167' title='bbox 1057 1099 1107 1126; x_wconf 89' lang='lat' dir='ltr'>per</span> <span class='ocrx_word' id='word_1_168' title='bbox 1122 1099 1162 1124; x_wconf 87' lang='lat' dir='ltr'>se,</span> <span class='ocrx_word' id='word_1_169' title='bbox 1175 1091 1234 1118; x_wconf 87' lang='lat' dir='ltr'>sive</span> <span class='ocrx_word' id='word_1_170' title='bbox 1247 1099 1298 1126; x_wconf 89' lang='lat' dir='ltr'>per</span> <span class='ocrx_word' id='word_1_171' title='bbox 1314 1091 1418 1118; x_wconf 82' lang='lat' dir='ltr'>fratres</span> <span class='ocrx_word' id='word_1_172' title='bbox 1427 1090 1562 1123; x_wconf 88' lang='lat' dir='ltr'>directos,</span> <span class='ocrx_word' id='word_1_173' title='bbox 1591 1090 1774 1126; x_wconf 88' lang='lat' dir='ltr'>circumqua-</span> 
     </span>
    </p>
   </div>
   <div class='ocr_carea' id='block_1_24' title="bbox 957 1135 1775 1171">
    <p class='ocr_par' dir='ltr' id='par_1_24' title="bbox 957 1135 1775 1171">
     <span class='ocr_line' id='line_1_40' title="bbox 957 1135 1775 1171; baseline -0.001 -9"><span class='ocrx_word' id='word_1_174' title='bbox 957 1143 1012 1170; x_wconf 91' lang='lat' dir='ltr'>que</span> <span class='ocrx_word' id='word_1_175' title='bbox 1027 1143 1148 1171; x_wconf 85' lang='lat' dir='ltr'>corpora</span> <span class='ocrx_word' id='word_1_176' title='bbox 1163 1137 1330 1162; x_wconf 84' lang='lat' dir='ltr'>sanctorum</span> <span class='ocrx_word' id='word_1_177' title='bbox 1346 1135 1592 1170; x_wconf 84' lang='lat' dir='ltr'>requirere,atque</span> <span class='ocrx_word' id='word_1_178' title='bbox 1607 1142 1707 1162; x_wconf 88' lang='lat' dir='ltr'>eorum</span> <span class='ocrx_word' id='word_1_179' title='bbox 1723 1143 1775 1170; x_wconf 84' lang='lat' dir='ltr'>pa-</span> 
     </span>
    </p>
   </div>
   <div class='ocr_carea' id='block_1_25' title="bbox 956 1177 1775 1213">
    <p class='ocr_par' dir='ltr' id='par_1_25' title="bbox 956 1177 1775 1213">
     <span class='ocr_line' id='line_1_41' title="bbox 956 1177 1775 1213; baseline 0 -7"><span class='ocrx_word' id='word_1_180' title='bbox 956 1178 1089 1211; x_wconf 83' lang='lat' dir='ltr'>trocinia,</span> <span class='ocrx_word' id='word_1_181' title='bbox 1100 1178 1150 1206; x_wconf 89' lang='lat' dir='ltr'>ubi</span> <span class='ocrx_word' id='word_1_182' title='bbox 1165 1186 1281 1206; x_wconf 90' lang='lat' dir='ltr'>omnem</span> <span class='ocrx_word' id='word_1_183' title='bbox 1296 1187 1381 1206; x_wconf 87' lang='lat' dir='ltr'>suum</span> <span class='ocrx_word' id='word_1_184' title='bbox 1396 1187 1478 1213; x_wconf 84' lang='lat' dir='ltr'>spem</span> <span class='ocrx_word' id='word_1_185' title='bbox 1489 1177 1652 1211; x_wconf 89' lang='lat' dir='ltr'>collocarat,</span> <span class='ocrx_word' id='word_1_186' title='bbox 1670 1178 1775 1206; x_wconf 82' lang='lat' dir='ltr'>obnixe</span> 
     </span>
    </p>
   </div>
   <div class='ocr_carea' id='block_1_26' title="bbox 957 1221 1774 1258">
    <p class='ocr_par' dir='ltr' id='par_1_26' title="bbox 957 1221 1774 1258">
     <span class='ocr_line' id='line_1_42' title="bbox 957 1221 1774 1258; baseline 0 -9"><span class='ocrx_word' id='word_1_187' title='bbox 957 1222 1097 1258; x_wconf 86' lang='lat' dir='ltr'>ﬂagitare.</span> <span class='ocrx_word' id='word_1_188' title='bbox 1114 1222 1186 1249; x_wconf 88' lang='lat' dir='ltr'>Nam</span> <span class='ocrx_word' id='word_1_189' title='bbox 1200 1221 1339 1257; x_wconf 87' lang='lat' dir='ltr'>quotidie,</span> <span class='ocrx_word' id='word_1_190' title='bbox 1349 1221 1472 1249; x_wconf 86' lang='lat' dir='ltr'>vallatus</span> <span class='ocrx_word' id='word_1_191' title='bbox 1484 1222 1609 1250; x_wconf 87' lang='lat' dir='ltr'>fraterna</span> <span class='ocrx_word' id='word_1_192' title='bbox 1624 1221 1693 1255; x_wconf 90' lang='lat' dir='ltr'>acie,</span> <span class='ocrx_word' id='word_1_193' title='bbox 1707 1231 1774 1250; x_wconf 89' lang='lat' dir='ltr'>san-</span> 
     </span>
    </p>
   </div>
   <div class='ocr_carea' id='block_1_27' title="bbox 956 1265 1774 1301">
    <p class='ocr_par' dir='ltr' id='par_1_27' title="bbox 956 1265 1774 1301">
     <span class='ocr_line' id='line_1_43' title="bbox 956 1265 1774 1301; baseline 0.001 -9"><span class='ocrx_word' id='word_1_194' title='bbox 956 1268 1069 1293; x_wconf 88' lang='lat' dir='ltr'>ctorum</span> <span class='ocrx_word' id='word_1_195' title='bbox 1079 1274 1200 1301; x_wconf 87' lang='lat' dir='ltr'>corpora</span> <span class='ocrx_word' id='word_1_196' title='bbox 1210 1265 1382 1293; x_wconf 82' lang='lat' dir='ltr'>circumibat</span> <span class='ocrx_word' id='word_1_197' title='bbox 1391 1268 1476 1301; x_wconf 83' lang='lat' dir='ltr'>atque</span> <span class='ocrx_word' id='word_1_198' title='bbox 1490 1274 1586 1293; x_wconf 86' lang='lat' dir='ltr'>coram</span> <span class='ocrx_word' id='word_1_199' title='bbox 1597 1265 1705 1293; x_wconf 89' lang='lat' dir='ltr'>eisdem</span> <span class='ocrx_word' id='word_1_200' title='bbox 1716 1266 1774 1294; x_wconf 91' lang='lat' dir='ltr'>Deo</span> 
     </span>
    </p>
   </div>
   <div class='ocr_carea' id='block_1_28' title="bbox 956 1309 1461 1345">
    <p class='ocr_par' dir='ltr' id='par_1_28' title="bbox 956 1309 1461 1345">
     <span class='ocr_line' id='line_1_44' title="bbox 956 1309 1461 1345; baseline -0.002 -8"><span class='ocrx_word' id='word_1_201' title='bbox 956 1310 1170 1345; x_wconf 84' lang='lat' dir='ltr'>gemebundam</span> <span class='ocrx_word' id='word_1_202' title='bbox 1183 1309 1321 1337; x_wconf 84' lang='lat' dir='ltr'>fundebat</span> <span class='ocrx_word' id='word_1_203' title='bbox 1335 1318 1461 1345; x_wconf 88' lang='lat' dir='ltr'>precem.</span> 
     </span>
    </p>
   </div>
   <div class='ocr_carea' id='block_1_29' title="bbox 990 1353 1773 1389">
    <p class='ocr_par' dir='ltr' id='par_1_29' title="bbox 990 1353 1773 1389">
     <span class='ocr_line' id='line_1_45' title="bbox 990 1353 1773 1389; baseline -0.001 -8"><span class='ocrx_word' id='word_1_204' title='bbox 990 1354 1034 1381; x_wconf 73' lang='grc'>54.</span> <span class='ocrx_word' id='word_1_205' title='bbox 1051 1354 1194 1381; x_wconf 76' lang='lat' dir='ltr'>Exeuntcs</span> <span class='ocrx_word' id='word_1_206' title='bbox 1214 1354 1291 1381; x_wconf 88' lang='lat' dir='ltr'>enim</span> <span class='ocrx_word' id='word_1_207' title='bbox 1308 1362 1325 1381; x_wconf 74' lang='grc' dir='ltr'>θ.</span> <span class='ocrx_word' id='word_1_208' title='bbox 1339 1353 1436 1386; x_wconf 89' lang='lat' dir='ltr'>domo,</span> <span class='ocrx_word' id='word_1_209' title='bbox 1448 1353 1616 1389; x_wconf 84' lang='lat' dir='ltr'>singulatim</span> <span class='ocrx_word' id='word_1_210' title='bbox 1625 1353 1773 1389; x_wconf 86' lang='lat' dir='ltr'>privatim-</span> 
     </span>
    </p>
   </div>
   <div class='ocr_carea' id='block_1_30' title="bbox 956 1397 1772 1434">
    <p class='ocr_par' dir='ltr' id='par_1_30' title="bbox 956 1397 1772 1434">
     <span class='ocr_line' id='line_1_46' title="bbox 956 1397 1772 1434; baseline -0.001 -9"><span class='ocrx_word' id='word_1_211' title='bbox 956 1406 1012 1434; x_wconf 86' lang='lat' dir='ltr'>que</span> <span class='ocrx_word' id='word_1_212' title='bbox 1024 1397 1132 1425; x_wconf 91' lang='lat' dir='ltr'>orando</span> <span class='ocrx_word' id='word_1_213' title='bbox 1146 1397 1363 1431; x_wconf 85' lang='lat' dir='ltr'>incedebamus,</span> <span class='ocrx_word' id='word_1_214' title='bbox 1375 1398 1464 1425; x_wconf 89' lang='lat' dir='ltr'>donec</span> <span class='ocrx_word' id='word_1_215' title='bbox 1487 1397 1586 1433; x_wconf 89' lang='lat' dir='ltr'>populi</span> <span class='ocrx_word' id='word_1_216' title='bbox 1612 1397 1772 1425; x_wconf 86' lang='lat' dir='ltr'>tumultum</span> 
     </span>
    </p>
   </div>
   <div class='ocr_carea' id='block_1_31' title="bbox 955 1440 1773 1477">
    <p class='ocr_par' dir='ltr' id='par_1_31' title="bbox 955 1440 1773 1477">
     <span class='ocr_line' id='line_1_47' title="bbox 955 1440 1773 1477; baseline -0.001 -8"><span class='ocrx_word' id='word_1_217' title='bbox 955 1443 1174 1469; x_wconf 83' lang='lat' dir='ltr'>transissemus.</span> <span class='ocrx_word' id='word_1_218' title='bbox 1200 1442 1260 1473; x_wconf 90' lang='lat' dir='ltr'>Quo</span> <span class='ocrx_word' id='word_1_219' title='bbox 1276 1440 1407 1475; x_wconf 86' lang='lat' dir='ltr'>transito,</span> <span class='ocrx_word' id='word_1_220' title='bbox 1432 1441 1560 1477; x_wconf 78' lang='lat' dir='ltr'>psalmos</span> <span class='ocrx_word' id='word_1_221' title='bbox 1583 1442 1773 1469; x_wconf 85' lang='lat' dir='ltr'>cantabamus</span> 
     </span>
    </p>
   </div>
   <div class='ocr_carea' id='block_1_32' title="bbox 956 1485 1771 1521">
    <p class='ocr_par' dir='ltr' id='par_1_32' title="bbox 956 1485 1771 1521">
     <span class='ocr_line' id='line_1_48' title="bbox 956 1485 1771 1521; baseline 0.001 -9"><span class='ocrx_word' id='word_1_222' title='bbox 956 1485 1111 1521; x_wconf 86' lang='lat' dir='ltr'>reciproce,</span> <span class='ocrx_word' id='word_1_223' title='bbox 1127 1493 1201 1520; x_wconf 87' lang='lat' dir='ltr'>quos</span> <span class='ocrx_word' id='word_1_224' title='bbox 1216 1485 1372 1520; x_wconf 89' lang='lat' dir='ltr'>incipiebat</span> <span class='ocrx_word' id='word_1_225' title='bbox 1386 1485 1457 1521; x_wconf 89' lang='lat' dir='ltr'>ipse,</span> <span class='ocrx_word' id='word_1_226' title='bbox 1471 1487 1498 1513; x_wconf 92' lang='lat' dir='ltr'>et</span> <span class='ocrx_word' id='word_1_227' title='bbox 1525 1485 1579 1513; x_wconf 86' lang='lat' dir='ltr'>hoc</span> <span class='ocrx_word' id='word_1_228' title='bbox 1603 1486 1771 1521; x_wconf 80' lang='lat' dir='ltr'>agebamus,</span> 
     </span>
    </p>
   </div>
   <div class='ocr_carea' id='block_1_33' title="bbox 957 1528 1772 1565">
    <p class='ocr_par' dir='ltr' id='par_1_33' title="bbox 957 1528 1772 1565">
     <span class='ocr_line' id='line_1_49' title="bbox 957 1528 1772 1565; baseline -0.001 -8"><span class='ocrx_word' id='word_1_229' title='bbox 957 1537 1109 1565; x_wconf 89' lang='lat' dir='ltr'>quousque</span> <span class='ocrx_word' id='word_1_230' title='bbox 1119 1528 1348 1564; x_wconf 68' lang='lat' dir='ltr'>ecclesiiejanuis</span> <span class='ocrx_word' id='word_1_231' title='bbox 1359 1528 1671 1564; x_wconf 78' lang='lat' dir='ltr'>proximiessemus,ud</span> <span class='ocrx_word' id='word_1_232' title='bbox 1684 1537 1772 1565; x_wconf 88' lang='lat' dir='ltr'>quam</span> 
     </span>
    </p>
   </div>
   <div class='ocr_carea' id='block_1_34' title="bbox 956 1571 1773 1609">
    <p class='ocr_par' dir='ltr' id='par_1_34' title="bbox 956 1571 1773 1609">
     <span class='ocr_line' id='line_1_50' title="bbox 956 1571 1773 1609; baseline -0.001 -8"><span class='ocrx_word' id='word_1_233' title='bbox 956 1573 1159 1609; x_wconf 87' lang='lat' dir='ltr'>pergebamus,</span> <span class='ocrx_word' id='word_1_234' title='bbox 1177 1572 1226 1600; x_wconf 92' lang='lat' dir='ltr'>ubi</span> <span class='ocrx_word' id='word_1_235' title='bbox 1245 1571 1344 1600; x_wconf 80' lang='lat' dir='ltr'>relicta</span> <span class='ocrx_word' id='word_1_236' title='bbox 1359 1572 1521 1608; x_wconf 82' lang='lat' dir='ltr'>psalmodia</span> <span class='ocrx_word' id='word_1_237' title='bbox 1541 1573 1663 1609; x_wconf 86' lang='lat' dir='ltr'>ejusque</span> <span class='ocrx_word' id='word_1_238' title='bbox 1693 1575 1773 1609; x_wconf 88' lang='lat' dir='ltr'>parte</span> 
     </span>
    </p>
   </div>
   <div class='ocr_carea' id='block_1_35' title="bbox 957 1604 1808 1652">
    <p class='ocr_par' dir='ltr' id='par_1_35' title="bbox 957 1604 1808 1652">
     <span class='ocr_line' id='line_1_51' title="bbox 957 1604 1808 1652; baseline 0 -8"><span class='ocrx_word' id='word_1_239' title='bbox 957 1604 1211 1644; x_wconf 67' lang='lat' dir='ltr'>ultimamemorizs</span> <span class='ocrx_word' id='word_1_240' title='bbox 1223 1604 1416 1652; x_wconf 74' lang='lat' dir='ltr'>tradita,qiios</span> <span class='ocrx_word' id='word_1_241' title='bbox 1427 1617 1462 1644; x_wconf 91' lang='lat' dir='ltr'>ad</span> <span class='ocrx_word' id='word_1_242' title='bbox 1477 1604 1595 1644; x_wconf 70' lang='lat' dir='ltr'>laudem</span> <span class='ocrx_word' id='word_1_243' title='bbox 1612 1604 1769 1645; x_wconf 44' lang='lat' dir='ltr'>illius-san-</span> <span class='ocrx_word' id='word_1_244' title='bbox 1787 1604 1808 1638; x_wconf 69' lang='grc' dir='ltr'>α</span> 
     </span>
    </p>
   </div>
   <div class='ocr_carea' id='block_1_36' title="bbox 956 1660 1769 1697">
    <p class='ocr_par' dir='ltr' id='par_1_36' title="bbox 956 1660 1769 1697">
     <span class='ocr_line' id='line_1_52' title="bbox 956 1660 1769 1697; baseline 0 -8"><span class='ocrx_word' id='word_1_245' title='bbox 956 1662 992 1689; x_wconf 86' lang='lat' dir='ltr'>cti</span> <span class='ocrx_word' id='word_1_246' title='bbox 1010 1661 1153 1697; x_wconf 86' lang='lat' dir='ltr'>pertinere</span> <span class='ocrx_word' id='word_1_247' title='bbox 1169 1662 1271 1689; x_wconf 83' lang='lat' dir='ltr'>cantus</span> <span class='ocrx_word' id='word_1_248' title='bbox 1285 1661 1328 1688; x_wconf 88' lang='lat' dir='ltr'>vel</span> <span class='ocrx_word' id='word_1_249' title='bbox 1343 1661 1466 1697; x_wconf 86' lang='lat' dir='ltr'>hymnos</span> <span class='ocrx_word' id='word_1_250' title='bbox 1475 1661 1593 1695; x_wconf 84' lang='lat' dir='ltr'>sciebat,</span> <span class='ocrx_word' id='word_1_251' title='bbox 1619 1660 1769 1695; x_wconf 86' lang='lat' dir='ltr'>sumebat;</span> 
     </span>
    </p>
   </div>
   <div class='ocr_carea' id='block_1_37' title="bbox 955 1704 1770 1741">
    <p class='ocr_par' dir='ltr' id='par_1_37' title="bbox 955 1704 1770 1741">
     <span class='ocr_line' id='line_1_53' title="bbox 955 1704 1770 1741; baseline 0.001 -9"><span class='ocrx_word' id='word_1_252' title='bbox 955 1705 997 1733; x_wconf 88' lang='lat' dir='ltr'>sic</span> <span class='ocrx_word' id='word_1_253' title='bbox 1008 1705 1124 1740; x_wconf 88' lang='lat' dir='ltr'>quidem</span> <span class='ocrx_word' id='word_1_254' title='bbox 1139 1704 1261 1732; x_wconf 89' lang='lat' dir='ltr'>dicendo</span> <span class='ocrx_word' id='word_1_255' title='bbox 1272 1705 1420 1733; x_wconf 79' lang='lat' dir='ltr'>moderate</span> <span class='ocrx_word' id='word_1_256' title='bbox 1430 1705 1546 1741; x_wconf 89' lang='lat' dir='ltr'>lenique</span> <span class='ocrx_word' id='word_1_257' title='bbox 1560 1713 1628 1733; x_wconf 92' lang='lat' dir='ltr'>voce</span> <span class='ocrx_word' id='word_1_258' title='bbox 1639 1707 1671 1733; x_wconf 89' lang='lat' dir='ltr'>ut</span> <span class='ocrx_word' id='word_1_259' title='bbox 1692 1705 1770 1741; x_wconf 90' lang='lat' dir='ltr'>quod</span> 
     </span>
    </p>
   </div>
   <div class='ocr_carea' id='block_1_38' title="bbox 955 1748 1772 1785">
    <p class='ocr_par' dir='ltr' id='par_1_38' title="bbox 955 1748 1772 1785">
     <span class='ocr_line' id='line_1_54' title="bbox 955 1748 1772 1785; baseline 0.001 -9"><span class='ocrx_word' id='word_1_260' title='bbox 955 1748 1068 1776; x_wconf 86' lang='lat' dir='ltr'>dicebat</span> <span class='ocrx_word' id='word_1_261' title='bbox 1079 1756 1232 1785; x_wconf 83' lang='lat' dir='ltr'>possemus</span> <span class='ocrx_word' id='word_1_262' title='bbox 1242 1749 1351 1783; x_wconf 86' lang='lat' dir='ltr'>audire,</span> <span class='ocrx_word' id='word_1_263' title='bbox 1377 1751 1463 1785; x_wconf 85' lang='lat' dir='ltr'>atque</span> <span class='ocrx_word' id='word_1_264' title='bbox 1483 1757 1549 1777; x_wconf 89' lang='lat' dir='ltr'>cum</span> <span class='ocrx_word' id='word_1_265' title='bbox 1574 1757 1607 1777; x_wconf 92' lang='lat' dir='ltr'>eo</span> <span class='ocrx_word' id='word_1_266' title='bbox 1622 1748 1726 1782; x_wconf 84' lang='lat' dir='ltr'>dicere,</span> <span class='ocrx_word' id='word_1_267' title='bbox 1742 1751 1772 1776; x_wconf 87' lang='lat' dir='ltr'>et</span> 
     </span>
    </p>
   </div>
   <div class='ocr_carea' id='block_1_39' title="bbox 955 1792 1770 1821">
    <p class='ocr_par' dir='ltr' id='par_1_39' title="bbox 955 1792 1770 1821">
     <span class='ocr_line' id='line_1_55' title="bbox 955 1792 1770 1821; baseline 0.001 -1"><span class='ocrx_word' id='word_1_268' title='bbox 955 1801 1023 1820; x_wconf 90' lang='lat' dir='ltr'>cum</span> <span class='ocrx_word' id='word_1_269' title='bbox 1042 1792 1096 1820; x_wconf 87' lang='lat' dir='ltr'>hoc</span> <span class='ocrx_word' id='word_1_270' title='bbox 1112 1794 1211 1820; x_wconf 85' lang='lat' dir='ltr'>sancto</span> <span class='ocrx_word' id='word_1_271' title='bbox 1226 1801 1328 1821; x_wconf 87' lang='lat' dir='ltr'>canore</span> <span class='ocrx_word' id='word_1_272' title='bbox 1343 1795 1409 1820; x_wconf 83' lang='lat' dir='ltr'>ante</span> <span class='ocrx_word' id='word_1_273' title='bbox 1420 1794 1554 1821; x_wconf 88' lang='lat' dir='ltr'>sanctum</span> <span class='ocrx_word' id='word_1_274' title='bbox 1581 1792 1770 1821; x_wconf 84' lang='lat' dir='ltr'>veniebamus</span> 
     </span>
    </p>
   </div>
   <div class='ocr_carea' id='block_1_40' title="bbox 956 1836 1771 1871">
    <p class='ocr_par' dir='ltr' id='par_1_40' title="bbox 956 1836 1771 1871">
     <span class='ocr_line' id='line_1_56' title="bbox 956 1836 1771 1871; baseline 0 -7"><span class='ocrx_word' id='word_1_275' title='bbox 956 1836 1055 1864; x_wconf 86' lang='lat' dir='ltr'>altare.</span> <span class='ocrx_word' id='word_1_276' title='bbox 1071 1836 1131 1868; x_wconf 90' lang='lat' dir='ltr'>Quo</span> <span class='ocrx_word' id='word_1_277' title='bbox 1147 1837 1346 1865; x_wconf 87' lang='lat' dir='ltr'>venerabiliter</span> <span class='ocrx_word' id='word_1_278' title='bbox 1360 1837 1490 1871; x_wconf 87' lang='lat' dir='ltr'>adorato,</span> <span class='ocrx_word' id='word_1_279' title='bbox 1506 1836 1531 1865; x_wconf 87' lang='lat' dir='ltr'>si</span> <span class='ocrx_word' id='word_1_280' title='bbox 1545 1836 1607 1865; x_wconf 89' lang='lat' dir='ltr'>dies</span> <span class='ocrx_word' id='word_1_281' title='bbox 1631 1836 1771 1865; x_wconf 86' lang='lat' dir='ltr'>solemnis</span> 
     </span>
    </p>
   </div>
   <div class='ocr_carea' id='block_1_41' title="bbox 954 1880 1771 1917">
    <p class='ocr_par' dir='ltr' id='par_1_41' title="bbox 954 1880 1771 1917">
     <span class='ocr_line' id='line_1_57' title="bbox 954 1880 1771 1917; baseline 0.001 -9"><span class='ocrx_word' id='word_1_282' title='bbox 954 1881 998 1909; x_wconf 89' lang='lat' dir='ltr'>vel</span> <span class='ocrx_word' id='word_1_283' title='bbox 1013 1880 1161 1909; x_wconf 80' lang='lat' dir='ltr'>Paschalis</span> <span class='ocrx_word' id='word_1_284' title='bbox 1174 1889 1231 1909; x_wconf 90' lang='lat' dir='ltr'>non</span> <span class='ocrx_word' id='word_1_285' title='bbox 1246 1882 1331 1914; x_wconf 86' lang='lat' dir='ltr'>esset,</span> <span class='ocrx_word' id='word_1_286' title='bbox 1344 1883 1468 1916; x_wconf 86' lang='lat' dir='ltr'>utraque</span> <span class='ocrx_word' id='word_1_287' title='bbox 1482 1889 1578 1917; x_wconf 88' lang='lat' dir='ltr'>genua</span> <span class='ocrx_word' id='word_1_288' title='bbox 1606 1881 1636 1908; x_wconf 89' lang='lat' dir='ltr'>in</span> <span class='ocrx_word' id='word_1_289' title='bbox 1663 1882 1771 1909; x_wconf 86' lang='lat' dir='ltr'>terram</span> 
     </span>
    </p>
   </div>
   <div class='ocr_carea' id='block_1_42' title="bbox 953 1924 1771 1962">
    <p class='ocr_par' dir='ltr' id='par_1_42' title="bbox 953 1924 1771 1962">
     <span class='ocr_line' id='line_1_58' title="bbox 953 1924 1771 1962; baseline 0.001 -10"><span class='ocrx_word' id='word_1_290' title='bbox 953 1925 1090 1962; x_wconf 86' lang='lat' dir='ltr'>ponebat,</span> <span class='ocrx_word' id='word_1_291' title='bbox 1106 1933 1210 1953; x_wconf 86' lang='lat' dir='ltr'>manus</span> <span class='ocrx_word' id='word_1_292' title='bbox 1225 1925 1415 1961; x_wconf 83' lang='lat' dir='ltr'>expandebat,</span> <span class='ocrx_word' id='word_1_293' title='bbox 1432 1925 1531 1953; x_wconf 91' lang='lat' dir='ltr'>oculos</span> <span class='ocrx_word' id='word_1_294' title='bbox 1541 1924 1571 1953; x_wconf 91' lang='lat' dir='ltr'>in</span> <span class='ocrx_word' id='word_1_295' title='bbox 1587 1925 1691 1953; x_wconf 84' lang='lat' dir='ltr'>coelum</span> <span class='ocrx_word' id='word_1_296' title='bbox 1701 1925 1771 1962; x_wconf 86' lang='lat' dir='ltr'>ﬁge-</span> 
     </span>
    </p>
   </div>
   <div class='ocr_carea' id='block_1_43' title="bbox 954 1968 1773 2005">
    <p class='ocr_par' dir='ltr' id='par_1_43' title="bbox 954 1968 1773 2005">
     <span class='ocr_line' id='line_1_59' title="bbox 954 1968 1773 2005; baseline 0 -9"><span class='ocrx_word' id='word_1_297' title='bbox 954 1969 1046 2004; x_wconf 87' lang='lat' dir='ltr'>bat,et</span> <span class='ocrx_word' id='word_1_298' title='bbox 1054 1968 1096 1996; x_wconf 87' lang='lat' dir='ltr'>sic</span> <span class='ocrx_word' id='word_1_299' title='bbox 1106 1969 1137 1996; x_wconf 89' lang='lat' dir='ltr'>in</span> <span class='ocrx_word' id='word_1_300' title='bbox 1142 1969 1236 1997; x_wconf 84' lang='lat' dir='ltr'>crucis</span> <span class='ocrx_word' id='word_1_301' title='bbox 1247 1970 1332 1997; x_wconf 92' lang='lat' dir='ltr'>modo</span> <span class='ocrx_word' id='word_1_302' title='bbox 1344 1971 1409 1997; x_wconf 81' lang='lat' dir='ltr'>ante</span> <span class='ocrx_word' id='word_1_303' title='bbox 1422 1968 1512 1997; x_wconf 85' lang='lat' dir='ltr'>altare</span> <span class='ocrx_word' id='word_1_304' title='bbox 1519 1971 1667 2005; x_wconf 85' lang='lat' dir='ltr'>stans,pro</span> <span class='ocrx_word' id='word_1_305' title='bbox 1677 1968 1773 1998; x_wconf 87' lang='lat' dir='ltr'>salute</span> 
     </span>
    </p>
   </div>
   <div class='ocr_carea' id='block_1_44' title="bbox 955 2011 1772 2049">
    <p class='ocr_par' dir='ltr' id='par_1_44' title="bbox 955 2011 1772 2049">
     <span class='ocr_line' id='line_1_60' title="bbox 955 2011 1772 2049; baseline 0.001 -9"><span class='ocrx_word' id='word_1_306' title='bbox 955 2011 1129 2040; x_wconf 75' lang='lat' dir='ltr'>universalis</span> <span class='ocrx_word' id='word_1_307' title='bbox 1152 2012 1293 2047; x_wconf 69' lang='lat' dir='ltr'>Ecclesiae,</span> <span class='ocrx_word' id='word_1_308' title='bbox 1311 2021 1344 2041; x_wconf 88' lang='lat' dir='ltr'>ao</span> <span class='ocrx_word' id='word_1_309' title='bbox 1372 2021 1424 2049; x_wconf 91' lang='lat' dir='ltr'>pro</span> <span class='ocrx_word' id='word_1_310' title='bbox 1449 2013 1513 2049; x_wconf 86' lang='lat' dir='ltr'>ejus</span> <span class='ocrx_word' id='word_1_311' title='bbox 1539 2013 1772 2041; x_wconf 84' lang='lat' dir='ltr'>adversariorum</span> 
     </span>
    </p>
   </div>
   <div class='ocr_carea' id='block_1_45' title="bbox 955 2055 1772 2092">
    <p class='ocr_par' dir='ltr' id='par_1_45' title="bbox 955 2055 1772 2092">
     <span class='ocr_line' id='line_1_61' title="bbox 955 2055 1772 2092; baseline 0.001 -9"><span class='ocrx_word' id='word_1_312' title='bbox 955 2055 1183 2090; x_wconf 87' lang='lat' dir='ltr'>conversione,et</span> <span class='ocrx_word' id='word_1_313' title='bbox 1197 2065 1248 2092; x_wconf 88' lang='lat' dir='ltr'>pro</span> <span class='ocrx_word' id='word_1_314' title='bbox 1265 2056 1374 2085; x_wconf 66' lang='lat' dir='ltr'>caeteris</span> <span class='ocrx_word' id='word_1_315' title='bbox 1396 2056 1569 2092; x_wconf 85' lang='lat' dir='ltr'>hujusmodi</span> <span class='ocrx_word' id='word_1_316' title='bbox 1597 2056 1772 2084; x_wconf 84' lang='lat' dir='ltr'>utilitatibus</span> 
     </span>
    </p>
   </div>
   <div class='ocr_carea' id='block_1_46' title="bbox 956 2098 1771 2137">
    <p class='ocr_par' dir='ltr' id='par_1_46' title="bbox 956 2098 1771 2137">
     <span class='ocr_line' id='line_1_62' title="bbox 956 2098 1771 2137; baseline 0.001 -11"><span class='ocrx_word' id='word_1_317' title='bbox 956 2098 1068 2133; x_wconf 87' lang='lat' dir='ltr'>multis,</span> <span class='ocrx_word' id='word_1_318' title='bbox 1078 2098 1168 2128; x_wconf 89' lang='lat' dir='ltr'>Deum</span> <span class='ocrx_word' id='word_1_319' title='bbox 1183 2101 1318 2129; x_wconf 80' lang='lat' dir='ltr'>exorabat</span> <span class='ocrx_word' id='word_1_320' title='bbox 1333 2109 1400 2129; x_wconf 93' lang='lat' dir='ltr'>cum</span> <span class='ocrx_word' id='word_1_321' title='bbox 1413 2100 1571 2137; x_wconf 86' lang='lat' dir='ltr'>gemitibus</span> <span class='ocrx_word' id='word_1_322' title='bbox 1583 2102 1613 2129; x_wconf 88' lang='lat' dir='ltr'>et</span> <span class='ocrx_word' id='word_1_323' title='bbox 1625 2099 1771 2137; x_wconf 75' lang='lat' dir='ltr'>lacrymis.</span> 
     </span>
    </p>
   </div>
   <div class='ocr_carea' id='block_1_47' title="bbox 956 2143 1772 2181">
    <p class='ocr_par' dir='ltr' id='par_1_47' title="bbox 956 2143 1772 2181">
     <span class='ocr_line' id='line_1_63' title="bbox 956 2143 1772 2181; baseline -0.001 -10"><span class='ocrx_word' id='word_1_324' title='bbox 956 2143 1014 2171; x_wconf 87' lang='lat' dir='ltr'>Nos</span> <span class='ocrx_word' id='word_1_325' title='bbox 1024 2151 1090 2171; x_wconf 88' lang='lat' dir='ltr'>vero</span> <span class='ocrx_word' id='word_1_326' title='bbox 1101 2146 1168 2179; x_wconf 84' lang='lat' dir='ltr'>post</span> <span class='ocrx_word' id='word_1_327' title='bbox 1185 2144 1282 2180; x_wconf 88' lang='lat' dir='ltr'>ipsum</span> <span class='ocrx_word' id='word_1_328' title='bbox 1303 2144 1539 2181; x_wconf 87' lang='lat' dir='ltr'>procumbentes,</span> <span class='ocrx_word' id='word_1_329' title='bbox 1554 2144 1633 2180; x_wconf 90' lang='lat' dir='ltr'>quod</span> <span class='ocrx_word' id='word_1_330' title='bbox 1647 2143 1772 2177; x_wconf 86' lang='lat' dir='ltr'>dicebat,</span> 
     </span>
    </p>
   </div>
   <div class='ocr_carea' id='block_1_48' title="bbox 957 2186 1775 2225">
    <p class='ocr_par' dir='ltr' id='par_1_48' title="bbox 957 2186 1775 2225">
     <span class='ocr_line' id='line_1_64' title="bbox 957 2186 1775 2225; baseline -0.001 -10"><span class='ocrx_word' id='word_1_331' title='bbox 957 2187 1147 2216; x_wconf 81' lang='lat' dir='ltr'>audiebamus</span> <span class='ocrx_word' id='word_1_332' title='bbox 1163 2190 1191 2216; x_wconf 87' lang='lat' dir='ltr'>et</span> <span class='ocrx_word' id='word_1_333' title='bbox 1205 2189 1464 2225; x_wconf 86' lang='lat' dir='ltr'>respoudebamus.</span> <span class='ocrx_word' id='word_1_334' title='bbox 1480 2189 1564 2218; x_wconf 91' lang='lat' dir='ltr'>Tunc</span> <span class='ocrx_word' id='word_1_335' title='bbox 1587 2188 1707 2217; x_wconf 87' lang='lat' dir='ltr'>demum</span> <span class='ocrx_word' id='word_1_336' title='bbox 1735 2186 1775 2215; x_wconf 87' lang='lat' dir='ltr'>si-</span> 
     </span>
    </p>
   </div>
   <div class='ocr_carea' id='block_1_49' title="bbox 957 2230 1774 2273">
    <p class='ocr_par' dir='ltr' id='par_1_49' title="bbox 957 2230 1774 2273">
     <span class='ocr_line' id='line_1_65' title="bbox 957 2230 1774 2273; baseline 0 -14"><span class='ocrx_word' id='word_1_337' title='bbox 957 2230 1050 2262; x_wconf 86' lang='lat' dir='ltr'>lenter</span> <span class='ocrx_word' id='word_1_338' title='bbox 1061 2231 1215 2268; x_wconf 83' lang='lat' dir='ltr'>paululum</span> <span class='ocrx_word' id='word_1_339' title='bbox 1230 2233 1341 2267; x_wconf 81' lang='lat' dir='ltr'>orabat,</span> <span class='ocrx_word' id='word_1_340' title='bbox 1356 2233 1444 2273; x_wconf 81' lang='lat' dir='ltr'>idque</span> <span class='ocrx_word' id='word_1_341' title='bbox 1459 2240 1700 2269; x_wconf 86' lang='lat' dir='ltr'>unumquemque</span> <span class='ocrx_word' id='word_1_342' title='bbox 1721 2239 1774 2259; x_wconf 91' lang='lat' dir='ltr'>no-</span> 
     </span>
    </p>
   </div>
   <div class='ocr_carea' id='block_1_50' title="bbox 1827 295 2405 335">
    <p class='ocr_par' dir='ltr' id='par_1_50' title="bbox 1827 295 2405 335">
     <span class='ocr_line' id='line_1_66' title="bbox 1827 295 2405 335; baseline -0.003 -8"><span class='ocrx_word' id='word_1_343' title='bbox 1827 298 1957 335; x_wconf 86' lang='lat' dir='ltr'>psalmos</span> <span class='ocrx_word' id='word_1_344' title='bbox 1967 300 2027 326; x_wconf 87' lang='lat' dir='ltr'>tres</span> <span class='ocrx_word' id='word_1_345' title='bbox 2038 298 2092 335; x_wconf 84' lang='lat'>(27)</span> <span class='ocrx_word' id='word_1_346' title='bbox 2113 297 2235 326; x_wconf 88' lang='lat' dir='ltr'>minime</span> <span class='ocrx_word' id='word_1_347' title='bbox 2245 297 2271 326; x_wconf 89' lang='lat' dir='ltr'>ei</span> <span class='ocrx_word' id='word_1_348' title='bbox 2286 295 2405 327; x_wconf 78' lang='lat' dir='ltr'>exordio</span> 
     </span>
    </p>
   </div>
   <div class='ocr_carea' id='block_1_51' title="bbox 1826 339 2411 371">
    <p class='ocr_par' dir='ltr' id='par_1_51' title="bbox 1826 339 2411 371">
     <span class='ocr_line' id='line_1_67' title="bbox 1826 339 2411 371; baseline -0.003 0"><span class='ocrx_word' id='word_1_349' title='bbox 1826 345 1895 371; x_wconf 88' lang='lat' dir='ltr'>tunc</span> <span class='ocrx_word' id='word_1_350' title='bbox 1909 342 2004 371; x_wconf 87' lang='lat' dir='ltr'>dicere</span> <span class='ocrx_word' id='word_1_351' title='bbox 2019 342 2127 371; x_wconf 85' lang='lat' dir='ltr'>liceret.</span> <span class='ocrx_word' id='word_1_352' title='bbox 2144 342 2286 371; x_wconf 84' lang='lat' dir='ltr'>Clericum</span> <span class='ocrx_word' id='word_1_353' title='bbox 2296 341 2376 370; x_wconf 86' lang='lat' dir='ltr'>enim</span> <span class='ocrx_word' id='word_1_354' title='bbox 2405 339 2411 369; x_wconf 82' lang='lat' dir='ltr'>l</span> 
     </span>
    </p>
   </div>
   <div class='ocr_carea' id='block_1_52' title="bbox 1827 386 2382 423">
    <p class='ocr_par' dir='ltr' id='par_1_52' title="bbox 1827 386 2382 423">
     <span class='ocr_line' id='line_1_68' title="bbox 1827 386 2382 423; baseline -0.004 -8"><span class='ocrx_word' id='word_1_355' title='bbox 1827 395 1877 423; x_wconf 91' lang='lat' dir='ltr'>per</span> <span class='ocrx_word' id='word_1_356' title='bbox 1887 387 1991 414; x_wconf 85' lang='lat' dir='ltr'>debere</span> <span class='ocrx_word' id='word_1_357' title='bbox 2005 386 2080 415; x_wconf 88' lang='lat' dir='ltr'>inter</span> <span class='ocrx_word' id='word_1_358' title='bbox 2095 386 2290 423; x_wconf 79' lang='lat' dir='ltr'>psalmodiam</span> <span class='ocrx_word' id='word_1_359' title='bbox 2305 393 2382 414; x_wconf 83' lang='lat' dir='ltr'>esse.</span> 
     </span>
    </p>
   </div>
   <div class='ocr_carea' id='block_1_53' title="bbox 2138 439 2322 467">
    <p class='ocr_par' dir='ltr' id='par_1_53' title="bbox 2138 439 2322 467">
     <span class='ocr_line' id='line_1_69' title="bbox 2138 439 2322 467; baseline -0.005 0"><span class='ocrx_word' id='word_1_360' title='bbox 2138 439 2255 467; x_wconf 84' lang='lat' dir='ltr'>CAPUT</span> <span class='ocrx_word' id='word_1_361' title='bbox 2274 439 2322 467; x_wconf 90' lang='lat' dir='ltr'>VI.</span> 
     </span>
    </p>
   </div>
   <div class='ocr_carea' id='block_1_54' title="bbox 1827 483 2399 520">
    <p class='ocr_par' dir='ltr' id='par_1_54' title="bbox 1827 483 2399 520">
     <span class='ocr_line' id='line_1_70' title="bbox 1827 483 2399 520; baseline -0.003 -8"><span class='ocrx_word' id='word_1_362' title='bbox 1827 485 2048 520; x_wconf 73' lang='lat' dir='ltr'>Archiepiscopus</span> <span class='ocrx_word' id='word_1_363' title='bbox 2063 492 2125 512; x_wconf 84' lang='lat' dir='ltr'>cum</span> <span class='ocrx_word' id='word_1_364' title='bbox 2143 485 2200 520; x_wconf 58' lang='lat' dir='ltr'>suis</span> <span class='ocrx_word' id='word_1_365' title='bbox 2214 483 2359 512; x_wconf 70' lang='lat' dir='ltr'>Arialdum</span> <span class='ocrx_word' id='word_1_366' title='bbox 2370 484 2399 510; x_wconf 76' lang='lat' dir='ltr'>et</span> 
     </span>
    </p>
   </div>
   <div class='ocr_carea' id='block_1_55' title="bbox 1861 519 2411 555">
    <p class='ocr_par' dir='ltr' id='par_1_55' title="bbox 1861 519 2411 555">
     <span class='ocr_line' id='line_1_71' title="bbox 1861 519 2411 555; baseline 0.002 -10"><span class='ocrx_word' id='word_1_367' title='bbox 1861 534 1871 540; x_wconf 65' lang='grc' dir='ltr'><em>ρ</em></span> <span class='ocrx_word' id='word_1_368' title='bbox 1924 519 1929 520; x_wconf 62' lang='grc'><strong><em>⁷</em></strong></span> <span class='ocrx_word' id='word_1_369' title='bbox 1999 519 2004 520; x_wconf 62' lang='grc'><strong><em>⁷</em></strong></span> <span class='ocrx_word' id='word_1_370' title='bbox 2060 519 2220 555; x_wconf 79' lang='lat' dir='ltr'>aggreditur</span> <span class='ocrx_word' id='word_1_371' title='bbox 2233 520 2411 555; x_wconf 72' lang='lat' dir='ltr'>vinciturque.</span> 
     </span>
    </p>
   </div>
   <div class='ocr_carea' id='block_1_56' title="bbox 1861 561 2406 599">
    <p class='ocr_par' dir='ltr' id='par_1_56' title="bbox 1861 561 2406 599">
     <span class='ocr_line' id='line_1_72' title="bbox 1861 561 2406 599; baseline -0.002 -8"><span class='ocrx_word' id='word_1_372' title='bbox 1861 565 1906 592; x_wconf 78' lang='lat'>55.</span> <span class='ocrx_word' id='word_1_373' title='bbox 1920 564 2044 592; x_wconf 81' lang='lat' dir='ltr'>Peractis</span> <span class='ocrx_word' id='word_1_374' title='bbox 2056 564 2145 599; x_wconf 84' lang='lat' dir='ltr'>igitur</span> <span class='ocrx_word' id='word_1_375' title='bbox 2155 571 2257 590; x_wconf 87' lang='lat' dir='ltr'>novem</span> <span class='ocrx_word' id='word_1_376' title='bbox 2269 562 2356 590; x_wconf 86' lang='lat' dir='ltr'>annis</span> <span class='ocrx_word' id='word_1_377' title='bbox 2375 561 2406 590; x_wconf 88' lang='lat' dir='ltr'>in</span> 
     </span>
    </p>
   </div>
   <div class='ocr_carea' id='block_1_57' title="bbox 1827 606 2411 645">
    <p class='ocr_par' dir='ltr' id='par_1_57' title="bbox 1827 606 2411 645">
     <span class='ocr_line' id='line_1_73' title="bbox 1827 606 2411 645; baseline -0.002 -9"><span class='ocrx_word' id='word_1_378' title='bbox 1827 609 1930 645; x_wconf 87' lang='lat' dir='ltr'>grandi</span> <span class='ocrx_word' id='word_1_379' title='bbox 1945 610 2032 643; x_wconf 85' lang='lat' dir='ltr'>atque</span> <span class='ocrx_word' id='word_1_380' title='bbox 2047 606 2222 641; x_wconf 89' lang='lat' dir='ltr'>admirabili,</span> <span class='ocrx_word' id='word_1_381' title='bbox 2239 608 2359 635; x_wconf 87' lang='lat' dir='ltr'>ventum</span> <span class='ocrx_word' id='word_1_382' title='bbox 2375 614 2411 635; x_wconf 59' lang='lat' dir='ltr'>est</span> 
     </span>
    </p>
   </div>
   <div class='ocr_carea' id='block_1_58' title="bbox 1828 650 2405 688">
    <p class='ocr_par' dir='ltr' id='par_1_58' title="bbox 1828 650 2405 688">
     <span class='ocr_line' id='line_1_74' title="bbox 1828 650 2405 688; baseline -0.003 -8"><span class='ocrx_word' id='word_1_383' title='bbox 1828 653 1857 680; x_wconf 91' lang='lat' dir='ltr'>in</span> <span class='ocrx_word' id='word_1_384' title='bbox 1873 661 1930 688; x_wconf 91' lang='lat' dir='ltr'>quo</span> <span class='ocrx_word' id='word_1_385' title='bbox 1946 652 2073 688; x_wconf 87' lang='lat' dir='ltr'>pervenit</span> <span class='ocrx_word' id='word_1_386' title='bbox 2084 652 2119 679; x_wconf 88' lang='lat' dir='ltr'>ad</span> <span class='ocrx_word' id='word_1_387' title='bbox 2134 654 2233 679; x_wconf 90' lang='lat' dir='ltr'>votum</span> <span class='ocrx_word' id='word_1_388' title='bbox 2249 651 2300 679; x_wconf 90' lang='lat' dir='ltr'>diu</span> <span class='ocrx_word' id='word_1_389' title='bbox 2314 650 2405 679; x_wconf 83' lang='lat' dir='ltr'>nimis</span> 
     </span>
    </p>
   </div>
   <div class='ocr_carea' id='block_1_59' title="bbox 1827 693 2410 732">
    <p class='ocr_par' dir='ltr' id='par_1_59' title="bbox 1827 693 2410 732">
     <span class='ocr_line' id='line_1_75' title="bbox 1827 693 2410 732; baseline -0.003 -8"><span class='ocrx_word' id='word_1_390' title='bbox 1827 696 1869 724; x_wconf 88' lang='lat' dir='ltr'>sic</span> <span class='ocrx_word' id='word_1_391' title='bbox 1880 705 1931 732; x_wconf 88' lang='lat' dir='ltr'>pro</span> <span class='ocrx_word' id='word_1_392' title='bbox 1947 696 2060 724; x_wconf 84' lang='lat' dir='ltr'>Christo</span> <span class='ocrx_word' id='word_1_393' title='bbox 2081 696 2154 723; x_wconf 86' lang='lat' dir='ltr'>mori</span> <span class='ocrx_word' id='word_1_394' title='bbox 2179 695 2314 723; x_wconf 87' lang='lat' dir='ltr'>ardenter</span> <span class='ocrx_word' id='word_1_395' title='bbox 2341 693 2410 731; x_wconf 87' lang='lat' dir='ltr'>cupi</span> 
     </span>
    </p>
   </div>
   <div class='ocr_carea' id='block_1_60' title="bbox 1828 740 2411 776">
    <p class='ocr_par' dir='ltr' id='par_1_60' title="bbox 1828 740 2411 776">
     <span class='ocr_line' id='line_1_76' title="bbox 1828 740 2411 776; baseline -0.003 -8"><span class='ocrx_word' id='word_1_396' title='bbox 1828 740 2027 776; x_wconf 71' lang='lat' dir='ltr'>quemlibot‘se</span> <span class='ocrx_word' id='word_1_397' title='bbox 2042 740 2193 775; x_wconf 88' lang='lat' dir='ltr'>Deumque</span> <span class='ocrx_word' id='word_1_398' title='bbox 2207 741 2336 767; x_wconf 87' lang='lat' dir='ltr'>cerneret</span> <span class='ocrx_word' id='word_1_399' title='bbox 2364 746 2411 775; x_wconf 84' lang='lat' dir='ltr'>pui</span> 
     </span>
    </p>
   </div>
   <div class='ocr_carea' id='block_1_61' title="bbox 1828 782 2410 820">
    <p class='ocr_par' dir='ltr' id='par_1_61' title="bbox 1828 782 2410 820">
     <span class='ocr_line' id='line_1_77' title="bbox 1828 782 2410 820; baseline -0.003 -8"><span class='ocrx_word' id='word_1_400' title='bbox 1828 793 1934 820; x_wconf 80' lang='lat' dir='ltr'>magna</span> <span class='ocrx_word' id='word_1_401' title='bbox 1949 793 2015 812; x_wconf 89' lang='lat' dir='ltr'>cum</span> <span class='ocrx_word' id='word_1_402' title='bbox 2031 792 2115 819; x_wconf 86' lang='lat' dir='ltr'>prece</span> <span class='ocrx_word' id='word_1_403' title='bbox 2129 784 2307 819; x_wconf 83' lang='lat' dir='ltr'>deposceret,</span> <span class='ocrx_word' id='word_1_404' title='bbox 2324 782 2410 810; x_wconf 85' lang='lat' dir='ltr'>dicen</span> 
     </span>
    </p>
   </div>
   <div class='ocr_carea' id='block_1_62' title="bbox 1828 825 2411 864">
    <p class='ocr_par' dir='ltr' id='par_1_62' title="bbox 1828 825 2411 864">
     <span class='ocr_line' id='line_1_78' title="bbox 1828 825 2411 864; baseline -0.003 -8"><span class='ocrx_word' id='word_1_405' title='bbox 1828 837 1879 864; x_wconf 91' lang='lat' dir='ltr'>per</span> <span class='ocrx_word' id='word_1_406' title='bbox 1886 828 2082 861; x_wconf 86' lang='lat' dir='ltr'>Christum,ut</span> <span class='ocrx_word' id='word_1_407' title='bbox 2091 836 2142 864; x_wconf 90' lang='lat' dir='ltr'>pro</span> <span class='ocrx_word' id='word_1_408' title='bbox 2154 836 2200 855; x_wconf 89' lang='lat' dir='ltr'>me</span> <span class='ocrx_word' id='word_1_409' title='bbox 2216 835 2332 864; x_wconf 87' lang='lat' dir='ltr'>precem</span> <span class='ocrx_word' id='word_1_410' title='bbox 2342 825 2411 855; x_wconf 81' lang='lat' dir='ltr'>fund</span> 
     </span>
    </p>
   </div>
   <div class='ocr_carea' id='block_1_63' title="bbox 1829 870 2411 908">
    <p class='ocr_par' dir='ltr' id='par_1_63' title="bbox 1829 870 2411 908">
     <span class='ocr_line' id='line_1_79' title="bbox 1829 870 2411 908; baseline -0.003 -8"><span class='ocrx_word' id='word_1_411' title='bbox 1829 875 1973 908; x_wconf 88' lang='lat' dir='ltr'>quatenus</span> <span class='ocrx_word' id='word_1_412' title='bbox 1984 873 2126 908; x_wconf 90' lang='lat' dir='ltr'>sanguine</span> <span class='ocrx_word' id='word_1_413' title='bbox 2142 871 2257 907; x_wconf 79' lang='lat' dir='ltr'>proprio</span> <span class='ocrx_word' id='word_1_414' title='bbox 2268 870 2370 899; x_wconf 81' lang='lat' dir='ltr'>testari</span> <span class='ocrx_word' id='word_1_415' title='bbox 2385 878 2411 899; x_wconf 80' lang='lat' dir='ltr'>n1</span> 
     </span>
    </p>
   </div>
   <div class='ocr_carea' id='block_1_64' title="bbox 1789 914 2411 958">
    <p class='ocr_par' dir='ltr' id='par_1_64' title="bbox 1789 914 2411 958">
     <span class='ocr_line' id='line_1_80' title="bbox 1789 914 2411 958; baseline -0.003 -14"><span class='ocrx_word' id='word_1_416' title='bbox 1789 926 1813 958; x_wconf 82' lang='grc' dir='ltr'><strong>Β</strong></span> <span class='ocrx_word' id='word_1_417' title='bbox 1829 918 1902 952; x_wconf 86' lang='lat' dir='ltr'>ejus,</span> <span class='ocrx_word' id='word_1_418' title='bbox 1919 917 1997 953; x_wconf 90' lang='lat' dir='ltr'>quod</span> <span class='ocrx_word' id='word_1_419' title='bbox 2013 917 2148 952; x_wconf 67' lang='lat' dir='ltr'>praedico,</span> <span class='ocrx_word' id='word_1_420' title='bbox 2163 916 2199 943; x_wconf 85' lang='lat' dir='ltr'>ad</span> <span class='ocrx_word' id='word_1_421' title='bbox 2215 916 2292 951; x_wconf 88' lang='lat' dir='ltr'>quod</span> <span class='ocrx_word' id='word_1_422' title='bbox 2301 914 2411 951; x_wconf 79' lang='lat' dir='ltr'>adipisc</span> 
     </span>
    </p>
   </div>
   <div class='ocr_carea' id='block_1_65' title="bbox 1829 958 2411 989">
    <p class='ocr_par' dir='ltr' id='par_1_65' title="bbox 1829 958 2411 989">
     <span class='ocr_line' id='line_1_81' title="bbox 1829 958 2411 989; baseline -0.002 -1"><span class='ocrx_word' id='word_1_423' title='bbox 1829 961 1942 989; x_wconf 88' lang='lat' dir='ltr'>occasio</span> <span class='ocrx_word' id='word_1_424' title='bbox 1954 961 2018 989; x_wconf 80' lang='lat' dir='ltr'>fuit.</span> <span class='ocrx_word' id='word_1_425' title='bbox 2034 962 2186 988; x_wconf 88' lang='lat' dir='ltr'>Juraverat</span> <span class='ocrx_word' id='word_1_426' title='bbox 2198 959 2240 987; x_wconf 91' lang='lat' dir='ltr'>illi</span> <span class='ocrx_word' id='word_1_427' title='bbox 2257 959 2354 987; x_wconf 83' lang='lat' dir='ltr'>omnis</span> <span class='ocrx_word' id='word_1_428' title='bbox 2364 958 2411 987; x_wconf 71' lang='lat' dir='ltr'>cla</span> 
     </span>
    </p>
   </div>
   <div class='ocr_carea' id='block_1_66' title="bbox 1829 1002 2411 1041">
    <p class='ocr_par' dir='ltr' id='par_1_66' title="bbox 1829 1002 2411 1041">
     <span class='ocr_line' id='line_1_82' title="bbox 1829 1002 2411 1041; baseline -0.002 -9"><span class='ocrx_word' id='word_1_429' title='bbox 1829 1006 1869 1033; x_wconf 90' lang='lat' dir='ltr'>ris</span> <span class='ocrx_word' id='word_1_430' title='bbox 1885 1014 1974 1041; x_wconf 87' lang='lat' dir='ltr'>quam</span> <span class='ocrx_word' id='word_1_431' title='bbox 1991 1005 2112 1033; x_wconf 88' lang='lat' dir='ltr'>minoris</span> <span class='ocrx_word' id='word_1_432' title='bbox 2128 1004 2249 1037; x_wconf 87' lang='lat' dir='ltr'>ordinis,</span> <span class='ocrx_word' id='word_1_433' title='bbox 2265 1011 2380 1032; x_wconf 87' lang='lat' dir='ltr'>necnon</span> <span class='ocrx_word' id='word_1_434' title='bbox 2394 1002 2411 1039; x_wconf 64' lang='grc' dir='ltr'><strong>ἰ]</strong></span> 
     </span>
    </p>
   </div>
   <div class='ocr_carea' id='block_1_67' title="bbox 1828 1049 2403 1084">
    <p class='ocr_par' dir='ltr' id='par_1_67' title="bbox 1828 1049 2403 1084">
     <span class='ocr_line' id='line_1_83' title="bbox 1828 1049 2403 1084; baseline 0 -8"><span class='ocrx_word' id='word_1_435' title='bbox 1828 1049 1960 1077; x_wconf 81' lang='lat' dir='ltr'>Pontifex</span> <span class='ocrx_word' id='word_1_436' title='bbox 1988 1049 2147 1083; x_wconf 83' lang='lat' dir='ltr'>dicebatur,</span> <span class='ocrx_word' id='word_1_437' title='bbox 2168 1050 2314 1084; x_wconf 83' lang='lat' dir='ltr'>quatenus</span> <span class='ocrx_word' id='word_1_438' title='bbox 2333 1055 2403 1076; x_wconf 81' lang='lat' dir='ltr'>eum</span> 
     </span>
    </p>
   </div>
   <div class='ocr_carea' id='block_1_68' title="bbox 1828 1091 2411 1128">
    <p class='ocr_par' dir='ltr' id='par_1_68' title="bbox 1828 1091 2411 1128">
     <span class='ocr_line' id='line_1_84' title="bbox 1828 1091 2411 1128; baseline -0.002 -8"><span class='ocrx_word' id='word_1_439' title='bbox 1828 1093 1962 1121; x_wconf 64' lang='lat' dir='ltr'>haeresim</span> <span class='ocrx_word' id='word_1_440' title='bbox 1978 1093 2172 1121; x_wconf 86' lang='lat' dir='ltr'>Simoniacam</span> <span class='ocrx_word' id='word_1_441' title='bbox 2189 1101 2222 1120; x_wconf 85' lang='lat' dir='ltr'>ac</span> <span class='ocrx_word' id='word_1_442' title='bbox 2234 1091 2411 1128; x_wconf 75' lang='lat' dir='ltr'>Neopbytam</span> 
     </span>
    </p>
   </div>
   <div class='ocr_carea' id='block_1_69' title="bbox 1828 1136 2411 1172">
    <p class='ocr_par' dir='ltr' id='par_1_69' title="bbox 1828 1136 2411 1172">
     <span class='ocr_line' id='line_1_85' title="bbox 1828 1136 2411 1172; baseline -0.002 -7"><span class='ocrx_word' id='word_1_443' title='bbox 1828 1137 1858 1164; x_wconf 91' lang='lat' dir='ltr'>in</span> <span class='ocrx_word' id='word_1_444' title='bbox 1874 1137 2014 1165; x_wconf 85' lang='lat' dir='ltr'>catholica</span> <span class='ocrx_word' id='word_1_445' title='bbox 2022 1138 2078 1165; x_wconf 85' lang='lat' dir='ltr'>fide</span> <span class='ocrx_word' id='word_1_446' title='bbox 2094 1136 2216 1165; x_wconf 89' lang='lat' dir='ltr'>ulterius</span> <span class='ocrx_word' id='word_1_447' title='bbox 2224 1136 2393 1172; x_wconf 69' lang='lat' dir='ltr'>persistere.</span> <span class='ocrx_word' id='word_1_448' title='bbox 2407 1136 2411 1164; x_wconf 80' lang='lat' dir='ltr'>l</span> 
     </span>
    </p>
   </div>
   <div class='ocr_carea' id='block_1_70' title="bbox 1828 1179 2411 1218">
    <p class='ocr_par' dir='ltr' id='par_1_70' title="bbox 1828 1179 2411 1218">
     <span class='ocr_line' id='line_1_86' title="bbox 1828 1179 2411 1218; baseline -0.003 -9"><span class='ocrx_word' id='word_1_449' title='bbox 1828 1181 1938 1209; x_wconf 86' lang='lat' dir='ltr'>siarum</span> <span class='ocrx_word' id='word_1_450' title='bbox 1954 1181 2097 1218; x_wconf 83' lang='lat' dir='ltr'>regimina</span> <span class='ocrx_word' id='word_1_451' title='bbox 2125 1180 2219 1209; x_wconf 87' lang='lat' dir='ltr'>eidem</span> <span class='ocrx_word' id='word_1_452' title='bbox 2243 1179 2370 1208; x_wconf 85' lang='lat' dir='ltr'>Guidoni</span> <span class='ocrx_word' id='word_1_453' title='bbox 2397 1187 2411 1208; x_wconf 80' lang='grc' dir='ltr'>ε</span> 
     </span>
    </p>
   </div>
   <div class='ocr_carea' id='block_1_71' title="bbox 1828 1222 2411 1261">
    <p class='ocr_par' dir='ltr' id='par_1_71' title="bbox 1828 1222 2411 1261">
     <span class='ocr_line' id='line_1_87' title="bbox 1828 1222 2411 1261; baseline -0.005 -8"><span class='ocrx_word' id='word_1_454' title='bbox 1828 1224 2096 1261; x_wconf 83' lang='lat' dir='ltr'>apparebant,illico</span> <span class='ocrx_word' id='word_1_455' title='bbox 2103 1225 2179 1260; x_wconf 92' lang='lat' dir='ltr'>quod</span> <span class='ocrx_word' id='word_1_456' title='bbox 2183 1225 2334 1260; x_wconf 83' lang='lat' dir='ltr'>juraverat</span> <span class='ocrx_word' id='word_1_457' title='bbox 2343 1222 2411 1251; x_wconf 70' lang='lat' dir='ltr'>oblii</span> 
     </span>
    </p>
   </div>
   <div class='ocr_carea' id='block_1_72' title="bbox 1827 1266 2411 1303">
    <p class='ocr_par' dir='ltr' id='par_1_72' title="bbox 1827 1266 2411 1303">
     <span class='ocr_line' id='line_1_88' title="bbox 1827 1266 2411 1303; baseline 0 -6"><span class='ocrx_word' id='word_1_458' title='bbox 1827 1271 1865 1303; x_wconf 87' lang='lat' dir='ltr'>et,</span> <span class='ocrx_word' id='word_1_459' title='bbox 1881 1278 1934 1297; x_wconf 91' lang='lat' dir='ltr'>ceu</span> <span class='ocrx_word' id='word_1_460' title='bbox 1949 1269 2029 1297; x_wconf 90' lang='lat' dir='ltr'>canis</span> <span class='ocrx_word' id='word_1_461' title='bbox 2038 1269 2074 1297; x_wconf 86' lang='lat' dir='ltr'>ad</span> <span class='ocrx_word' id='word_1_462' title='bbox 2086 1268 2283 1302; x_wconf 85' lang='lat' dir='ltr'>vomitum,sio</span> <span class='ocrx_word' id='word_1_463' title='bbox 2293 1266 2411 1297; x_wconf 59' lang='grc' dir='ltr'>»ενοι-Μ</span> 
     </span>
    </p>
   </div>
   <div class='ocr_carea' id='block_1_73' title="bbox 1828 1310 2411 1349">
    <p class='ocr_par' dir='ltr' id='par_1_73' title="bbox 1828 1310 2411 1349">
     <span class='ocr_line' id='line_1_89' title="bbox 1828 1310 2411 1349; baseline -0.003 -8"><span class='ocrx_word' id='word_1_464' title='bbox 1828 1314 1981 1349; x_wconf 87' lang='lat' dir='ltr'>antiquum</span> <span class='ocrx_word' id='word_1_465' title='bbox 1998 1315 2121 1341; x_wconf 85' lang='lat' dir='ltr'>reatum.</span> <span class='ocrx_word' id='word_1_466' title='bbox 2136 1313 2217 1345; x_wconf 89' lang='lat' dir='ltr'>Quod</span> <span class='ocrx_word' id='word_1_467' title='bbox 2231 1311 2276 1340; x_wconf 86' lang='lat' dir='ltr'>vir</span> <span class='ocrx_word' id='word_1_468' title='bbox 2289 1311 2342 1340; x_wconf 85' lang='lat' dir='ltr'>Dei</span> <span class='ocrx_word' id='word_1_469' title='bbox 2357 1310 2411 1339; x_wconf 71' lang='lat' dir='ltr'>Arii</span> 
     </span>
    </p>
   </div>
   <div class='ocr_carea' id='block_1_74' title="bbox 1827 1355 2411 1394">
    <p class='ocr_par' dir='ltr' id='par_1_74' title="bbox 1827 1355 2411 1394">
     <span class='ocr_line' id='line_1_90' title="bbox 1827 1355 2411 1394; baseline -0.002 -10"><span class='ocrx_word' id='word_1_470' title='bbox 1827 1357 1938 1386; x_wconf 81' lang='lat' dir='ltr'>litteras</span> <span class='ocrx_word' id='word_1_471' title='bbox 1954 1367 2004 1394; x_wconf 89' lang='lat' dir='ltr'>per</span> <span class='ocrx_word' id='word_1_472' title='bbox 2015 1366 2120 1386; x_wconf 85' lang='lat' dir='ltr'>manus</span> <span class='ocrx_word' id='word_1_473' title='bbox 2135 1355 2331 1385; x_wconf 85' lang='lat' dir='ltr'>Herlsmbaldi</span> <span class='ocrx_word' id='word_1_474' title='bbox 2342 1355 2379 1383; x_wconf 83' lang='lat' dir='ltr'>ad</span> <span class='ocrx_word' id='word_1_475' title='bbox 2393 1363 2411 1389; x_wconf 62' lang='grc' dir='ltr'>ι</span> 
     </span>
    </p>
   </div>
   <div class='ocr_carea' id='block_1_75' title="bbox 1828 1399 2411 1438">
    <p class='ocr_par' dir='ltr' id='par_1_75' title="bbox 1828 1399 2411 1438">
     <span class='ocr_line' id='line_1_91' title="bbox 1828 1399 2411 1438; baseline -0.007 -7"><span class='ocrx_word' id='word_1_476' title='bbox 1828 1403 1910 1438; x_wconf 86' lang='lat' dir='ltr'>rexit,</span> <span class='ocrx_word' id='word_1_477' title='bbox 1922 1404 2065 1438; x_wconf 82' lang='lat' dir='ltr'>quatenus</span> <span class='ocrx_word' id='word_1_478' title='bbox 2081 1402 2143 1437; x_wconf 85' lang='lat' dir='ltr'>ipse</span> <span class='ocrx_word' id='word_1_479' title='bbox 2158 1401 2325 1429; x_wconf 85' lang='lat' dir='ltr'>decerneret</span> <span class='ocrx_word' id='word_1_480' title='bbox 2353 1399 2411 1435; x_wconf 65' lang='lat' dir='ltr'>quit</span> 
     </span>
    </p>
   </div>
   <div class='ocr_carea' id='block_1_76' title="bbox 1828 1444 2406 1480">
    <p class='ocr_par' dir='ltr' id='par_1_76' title="bbox 1828 1444 2406 1480">
     <span class='ocr_line' id='line_1_92' title="bbox 1828 1444 2406 1480; baseline -0.005 -5"><span class='ocrx_word' id='word_1_481' title='bbox 1828 1447 1957 1475; x_wconf 86' lang='lat' dir='ltr'>adultero</span> <span class='ocrx_word' id='word_1_482' title='bbox 1968 1448 1996 1474; x_wconf 89' lang='lat' dir='ltr'>et</span> <span class='ocrx_word' id='word_1_483' title='bbox 2008 1445 2172 1474; x_wconf 86' lang='lat' dir='ltr'>Simoniaco</span> <span class='ocrx_word' id='word_1_484' title='bbox 2185 1446 2272 1480; x_wconf 89' lang='lat' dir='ltr'>atque</span> <span class='ocrx_word' id='word_1_485' title='bbox 2287 1444 2406 1480; x_wconf 83' lang='lat' dir='ltr'>perjuro</span> 
     </span>
    </p>
   </div>
   <div class='ocr_carea' id='block_1_77' title="bbox 1861 1487 2411 1518">
    <p class='ocr_par' dir='ltr' id='par_1_77' title="bbox 1861 1487 2411 1518">
     <span class='ocr_line' id='line_1_93' title="bbox 1861 1487 2411 1518; baseline -0.007 0"><span class='ocrx_word' id='word_1_486' title='bbox 1861 1492 1906 1518; x_wconf 85' lang='lat'>56.</span> <span class='ocrx_word' id='word_1_487' title='bbox 1915 1491 2000 1518; x_wconf 81' lang='lat' dir='ltr'>Tunc</span> <span class='ocrx_word' id='word_1_488' title='bbox 2015 1490 2102 1518; x_wconf 88' lang='lat' dir='ltr'>etiam</span> <span class='ocrx_word' id='word_1_489' title='bbox 2122 1490 2180 1517; x_wconf 91' lang='lat' dir='ltr'>duo</span> <span class='ocrx_word' id='word_1_490' title='bbox 2209 1488 2307 1517; x_wconf 87' lang='lat' dir='ltr'>clerici</span> <span class='ocrx_word' id='word_1_491' title='bbox 2330 1487 2411 1516; x_wconf 65' lang='lat' dir='ltr'>Medii</span> 
     </span>
    </p>
   </div>
   <div class='ocr_carea' id='block_1_78' title="bbox 1826 1531 2411 1568">
    <p class='ocr_par' dir='ltr' id='par_1_78' title="bbox 1826 1531 2411 1568">
     <span class='ocr_line' id='line_1_94' title="bbox 1826 1531 2411 1568; baseline -0.003 -6"><span class='ocrx_word' id='word_1_492' title='bbox 1826 1535 1934 1563; x_wconf 86' lang='lat' dir='ltr'>Christi</span> <span class='ocrx_word' id='word_1_493' title='bbox 1946 1534 2089 1562; x_wconf 77' lang='lat' dir='ltr'>famulum</span> <span class='ocrx_word' id='word_1_494' title='bbox 2103 1541 2218 1566; x_wconf 88' lang='lat' dir='ltr'>venere,</span> <span class='ocrx_word' id='word_1_495' title='bbox 2233 1531 2411 1568; x_wconf 78' lang='lat' dir='ltr'>spondentes</span> 
     </span>
    </p>
   </div>
   <div class='ocr_carea' id='block_1_79' title="bbox 1828 1575 2411 1614">
    <p class='ocr_par' dir='ltr' id='par_1_79' title="bbox 1828 1575 2411 1614">
     <span class='ocr_line' id='line_1_95' title="bbox 1828 1575 2411 1614; baseline -0.007 -7"><span class='ocrx_word' id='word_1_496' title='bbox 1828 1587 1916 1614; x_wconf 88' lang='lat' dir='ltr'>quere</span> <span class='ocrx_word' id='word_1_497' title='bbox 1931 1586 2018 1614; x_wconf 83' lang='lat' dir='ltr'>opera</span> <span class='ocrx_word' id='word_1_498' title='bbox 2029 1579 2057 1606; x_wconf 87' lang='lat' dir='ltr'>et</span> <span class='ocrx_word' id='word_1_499' title='bbox 2071 1577 2252 1605; x_wconf 85' lang='lat' dir='ltr'>consortium</span> <span class='ocrx_word' id='word_1_500' title='bbox 2267 1575 2390 1610; x_wconf 82' lang='lat' dir='ltr'>diaboli,</span> <span class='ocrx_word' id='word_1_501' title='bbox 2404 1585 2411 1602; x_wconf 72' lang='grc' dir='ltr'><strong>ι</strong></span> 
     </span>
    </p>
   </div>
   <div class='ocr_carea' id='block_1_80' title="bbox 1827 1621 2397 1658">
    <p class='ocr_par' dir='ltr' id='par_1_80' title="bbox 1827 1621 2397 1658">
     <span class='ocr_line' id='line_1_96' title="bbox 1827 1621 2397 1658; baseline -0.004 -8"><span class='ocrx_word' id='word_1_502' title='bbox 1827 1623 1913 1651; x_wconf 89' lang='lat' dir='ltr'>miter</span> <span class='ocrx_word' id='word_1_503' title='bbox 1927 1624 2024 1650; x_wconf 90' lang='lat' dir='ltr'>tenere</span> <span class='ocrx_word' id='word_1_504' title='bbox 2037 1623 2066 1650; x_wconf 90' lang='lat' dir='ltr'>et</span> <span class='ocrx_word' id='word_1_505' title='bbox 2080 1621 2235 1658; x_wconf 61' lang='lat' dir='ltr'>praedicare</span> <span class='ocrx_word' id='word_1_506' title='bbox 2249 1628 2338 1657; x_wconf 78' lang='lat' dir='ltr'>opera</span> <span class='ocrx_word' id='word_1_507' title='bbox 2366 1621 2397 1648; x_wconf 83' lang='lat' dir='ltr'>et</span> 
     </span>
    </p>
   </div>
   <div class='ocr_carea' id='block_1_81' title="bbox 1822 1662 2411 1699">
    <p class='ocr_par' dir='ltr' id='par_1_81' title="bbox 1822 1662 2411 1699">
     <span class='ocr_line' id='line_1_97' title="bbox 1822 1662 2411 1699; baseline -0.007 -4"><span class='ocrx_word' id='word_1_508' title='bbox 1822 1675 1890 1695; x_wconf 91' lang='lat' dir='ltr'>nam</span> <span class='ocrx_word' id='word_1_509' title='bbox 1906 1675 1983 1694; x_wconf 91' lang='lat' dir='ltr'>unus</span> <span class='ocrx_word' id='word_1_510' title='bbox 1998 1674 2032 1693; x_wconf 88' lang='lat' dir='ltr'>ex</span> <span class='ocrx_word' id='word_1_511' title='bbox 2045 1666 2091 1694; x_wconf 84' lang='lat' dir='ltr'>his</span> <span class='ocrx_word' id='word_1_512' title='bbox 2106 1667 2193 1693; x_wconf 63' lang='lat' dir='ltr'>tanta:</span> <span class='ocrx_word' id='word_1_513' title='bbox 2203 1665 2298 1693; x_wconf 79' lang='lat' dir='ltr'>fuerat</span> <span class='ocrx_word' id='word_1_514' title='bbox 2311 1662 2411 1699; x_wconf 76' lang='lat' dir='ltr'>audaci</span> 
     </span>
    </p>
   </div>
   <div class='ocr_carea' id='block_1_82' title="bbox 1824 1707 2411 1746">
    <p class='ocr_par' dir='ltr' id='par_1_82' title="bbox 1824 1707 2411 1746">
     <span class='ocr_line' id='line_1_98' title="bbox 1824 1707 2411 1746; baseline -0.003 -8"><span class='ocrx_word' id='word_1_515' title='bbox 1824 1711 1903 1745; x_wconf 87' lang='lat' dir='ltr'>tatis,</span> <span class='ocrx_word' id='word_1_516' title='bbox 1919 1712 1952 1738; x_wconf 89' lang='lat' dir='ltr'>ut</span> <span class='ocrx_word' id='word_1_517' title='bbox 1961 1710 2045 1746; x_wconf 87' lang='lat' dir='ltr'>quasi</span> <span class='ocrx_word' id='word_1_518' title='bbox 2061 1709 2163 1737; x_wconf 85' lang='lat' dir='ltr'>ductor</span> <span class='ocrx_word' id='word_1_519' title='bbox 2174 1708 2310 1737; x_wconf 76' lang='lat' dir='ltr'>existeret</span> <span class='ocrx_word' id='word_1_520' title='bbox 2323 1707 2411 1742; x_wconf 71' lang='lat' dir='ltr'>advel</span> 
     </span>
    </p>
   </div>
   <div class='ocr_carea' id='block_1_83' title="bbox 1823 1753 2411 1789">
    <p class='ocr_par' dir='ltr' id='par_1_83' title="bbox 1823 1753 2411 1789">
     <span class='ocr_line' id='line_1_99' title="bbox 1823 1753 2411 1789; baseline -0.007 -6"><span class='ocrx_word' id='word_1_521' title='bbox 1823 1755 1882 1783; x_wconf 92' lang='lat' dir='ltr'>bus</span> <span class='ocrx_word' id='word_1_522' title='bbox 1892 1754 1937 1783; x_wconf 91' lang='lat' dir='ltr'>vir</span> <span class='ocrx_word' id='word_1_523' title='bbox 1951 1754 2001 1782; x_wconf 89' lang='lat' dir='ltr'>Dei</span> <span class='ocrx_word' id='word_1_524' title='bbox 2015 1754 2073 1782; x_wconf 87' lang='lat' dir='ltr'>ait:</span> <span class='ocrx_word' id='word_1_525' title='bbox 2085 1754 2139 1781; x_wconf 90' lang='lat' dir='ltr'>Tot</span> <span class='ocrx_word' id='word_1_526' title='bbox 2153 1753 2262 1789; x_wconf 86' lang='lat' dir='ltr'>quippe</span> <span class='ocrx_word' id='word_1_527' title='bbox 2284 1753 2357 1780; x_wconf 86' lang='lat' dir='ltr'>sunt</span> <span class='ocrx_word' id='word_1_528' title='bbox 2383 1758 2411 1789; x_wconf 63' lang='lat' dir='ltr'>qi</span> 
     </span>
    </p>
   </div>
   <div class='ocr_carea' id='block_1_84' title="bbox 1825 1795 2411 1834">
    <p class='ocr_par' dir='ltr' id='par_1_84' title="bbox 1825 1795 2411 1834">
     <span class='ocr_line' id='line_1_100' title="bbox 1825 1795 2411 1834; baseline -0.005 -7"><span class='ocrx_word' id='word_1_529' title='bbox 1825 1798 2002 1827; x_wconf 85' lang='lat' dir='ltr'>mendaciter</span> <span class='ocrx_word' id='word_1_530' title='bbox 2017 1798 2119 1834; x_wconf 82' lang='lat' dir='ltr'>utjam</span> <span class='ocrx_word' id='word_1_531' title='bbox 2130 1805 2204 1833; x_wconf 84' lang='lat' dir='ltr'>pene</span> <span class='ocrx_word' id='word_1_532' title='bbox 2218 1804 2305 1825; x_wconf 86' lang='lat' dir='ltr'>nemo</span> <span class='ocrx_word' id='word_1_533' title='bbox 2316 1795 2357 1824; x_wconf 78' lang='lat' dir='ltr'>sit</span> <span class='ocrx_word' id='word_1_534' title='bbox 2374 1802 2411 1825; x_wconf 85' lang='lat' dir='ltr'>ou</span> 
     </span>
    </p>
   </div>
   <div class='ocr_carea' id='block_1_85' title="bbox 1823 1840 2411 1877">
    <p class='ocr_par' dir='ltr' id='par_1_85' title="bbox 1823 1840 2411 1877">
     <span class='ocr_line' id='line_1_101' title="bbox 1823 1840 2411 1877; baseline -0.005 -6"><span class='ocrx_word' id='word_1_535' title='bbox 1823 1843 1973 1873; x_wconf 84' lang='lat' dir='ltr'>veraciter.</span> <span class='ocrx_word' id='word_1_536' title='bbox 1986 1844 2044 1870; x_wconf 85' lang='lat' dir='ltr'>Vos</span> <span class='ocrx_word' id='word_1_537' title='bbox 2058 1849 2135 1876; x_wconf 84' lang='lat' dir='ltr'>vero,</span> <span class='ocrx_word' id='word_1_538' title='bbox 2153 1841 2178 1869; x_wconf 90' lang='lat' dir='ltr'>si</span> <span class='ocrx_word' id='word_1_539' title='bbox 2189 1840 2279 1869; x_wconf 81' lang='lat' dir='ltr'>vultis</span> <span class='ocrx_word' id='word_1_540' title='bbox 2293 1842 2327 1868; x_wconf 85' lang='lat' dir='ltr'>ut</span> <span class='ocrx_word' id='word_1_541' title='bbox 2340 1841 2411 1877; x_wconf 73' lang='lat' dir='ltr'>vesti</span> 
     </span>
    </p>
   </div>
   <div class='ocr_carea' id='block_1_86' title="bbox 1824 1883 2411 1922">
    <p class='ocr_par' dir='ltr' id='par_1_86' title="bbox 1824 1883 2411 1922">
     <span class='ocr_line' id='line_1_102' title="bbox 1824 1883 2411 1922; baseline -0.003 -7"><span class='ocrx_word' id='word_1_542' title='bbox 1824 1886 1973 1920; x_wconf 89' lang='lat' dir='ltr'>monibus,</span> <span class='ocrx_word' id='word_1_543' title='bbox 1987 1886 2037 1919; x_wconf 84' lang='lat' dir='ltr'>ite,</span> <span class='ocrx_word' id='word_1_544' title='bbox 2048 1887 2076 1914; x_wconf 90' lang='lat' dir='ltr'>et</span> <span class='ocrx_word' id='word_1_545' title='bbox 2090 1885 2227 1922; x_wconf 87' lang='lat' dir='ltr'>operibus</span> <span class='ocrx_word' id='word_1_546' title='bbox 2241 1892 2289 1913; x_wconf 80' lang='lat' dir='ltr'>me</span> <span class='ocrx_word' id='word_1_547' title='bbox 2303 1883 2411 1914; x_wconf 73' lang='lat' dir='ltr'>ﬁrmus</span> 
     </span>
    </p>
   </div>
   <div class='ocr_carea' id='block_1_87' title="bbox 1824 1927 2405 1967">
    <p class='ocr_par' dir='ltr' id='par_1_87' title="bbox 1824 1927 2405 1967">
     <span class='ocr_line' id='line_1_103' title="bbox 1824 1927 2405 1967; baseline -0.002 -8"><span class='ocrx_word' id='word_1_548' title='bbox 1824 1930 2022 1967; x_wconf 56' lang='lat' dir='ltr'>gressiiigitur</span> <span class='ocrx_word' id='word_1_549' title='bbox 2031 1930 2144 1963; x_wconf 89' lang='lat' dir='ltr'>domos,</span> <span class='ocrx_word' id='word_1_550' title='bbox 2155 1928 2301 1958; x_wconf 89' lang='lat' dir='ltr'>connubio</span> <span class='ocrx_word' id='word_1_551' title='bbox 2315 1927 2405 1967; x_wconf 54' lang='lat' dir='ltr'>illico,</span> 
     </span>
    </p>
   </div>
   <div class='ocr_carea' id='block_1_88' title="bbox 1825 1970 2411 2011">
    <p class='ocr_par' dir='ltr' id='par_1_88' title="bbox 1825 1970 2411 2011">
     <span class='ocr_line' id='line_1_104' title="bbox 1825 1970 2411 2011; baseline 0 -9"><span class='ocrx_word' id='word_1_552' title='bbox 1825 1983 1936 2011; x_wconf 84' lang='lat' dir='ltr'>coepere</span> <span class='ocrx_word' id='word_1_553' title='bbox 1943 1974 2041 2011; x_wconf 86' lang='lat' dir='ltr'>palam</span> <span class='ocrx_word' id='word_1_554' title='bbox 2048 1975 2076 2002; x_wconf 88' lang='lat' dir='ltr'>et</span> <span class='ocrx_word' id='word_1_555' title='bbox 2081 1974 2249 2002; x_wconf 82' lang='lat' dir='ltr'>constanter</span> <span class='ocrx_word' id='word_1_556' title='bbox 2254 1970 2411 2009; x_wconf 62' lang='lat' dir='ltr'>profiteri!</span> 
     </span>
    </p>
   </div>
   <div class='ocr_carea' id='block_1_89' title="bbox 1825 2017 2411 2057">
    <p class='ocr_par' dir='ltr' id='par_1_89' title="bbox 1825 2017 2411 2057">
     <span class='ocr_line' id='line_1_105' title="bbox 1825 2017 2411 2057; baseline -0.002 -11"><span class='ocrx_word' id='word_1_557' title='bbox 1825 2026 1889 2046; x_wconf 87' lang='lat' dir='ltr'>esse</span> <span class='ocrx_word' id='word_1_558' title='bbox 1899 2018 1984 2054; x_wconf 85' lang='lat' dir='ltr'>plena</span> <span class='ocrx_word' id='word_1_559' title='bbox 1993 2017 2190 2054; x_wconf 75' lang='lat' dir='ltr'>veritate,quaa</span> <span class='ocrx_word' id='word_1_560' title='bbox 2205 2017 2347 2045; x_wconf 77' lang='lat' dir='ltr'>hactenus</span> <span class='ocrx_word' id='word_1_561' title='bbox 2357 2022 2411 2057; x_wconf 64' lang='lat' dir='ltr'>erg</span> 
     </span>
    </p>
   </div>
   <div class='ocr_carea' id='block_1_90' title="bbox 1826 2059 2411 2099">
    <p class='ocr_par' dir='ltr' id='par_1_90' title="bbox 1826 2059 2411 2099">
     <span class='ocr_line' id='line_1_106' title="bbox 1826 2059 2411 2099; baseline -0.002 -9"><span class='ocrx_word' id='word_1_562' title='bbox 1826 2062 1912 2098; x_wconf 86' lang='lat' dir='ltr'>plena</span> <span class='ocrx_word' id='word_1_563' title='bbox 1926 2062 2060 2091; x_wconf 74' lang='lat' dir='ltr'>falsitate.</span> <span class='ocrx_word' id='word_1_564' title='bbox 2076 2064 2142 2090; x_wconf 73' lang='lat' dir='ltr'>Haec</span> <span class='ocrx_word' id='word_1_565' title='bbox 2157 2063 2190 2090; x_wconf 86' lang='lat' dir='ltr'>ut</span> <span class='ocrx_word' id='word_1_566' title='bbox 2203 2060 2296 2090; x_wconf 87' lang='lat' dir='ltr'>Guido</span> <span class='ocrx_word' id='word_1_567' title='bbox 2308 2059 2411 2099; x_wconf 65' lang='lat' dir='ltr'>audior</span> 
     </span>
    </p>
   </div>
   <div class='ocr_carea' id='block_1_91' title="bbox 1826 2105 2411 2143">
    <p class='ocr_par' dir='ltr' id='par_1_91' title="bbox 1826 2105 2411 2143">
     <span class='ocr_line' id='line_1_107' title="bbox 1826 2105 2411 2143; baseline 0 -10"><span class='ocrx_word' id='word_1_568' title='bbox 1826 2106 1959 2142; x_wconf 87' lang='lat' dir='ltr'>protinus</span> <span class='ocrx_word' id='word_1_569' title='bbox 1964 2105 2143 2142; x_wconf 82' lang='lat' dir='ltr'>apparitores</span> <span class='ocrx_word' id='word_1_570' title='bbox 2149 2105 2333 2140; x_wconf 80' lang='lat' dir='ltr'>mittens,eos</span> <span class='ocrx_word' id='word_1_571' title='bbox 2342 2110 2411 2143; x_wconf 69' lang='lat' dir='ltr'>cape</span> 
     </span>
    </p>
   </div>
   <div class='ocr_carea' id='block_1_92' title="bbox 1826 2148 2411 2187">
    <p class='ocr_par' dir='ltr' id='par_1_92' title="bbox 1826 2148 2411 2187">
     <span class='ocr_line' id='line_1_108' title="bbox 1826 2148 2411 2187; baseline -0.002 -10"><span class='ocrx_word' id='word_1_572' title='bbox 1826 2149 1948 2186; x_wconf 86' lang='lat' dir='ltr'>inAlpes</span> <span class='ocrx_word' id='word_1_573' title='bbox 1963 2150 1999 2177; x_wconf 89' lang='lat' dir='ltr'>ad</span> <span class='ocrx_word' id='word_1_574' title='bbox 2015 2150 2159 2184; x_wconf 80' lang='lat' dir='ltr'>Castrum,</span> <span class='ocrx_word' id='word_1_575' title='bbox 2185 2149 2263 2186; x_wconf 88' lang='lat' dir='ltr'>quod</span> <span class='ocrx_word' id='word_1_576' title='bbox 2284 2148 2411 2187; x_wconf 64' lang='lat' dir='ltr'>dicitur;</span> 
     </span>
    </p>
   </div>
   <div class='ocr_carea' id='block_1_93' title="bbox 1827 2191 2411 2232">
    <p class='ocr_par' dir='ltr' id='par_1_93' title="bbox 1827 2191 2411 2232">
     <span class='ocr_line' id='line_1_109' title="bbox 1827 2191 2411 2232; baseline 0 -11"><span class='ocrx_word' id='word_1_577' title='bbox 1827 2193 1983 2229; x_wconf 85' lang='lat' dir='ltr'>deportari.</span> <span class='ocrx_word' id='word_1_578' title='bbox 1999 2194 2041 2221; x_wconf 90' lang='lat' dir='ltr'>Ibi</span> <span class='ocrx_word' id='word_1_579' title='bbox 2057 2201 2183 2230; x_wconf 86' lang='lat' dir='ltr'>namque</span> <span class='ocrx_word' id='word_1_580' title='bbox 2198 2193 2228 2221; x_wconf 86' lang='lat' dir='ltr'>in</span> <span class='ocrx_word' id='word_1_581' title='bbox 2239 2194 2300 2222; x_wconf 78' lang='lat' dir='ltr'>tam</span> <span class='ocrx_word' id='word_1_582' title='bbox 2310 2191 2411 2232; x_wconf 52' lang='lat' dir='ltr'>dirupi:</span> 
     </span>
    </p>
   </div>
   <div class='ocr_carea' id='block_1_94' title="bbox 1827 2235 2411 2277">
    <p class='ocr_par' dir='ltr' id='par_1_94' title="bbox 1827 2235 2411 2277">
     <span class='ocr_line' id='line_1_110' title="bbox 1827 2235 2411 2277; baseline -0.002 -11"><span class='ocrx_word' id='word_1_583' title='bbox 1827 2238 1909 2266; x_wconf 87' lang='lat' dir='ltr'>missi</span> <span class='ocrx_word' id='word_1_584' title='bbox 1926 2237 2013 2274; x_wconf 86' lang='lat' dir='ltr'>(sicut</span> <span class='ocrx_word' id='word_1_585' title='bbox 2026 2238 2083 2273; x_wconf 88' lang='lat' dir='ltr'>ipsi</span> <span class='ocrx_word' id='word_1_586' title='bbox 2095 2237 2180 2266; x_wconf 87' lang='lat' dir='ltr'>nobis</span> <span class='ocrx_word' id='word_1_587' title='bbox 2194 2238 2264 2265; x_wconf 90' lang='lat' dir='ltr'>sunt</span> <span class='ocrx_word' id='word_1_588' title='bbox 2277 2235 2411 2277; x_wconf 65' lang='lat' dir='ltr'>postequ</span> 
     </span>
    </p>
   </div>
   <div class='ocr_carea' id='block_1_95' title="bbox 957 2271 2409 2320">
    <p class='ocr_par' dir='ltr' id='par_1_95' title="bbox 957 2271 2409 2320">
     <span class='ocr_line' id='line_1_111' title="bbox 957 2271 2409 2320; baseline 0.001 -16"><span class='ocrx_word' id='word_1_589' title='bbox 957 2275 1283 2320; x_wconf 16' lang='lat' dir='ltr'>strumragerersinebat.</span> <span class='ocrx_word' id='word_1_590' title='bbox 1313 2271 1444 2314; x_wconf 80' lang='lat' dir='ltr'>Denique</span> <span class='ocrx_word' id='word_1_591' title='bbox 1464 2286 1496 2306; x_wconf 86' lang='lat' dir='ltr'>se</span> <span class='ocrx_word' id='word_1_592' title='bbox 1519 2275 1658 2313; x_wconf 75' lang='lat' dir='ltr'>exigebat,</span> <span class='ocrx_word' id='word_1_593' title='bbox 1678 2275 1775 2320; x_wconf 73' lang='lat' dir='ltr'>altare</span> <span class='ocrx_word' id='word_1_594' title='bbox 1788 2281 1813 2315; x_wconf 80' lang='grc' dir='ltr'>Ι)</span> <span class='ocrx_word' id='word_1_595' title='bbox 1827 2289 1916 2317; x_wconf 70' lang='lat' dir='ltr'>quam</span> <span class='ocrx_word' id='word_1_596' title='bbox 1929 2271 1979 2309; x_wconf 53' lang='lat' dir='ltr'>gos</span> <span class='ocrx_word' id='word_1_597' title='bbox 1993 2271 2146 2318; x_wconf 65' lang='grc' dir='ltr'>σοιῖιίεει-ίι</span> <span class='ocrx_word' id='word_1_598' title='bbox 2153 2271 2409 2320; x_wconf 42' lang='lat' dir='ltr'>audisse—sancte;</span> 
     </span>
    </p>
   </div>
   <div class='ocr_carea' id='block_1_96' title="bbox 957 2318 1774 2357">
    <p class='ocr_par' dir='ltr' id='par_1_96' title="bbox 957 2318 1774 2357">
     <span class='ocr_line' id='line_1_112' title="bbox 957 2318 1774 2357; baseline -0.002 -9"><span class='ocrx_word' id='word_1_599' title='bbox 957 2319 1114 2348; x_wconf 83' lang='lat' dir='ltr'>honoriﬁce</span> <span class='ocrx_word' id='word_1_600' title='bbox 1123 2319 1273 2354; x_wconf 81' lang='lat' dir='ltr'>adorabat,</span> <span class='ocrx_word' id='word_1_601' title='bbox 1289 2322 1317 2348; x_wconf 85' lang='lat' dir='ltr'>et</span> <span class='ocrx_word' id='word_1_602' title='bbox 1326 2321 1479 2350; x_wconf 87' lang='lat' dir='ltr'>nobiscum</span> <span class='ocrx_word' id='word_1_603' title='bbox 1492 2321 1557 2357; x_wconf 74' lang='lat' dir='ltr'>jam</span> <span class='ocrx_word' id='word_1_604' title='bbox 1585 2318 1774 2355; x_wconf 80' lang='lat' dir='ltr'>regrediendo</span> 
     </span>
    </p>
   </div>
   <div class='ocr_carea' id='block_1_97' title="bbox 956 2362 1773 2402">
    <p class='ocr_par' dir='ltr' id='par_1_97' title="bbox 956 2362 1773 2402">
     <span class='ocr_line' id='line_1_113' title="bbox 956 2362 1773 2402; baseline -0.002 -10"><span class='ocrx_word' id='word_1_605' title='bbox 956 2363 1088 2392; x_wconf 84' lang='lat' dir='ltr'>dicebat:</span> <span class='ocrx_word' id='word_1_606' title='bbox 1103 2362 1245 2399; x_wconf 79' lang='lat' dir='ltr'>Angelum</span> <span class='ocrx_word' id='word_1_607' title='bbox 1260 2364 1340 2400; x_wconf 85' lang='lat' dir='ltr'>pacis</span> <span class='ocrx_word' id='word_1_608' title='bbox 1354 2367 1384 2394; x_wconf 91' lang='lat' dir='ltr'>et</span> <span class='ocrx_word' id='word_1_609' title='bbox 1396 2364 1498 2402; x_wconf 67' lang='lat' dir='ltr'>gratiae</span> <span class='ocrx_word' id='word_1_610' title='bbox 1514 2364 1591 2392; x_wconf 80' lang='lat' dir='ltr'>dona</span> <span class='ocrx_word' id='word_1_611' title='bbox 1606 2363 1702 2397; x_wconf 88' lang='lat' dir='ltr'>nobis,</span> <span class='ocrx_word' id='word_1_612' title='bbox 1717 2363 1773 2391; x_wconf 90' lang='lat' dir='ltr'>Do-</span> 
     </span>
    </p>
   </div>
   <div class='ocr_carea' id='block_1_98' title="bbox 958 2404 1774 2444">
    <p class='ocr_par' dir='ltr' id='par_1_98' title="bbox 958 2404 1774 2444">
     <span class='ocr_line' id='line_1_114' title="bbox 958 2404 1774 2444; baseline -0.001 -9"><span class='ocrx_word' id='word_1_613' title='bbox 958 2407 1037 2436; x_wconf 87' lang='lat' dir='ltr'>mine</span> <span class='ocrx_word' id='word_1_614' title='bbox 1048 2405 1125 2435; x_wconf 80' lang='lat' dir='ltr'>Deus</span> <span class='ocrx_word' id='word_1_615' title='bbox 1139 2404 1236 2436; x_wconf 78' lang='lat' dir='ltr'>hoster</span> <span class='ocrx_word' id='word_1_616' title='bbox 1247 2409 1315 2444; x_wconf 79' lang='grc'>(26),</span> <span class='ocrx_word' id='word_1_617' title='bbox 1330 2411 1359 2438; x_wconf 87' lang='lat' dir='ltr'>et</span> <span class='ocrx_word' id='word_1_618' title='bbox 1383 2411 1454 2438; x_wconf 84' lang='lat' dir='ltr'>tunc</span> <span class='ocrx_word' id='word_1_619' title='bbox 1473 2407 1514 2437; x_wconf 88' lang='lat' dir='ltr'>ibi</span> <span class='ocrx_word' id='word_1_620' title='bbox 1537 2407 1652 2444; x_wconf 82' lang='lat' dir='ltr'>psalmo</span> <span class='ocrx_word' id='word_1_621' title='bbox 1680 2406 1774 2435; x_wconf 87' lang='lat' dir='ltr'>dicere</span> 
     </span>
    </p>
   </div>
   <div class='ocr_carea' id='block_1_99' title="bbox 958 2449 1776 2491">
    <p class='ocr_par' dir='ltr' id='par_1_99' title="bbox 958 2449 1776 2491">
     <span class='ocr_line' id='line_1_115' title="bbox 958 2449 1776 2491; baseline 0 -13"><span class='ocrx_word' id='word_1_622' title='bbox 958 2451 989 2479; x_wconf 84' lang='lat' dir='ltr'>in</span> <span class='ocrx_word' id='word_1_623' title='bbox 999 2449 1124 2479; x_wconf 74' lang='lat' dir='ltr'>ecclesia:</span> <span class='ocrx_word' id='word_1_624' title='bbox 1133 2451 1210 2480; x_wconf 85' lang='lat' dir='ltr'>exitu</span> <span class='ocrx_word' id='word_1_625' title='bbox 1221 2452 1443 2491; x_wconf 83' lang='lat' dir='ltr'>incipiebat,uhi</span> <span class='ocrx_word' id='word_1_626' title='bbox 1458 2452 1576 2480; x_wconf 86' lang='lat' dir='ltr'>eosdem</span> <span class='ocrx_word' id='word_1_627' title='bbox 1593 2450 1623 2478; x_wconf 91' lang='lat' dir='ltr'>in</span> <span class='ocrx_word' id='word_1_628' title='bbox 1640 2450 1776 2487; x_wconf 85' lang='lat' dir='ltr'>ingressu</span> 
     </span>
    </p>
   </div>
   <div class='ocr_carea' id='block_1_100' title="bbox 958 2494 1776 2533">
    <p class='ocr_par' dir='ltr' id='par_1_100' title="bbox 958 2494 1776 2533">
     <span class='ocr_line' id='line_1_116' title="bbox 958 2494 1776 2533; baseline -0.001 -10"><span class='ocrx_word' id='word_1_629' title='bbox 958 2494 1129 2530; x_wconf 81' lang='lat' dir='ltr'>reliquerat:</span> <span class='ocrx_word' id='word_1_630' title='bbox 1145 2496 1318 2533; x_wconf 68' lang='lat' dir='ltr'>eamquead</span> <span class='ocrx_word' id='word_1_631' title='bbox 1330 2496 1419 2531; x_wconf 80' lang='lat' dir='ltr'>aliam</span> <span class='ocrx_word' id='word_1_632' title='bbox 1433 2495 1601 2524; x_wconf 86' lang='lat' dir='ltr'>veniremus</span> <span class='ocrx_word' id='word_1_633' title='bbox 1613 2494 1776 2528; x_wconf 85' lang='lat' dir='ltr'>ecclesiam,</span> 
     </span>
    </p>
   </div>
   <div class='ocr_carea' id='block_1_101' title="bbox 959 2538 1776 2578">
    <p class='ocr_par' dir='ltr' id='par_1_101' title="bbox 959 2538 1776 2578">
     <span class='ocr_line' id='line_1_117' title="bbox 959 2538 1776 2578; baseline -0.001 -12"><span class='ocrx_word' id='word_1_634' title='bbox 959 2538 1059 2567; x_wconf 88' lang='lat' dir='ltr'>hocin</span> <span class='ocrx_word' id='word_1_635' title='bbox 1074 2546 1107 2567; x_wconf 83' lang='lat' dir='ltr'>ea</span> <span class='ocrx_word' id='word_1_636' title='bbox 1116 2539 1285 2577; x_wconf 75' lang='lat' dir='ltr'>agebamus,</span> <span class='ocrx_word' id='word_1_637' title='bbox 1302 2541 1380 2578; x_wconf 83' lang='lat' dir='ltr'>quod</span> <span class='ocrx_word' id='word_1_638' title='bbox 1410 2539 1441 2568; x_wconf 87' lang='lat' dir='ltr'>in</span> <span class='ocrx_word' id='word_1_639' title='bbox 1461 2539 1519 2568; x_wconf 85' lang='lat' dir='ltr'>alia</span> <span class='ocrx_word' id='word_1_640' title='bbox 1542 2539 1715 2567; x_wconf 80' lang='lat' dir='ltr'>feceramus.</span> <span class='ocrx_word' id='word_1_641' title='bbox 1743 2538 1776 2566; x_wconf 86' lang='lat' dir='ltr'>Et</span> 
     </span>
    </p>
   </div>
   <div class='ocr_carea' id='block_1_102' title="bbox 994 2603 1776 2651">
    <p class='ocr_par' dir='ltr' id='par_1_102' title="bbox 994 2603 1776 2651">
     <span class='ocr_line' id='line_1_118' title="bbox 994 2603 1776 2651; baseline -0.003 -8"><span class='ocrx_word' id='word_1_642' title='bbox 994 2613 1051 2651; x_wconf 75' lang='lat'>(26)</span> <span class='ocrx_word' id='word_1_643' title='bbox 1065 2613 1146 2651; x_wconf 68' lang='lat' dir='ltr'>Hanc</span> <span class='ocrx_word' id='word_1_644' title='bbox 1158 2603 1317 2651; x_wconf 65' lang='lat' dir='ltr'>orationem</span> <span class='ocrx_word' id='word_1_645' title='bbox 1326 2614 1455 2651; x_wconf 83' lang='lat' dir='ltr'>necdum</span> <span class='ocrx_word' id='word_1_646' title='bbox 1458 2613 1540 2651; x_wconf 85' lang='lat' dir='ltr'>potui</span> <span class='ocrx_word' id='word_1_647' title='bbox 1555 2613 1585 2651; x_wconf 78' lang='lat' dir='ltr'>in</span> <span class='ocrx_word' id='word_1_648' title='bbox 1599 2613 1687 2651; x_wconf 75' lang='lat' dir='ltr'>veteri</span> <span class='ocrx_word' id='word_1_649' title='bbox 1703 2613 1776 2641; x_wconf 83' lang='lat' dir='ltr'>mis-</span> 
     </span>
    </p>
   </div>
   <div class='ocr_carea' id='block_1_103' title="bbox 961 2648 1776 2683">
    <p class='ocr_par' dir='ltr' id='par_1_103' title="bbox 961 2648 1776 2683">
     <span class='ocr_line' id='line_1_119' title="bbox 961 2648 1776 2683; baseline 0.001 -7"><span class='ocrx_word' id='word_1_650' title='bbox 961 2648 1018 2677; x_wconf 59' lang='grc' dir='ltr'>σαί</span> <span class='ocrx_word' id='word_1_651' title='bbox 1032 2648 1076 2677; x_wconf 75' lang='lat' dir='ltr'>vel</span> <span class='ocrx_word' id='word_1_652' title='bbox 1089 2649 1230 2679; x_wconf 73' lang='lat' dir='ltr'>brevior-io</span> <span class='ocrx_word' id='word_1_653' title='bbox 1250 2648 1469 2680; x_wconf 50' lang='lat' dir='ltr'>Mediolanensi‘</span> <span class='ocrx_word' id='word_1_654' title='bbox 1486 2649 1634 2683; x_wconf 88' lang='lat' dir='ltr'>invenire;</span> <span class='ocrx_word' id='word_1_655' title='bbox 1654 2648 1776 2677; x_wconf 70' lang='lat' dir='ltr'>libenter</span> 
     </span>
    </p>
   </div>
   <div class='ocr_carea' id='block_1_104' title="bbox 963 2683 1720 2748">
    <p class='ocr_par' dir='ltr' id='par_1_104' title="bbox 963 2683 1720 2748">
     <span class='ocr_line' id='line_1_120' title="bbox 963 2683 1720 2748; baseline 0 -36"><span class='ocrx_word' id='word_1_656' title='bbox 963 2683 1101 2748; x_wconf 74' lang='lat' dir='ltr'>stch</span> <span class='ocrx_word' id='word_1_657' title='bbox 1113 2685 1266 2748; x_wconf 60' lang='lat' dir='ltr'>inte-Eram,</span> <span class='ocrx_word' id='word_1_658' title='bbox 1281 2688 1310 2714; x_wconf 81' lang='lat' dir='ltr'>et</span> <span class='ocrx_word' id='word_1_659' title='bbox 1318 2685 1431 2715; x_wconf 78' lang='lat' dir='ltr'>discam</span> <span class='ocrx_word' id='word_1_660' title='bbox 1446 2685 1656 2747; x_wconf 27' lang='lat' dir='ltr'>undetaccepta</span> <span class='ocrx_word' id='word_1_661' title='bbox 1673 2683 1720 2712; x_wconf 88' lang='lat' dir='ltr'>sit.</span> 
     </span>
     <span class='ocr_line' id='line_1_121' title="bbox 992 2716 1720 2748; baseline 0 0"><span class='ocrx_word' id='word_1_662' title='bbox 992 2718 1008 2748; x_wconf 72' lang='grc' dir='ltr'>’ί</span> <span class='ocrx_word' id='word_1_663' title='bbox 1064 2716 1096 2746; x_wconf 75' lang='lat' dir='ltr'>Id</span> <span class='ocrx_word' id='word_1_664' title='bbox 1105 2721 1160 2748; x_wconf 80' lang='lat' dir='ltr'>est.</span> <span class='ocrx_word' id='word_1_665' title='bbox 1196 2722 1241 2748; x_wconf 82' lang='lat' dir='ltr'>cet</span> <span class='ocrx_word' id='word_1_666' title='bbox 1253 2721 1349 2748; x_wconf 82' lang='lat' dir='ltr'>solum</span> <span class='ocrx_word' id='word_1_667' title='bbox 1363 2723 1423 2748; x_wconf 88' lang='lat' dir='ltr'>tres</span> <span class='ocrx_word' id='word_1_668' title='bbox 1439 2719 1533 2748; x_wconf 78' lang='lat' dir='ltr'>ultimi</span> <span class='ocrx_word' id='word_1_669' title='bbox 1548 2728 1602 2748; x_wconf 80' lang='lat' dir='ltr'>osa</span> <span class='ocrx_word' id='word_1_670' title='bbox 1614 2728 1653 2748; x_wconf 82' lang='lat' dir='ltr'>m1</span> <span class='ocrx_word' id='word_1_671' title='bbox 1669 2728 1720 2748; x_wconf 87' lang='lat' dir='ltr'>sun</span> 
     </span>
    </p>
   </div>
   <div class='ocr_carea' id='block_1_105' title="bbox 965 2690 1772 2780">
    <p class='ocr_par' dir='ltr' id='par_1_105' title="bbox 965 2690 1772 2780">
     <span class='ocr_line' id='line_1_122' title="bbox 965 2690 1720 2720; baseline 0 -8"><span class='ocrx_word' id='word_1_672' title='bbox 965 2691 1022 2712; x_wconf 79' lang='lat' dir='ltr'>sccl</span> <span class='ocrx_word' id='word_1_673' title='bbox 1113 2690 1145 2713; x_wconf 77' lang='lat' dir='ltr'>in</span> <span class='ocrx_word' id='word_1_674' title='bbox 1208 2693 1266 2720; x_wconf 78' lang='lat' dir='ltr'>am,</span> <span class='ocrx_word' id='word_1_675' title='bbox 1281 2690 1310 2714; x_wconf 79' lang='lat' dir='ltr'>et</span> <span class='ocrx_word' id='word_1_676' title='bbox 1318 2690 1431 2715; x_wconf 76' lang='lat' dir='ltr'>discam</span> <span class='ocrx_word' id='word_1_677' title='bbox 1446 2690 1523 2712; x_wconf 83' lang='lat' dir='ltr'>unde</span> <span class='ocrx_word' id='word_1_678' title='bbox 1538 2692 1604 2712; x_wconf 90' lang='lat' dir='ltr'>accc</span> <span class='ocrx_word' id='word_1_679' title='bbox 1627 2690 1656 2712; x_wconf 78' lang='lat' dir='ltr'>ta</span> <span class='ocrx_word' id='word_1_680' title='bbox 1673 2690 1720 2712; x_wconf 78' lang='lat' dir='ltr'>sit.</span> 
     </span>
     <span class='ocr_line' id='line_1_123' title="bbox 965 2690 1772 2780; baseline -0.001 -31"><span class='ocrx_word' id='word_1_681' title='bbox 1253 2721 1349 2754; x_wconf 81' lang='lat' dir='ltr'>solum</span> <span class='ocrx_word' id='word_1_682' title='bbox 1363 2723 1423 2749; x_wconf 87' lang='lat' dir='ltr'>tres</span> <span class='ocrx_word' id='word_1_683' title='bbox 1439 2719 1533 2748; x_wconf 86' lang='lat' dir='ltr'>ultimi</span> <span class='ocrx_word' id='word_1_684' title='bbox 1548 2693 1653 2756; x_wconf 48' lang='lat' dir='ltr'>pssimi</span> <span class='ocrx_word' id='word_1_685' title='bbox 1669 2727 1772 2756; x_wconf 86' lang='lat' dir='ltr'>super-</span> 
     </span>
    </p>
   </div>
   <div class='ocr_carea' id='block_1_106' title="bbox 965 2793 1775 2836">
    <p class='ocr_par' dir='ltr' id='par_1_106' title="bbox 965 2793 1775 2836">
     <span class='ocr_line' id='line_1_124' title="bbox 965 2793 1775 2836; baseline 0.01 -16"><span class='ocrx_word' id='word_1_686' title='bbox 965 2793 1124 2824; x_wconf 74' lang='lat' dir='ltr'>notandom</span> <span class='ocrx_word' id='word_1_687' title='bbox 1138 2798 1257 2833; x_wconf 78' lang='lat' dir='ltr'>quodin</span> <span class='ocrx_word' id='word_1_688' title='bbox 1269 2799 1332 2828; x_wconf 84' lang='lat' dir='ltr'>loco</span> <span class='ocrx_word' id='word_1_689' title='bbox 1346 2807 1403 2836; x_wconf 88' lang='lat' dir='ltr'>quo</span> <span class='ocrx_word' id='word_1_690' title='bbox 1418 2799 1588 2836; x_wconf 82' lang='lat' dir='ltr'>psalterium</span> <span class='ocrx_word' id='word_1_691' title='bbox 1602 2799 1732 2834; x_wconf 79' lang='lat' dir='ltr'>finiebat,</span> <span class='ocrx_word' id='word_1_692' title='bbox 1744 2799 1775 2828; x_wconf 88' lang='lat' dir='ltr'>in</span> 
     </span>
    </p>
   </div>
   <div class='ocr_carea' id='block_1_107' title="bbox 1828 2322 2411 2361">
    <p class='ocr_par' dir='ltr' id='par_1_107' title="bbox 1828 2322 2411 2361">
     <span class='ocr_line' id='line_1_125' title="bbox 1828 2322 2411 2361; baseline 0.002 -8"><span class='ocrx_word' id='word_1_693' title='bbox 1828 2325 1905 2353; x_wconf 84' lang='lat' dir='ltr'>riora</span> <span class='ocrx_word' id='word_1_694' title='bbox 1919 2325 2168 2361; x_wconf 83' lang='lat' dir='ltr'>perpessos.0uod</span> <span class='ocrx_word' id='word_1_695' title='bbox 2183 2324 2294 2359; x_wconf 80' lang='lat' dir='ltr'>Christi</span> <span class='ocrx_word' id='word_1_696' title='bbox 2301 2322 2411 2361; x_wconf 61' lang='lat' dir='ltr'>{mirio</span> 
     </span>
    </p>
   </div>
   <div class='ocr_carea' id='block_1_108' title="bbox 1827 2360 2411 2408">
    <p class='ocr_par' dir='ltr' id='par_1_108' title="bbox 1827 2360 2411 2408">
     <span class='ocr_line' id='line_1_126' title="bbox 1827 2360 2411 2408; baseline -0.003 -10"><span class='ocrx_word' id='word_1_697' title='bbox 1827 2360 2022 2407; x_wconf 46' lang='lat' dir='ltr'>convocatain</span> <span class='ocrx_word' id='word_1_698' title='bbox 2032 2377 2125 2397; x_wconf 91' lang='lat' dir='ltr'>unum</span> <span class='ocrx_word' id='word_1_699' title='bbox 2139 2368 2264 2397; x_wconf 81' lang='lat' dir='ltr'>civitatis</span> <span class='ocrx_word' id='word_1_700' title='bbox 2278 2360 2411 2408; x_wconf 51' lang='lat' dir='ltr'>mulﬁtiigi</span> 
     </span>
    </p>
   </div>
   <div class='ocr_carea' id='block_1_109' title="bbox 1828 2409 2411 2452">
    <p class='ocr_par' dir='ltr' id='par_1_109' title="bbox 1828 2409 2411 2452">
     <span class='ocr_line' id='line_1_127' title="bbox 1828 2409 2411 2452; baseline 0 -11"><span class='ocrx_word' id='word_1_701' title='bbox 1828 2421 1890 2446; x_wconf 87' lang='lat' dir='ltr'>vos,</span> <span class='ocrx_word' id='word_1_702' title='bbox 1903 2412 2095 2447; x_wconf 87' lang='lat' dir='ltr'>dilectissimi,</span> <span class='ocrx_word' id='word_1_703' title='bbox 2107 2412 2180 2452; x_wconf 82' lang='lat' dir='ltr'>scire</span> <span class='ocrx_word' id='word_1_704' title='bbox 2190 2413 2268 2449; x_wconf 88' lang='lat' dir='ltr'>quod</span> <span class='ocrx_word' id='word_1_705' title='bbox 2282 2409 2411 2452; x_wconf 47' lang='lat' dir='ltr'>Christi;</span> 
     </span>
    </p>
   </div>
   <div class='ocr_carea' id='block_1_110' title="bbox 1830 2452 2411 2495">
    <p class='ocr_par' dir='ltr' id='par_1_110' title="bbox 1830 2452 2411 2495">
     <span class='ocr_line' id='line_1_128' title="bbox 1830 2452 2411 2495; baseline -0.002 -9"><span class='ocrx_word' id='word_1_706' title='bbox 1830 2465 1919 2486; x_wconf 82' lang='lat' dir='ltr'>causa</span> <span class='ocrx_word' id='word_1_707' title='bbox 1928 2455 2058 2493; x_wconf 82' lang='lat' dir='ltr'>gladium</span> <span class='ocrx_word' id='word_1_708' title='bbox 2067 2456 2250 2485; x_wconf 78' lang='lat' dir='ltr'>debeatferre</span> <span class='ocrx_word' id='word_1_709' title='bbox 2258 2455 2318 2494; x_wconf 82' lang='lat' dir='ltr'>nisi</span> <span class='ocrx_word' id='word_1_710' title='bbox 2325 2452 2411 2495; x_wconf 55' lang='lat' dir='ltr'>proﬁ</span> 
     </span>
    </p>
   </div>
   <div class='ocr_carea' id='block_1_111' title="bbox 1829 2494 2411 2542">
    <p class='ocr_par' dir='ltr' id='par_1_111' title="bbox 1829 2494 2411 2542">
     <span class='ocr_line' id='line_1_129' title="bbox 1829 2494 2411 2542; baseline 0.002 -14"><span class='ocrx_word' id='word_1_711' title='bbox 1829 2501 1858 2529; x_wconf 84' lang='lat' dir='ltr'>Si</span> <span class='ocrx_word' id='word_1_712' title='bbox 1872 2501 1913 2529; x_wconf 87' lang='lat' dir='ltr'>ita</span> <span class='ocrx_word' id='word_1_713' title='bbox 1923 2502 1976 2534; x_wconf 86' lang='lat' dir='ltr'>est,</span> <span class='ocrx_word' id='word_1_714' title='bbox 1992 2508 2053 2536; x_wconf 86' lang='lat' dir='ltr'>vos,</span> <span class='ocrx_word' id='word_1_715' title='bbox 2068 2500 2118 2537; x_wconf 90' lang='lat' dir='ltr'>qui</span> <span class='ocrx_word' id='word_1_716' title='bbox 2127 2499 2283 2529; x_wconf 80' lang='lat' dir='ltr'>Christiani</span> <span class='ocrx_word' id='word_1_717' title='bbox 2297 2494 2411 2542; x_wconf 37' lang='lat' dir='ltr'>te;</span> 
     </span>
    </p>
   </div>
   <div class='ocr_carea' id='block_1_112' title="bbox 1829 2521 2411 2581">
    <p class='ocr_par' dir='ltr' id='par_1_112' title="bbox 1829 2521 2411 2581">
     <span class='ocr_line' id='line_1_130' title="bbox 1829 2521 2411 2581; baseline 0.017 -8"><span class='ocrx_word' id='word_1_718' title='bbox 1829 2521 2411 2581; x_wconf 39' lang='lat' dir='ltr'>Egit};&#39;aiiii’nlitviéétﬁevyﬁ</span> 
     </span>
    </p>
   </div>
   <div class='ocr_carea' id='block_1_113' title="bbox 2366 2579 2403 2593">
    <p class='ocr_par' dir='ltr' id='par_1_113' title="bbox 2366 2579 2403 2593">
     <span class='ocr_line' id='line_1_131' title="bbox 2366 2579 2403 2593; baseline 0 0"><span class='ocrx_word' id='word_1_719' title='bbox 2366 2579 2403 2593; x_wconf 55' lang='lat' dir='ltr'>.‘l</span> 
     </span>
    </p>
   </div>
   <div class='ocr_carea' id='block_1_114' title="bbox 2347 2616 2408 2639">
    <p class='ocr_par' dir='ltr' id='par_1_114' title="bbox 2347 2616 2408 2639">
     <span class='ocr_line' id='line_1_132' title="bbox 2347 2616 2408 2639; baseline 0 0"><span class='ocrx_word' id='word_1_720' title='bbox 2347 2616 2408 2639; x_wconf 40' lang='lat' dir='ltr'>Ern</span> 
     </span>
    </p>
   </div>
   <div class='ocr_carea' id='block_1_115' title="bbox 1864 2643 2411 2695">
    <p class='ocr_par' dir='ltr' id='par_1_115' title="bbox 1864 2643 2411 2695">
     <span class='ocr_line' id='line_1_133' title="bbox 1864 2643 2411 2695; baseline 0 -9"><span class='ocrx_word' id='word_1_721' title='bbox 1864 2658 1919 2695; x_wconf 75' lang='lat' dir='ltr'>(es)</span> <span class='ocrx_word' id='word_1_722' title='bbox 1933 2668 1947 2682; x_wconf 87' lang='grc'>‹‹</span> <span class='ocrx_word' id='word_1_723' title='bbox 1959 2657 2096 2686; x_wconf 82' lang='lat' dir='ltr'>Modiotia</span> <span class='ocrx_word' id='word_1_724' title='bbox 2107 2643 2411 2695; x_wconf 48' lang='grc' dir='ltr'>»ιβιιιίᾳυίεδιιράςςξξ</span> 
     </span>
    </p>
   </div>
   <div class='ocr_carea' id='block_1_116' title="bbox 1829 2689 2411 2739">
    <p class='ocr_par' dir='ltr' id='par_1_116' title="bbox 1829 2689 2411 2739">
     <span class='ocr_line' id='line_1_134' title="bbox 1829 2689 2411 2739; baseline 0.027 -19"><span class='ocrx_word' id='word_1_725' title='bbox 1829 2689 1989 2739; x_wconf 37' lang='lat' dir='ltr'>dicebatur:</span> <span class='ocrx_word' id='word_1_726' title='bbox 2004 2702 2081 2739; x_wconf 69' lang='lat' dir='ltr'>nupc</span> <span class='ocrx_word' id='word_1_727' title='bbox 2092 2705 2106 2719; x_wconf 78' lang='grc' dir='ltr'>α</span> <span class='ocrx_word' id='word_1_728' title='bbox 2123 2689 2235 2730; x_wconf 76' lang='grc' dir='ltr'>Μοιηῖι,</span> <span class='ocrx_word' id='word_1_729' title='bbox 2249 2689 2411 2739; x_wconf 40' lang='grc' dir='ltr'>»Ἧικῇ</span> 
     </span>
    </p>
   </div>
   <div class='ocr_carea' id='block_1_117' title="bbox 1831 2728 2411 2759">
    <p class='ocr_par' dir='ltr' id='par_1_117' title="bbox 1831 2728 2411 2759">
     <span class='ocr_line' id='line_1_135' title="bbox 1831 2728 2411 2759; baseline -0.012 -2"><span class='ocrx_word' id='word_1_730' title='bbox 1831 2729 1943 2757; x_wconf 83' lang='lat' dir='ltr'>distans</span> <span class='ocrx_word' id='word_1_731' title='bbox 1957 2729 1993 2757; x_wconf 89' lang='lat' dir='ltr'>ab</span> <span class='ocrx_word' id='word_1_732' title='bbox 2008 2729 2088 2757; x_wconf 85' lang='lat' dir='ltr'>urbe.</span> <span class='ocrx_word' id='word_1_733' title='bbox 2214 2728 2232 2759; x_wconf 81' lang='lat'>,&#39;</span> <span class='ocrx_word' id='word_1_734' title='bbox 2342 2728 2411 2756; x_wconf 55' lang='lat' dir='ltr'>out;</span> 
     </span>
    </p>
   </div>
   <div class='ocr_carea' id='block_1_118' title="bbox 1864 2763 2411 2807">
    <p class='ocr_par' dir='ltr' id='par_1_118' title="bbox 1864 2763 2411 2807">
     <span class='ocr_line' id='line_1_136' title="bbox 1864 2763 2411 2807; baseline 0.002 -16"><span class='ocrx_word' id='word_1_735' title='bbox 1935 2775 1949 2807; x_wconf 53' lang='grc' dir='ltr'><strong>ς</strong></span> <span class='ocrx_word' id='word_1_736' title='bbox 1963 2764 2098 2807; x_wconf 47' lang='lat' dir='ltr'>L‘eucum.</span> <span class='ocrx_word' id='word_1_737' title='bbox 2106 2775 2120 2790; x_wconf 81' lang='grc'>››</span> <span class='ocrx_word' id='word_1_738' title='bbox 2135 2763 2411 2807; x_wconf 44' lang='lat' dir='ltr'>videturjsso</span> 
     </span>
    </p>
   </div>
   <div class='ocr_carea' id='block_1_119' title="bbox 1830 2796 2411 2850">
    <p class='ocr_par' dir='ltr' id='par_1_119' title="bbox 1830 2796 2411 2850">
     <span class='ocr_line' id='line_1_137' title="bbox 1830 2796 2411 2850; baseline 0.029 -22"><span class='ocrx_word' id='word_1_739' title='bbox 1830 2796 1967 2829; x_wconf 81' lang='lat' dir='ltr'>orientale</span> <span class='ocrx_word' id='word_1_740' title='bbox 1980 2799 2062 2830; x_wconf 81' lang='lat' dir='ltr'>lacus</span> <span class='ocrx_word' id='word_1_741' title='bbox 2077 2799 2239 2836; x_wconf 83' lang='lat' dir='ltr'>Comensis,</span> <span class='ocrx_word' id='word_1_742' title='bbox 2247 2796 2341 2838; x_wconf 40' lang='lat'>39(1);</span> 
     </span>
    </p>
   </div>
  </div>
