3952 6388
97 406 268 475 1469

1705 405 1936 472 ACTA.

3363 414 3522 481 M70
3545 445 3550 450 -

99 546 225 604 duo
253 540 450 603 clerici
479 540 742 616 quandiu
774 539 835 600 in
857 540 1104 616 perfidia
1132 541 1541 615 persistentes,
1586 558 1761 614 opera
1785 541 1844 610 Α
1870 543 2125 616 populus
2154 542 2483 602 exclamare
2509 562 2521 603 :
2546 545 2900 603 Occidantur
2928 537 3218 615 velociter,
3249 548 3520 606 occidan~
3550 577 3556 582 υ

98 634 400 694 diabolica
432 637 573 690 sunt
602 633 810 699 secuti,
842 632 1160 689 honorifice
1179 633 1250 688 ab
1271 649 1337 688 eo
1369 634 1469 706 qui
1499 633 1758 706 pontifex

95 722 560 782 Mediolanensis
589 722 803 778 dicitur
833 725 972 778 sunt
1001 722 1186 778 habiti
1212 741 1224 790 ;
1256 739 1388 778 cum
1409 739 1542 779 vero
1595 740 1757 779 eam-

95 815 237 869 dem
268 811 578 884 perﬁdiam
613 809 1086 882 diabolicamque
1109 812 1436 883 nequitiam
1455 813 1758 868 decrevere

93 906 478 959 contemnere
498 904 556 955 et
575 900 877 956 Christum
895 900 1084 971 sequi,
1109 905 1246 956 tunc
1269 905 1408 957 sunt
1433 901 1756 974 capti,tunc

92 993 157 1048 in
190 991 391 1046 dirum
423 1006 714 1045 carcerem
745 989 916 1044 trusi.

167 1081 262 1136 57.
284 1079 418 1136 Haec
444 1095 580 1136 cum
610 1079 766 1134 cives
792 1078 1106 1133 Christiani
1133 1079 1460 1148 audissent,
1485 1081 1757 1152 obstupe-

94 1169 261 1238 facti,
293 1171 520 1224 tantam
553 1167 858 1239 perfidiam
891 1183 1027 1221 cum
1053 1183 1262 1238 magno
1295 1168 1550 1224 clamore
1568 1185 1755 1241 coepe-

95 1262 240 1313 runt
271 1259 572 1322 damnare,
605 1257 678 1312 ad
702 1273 864 1312 arma
886 1273 1141 1327 currere,
1165 1261 1222 1313 et
1243 1258 1314 1313 ad
1337 1258 1755 1314 vindicandum

91 1350 330 1402 tantum
364 1345 557 1402 scelus
588 1349 790 1400 contra
817 1345 1144 1401 Guidonem
1177 1346 1352 1401 exire.
1378 1347 1592 1402 Christi
1621 1365 1754 1403 vero

93 1436 381 1500 famulus,
413 1435 630 1490 timens
656 1449 729 1490 ne
742 1435 815 1490 ad
833 1434 966 1488 ﬁdei
983 1435 1403 1491 detrimentum
1417 1453 1519 1508 pro
1544 1437 1753 1492 absen-

90 1527 177 1582 tia
193 1524 591 1582 Herlembaldi
613 1523 869 1595 populus
883 1524 1122 1596 praemio
1146 1528 1247 1580 aut
1267 1527 1476 1581 timore
1495 1542 1755 1581 corrum-

92 1618 356 1687 peretur,
389 1630 488 1669 eos
518 1612 836 1684 praecessit,
867 1613 927 1667 in
961 1630 1141 1669 manu
1174 1619 1415 1686 portans
1474 1616 1752 1671 vexillum

92 1707 312 1760 sancta
344 1701 556 1758 crucis.
589 1699 776 1756 Guido
803 1704 1020 1769 autem,
1072 1719 1178 1774 spe
1235 1704 1429 1758 nimiae
1490 1704 1754 1760 multitu-

94 1792 260 1849 dinis
286 1791 574 1863 equitum,
600 1793 970 1862 pugnaturus
993 1791 1244 1846 occurrit
1275 1792 1331 1846 in
1364 1793 1599 1848 ruribus
1632 1795 1751 1850 Mo-

93 1878 733 1978 d_icensibus,millibus
761 1879 878 1935 fere
891 1880 1092 1978 decem
1117 1881 1189 1978 ab
1207 1881 1351 1978 urbe
1369 1882 1748 1978 distantibus.
1785 1913 1833 1978 B

90 1968 573 2026 Vociferantibus
594 1967 792 2039 itaque
829 1967 1096 2040 partibus
1129 1969 1415 2041 utrisque,
1459 1970 1756 2029 infidelem

91 2060 286 2116 aciem
315 2057 584 2130 protinus
633 2061 833 2113 tantus
892 2056 1106 2113 invasit
1135 2059 1314 2114 timor
1369 2064 1660 2132 quatenus
1704 2063 1755 2118 ei

91 2147 264 2205 nulla
283 2146 521 2220 quidem
553 2149 881 2202 remaneret
912 2162 1048 2218 spes
1070 2147 1332 2217 fugiendi
1354 2148 1441 2203 vel
1474 2149 1753 2219 bellandi,

90 2239 196 2296 sed
227 2237 436 2292 dantes
467 2235 668 2290 statim
703 2234 962 2302 obsides,
1022 2234 1264 2292 clericos
1311 2240 1758 2309 spoponderunt

91 2330 301 2400 captos
331 2323 680 2397 quantocius
712 2341 774 2379 se
804 2323 1158 2380 reddituros.
1193 2325 1262 2379 Et
1301 2327 1384 2381 sic
1442 2327 1501 2380 in
1551 2329 1754 2384 eodem

92 2415 190 2471 die
223 2413 440 2470 reversi
490 2415 629 2468 sunt
671 2412 1012 2484 gaudentes,
1068 2413 1370 2484 Deumque
1421 2414 1753 2473 laudantes.

90 2502 289 2561 Tertia
319 2503 496 2559 etiam
528 2501 622 2557 die
654 2503 786 2572 post
814 2500 936 2555 haec
966 2501 1038 2556 ad
1072 2500 1381 2557 ecclesiam
1401 2503 1505 2558 viri
1525 2504 1626 2560 Dei
1647 2523 1756 2561 vox

93 2591 381 2658 insonuit,
414 2591 653 2648 dicens:
687 2590 771 2645 En
796 2590 923 2660 jam
937 2591 1185 2646 veniunt
1243 2592 1419 2647 rudes
1469 2598 1754 2666 martyres

91 2683 337 2752 Christi,
369 2680 563 2738 clerici
595 2679 838 2748 scilicet,
886 2679 987 2752 qui
1041 2680 1271 2737 fuerant
1301 2671 1476 2754 capti.
1531 2684 1754 2748 Quibus

91 2771 314 2829 Christi
345 2769 604 2827 famulus
634 2785 770 2826 cum
802 2768 1006 2824 multis
1028 2769 1304 2826 fidelibus
1323 2769 1476 2826 illico
1500 2773 1755 2829 occurrit

92 2861 325 2929 obvius,
358 2875 576 2932 eosque
634 2857 1005 2927 deosculans,
1068 2876 1203 2914 cum
1264 2876 1479 2933 magno
1538 2862 1751 2934 gaudio

94 2949 394 3022 suscepit:
429 2953 486 3005 et
514 2947 742 3004 excelsa
769 2964 904 3002 voce
941 2967 968 3000 α
999 2949 1079 3004 Te
1137 2953 1321 3004 Deum
1379 2949 1695 3008 laudamus
1723 2973 1750 3001 »

95 3057 235 3098 cum
267 3037 547 3096 fratribus
580 3040 814 3094 cantare
843 3035 1039 3109 coepit,
1071 3035 1327 3109 illosque
1358 3037 1442 3094 sic
1472 3039 1533 3094 in
1565 3041 1753 3096 eccle-

95 3130 250 3185 siam
282 3126 630 3183 introduxit.
664 3127 822 3192 Quos
854 3129 996 3181 tunc
1027 3129 1462 3183 consterna.....
1497 3128 1611 3198 (30)

163 3218 258 3273 58.
289 3219 610 3286 Postquam
669 3217 866 3270 autem
919 3213 1363 3271 Herlembaldus
1422 3217 1608 3273 Roma
1660 3235 1748 3275 ro-

92 3305 228 3376 diit,
281 3283 624 3376 litterasque
679 3302 1308 3363 excommunicationis
1369 3304 1582 3360 detulit
1663 3324 1748 3361 ar—
1780 3283 1822 3351 (εἶ

90 3394 488 3467 chiepiscopo,
521 3391 715 3450 subito
741 3392 1056 3464 praedictus
1116 3391 1596 3466 archiepiscopus
1646 3411 1751 3467 per

87 3488 277 3541 totam
337 3483 541 3539 urbem
593 3482 833 3538 nuntios
891 3481 1054 3537 misit
1095 3481 1155 3537 in
1241 3481 1494 3538 Sabbato
1571 3484 1750 3555 (ante)

88 3575 472 3631 Pentecosten
531 3570 814 3628 nuntians
883 3569 1176 3626 universis
1250 3569 1497 3640 civibus,
1559 3577 1624 3628 ut
1697 3573 1748 3628 si

87 3661 363 3720 inaudita
393 3661 542 3717 seire
573 3664 874 3733 cuperent,
905 3659 965 3714 in
995 3660 1336 3716 Pentecoste
1369 3660 1483 3732 (31)
1514 3678 1748 3719 summo

89 3750 355 3809 diluculo
367 3749 632 3806 venirent
661 3750 732 3804 ad
754 3749 1040 3820 majorem
1062 3747 1518 3806 ecclesiam.Hoc
1549 3755 1748 3806 autem

89 3841 224 3898 ideo
255 3838 408 3908 fecit,
442 3841 510 3896 ut
539 3841 747 3895 contra
775 3840 1011 3895 sanctos
1041 3837 1143 3893 Dei
1171 3837 1481 3895 Arialdum
1512 3843 1569 3895 et
1615 3841 1750 3896 Her-

89 3927 458 3986 lembaldum
491 3925 744 4000 populus
776 3925 1082 3983 insaniret.
1112 3927 1280 3982 Mane
1312 3927 1378 3982 fit
1423 3944 1747 3986 concursus

90 4016 335 4091 populi;
396 4015 842 4074 Herlembaldus
899 4033 1080 4088 supra
1128 4015 1416 4072 cancellos
1447 4018 1560 4089 (32)
1619 4034 1747 4074 sese

93 4105 367 4174 contulit,
390 4105 474 4161 ita
492 4108 558 4162 ut
586 4105 660 4162 ab
685 4103 962 4160 omnibus
993 4104 1308 4160 videretur.
1335 4103 1517 4178 Cmpit
1570 4106 1748 4178 igitur

80 4195 300 4264 Guido,
330 4197 538 4251 tenens
568 4210 747 4250 manu
777 4193 1404 4251 exoommunicationis
1427 4194 1652 4253 bullam
1673 4196 1746 4252 ad

77 4283 369 4358 pepulum
391 4283 670 4356 conqueri
701 4285 773 4339 de
803 4281 1044 4339 Arialdo
1066 4287 1124 4339 et
1162 4281 1594 4352 Heriembaldo,
1655 4286 1745 4340 di-

79 4389 260 4431 cens:
295 4372 578 4430 Turbatio
609 4372 887 4446 pestifera
902 4372 1133 4444 perhos
1191 4372 1577 4430 disseminata
1633 4379 1742 4445 est,

77 4461 163 4522 ita
192 4466 262 4520 ut
284 4462 520 4520 videam
549 4463 611 4518 in
642 4461 735 4517 his
766 4460 1003 4534 scriptis
1033 4461 1302 4517 omnium
1325 4465 1593 4519 nostrum
1615 4479 1745 4535 per-

75 4551 296 4608 niciem
333 4550 645 4608 contineri.
677 4553 810 4605 Haec
857 4549 1015 4606 enim
1042 4549 1244 4606 civitas
1259 4551 1332 4606 ob
1356 4551 1742 4608 reverentiam

1865 636 1980 688 tur.
2017 634 2117 690 His
2148 635 2344 702 dictis,
2378 635 2566 691 Guido
2599 652 2734 692 cum
2792 653 3009 708 magna
3051 636 3397 694 clericorum
3429 656 3523 696 ca-

1865 726 2025 778 terva
2054 723 2226 796 coepit
2257 725 2630 794 descendere,
2665 729 2729 780 ut
2755 731 2992 781 sanctos
3025 727 3120 781 Dei
3143 728 3518 799 opprimeret.

1867 812 1976 866 Sed
2010 829 2145 868 cum
2175 813 2356 868 nimia
2388 813 2574 885 plebis
2605 814 2895 870 densitate
2925 816 2996 870 ad
3030 832 3128 870 eos
3161 833 3276 872 non
3300 821 3525 889 pateret

1867 905 2338 975 accessus,coepit
2359 904 2545 960 Guido
2568 904 2922 959 exclamare:
2948 908 3164 960 Omnes
3186 907 3358 977 quis.
3381 911 3520 964 Am-

1865 990 2046 1045 brosii
2078 991 2360 1047 honorem
2384 992 2637 1064 diligunt
2659 994 2729 1047 ab
2752 993 2996 1048 ecclesia
3017 999 3314 1064 exeant,ut
3335 997 3520 1051 nostri

1867 1080 2188 1136 adversarii
2220 1081 2546 1136 evidentius
2577 1089 3024 1153 cognoscantur,
3058 1083 3349 1155 citiusque
3383 1102 3520 1140 con-

1864 1172 2130 1224 terantur
2158 1174 2216 1224 et
2253 1171 2684 1242 opprimantur.
2721 1172 3045 1243 Subitoque
3091 1173 3340 1228 ecclesia
3388 1192 3518 1230 eva-

1866 1260 2036 1312 cuata
2064 1262 2152 1313 est
2185 1258 2267 1313 ita
2290 1263 2351 1313 ut
2371 1277 2437 1313 ex
2455 1266 2679 1330 septem
2713 1260 2978 1315 millibus
3002 1261 3256 1315 virorum
3283 1266 3514 1318 tantum

1865 1346 2171 1401 duodecim
2205 1349 2592 1402 remanserint
2625 1349 2680 1402 in
2700 1349 3033 1404 subsidium
3058 1368 3353 1406 servorum
3393 1353 3514 1407 Dei.

1863 1435 2138 1490 Arialdus
2170 1443 2364 1491 autem
2398 1442 2454 1491 et
2502 1437 2947 1493 llerlembaldus
3007 1457 3180 1510 super
3232 1441 3519 1497 cancellos

1866 1529 2111 1592 stantes,
2147 1527 2394 1580 ﬂexibus
2421 1527 2669 1597 genibus
2703 1527 3012 1580 Dominum
3075 1527 3425 1583 exorabant:
3460 1529 3518 1584 in

1866 1629 2012 1683 quos
2046 1631 2180 1684 pars
2202 1615 2448 1670 adversa
2479 1614 2733 1670 clamore
2785 1632 2996 1686 magno
3055 1616 3246 1683 irruit,
3294 1616 3425 1672 laici
3462 1619 3520 1673 in

1865 1701 2363 1768 Herlembaldum,
2423 1703 2619 1759 clerici
2672 1721 2808 1758 vero
2840 1705 2896 1758 in
2945 1704 3293 1773 Arialdum;
3344 1723 3522 1778 quem

1863 1791 2253 1863 percutientes
2265 1793 2541 1846 deorsum
2564 1791 3016 1864 praecipitant,et
3035 1810 3383 1866 percussum
3397 1812 3520 1851 cre-

1864 1879 2011 1934 dunt
2043 1881 2322 1936 occisum.
2356 1881 2692 1937 Tenebatur
2720 1886 2915 1937 autem
2938 1887 3237 1954 sceptrum
3268 1884 3522 1941 militare

1868 1973 2001 2025 ante
2016 1970 2697 2043 llerlembaldum,super
2709 1988 2822 2042 quo
2841 1988 2902 2026 se
2924 1971 3239 2044 appodiare
3259 1971 3516 2041 solebat;

1867 2076 1982 2131 quo
2014 2059 2125 2114 sibi
2157 2061 2616 2132 propinquantes
2645 2060 2992 2116 mirabiliter
3023 2061 3522 2132 prosternebatita

1867 2152 1933 2204 ut
1964 2148 2163 2204 nullus
2188 2151 2429 2204 auderet
2456 2149 2568 2205 sibi
2603 2149 2993 2222 propinquius
3021 2151 3312 2206 accedere.

1934 2239 2024 2292 59.
2059 2237 2243 2309 Cmpit
2273 2238 2455 2310 igitur
2478 2239 2671 2294 volare
2702 2239 2859 2293 fama
2888 2256 2990 2310 per
3020 2240 3248 2306 urbem,
3267 2244 3517 2296 mortem

1867 2326 2146 2382 nuntians
2175 2326 2415 2397 Arialdi,
2441 2327 2594 2382 unde
2626 2343 2908 2398 sequaces
2948 2328 3040 2382 sui
3100 2328 3186 2383 ira
3244 2329 3520 2384 commoti

1867 2430 2029 2468 arma
2059 2415 2337 2487 capiunt;
2362 2417 2780 2487 venientesque
2809 2433 2924 2470 non
2957 2417 3029 2471 ad
3063 2415 3390 2485 ecclesiam,
3419 2419 3520 2474 ubi

1864 2503 2157 2559 tumultus
2178 2505 2430 2571 erat,sed
2447 2503 2844 2575 pontificalem
2867 2503 3064 2560 aulam
3088 2505 3521 2577 ingrediuntur,

1865 2593 2447 2665 quaequereperiunt,
2481 2593 2773 2666 dissipant
2794 2597 2850 2648 et
2881 2610 2986 2665 per
3005 2593 3151 2649 aulae
3186 2594 3519 2665 ingressum

1865 2680 2086 2737 intrant
2124 2682 2545 2738 ecclesiam.....
2599 2689 2692 2738 tos
2733 2687 3144 2754 cruentosque.
3207 2683 3522 2755 Coeperunt

1863 2769 2061 2842 itaque
2090 2770 2568 2827 Herlembaldum
2601 2771 2916 2838 cohortari,
2953 2776 3016 2825 ut
3055 2772 3436 2827 descenderet
3463 2776 3521 2827 et

1863 2859 2077 2915 Christi
2111 2859 2473 2914 adversarios
2502 2875 2635 2914 cum
2695 2859 2780 2914 eis
2827 2863 3238 2931 prosterneret.
3292 2859 3517 2924 Quibus

1864 2948 2024 3004 nullo
2057 2949 2229 3004 modo
2257 2949 2653 3020 acquiescens,
2680 2965 2784 3004 nec
2806 2949 3130 3015 descendit,
3156 2966 3260 3004 nec
3304 2966 3518 3006 manus

1861 3039 2149 3110 deposuit.
2184 3039 2299 3110 Ipsi
2320 3053 2454 3093 vero
2480 3038 2700 3093 irruere
2722 3038 2991 3110 protinus
3016 3040 3077 3092 in
3129 3038 3516 3107 adversarios,

1863 3131 1942 3196 et,
1973 3128 2127 3183 sicut
2152 3132 2286 3182 ante
2314 3126 2744 3182 validissimum
2774 3131 3012 3182 ventum
3040 3128 3361 3193 fumus,sic
3385 3133 3521 3185 ante

1862 3233 1963 3272 eos
1985 3215 2177 3273 omnis
2197 3215 2353 3272 illico
2369 3215 2623 3272 inﬁdelis
2649 3215 2884 3278 evanuit
2898 3215 3174 3289 populus.
3193 3215 3518 3272 Guidonem

1860 3321 1993 3361 vero
2023 3309 2157 3360 ante
2180 3306 2400 3375 januas
2431 3306 2492 3361 in
2515 3322 2663 3376 equo
2688 3304 2986 3376 reperiunt
3009 3323 3022 3372 ;
3043 3320 3218 3375 quem
3240 3305 3400 3374 juste
3423 3305 3514 3359 fu-

1859 3395 2146 3466 stigantes
2167 3393 2440 3464 spoliant,
2460 3397 2634 3464 atque
2653 3408 2854 3448 eorum
2881 3408 3093 3449 manus
3123 3391 3216 3445 vix
3273 3392 3514 3448 evadere

1860 3484 2070 3556 potuit,
2089 3482 2149 3538 in
2175 3483 2540 3539 ccenaculum
2559 3481 2855 3552 quoddam
2870 3485 3093 3537 tractus
3115 3482 3309 3552 potius
3332 3498 3513 3552 quam

1859 3571 2104 3629 delatus.
2130 3573 2240 3627 Tot
2263 3587 2518 3643 namque
2533 3569 2696 3626 ocius
2715 3573 2856 3625 tunc
2889 3585 3211 3642 apparuere
3237 3587 3342 3642 pro
3359 3571 3514 3626 veri-

1857 3665 1976 3718 tate
2007 3665 2294 3717 certantes
2322 3660 2492 3733 quasi
2523 3659 2743 3715 eisdem
2777 3658 2924 3714 nulli
2957 3663 3154 3714 essent
3204 3660 3263 3714 in
3308 3660 3513 3716 eadem

1857 3751 2001 3806 urbe
2031 3750 2392 3807 resistentes.
2418 3750 2627 3822 Magno
2658 3749 2841 3821 igitur
2865 3765 3000 3804 cum
3030 3748 3292 3821 trophaeo
3331 3748 3514 3805 eccle-

1856 3840 2007 3896 siam
2039 3839 2347 3907 intrantes,
2380 3837 2860 3894 Herlembaldum
2893 3838 3246 3894 descendere
3267 3838 3512 3904 faciunt,

1854 3928 1974 3984 imo
2006 3927 2121 3983 laeti
2149 3927 2316 3983 valde
2348 3931 2488 3983 sunt
2533 3927 2744 3994 effecti,
2795 3942 2861 3982 eo
2909 3926 3063 3998 quod
3096 3927 3159 3982 B.
3206 3925 3512 3982 Arialdum

1857 4033 2033 4089 quem
2062 4017 2378 4074 credebant
2418 4020 2739 4086 mortuum,
2765 4009 3068 4089 reperiunt
3081 4015 3298 4071 vivum.
3327 4017 3512 4080 Quem

1853 4105 2196 4162 tollentesin
2219 4106 2436 4161 atrium
2451 4105 2863 4178 ecclesiaa,quze
2887 4105 3106 4161 dicitur
3125 4104 3511 4177 Rozzoni(3’3),

1855 4194 2189 4265 deveniunt,
2213 4193 2412 4264 ibique
2432 4194 2701 4266 protinus
2721 4199 2890 4251 tanta
2917 4197 3278 4251 armatorum
3320 4193 3517 4250 multi-

1851 4283 1994 4340 tudo
2007 4287 2096 4339 est
2113 4286 2461 4355 congregata
2478 4287 2769 4356 quatenus
2785 4283 3163 4340 inimicorum
3183 4299 3299 4340 non
3321 4281 3512 4338 solum

1853 4389 2098 4446 corpora
2121 4375 2508 4445 prosternere,
2532 4388 2734 4427 verum
2765 4373 2942 4429 etiam
2974 4373 3240 4444 ipsorum
3272 4376 3517 4444 possent

1851 4461 2032 4517 libere
2050 4461 2249 4517 omnia
2269 4460 2515 4516 aediﬁcia
2535 4461 2840 4517 subruere.
2866 4462 2952 4516 Ad
2975 4461 3131 4533 quod
3153 4461 3513 4532 patrandum

1852 4550 1996 4607 dum
2017 4551 2185 4606 anxie
2213 4547 2576 4617 anhelarent,
2593 4549 3065 4616 Herlembaldus,
3080 4549 3208 4619 jam
3232 4547 3511 4603 vexillum

79 4640 143 4698 Β.
175 4639 474 4698 Ambrosii
507 4656 815 4712 nunquam
874 4639 1150 4696 Romanae
1207 4639 1404 4712 paruit
1449 4641 1736 4698 Ecclesiae.
1771 4655 1821 4724 D
1853 4639 1912 4696 in
1941 4655 2116 4696 manu
2142 4643 2348 4695 tenens
2371 4642 2652 4707 erectum,
2687 4639 2803 4694 ait:
2840 4638 3080 4710 Oportet
3111 4640 3175 4691 ut
3206 4636 3511 4692 dominum

78 4727 226 4802 Ergo
249 4727 532 4786 tollantur
561 4728 632 4786 de
680 4732 839 4785 terra
878 4727 1202 4786 viventium
1251 4728 1314 4784 hi
1359 4729 1744 4788 seminatores

79 4819 399 4876 verborum
431 4834 547 4890 quo
579 4817 842 4891 quotidie
869 4817 1141 4873 laborant
1161 4821 1228 4872 ut
1243 4816 1366 4874 haec
1388 4819 1526 4874 urbs
1551 4819 1743 4890 pristi-

84 4922 222 4964 nam
253 4911 312 4965 et
341 4907 641 4980 propriam
672 4907 880 4980 perdat
907 4905 1258 4963 libertatem.
1290 4908 1376 4963 Ad
1409 4907 1531 4964 hac
1570 4908 1744 4981 cmpit

149 5068 263 5140 (30)
284 5066 835 5142 Notat_Puricellu,
859 5066 919 5122 in
944 5083 1052 5124 suo
1069 5083 1186 5142 ms.
1211 5066 1472 5142 defuisse
1495 5069 1741 5142 paginas

81 5136 229 5224 duas
246 5136 269 5207 ’ς
295 5155 421 5211 qua
613 5138 850 5224 aliunde
866 5139 1313 5224 restaurenturj
1327 5140 1464 5196 ubet
1477 5136 1546 5197 su
1557 5136 1740 5224 ppleri

81 5205 412 5337 ἓξιειῐὲιῐίρέξχ
437 5210 572 5267 Vita
588 5227 693 5284 per
732 5210 1093 5267 Laudulfum
1144 5205 1448 5281 juniorem
1498 5205 1738 5286 scripta,

167 5296 198 5337 ο
289 5298 436 5337 acio.

123 5295 238 5337 ιιοα
263 5295 436 5338 18010.

83 5294 436 5350 quoaracio.

83 5418 92 5425 _
153 5351 266 5425 (31)
313 5353 538 5410 Pascha
566 5352 893 5425 anni_1066,
917 5351 1030 5408 litt.
1081 5351 1427 5425 Dominicali
1475 5357 1542 5423 A,
1589 5353 1736 5411 cele-

77 5418 314 5480 bratum
337 5425 448 5481 fuit
475 5425 546 5481 46
575 5423 813 5497 Aprilis,
848 5418 1022 5495 atque
1050 5423 1194 5478 adeo
1242 5423 1462 5481 festum
1521 5418 1732 5481 Pente-

89 5498 278 5551 costes
308 5497 342 5550 4
360 5497 544 5553 Junii.

152 5565 263 5638 (32)
296 5566 484 5625 Etiam
503 5565 674 5638 hodie
696 5564 779 5621 sic
798 5564 1130 5638 composita
1147 5564 1407 5638 cernitur
1430 5567 1733 5624 cathedra-

82 5631 168 5690 lis'
183 5631 448 5710 ecclesia,
482 5642 548 5694 ut
575 5637 792 5710 chorus
819 5631 951 5710 seu'
981 5636 1434 5710 presbyterium,
1496 5638 1734 5710 reliquae

82 5655 154 5690 118
185 5655 448 5708 80018818,
482 5655 548 5694 ιη
575 5655 792 5693 0001⁵115
821 5655 924 5694 seu
1023 5655 1434 5710 resnyterlum,
1496 5655 1599 5696 ΓΘΗ
1649 5656 1730 5694 ua:

82 5707 337 5770 ecclesia
367 5710 700 5784 pavimento
731 5708 904 5768 altius
936 5655 1017 5768 ad)
1034 5712 1161 5766 octo
1191 5709 1279 5768 vel
1301 5709 1500 5769 decem
1531 5655 1730 5784 pages,

1852 4727 2158 4785 Arialdum
2197 4727 2596 4798 iuquiramus,
2628 4730 2687 4782 et
2743 4727 2914 4798 cujus
2957 4727 3203 4782 domum
3253 4728 3510 4781 evertere

1853 4817 2128 4891 primitus
2181 4817 2522 4872 debeamus.
2575 4816 2708 4872 Haec
2736 4833 2870 4872 vero
2927 4819 2992 4870 ut
3021 4815 3238 4872 Christi
3289 4817 3514 4886 martyr

1851 4906 2057 4977 audiit,
2094 4906 2154 4961 in
2187 4905 2404 4973 locum,
2440 4906 2596 4962 unde
2627 4923 2661 4962 a
2692 4905 2918 4962 cunctis
2949 4909 3148 4978 posset
3178 4903 3392 4970 audiri,
3449 4920 3513 4958 se

1851 5067 2122 5142 pluribus
2162 5067 2589 5123 conscendatur
2619 5067 2922 5139 gradibus,
2955 5083 3058 5139 per
3103 5082 3253 5137 quos
3281 5065 3514 5121 venitur

1851 5141 1924 5196 ad
1947 5137 2235 5195 cancellos
2264 5138 2374 5196 insi
2401 5139 2577 5195 choro
2603 5145 2941 5196 nraetensos.

1851 5155 1924 5199 aa
1947 5155 2235 5195 cancellos
2264 5155 2374 5199 lDSl
2401 5155 2577 5195 CDOI‘O
2603 5155 2941 5199 DI‘EBLBIISOS.

1947 5155 2235 5195 cancellos
2264 5155 2374 5210 ips1
2401 5155 2577 5195 cnoro
2603 5155 2941 5212 praetensos.

1925 5211 2037 5282 (33)
2064 5233 2097 5282 x<
2127 5211 2260 5274 Quae
2316 5227 2487 5282 nunc
2537 5210 2753 5266 dicitur
2781 5216 2838 5266 S.
2892 5208 3224 5282 Sepulchri,
3256 5230 3283 5258 ››
3319 5206 3513 5282 inquit

1852 5277 2175 5340 Landulfus
2197 5280 2686 5356 junior,adeoque
2708 5287 2841 5356 post
2854 5277 3075 5356 annum
3103 5277 3508 5356 110_O,_quarido

1852 5358 2178 5411 restaurata
2197 5347 2502 5408 structura
2532 5347 2884 5410 et'dedicata
2913 5353 3125 5408 iterum
3183 5347 3314 5404 fuit:
3361 5347 3507 5400 Vide

1850 5427 2228 5482 Monumenta
2257 5424 2650 5481 Ambrosiana
2681 5441 2814 5497 pag.
2847 5426 2953 5497 477
2983 5426 3038 5478 et
3068 5437 3229 5497 seqq.
3277 5425 3334 5473 et
3364 5433 3507 5497 quo-

1852 5498 2024 5552 modo
2058 5498 2314 5568 primum
2347 5512 2564 5568 nomen
2599 5489 2888 5568 acceperit
2918 5511 3070 5568 ann_o
3090 5489 3247 5568 10336,
3283 5507 3317 5545 a
3340 5511 3365 5539 ‹‹
3400 5489 3503 5568 Be-

1849 5559 2520 5642 nedict6,_qui_et_Roso,
2560 5591 2586 5616 ››
2622 5559 2810 5642 primo
2841 5567 2969 5636 ejus
3027 5561 3336 5642 fundatere
3391 5559 3502 5616 sub

1849 5638 2018 5768 Stulto
2043 5663 2069 5689 «
2087 5632 2552 5709 'SfTrinitatis,»
2570 5632 2741 5711 juxta
2770 5632 3228 5696 instrumentum
3255 5632 3336 5689 ibi
3369 5647 3502 5706 pro~

1894 5729 1965 5768 uc
1996 5727 2115 5768 um.

1894 5715 2115 5770 uotum.
