4822 6454
1163 425 1318 497 "'71

2273 433 2382 496 SS.
2427 429 2742 496 ARIALDI
2784 421 2884 496 Μ
2926 423 3426 498 ERLEMBALDI

4392 411 4584 488 ηπ

1157 567 1339 640 jussit
1367 565 1572 624 deferri
1600 585 1612 636 ;
1637 582 1818 640 eoque
1845 565 2119 621 innuente
2151 579 2349 630 manu,
2379 563 2673 619 silentium
2714 563 2792 620 fa-
2819 564 2878 630 Α·
2903 564 3037 620 licet
3065 563 3325 621 fidelium
3350 565 3422 620 ad
3453 559 3754 620 ecclesiam
3784 557 4056 630 Romani,
4105 557 4364 617 alterum
4420 565 4580 617 vero

1163 660 1326 713 ctum
1355 661 1444 714 est
1473 671 1775 728 magnum.

1235 747 1324 801 60.
1358 743 1715 809 Charissimi,
1747 741 1952 812 inquit,
1987 739 2037 796 si
2069 741 2128 796 in
2158 739 2390 813 linguas
2433 743 2794 796 verterentur

1165 839 1366 890 nostra
1393 833 1588 888 omnia
1618 830 1899 896 membra,
1951 829 2112 884 nullo
2171 831 2342 884 modo
2391 829 2644 884 valerent
2696 828 2790 883 Dei

1163 922 1400 977 laudare
1443 917 1755 989 magnalia,
1811 918 1972 972 vobis
2019 917 2188 972 hodie
2244 917 2470 972 caelitus
2524 922 2786 971 ostensa:

1165 1009 1342 1066 Hodie
1369 1007 1545 1072 enim,
1579 1010 1642 1060 ut
1662 1005 1842 1072 scitis,
1869 1003 2000 1060 talis
2022 1005 2164 1060 hora
2195 1005 2322 1072 fuit,
2357 1005 2415 1059 in
2449 1019 2564 1076 qua
2595 1004 2790 1058 nullus

1161 1102 1417 1152 vestrum
1437 1110 1621 1149 unum
1653 1092 1860 1148 saltem
1894 1109 1995 1164 pro
2027 1092 2263 1147 veritate
2293 1092 2520 1147 valebat
2549 1091 2790 1147 verbum

1163 1186 1432 1257 proferre,
1467 1198 1622 1236 nunc
1653 1185 1848 1236 autem
1880 1179 2078 1235 nullus
2109 1184 2195 1235 est
2222 1181 2319 1251 qui
2349 1180 2439 1234 vel
2460 1180 2634 1234 etiam
2661 1196 2792 1234 con-

1161 1279 1251 1328 tra
1279 1290 1400 1336 vos,
1435 1268 1825 1341 utinspicitis,
1856 1270 2064 1323 audeat
2121 1269 2349 1323 mutire.
2409 1267 2618 1338 Ecquis
2659 1283 2790 1323 vero

1161 1367 1247 1417 est
1277 1361 1394 1414 haec
1415 1363 1706 1430 operatus,
1738 1357 1848 1412 nisi
1880 1357 2147 1412 Christus
2170 1357 2197 1410 ?
2226 1356 2281 1410 Si
2313 1357 2490 1428 igitur
2509 1355 2792 1411 Dominus

1161 1449 1333 1505 hodie
1363 1448 1632 1520 cognovit
1663 1445 1911 1501 famulos
1931 1447 2000 1501 ad
2025 1447 2327 1511 tuendum,
2353 1445 2594 1516 dignum
2617 1449 2705 1499 est
2731 1449 2794 1500 ut

1163 1536 1366 1594 famuli
1399 1540 1644 1591 noscant
1673 1535 1984 1589 Dominum
2017 1534 2087 1588 ad
2119 1534 2532 1588 venerandum.
2568 1533 2711 1588 Nam
2743 1532 2792 1589 si

1161 1625 1381 1682 inimici
1403 1624 1503 1680 Dei
1534 1627 1590 1678 et
1619 1621 2155 1678 nostrihodiernam
2188 1625 2494 1676 noscerent
2515 1620 2794 1677 solemni-

1161 1718 1364 1779 tatem,
1396 1713 1549 1783 quod
1580 1715 1838 1782 egerunt,
1869 1709 2199 1764 nullatenus
2220 1713 2416 1765 essent
2435 1708 2646 1766 conati.
2673 1709 2792 1765 Nos

1161 1817 1293 1857 vero
1323 1805 1380 1856 et
1409 1799 1509 1854 Dei
1539 1797 1683 1853 scire
1715 1796 2140 1852 solemnitatem
2170 1798 2518 1862 venerando,
2553 1801 2609 1852 et
2663 1797 2791 1867 ejus

1163 1888 1362 1946 audire
1390 1889 1676 1960 praecepta
1695 1879 2066 1955 obsequendo
2085 1889 2326 1957 oportet.
2351 1886 2446 1941 Ait
2466 1884 2623 1940 enim
2651 1907 2680 1934 «
2705 1883 2793 1939 Di-

1161 1977 1321 2048 ligite
1369 1975 1636 2030 inimicos
1691 1977 1948 2040 vestros;
2008 1973 2327 2030 benefacite
2363 1973 2458 2029 his
2512 1973 2612 2044 qui
2659 1972 2794 2028 ode-

1161 2068 1300 2120 runt
1325 2080 1426 2119 vos
1448 2063 1594 2134 (Luc.
1627 2079 1706 2130 v1,
1747 2063 1861 2128 27).
1895 2083 1924 2110 ››
1973 2061 2080 2116 Per
2109 2062 2304 2133 ipsum
2359 2077 2494 2133 ergo
2542 2077 2644 2117 vos
2693 2077 2793 2116 oro

1163 2158 1228 2208 ut
1255 2169 1408 2207 nunc
1429 2167 1592 2207 arma
1611 2150 1934 2221 deponatis,
1960 2165 2306 2221 mecumque
2327 2150 2396 2204 ad
2420 2151 2482 2205 B.
2506 2147 2796 2205 Ambrosii

1162 2257 1391 2296 sacrum
1423 2255 1630 2310 corpus
1658 2238 1926 2306 veniatis,
1958 2240 2014 2293 et
2055 2237 2136 2292 ibi
2167 2237 2282 2292 Deo
2330 2241 2524 2309 grates
2570 2237 2796 2293 debitas

1162 2329 1380 2402 pariter
1405 2329 1736 2392 reddamus,
1757 2330 2102 2398 nostrosque
2123 2323 2364 2380 aemulos
2387 2325 2542 2380 diem
2567 2325 2796 2381 hodier-

1163 2435 1305 2474 num
1343 2418 1550 2472 ducere
1573 2415 1880 2471 lietiferum
1910 2415 2193 2480 sinamus,
2223 2429 2326 2468 nec
2350 2431 2466 2468 non
2502 2431 2604 2485 pro
2650 2415 2798 2486 ipsis

1163 2506 1346 2562 Deum
1377 2504 1717 2576 suppliciter
1771 2517 2094 2556 exoremus.
2149 2500 2294 2555 Nam
2335 2517 2369 2555 a
2421 2501 2634 2571 quibus
2679 2501 2800 2556 haec

1163 2597 1436 2666 aguntur,
1468 2592 1585 2648 alta
1604 2590 1885 2647 celsitudo
1907 2588 2230 2659 acquiritur
2256 2606 2268 2643 :
2293 2588 2430 2658 quia
2451 2589 2522 2644 de
2539 2589 2673 2644 filiis
2695 2589 2798 2645 ho-

1165 2682 1390 2736 minum
1415 2681 1515 2736 Dei
1547 2679 1674 2745 filii,
1703 2681 1950 2732 testante
1981 2675 2230 2744 Christo,
2251 2677 2584 2732 efficiuntur
2621 2679 2796 2748 (Joan.

1165 2770 1274 2840 42).
1308 2773 1437 2823 Haec
1465 2767 1566 2823 illa
1595 2765 1910 2820 multitudo
1939 2764 2080 2819 dum
2111 2764 2386 2832 audisset,
2414 2765 2512 2820 alii
2533 2765 2802 2822 videlicet

1165 2854 1563 2927 sapientiores,
1596 2853 1658 2907 Β.
1689 2850 1987 2905 Arialdum
2015 2853 2205 2905 totum
2225 2855 2530 2906 cruentum
2550 2856 2606 2908 et
2625 2853 2800 2908 semi-

1167 2959 1368 2998 necem
1397 2944 1746 3013 spectantes,
1777 2955 1978 3010 pacem
2009 2938 2694 3011 vitamqueinimicorum
2707 2955 2801 3012 po-

1169 3045 1328 3085 scere
1343 3029 1669 3092 audientes,
1695 3026 1972 3081 mirantes
1997 3026 2521 3097 obstupescebant;
2551 3027 2649 3082 alii
2669 3043 2800 3084 vero

1167 3116 1546 3174 ferventiores
1577 3115 1920 3186 spiritu,his
1949 3115 2138 3170 verbis
2168 3114 2328 3170 nullo
2359 3116 2532 3172 modo
2569 3116 2802 3186 acquie-

1168 3221 1326 3262 scere
1345 3204 1632 3260 volebant.
1670 3203 2077 3258 Verumtamen
2123 3201 2257 3259 licet
2313 3202 2525 3258 diversi
2581 3203 2798 3260 vellent

1168 3294 1411 3359 diversa,
1437 3297 1646 3349 cuncta
1667 3295 1862 3347 tamen
1879 3291 2032 3347 illico
2056 3295 2193 3346 sunt
2213 3291 2498 3363 completa
2519 3292 2794 3364 martyris
2825 3275 2868 3344 C

1165 3382 1356 3437 verba.

1782 3468 2010 3526 CAPUT
2047 3468 2168 3524 VII.

1164 3557 1220 3614 S.
1252 3557 1466 3613 Arialdi
1493 3556 1562 3612 ab
1581 3557 1789 3628 hospite
1832 3557 2144 3682 ρνὲςιῗίΐθνο
2194 3556 2401 3628 proditi
2443 3555 2616 3614 caedes
2669 3573 2796 3612 cru-

1943 3645 1974 3682 ε
1999 3645 2064 3682 ιε.

1943 3645 2064 3682 εμπ.

1151 3713 1158 3722 ”
1237 3733 1325 3788 61.
1355 3734 1628 3804 Sequenti
1657 3733 1908 3804 denique
1937 3735 2102 3788 nocte
2123 3732 2336 3788 iterum
2371 3748 2506 3788 cum
2535 3732 2798 3788 Guidone

1167 3825 1512 3892 congregata
1539 3825 1627 3876 est
1654 3837 1787 3894 pars
1819 3835 2106 3892 perversa,
2131 3820 2362 3876 dicens:
2387 3821 2511 3876 Non
2543 3837 2649 3877 nos
2677 3821 2798 3876 hinc

1167 3910 1408 3965 adversa
1435 3909 1768 3965 omnimodo
1789 3907 2062 3977 dejiciant
2090 3925 2103 3976 ;
2133 3907 2429 3980 popularis
2449 3909 2606 3964 enim
2625 3910 2798 3964 turba

1167 3997 1280 4051 cito
1319 4001 1596 4061 mutatur,
1628 3996 1756 4051 etin
1786 3995 2044 4051 diversas
2085 3999 2276 4067 partes
2334 3995 2502 4052 facile
2531 3996 2793 4052 inclinat.

1171 4083 1320 4140 Certi
1349 4083 1583 4153 quidem
1612 4099 1838 4149 sumus,
1871 4084 2024 4154 quod
2039 4084 2098 4137 in
2113 4084 2254 4139 urbe
2269 4084 2568 4139 Arialdum
2586 4084 2800 4140 exstin-

1171 4185 1346 4243 guere
1376 4169 1538 4224 nullo
1567 4171 1739 4224 modo
1769 4169 2049 4225 valemus.
2074 4169 2211 4226 Tale
2235 4172 2414 4243 igitur
2433 4172 2589 4228 aliud
2615 4173 2800 4229 consi-

1170 4257 1316 4314 lium
1338 4261 1535 4312 nostra
1553 4256 1837 4327 sagacitas
1851 4258 2116 4328 reperiat,
2135 4261 2288 4330 quod
2319 4261 2443 4332 ipse
2463 4260 2800 4317 nullatenus

1171 4347 1410 4403 evadere
1441 4349 1630 4416 queat.
1665 4344 2106 4402 Constituantur
2134 4347 2401 4418 equidem
2433 4363 2538 4419 per
2573 4348 2801 4404 diversa

1171 4434 1334 4490 urbis
1363 4432 1489 4488 loca
1518 4447 1586 4488 ex
1601 4432 1770 4488 nobis
1789 4433 1894 4488 viri
1918 4435 2259 4505 prudentes,
2281 4436 2556 4506 pecunias
2577 4451 2611 4491 a
2630 4436 2799 4492 nobis

1171 4523 1284 4581 sibi
1315 4521 1550 4579 collatas
1582 4523 1860 4578 habentes
1917 4524 2168 4594 copiose,
2207 4539 2352 4594 quas
2387 4539 2492 4595 per
2517 4524 2798 4596 populum

1169 4612 1320 4669 clam
1348 4614 1409 4668 in
1437 4612 1708 4668 noctibus
1727 4611 1988 4666 tribuant
2009 4628 2024 4679 ;
2043 4611 2105 4666 in
2125 4611 2330 4666 diebus
2349 4627 2503 4678 vero,
2526 4613 2800 4669 omnibus

1169 4701 1404 4759 omissis
1434 4701 1702 4773 negotiis,
1735 4699 1968 4756 assidue
1999 4699 2433 4771 conveniamus,
2465 4705 2524 4756 et
2543 4701 2652 4758 hoc
2671 4705 2798 4758 tan-

1073 4807 1084 4818 ·
1171 4789 1272 4845 diu
1284 4803 1858 4861 agamus,quousque
1875 4787 2050 4843 nimis
2073 4786 2444 4860 multiplicati
2467 4789 2662 4860 ipsum
2689 4789 2804 4844 vio-

1169 4875 1352 4932 lenter
1372 4878 1444 4931 ab
1473 4877 1616 4932 urbe
1652 4875 1863 4948 pellere
1891 4876 2210 4933 valeamus.
2243 4877 2406 4943 Quod
2455 4893 2589 4932 cum
2629 4878 2804 4934 fuerit

1173 4964 1621 5034 factum,positis
1643 4965 1900 5036 undique
1923 4965 2154 5022 insidiis
2177 4965 2461 5036 capiatur,
2486 4970 2807 5038 captusque

1175 5051 1330 5106 illico
1361 5055 1612 5106 necetur.
1637 5051 1767 5114 Quae
1822 5059 2031 5112 cuncta
2082 5053 2130 5110 si
2177 5071 2290 5109 non
2347 5053 2803 5126 impleverimus,

1177 5155 1378 5211 pacem
1409 5155 1708 5210 nunquam
1739 5140 2104 5198 habebimus.
2136 5139 2282 5204 Quid
2313 5140 2498 5196 multa
2516 5141 2660 5197 ?Per
2679 5141 2804 5199 dies

1177 5227 1508 5301 quindecim
1535 5228 1840 5284 duodecim
1871 5231 1984 5284 duo
2015 5228 2364 5300 pepulerum
2407 5231 2807 5288 conventicula

1179 5316 1388 5373 suntin
1419 5317 1558 5371 urbe
1586 5317 1947 5372 vehementia
1976 5317 2209 5372 assidue
2227 5317 2426 5372 habita
2449 5335 2664 5386 ;unum
2686 5319 2806 5375 sci-

1251 5455 1362 5522 (34)
1387 5455 1461 5507 Eo
1517 5454 1640 5508 loco
1688 5455 2034 5508 decollatum
2091 5455 2270 5509 fuisse
2303 5477 2332 5504 ‹‹
2363 5457 2422 5510 S.
2453 5458 2742 5514 Victorem
2775 5480 2804 5510 η

1185 5523 1331 5598 digit
1348 5523 1745 5598 Henschenius
1761 5525 1796 5576 8
1817 5525 1950 5577 Maii
1981 5525 2050 5577 ad
2071 5523 2231 5598 illius
2248 5527 2388 5598 Acta
2413 5544 2426 5594 ;
2449 5533 2652 5598 estque
2671 5529 2806 5584 sub-

1189 5591 1446 5712 urpanus
1473 5592 1656 5660 locus,
1689 5593 1748 5646 in
1771 5607 1952 5663 eoque
1973 5592 2214 5649 ecclesia
2240 5591 2578 5653 etiam'num'
2610 5615 2808 5670 super-

1189 5674 1251 5712 es
1284 5699 1300 5712 .

1189 5674 1300 5714 Θῧῐ.

2899 653 2956 707 in
2983 653 3143 708 curia
3172 651 3510 724 pontificali.
3555 649 3861 707 Crescebat
3913 651 4109 706 autem
4159 648 4354 704 nimis
4413 659 4578 721 pars

2897 757 3129 810 vesana,
3162 758 3264 814 pro
3293 739 3538 813 pecunia
3593 739 3706 796 sibi
3745 739 3806 794 in
3865 737 4140 794 noctibus"
4191 737 4374 804 data;
4433 751 4582 809 qua

2899 831 3166 903 nequiter
3178 827 3696 898 crescente,fideles
3715 827 3998 900 paulatim
4011 827 4298 881 tedentes
4321 831 4576 897 coepere

2899 919 3160 974 deﬁcere.
3189 919 3349 982 Quod
3383 931 3650 989 perversa
3673 915 3839 987 plebs
3869 929 4135 980 cernens,
4161 912 4342 984 ccspit
4403 911 4575 968 elata

2897 1007 2956 1062 in
2979 1012 3041 1061 Β.
3073 1007 3374 1062 Arialdum
3412 1021 3544 1060 cum
3601 1003 3800 1058 nimiis
3859 1001 4219 1058 clamoribus
4277 1000 4568 1057 irruendi

2897 1093 3082 1149 facere
3111 1087 3416 1164 impetum,
3449 1095 3736 1162 quatenus
3775 1105 3909 1145 eum
3933 1087 4012 1144 ibi
4036 1089 4570 1160 necaret'ejusque

2897 1181 3090 1238 locum
3109 1181 3372 1236 funditus
3389 1179 3690 1235 desolaret.
3711 1181 3847 1233 Erat
3865 1177 4021 1233 enim
4043 1175 4262 1232 Christi
4283 1176 4574 1232 famulus

2898 1271 3048 1326 inter
3078 1271 3318 1325 adversa
3345 1271 3464 1323 tam
3489 1267 3649 1322 fortis
3672 1269 3726 1322 et
3757 1269 4031 1322 constans
4063 1269 4132 1320 ut-
4148 1263 4359 1320 nullus
4377 1281 4416 1320 e
4455 1266 4578 1322 fra-

2897 1357 3086 1412 tribus
3116 1357 3176 1410 in
3207 1356 3298 1412 die
3317 1354 3710 1411 tribulationis
3751 1353 3885 1410 inde
3937 1355 4182 1409 auderet
4237 1354 4568 1426 autugere,

2898 1459 3002 1500 nec
3033 1444 3353 1516 quidquam
3385 1447 3699 1516 asportare,
3733 1444 3834 1498 sed
3850 1457 3985 1498 cum
3999 1442 4306 1497 fremitum
4331 1441 4568 1515 impio-

2897 1549 3029 1590 rum
3059 1533 3557 1606 supervenientem
3581 1531 3870 1598 audirent,
3904 1547 3965 1588 se
3988 1535 4122 1586 ante
4171 1529 4364 1587 altare
4432 1547 4570 1604 pro-

2898 1622 3250 1689 slernebant,
3283 1622 3478 1696 ibique
3507 1624 3752 1677 mortem
3785 1620 4192 1692 expectabant.

2965 1755 3055 1810 62.
3087 1755 3152 1810 In
3182 1769 3297 1809 uno
3327 1753 3536 1809 horum
3567 1751 3816 1818 dierum,
3838 1733 4112 1824 cumjam
4133 1749 4366 1810 clausis
4383 1751 4572 1810 ostiis

2899 1842 3104 1898 fratres
3135 1846 3268 1898 ante
3297 1842 3476 1898 altare
3497 1841 3772 1911 jacebant
3827 1842 4074 1896 mortem
4107 1839 4572 1912 praestolantes,

2819 1923 2880 1990 Β
2897 1948 3052 1988 unus
3079 1946 3279 1988 eorum
3301 1946 3424 1986 rem
3458 1945 3636 2001 quam
3657 1928 3910 1986 maxime
3939 1927 4248 2002 diligebat,
4299 1928 4580 1988 Latenter

2901 2023 3098 2092 aperto
3119 2019 3266 2075 ostio
3286 2017 3420 2075 inde
3442 2019 3778 2090 asportavit,
3803 2033 4052 2090 eamque
4073 2017 4134 2074 in
4155 2017 4338 2074 domo
4357 2019 4576 2091 cujus-

2902 2109 3037 2165 dam
3068 2107 3250 2164 civilis
3279 2107 3451 2164 amici
3473 2105 3922 2173 commendavit,
3939 2105 4334 2180 protinusque
4355 2107 4572 2166 rediit.

2902 2196 3064 2262 Quod
3093 2196 3179 2252 vir
3206 2194 3308 2252 Dei
3338 2197 3404 2251 ut
3431 2194 3672 2265 audivit,
3702 2194 3942 2252 fratrem
3972 2195 4045 2252 ad
4077 2211 4141 2252 se
4168 2194 4440 2252 accitum
4473 2194 4572 2254 sic

2903 2284 3189 2342 allocutus
3219 2287 3343 2339 est:
3375 2283 3640 2350 Arnulfe,
3670 2283 3884 2356 inquit,
3905 2299 4100 2340 nonne
4129 2281 4389 2341 ecclesia
4439 2283 4576 2342 haec

2903 2374 2962 2429 in
2994 2375 3122 2445 ejus
3151 2372 3430 2428 honorem
3459 2375 3516 2428 et
3531 2387 3742 2428 nomen
3763 2371 4031 2428 dedicata
4055 2375 4165 2440 est,
4189 2371 4288 2428 cui
4309 2372 4578 2430 assidue

2907 2462 3194 2517 dicimus:
3221 2483 3248 2510 «
3273 2461 3391 2518 Sub
3421 2464 3590 2516 tuum
3617 2459 3958 2533 praesidium
3990 2460 4400 2533 confugimus,
4457 2461 4586 2518 Dei-

2907 2549 3164 2606 Genitrix
3192 2549 3220 2604 ‘I
3255 2570 3275 2598 ι
3310 2552 3380 2603 Et
3395 2563 3590 2605 nonne
3612 2547 3834 2620 legisti;
3867 2547 4210 2604 Maledictus
4241 2547 4436 2606 homo
4465 2550 4578 2624 qui

2907 2653 3072 2709 spem
3097 2653 3267 2692 suam
3296 2637 3458 2708 ponit
3489 2636 3548 2691 in
3574 2635 3811 2692 homine
3838 2637 3974 2707 (Jer.
3999 2652 4140 2702 xvn,
4171 2636 4227 2707 5)
4253 2635 4282 2690 ?
4323 2637 4404 2693 Et
4469 2653 4586 2694 cur

2907 2729 3108 2781 contra
3126 2724 3248 2780 hac
3279 2740 3434 2779 nunc
3461 2738 3631 2796 agere
3659 2723 4088 2796 praesumpsisti
4107 2723 4136 2777 ‘I
4171 2723 4284 2788 Qui
4335 2741 4596 2798 pavens-

2909 2812 3220 2870 obmutuit.
3254 2811 3329 2868 Ut
3356 2815 3550 2868 autem
3579 2815 3702 2868 tam
3734 2811 3890 2868 idem
3919 2827 4098 2884 quam
4119 2811 4318 2868 caeteri
4342 2813 4582 2871 amodo

2909 2917 3024 2957 non
3054 2903 3473 2974 praesumerent
3497 2898 3657 2966 talia,
3687 2898 3811 2954 haec
3841 2897 4012 2970 culpa
4027 2897 4266 2956 acribus
4297 2900 4584 2957 verberi-

2909 2989 3018 3045 bus
3048 2991 3139 3044 est
3167 2985 3432 3060 protinus
3460 2985 3786 3041 emendata.
3819 2986 3882 3040 In
3902 2984 3996 3040 his
4030 3001 4290 3057 namque
4343 2988 4582 3046 diebus

2909 3076 3127 3132 ibidem
3153 3078 3276 3130 tam
3306 3072 3499 3146 gravis
3521 3072 3783 3128 confusio
3839 3071 4271 3144 vehemensque
4321 3081 4586 3148 pertur-

2909 3163 3064 3220 batio
3095 3165 3236 3230 erat,
3266 3163 3330 3216 ut
3358 3161 3420 3216 in
3460 3159 3604 3216 hora
3662 3159 3978 3216 constituta
4019 3158 4291 3232 plerique
4351 3163 4582 3223 ﬁdeles

2910 3251 3106 3308 cibum
3123 3265 3326 3322 capere
3338 3249 3988 3320 desperarent,mortem
4006 3248 4078 3304 ad
4103 3248 4580 3311 futuramillico

2903 3341 3324 3411 exspectantes.
3357 3337 3468 3394 Sed
3502 3335 3638 3393 licet
3665 3336 3832 3408 impii
3867 3337 4181 3394 frementes
4195 3327 4586 3412 insanit-ent,

2903 3426 3062 3484 nullo
3093 3426 3265 3483 modo
3283 3425 3469 3481 facere
3492 3423 3786 3481 audebant
3805 3425 3962 3498 quod
3984 3423 4392 3494 minabantur,
4420 3445 4583 3502 quo-

2904 3515 3064 3570 niam
3083 3513 3254 3570 toties
3277 3513 3440 3570 dolor
3460 3512 3520 3568 in
3537 3529 3738 3569 eorum
3754 3513 3948 3585 capita
3964 3513 4300 3572 vertebatur
4319 3518 4584 3588 quoties

2901 3607 3106 3660 contra
3132 3600 3346 3658 Christi
3375 3599 3668 3658 famulum
3696 3616 3936 3676 surgere
3969 3601 4335 3659 nitebantur.

2973 3735 3063 3790 63.
3087 3733 3450 3806 Quapropter
3467 3731 3738 3804 iniquum
3759 3735 3816 3792 et
3834 3731 4148 3804 publicum
4159 3733 4318 3790 dhut‘
4336 3747 4582 3808 pm-

2903 3821 3363 3895 ptumZut,donec
3379 3819 3652 3876 Arialdus
3673 3821 3733 3878 in
3756 3821 3912 3877 urbe
3929 3823 4586 3902 maneret,quic'unque

2904 3911 3246 3968 clericorum
3264 3909 3494 3982 publice
3511 3909 3861 3982 mysterium
3875 3909 4320 3978 celebraret,vel-
4347 3913 4582 3972 tintin~

2904 3998 3120 4054 nabula
3131 4001 3488 4066 sonaret,aut
3511 3997 3698 4052 laicus
3719 3997 4160 4069 quisquam-qui
4205 3999 4329 4055 haec
4358 3999 4438 4056 in
4459 4013 4596 4059 suav

2905 4099 3074 4158 agere
3095 4083 3339 4141 ecclesia
3352 4099 3454 4156 per
3465 4084 3736 4152 mitteret,
3745 4095 3861 4140 non
3873 4084 4064 4142 solum
4073 4087 4414 4158 prstaretur
4423 4091 4582 4148 sub»

2907 4174 3145 4244 stantia,
3175 4174 3276 4229 sed
3307 4173 3485 4229 etiam
3509 4173 3644 4229 vita.
3677 4175 3808 4228 Hac
3837 4187 3976 4229 vero
3999 4187 4116 4230 non
4143 4175 4356 4231 sol'um-
4395 4177 4574 4246 alibi,

2904 4277 3106 4318 verum
3131 4261 3306 4316 etiam
3335 4260 3396 4314 in
3427 4259 3678 4318 ecclesia
3701 4261 3802 4316 ubi
3861 4261 4015 4317 idem
4074 4264 4377 4330 manebat;
4443 4275 4586 4338 pra

2906 4348 3088 4406 nimio
3119 4348 3578 4420 timorejubente
3601 4348 3803 4418 milite,
3831 4350 4004 4421 cujus
4027 4350 4574 4426 ipsa-juﬁsmmt’,’

2907 4437 3120 4495 servari
3149 4451 3390 4508 coepere.
3423 4438 3586 4503 Quod
3635 4437 3762 4510 ipse
3817 4453 3996 4511 super
4039 4439 4261 4508 omnia,
4319 4455 4460 4513 qua
4519 4445 4574 4500 ei

2907 4525 3202 4582 hactenus
3223 4526 3572 4592 acciderant,
3607 4525 3840 4598 gravius
3862 4527 4226 4595 existimans,
4251 4527 4372 4586 ait:
4397 4531 4578 4588 Absit

2829 4617 2970 4700 υκαι
2998 4613 3112 4669 mei
3143 4612 3296 4668 ultra
3315 4612 3432 4668 sint
3453 4613 3764 4684 participes
3785 4617 3844 4669 et
3885 4615 4115 4684 fratres,
4141 4616 4252 4688 qui
4267 4613 4568 4674 nefandas

2909 4701 3309 4758 haereticorum
3327 4701 3632 4756 observant
3652 4717 3753 4773 pro
3771 4703 3977 4758 mortis
3997 4702 4570 4763 timore'institutio—

2911 4791 3050 4847 nes!
3083 4791 3206 4854 Qua
3235 4790 3306 4844 de
3337 4804 3417 4859 re,
3449 4790 3626 4844 etiam
3645 4791 3791 4862 ipsis
3811 4791 4092 4846 fratribus
4117 4793 4567 4866 ignorantibus,

2915 4881 3216 4950 assumpto
3245 4881 3474 4933 tantum
3505 4879 3715 4934 comite
3743 4895 3860 4936 uno
3882 4879 4126 4936 nomine‘
4167 4882 4352 4954 S'y‘ro,.
4395 4886 4578 4940 nocte

2913 4967 3064 5023 clam
3105 4965 3246 5021 urbe
3275 4965 3432 5035 exiit,
3461 4969 3518 5023 et
3545 4967 3618 5022 ad
3650 4967 3708 5023 S.
3739 4967 4035 5024 Victorem
4073 4970 4146 5026 ad
4176 4970 4412 5028 ulmum
4445 4972 4574 5044 (34)

2913 5055 3091 5112 biduo
3119 5069 3254 5110 cum
3279 5053 3404 5126 ipso
3427 5054 3718 5126 perlatuit.
3751 5053 4014 5128 Denique
4035 5055 4172 5114 hinc
4191 5055 4576 5116 Heriembalt

2913 5144 3024 5199 dus
3055 5157 3188 5198 cum
3219 5141 3422 5200 multis
3441 5139 3708 5200 fidelibus
3731 5141 4020 5200 militibus
4046 5150 4329 5218 utrosque
4358 5157 4574 5204 susce-

2913 5232 3021 5304 pit,
3046 5235 3103 5287 et
3122 5230 3362 5303 Papiam
3383 5231 3496 5302 (35)
3527 5247 3660 5286 cum
3683 5233 3762 5287 eis
3785 5232 4054 5304 perrexit.
4087 5231 4160 5290 Et
4203 5237 4386 5304 par-te-
4427 5235 4576 5306 qui-

2913 5321 3046 5376 dem
3071 5318 3326 5376 militum
3357 5319 3622 5386 remissa,
3666 5325 3832 5392 parte
3857 5335 3996 5378 vero
4049 5331 4255 5379 secum
4308 5325 4574 5394 retenta,

2985 5461 3096 5536 (3_5)
3126 5460 3306 5536 Ab_e_st
3334 5459 3659 5536 Mediolano
3691 5483 3720 5512 α
3757 5462 4034 5536 Ραρὶαλὸ
4063 5479 4122 5536 p.
4157 5473 4238 5519 m'.
4271 5461 4462 5536 meite
4493 5465 4586 5521 ad'

2914 5530 3154 5586 fluvium
3187 5530 3477 5598 Ticinum,
3503 5530 3994 5604 undeivetusiurbi
4017 5530 4232 5592 nomen
4256 5553 4271 5604 ;
4291 5535 4344 5590 is
4361 5540 4578 5592 autem

2914 5605 3565 5728 pagopauca-passuum
3597 5602 3794 5660 millia-
3823 5605 3974 5662 intra
4029 5602 4264 5663 urbem!
4295 5606 4582 5664 illabitur
