2411 3141
255 178 334 219 M13
1048 176 1161 213 Ati‘l‘A-

1048 176 1161 213 ΑὒῖΑ-
1876 183 1955 216 ειη

260 246 430 284 pet-Padum
443 246 558 283 navigio
573 246 724 282 caperent
735 243 910 274 descendere
924 243 990 280 (36),
1005 251 1079 280 qua-
1093 244 1121 279 Α
1135 243 1316 273 enitendum.
1331 244 1464 278 Quicum
1475 246 1663 283 promitteret
1670 254 1703 276 se
1713 247 1959 283 juxtaeccleeism

262 293 343 325 tenue
352 290 482 322 Romam
496 292 662 328 pergerent,
677 291 707 318 et
715 296 810 325 usque
820 289 856 318 ad
866 288 947 318 aliud
961 290 1081 325 tempus
1133 288 1231 318 locum
1241 289 1283 318 sic
1293 289 1401 319 habere
1411 292 1568 325 secretum,
1584 293 1618 320 ut
1631 291 1662 320 in
1673 300 1709 321 eo
1724 292 1894 330 quempiam
1912 301 1962 330 per

261 336 343 369 tanta
357 335 407 366 ira
418 335 567 365 cederent.
580 335 613 364 ln
623 342 683 371 quo
692 333 807 363 scilicet
816 332 932 370 nauigio
941 333 998 362 sub
1007 341 1081 369 quc-
1136 333 1245 363 multos
1255 342 1350 363 annos
1358 337 1456 364 tenere
1462 335 1573 365 valeret
1581 335 1728 371 celatum;
1739 337 1839 366 media
1845 338 1962 367 tandem

262 379 326 415 dum
341 380 418 416 capti
429 382 500 413 sunt
513 379 621 416 oppido
640 379 709 415 (37),
724 380 754 407 et
767 386 803 407 ex
816 377 912 407 medio
934 377 1082 407 sodalium
1136 380 1230 413 nocte,
1245 378 1346 409 libatis
1365 379 1470 415 oculis,
1495 388 1563 409 cum
1586 380 1748 417 gemitibus
1773 383 1802 410 et
1826 382 1965 419 lacrymis

260 424 442 458 Mabiliter
455 424 591 454 merenti
596 431 646 453 um
656 423 689 452 Β.
700 422 837 452 Arialdus
851 422 990 452 violenter
1001 421 1083 452 solue
1137 423 1249 458 multis,
1256 432 1352 461 usque
1359 425 1398 453 ad
1407 427 1594 461 pertamcum
1605 425 1744 455 embolus
1751 427 1963 463 processimus.

262 470 306 501 est
319 472 430 506 raptus,
444 471 474 498 et
486 469 515 498 in
531 476 628 498 arcem
643 468 797 497 deductus.
812 466 866 496 Ubi
879 467 952 496 dum
965 466 1083 497 solitam
1136 467 1211 497 Nam
1226 468 1324 504 ipsum
1351 468 1482 499 multum
1509 470 1657 506 deprecati
1684 479 1802 506 sumus,
1819 473 1855 500 ut
1870 480 1965 501 unum

262 513 293 546 in
302 514 430 547 oratione
441 516 471 544 et
480 521 616 543 sermone
625 514 737 542 teneret
745 510 1084 546 constantiam,miratus
1137 512 1356 549 (quemcunque
1369 521 1405 542 ex
1418 514 1504 543 nobis
1525 514 1623 550 vellet)
1637 514 1668 543 in
1682 523 1771 544 suum
1785 516 1966 552 obsequium

263 558 354 593 miles,
364 559 417 595 qui
428 559 527 595 ipsum
546 559 673 595 ceperat,
685 557 742 586 ait:
755 556 887 586 Pontifex
902 555 1011 592 quippe
1025 556 1084 586 Πο·
1144 565 1276 591 umens,
1291 557 1430 587 duceret:
1449 557 1559 590 Quibus
1573 561 1602 588 et
1615 559 1698 596 ipse:
1713 559 1966 597 Nequaquamﬁm

263 603 439 636 diolenensis
455 611 596 639 magnum
612 602 731 638 quidem
743 601 818 630 mihi
830 609 863 630 se
871 601 1012 630 daturum
1022 608 1087 637 pro-
1139 602 1217 639 quit,
1229 602 1381 639 quoniam,
1389 603 1414 632 si
1423 603 1545 633 unsduo
1552 603 1964 643 sunt,loqnunturetloquen-

264 647 342 678 misit
350 648 516 684 promtum,
527 648 589 677 site
599 654 744 683 caperem,
753 646 839 682 eique
848 647 876 674 te
885 645 1086 677 damm.Nam-
1139 649 1184 675 tes
1200 647 1372 676 audiuntur.
1399 647 1470 681 Quis
1494 648 1549 676 fari
1566 650 1663 685 potest
1677 651 1788 686 quanta
1801 650 1879 679 bona
1892 652 1963 680 tunc

264 699 318 729 que
330 692 402 723 inibi
417 693 453 724 ab
477 700 512 720 eo
532 694 578 721 eet
594 691 765 720 intimatum
780 692 809 718 ts
824 698 889 719 sese
903 689 1086 724 bereticum,
1139 691 1365 721 Herlembaldus
1378 692 1546 729 presbytero
1574 693 1719 729 promisit,
1735 694 1761 722 si
1780 694 1843 731 ipse
1855 694 1965 725 Christi

264 737 350 773 quod,
367 740 400 766 ut
415 745 513 772 cerno,
529 736 649 765 omnino
665 738 710 764 est
724 735 843 764 falsum.
873 735 1003 771 Denique
1016 743 1084 764 eum
1140 736 1286 766 famulum
1297 738 1448 772 tractaret,
1462 737 1546 772 bene,
1563 739 1592 766 et
1607 739 1718 774 quanta
1729 738 1819 773 mals,
1832 739 1859 768 si
1873 739 1964 768 male?

265 789 329 813 cum
343 781 424 813 omni
439 782 527 814 domo
541 789 597 810 sua
612 779 814 809 venerabiliter
828 779 936 809 habere
949 779 1046 816 capit,
1057 780 1087 808 st
1140 780 1295 809 Mer-entes
1306 780 1407 818 igitur,
1422 783 1564 818 utrosque
1576 782 1657 811 abire
1666 782 1870 819 permisimus;
1881 791 1968 813 male

263 825 419 857 comitibus
443 825 557 855 incestis
581 825 701 862 Papiam
721 825 786 861 jam
816 825 941 854 reversis
966 824 1087 854 reddere
1139 833 1206 855 vero
1221 825 1258 854 ad
1275 825 1377 854 urbem
1389 826 1574 855 devenimus.

264 869 421 902 festinavit.
1175 869 1222 898 66.
1238 870 1391 907 Presbyter
1405 878 1474 908 ergo
1489 879 1628 908 nequam,
1639 879 1710 901 mox
1720 873 1754 900 ut
1777 872 1808 901 in
1828 880 1883 902 suo
1898 880 1970 903 cen-

298 915 342 944 δι.
357 915 425 944 Poet
440 915 511 948 hec,
527 915 652 944 scientes
662 914 731 950 loco
751 914 882 950 undique
902 913 1033 948 obsessa,
1050 914 1087 942 ad
1101 935 1126 952 ι,
1141 914 1215 943 clavi
1223 914 1307 944 illum
1315 915 1656 948 ocnoluserat.diabolieo
1666 916 1968 952 tactusspiritu,malo

260 935 425 996 “7.3.17:
437 935 652 994 ἱεζῖξᾶιίῗῖδῖ
662 935 1089 988 ’ἶςῐιιίῗῖέέτῖἔωᾘιῖἷιῗέυἶιῖ
1101 935 1127 970 Β
1142 935 1968 994 Εἰξᾶἔὲῖῖιῖιῖἑέἓέῖᾶἶξιῖίῗῖἓῖἕειῖῗόἰῖἑιῒίῒξῖἱιῖ

266 1004 380 1034 reversi.
397 1004 481 1033 Tunc
491 1004 613 1040 quidam
624 1004 728 1032 fratres
743 1004 950 1032 Canturienses
964 1003 991 1031 ei
1007 1011 1090 1032 man-
1144 1004 1224 1038 dere,
1241 1006 1270 1032 et
1283 1012 1336 1041 ego
1351 1005 1404 1033 tibi
1418 1005 1534 1033 tradam
1546 1004 1700 1034 Arialdum
1714 1005 1779 1034 sine
1787 1005 1886 1039 turba,
1901 1005 1967 1034 sine

266 1049 383 1083 derunt,
401 1048 546 1078 dicentes:
568 1048 657 1076 Nobis
677 1048 797 1084 quidem
808 1048 855 1076 bic
864 1056 916 1084 pro
926 1047 1092 1084 nimisper-
1144 1048 1358 1083 Herlembaldo,
1377 1049 1438 1078 imo
1461 1049 1573 1086 absque
1600 1049 1662 1078 viro
1690 1049 1815 1087 aliquo?
1839 1049 1966 1084 Guiille,

267 1094 413 1124 locutione
437 1093 532 1121 vivere
552 1101 611 1121 non
636 1092 712 1126 licet,
738 1101 793 1121 nos
814 1100 883 1120 vero
898 1092 935 1121 ad
950 1094 979 1120 te
992 1092 1091 1120 venire
1144 1093 1227 1121 latus
1243 1093 1332 1122 nimis
1347 1094 1479 1127 eﬂ'ectus,
1490 1102 1632 1131 magnum
1643 1094 1798 1131 premium
1809 1093 1888 1122 illico
1897 1102 1967 1123 eum

262 1138 345 1175 λιιι»,
359 1137 384 1167 si
395 1137 499 1174 placet.
512 1137 625 1170 Quibus
639 1139 670 1165 et
685 1137 746 1173 ipse
759 1145 766 1164 :
782 1136 965 1173 Quicunque,
983 1136 1089 1173 inquit,
1145 1138 1301 1166 securitate
1315 1138 1453 1175 promisit
1466 1139 1491 1167 si
1503 1139 1565 1175 ipse
1579 1139 1658 1171 quod
1669 1138 1858 1175 promittebat
1866 1137 1969 1175 imple-

267 1190 380 1214 mecam
396 1191 448 1219 pro
462 1182 577 1212 Christo
593 1181 667 1210 mori
682 1184 727 1210 est
737 1184 867 1218 paratus,
878 1181 976 1210 venire
991 1182 1027 1210 ad
1043 1189 1091 1211 me
1145 1184 1198 1210 ret.
1215 1183 1298 1211 Tune
1312 1183 1371 1211 sibi
1381 1183 1572 1220 qusmplures
1581 1183 1644 1211 dari
1660 1183 1745 1219 petiit
1754 1182 1866 1211 milites
1877 1191 1885 1217 ;
1895 1190 1970 1219 quos

266 1227 397 1263 festinet,
407 1227 458 1264 qui
474 1229 573 1256 autem
589 1226 720 1255 nondum
736 1228 792 1259 est,
809 1225 950 1255 aliorsum
974 1226 1091 1262 fugiens
1145 1229 1280 1263 sumptos
1295 1227 1371 1256 inter
1384 1228 1458 1256 duas
1474 1227 1626 1261 macerias,
1639 1228 1675 1256 ab
1685 1227 1868 1256 habitatione
1878 1234 1970 1259 seces-

267 1271 402 1305 dsclinet.
418 1271 493 1303 Hae,
511 1280 557 1300 me
572 1273 726 1307 praesente,
741 1271 820 1299 dicta
841 1272 920 1299 sunt.
948 1270 1016 1298 Post
1030 1270 1090 1298 bsic
1145 1279 1204 1306 sas,
1221 1274 1304 1300 nocte
1314 1272 1476 1306 constituit,
1490 1272 1606 1300 dicens:
1619 1272 1714 1307 Unus,
1725 1272 1833 1309 inquit,
1843 1279 1879 1301 ex
1889 1271 1972 1301 vobis

268 1316 481 1350 llerlembaldo,
511 1316 681 1352 ceterisque
710 1315 760 1352 qui
783 1323 883 1343 secum
901 1315 1033 1349 aderant,
1047 1315 1090 1343 sic

205 2853 206 2862 η
247 2825 399 2860 ﬂuvium,
415 2825 453 2855 ιε
463 2833 493 2864 p.
509 2832 550 2854 m.

265 1361 454 1392 iocutusest:
472 1361 512 1390 Ex
527 1360 593 1394 hac,
610 1360 717 1396 inquit,
732 1362 809 1388 terra
827 1359 906 1387 exire
920 1359 1089 1396 nequimus,

265 1406 504 1443 quismortiferis
515 1405 632 1434 insidiis
647 1413 749 1434 omnes
764 1404 862 1433 aditus
881 1404 1018 1433 obsessos
1033 1404 1089 1432 sci-

263 1459 344 1481 mus.
350 1450 386 1480 Et
392 1450 439 1480 hic
446 1458 563 1479 manere
573 1458 631 1478 non
640 1457 807 1486 possumus,
815 1449 956 1485 quoniam
964 1448 1090 1485 populus

264 1503 392 1527 vesanus
403 1495 452 1524 hic
466 1503 512 1524 me
524 1494 661 1532 persequi
668 1495 731 1530 jam
746 1494 889 1527 minatur;
900 1496 929 1522 et
942 1493 1025 1522 valde
1039 1502 1090 1530 ps-

261 1548 316 1570 vso
331 1548 367 1571 ne
382 1540 515 1570 insontes
527 1540 616 1575 hujus
629 1539 683 1567 loci
694 1538 795 1567 incola
806 1538 862 1567 sub
874 1538 929 1566 bac
939 1538 1091 1567 occasione

261 1585 462 1615 devasteutur.
479 1586 662 1620 Quapropter
676 1591 795 1612 necesse
804 1586 850 1612 est
864 1585 898 1611 ut
911 1582 990 1611 aliud
1006 1591 1090 1619 repe-

1144 1316 1350 1345 tantummodo
1365 1317 1395 1345 in
1410 1316 1508 1345 media
1516 1317 1615 1353 jaceat
1628 1317 1685 1351 vis,
1702 1318 1787 1346 scuto
1802 1318 1968 1354 coopertus;

1144 1360 1223 1389 hunc
1236 1361 1327 1395 enim,
1343 1361 1413 1390 cum
1434 1369 1550 1395 venero,
1575 1361 1738 1397 percutiam
1760 1359 1968 1390 calceamento.

1144 1405 1226 1434 Tunc
1240 1413 1292 1434 vos
1307 1413 1410 1434 omnes
1419 1405 1554 1434 velociter
1568 1405 1692 1442 surgite,
1703 1406 1733 1433 et
1745 1407 1807 1434 tam
1821 1412 1870 1433 me
1879 1411 1970 1441 quam

1144 1449 1242 1485 ipsum
1252 1449 1347 1486 capite
1358 1458 1366 1483 ι
1378 1457 1415 1478 ne
1424 1449 1498 1478 forte
1507 1449 1626 1486 quidem
1636 1457 1728 1486 super
1736 1448 1829 1478 alium
1841 1448 1971 1485 surgatis

1145 1493 1271 1527 incaute,
1281 1494 1365 1522 vobis
1380 1494 1436 1522 hoc
1450 1494 1511 1522 fore
1525 1494 1645 1531 signum
1655 1494 1770 1522 scitote.
1780 1494 1818 1522 Et
1831 1495 1899 1530 post
1911 1493 1971 1521 beo

1146 1538 1176 1566 in
1191 1538 1238 1566 his
1252 1539 1349 1567 verbis
1363 1539 1400 1567 ad
1415 1538 1510 1567 virum
1525 1539 1577 1567 Dei
1592 1539 1747 1575 ingressus
1756 1540 1803 1567 est
1816 1547 1823 1566 :
1841 1537 1971 1571 Domine,

1145 1583 1254 1619 inquit.
1269 1583 1396 1618 Arialde,
1411 1591 1531 1612 necesse
1545 1585 1590 1612 est
1599 1585 1634 1612 ut
1647 1583 1717 1613 hinc
1725 1582 1865 1612 velociter
1876 1582 1971 1611 disce-

261 1630 376 1662 rinmus
384 1629 554 1663 consilium,
567 1628 730 1662 soilicet.ut
740 1636 908 1664 queremus
917 1627 1087 1664 quempiam
1103 1621 1125 1655 C
1142 1628 1260 1661 damus,
1274 1630 1304 1656 et
1317 1628 1353 1656 ad
1369 1630 1511 1661 castrum,
1527 1628 1564 1656 de
1578 1636 1637 1664 quo
1651 1629 1680 1656 te
1694 1626 1821 1664 suscepi,
1841 1628 1968 1656 merta-

259 1674 370 1709 riruin,
386 1673 436 1710 qui
453 1681 499 1702 me
519 1681 570 1709 per
593 1672 655 1701 dies
670 1671 783 1708 aliquot
809 1671 838 1700 in
864 1679 948 1700 suam
963 1671 1090 1700 occultat

260 1718 395 1752 ἀοιιιιιαι.
411 1720 558 1754 quatenus
574 1717 691 1746 interim
709 1719 761 1746 aut
782 1715 883 1752 populi
899 1715 981 1744 furor
994 1716 1088 1744 defer-

259 1765 340 1798 rent,
353 1765 384 1792 et
398 1763 428 1792 in
445 1762 500 1792 hac
511 1765 588 1791 terra
603 1770 650 1790 me
663 1761 759 1789 vivere
782 1760 877 1794 liceat,
893 1760 937 1788 vel
950 1759 1089 1789 custodia

261 1808 294 1838 in
307 1807 425 1838 insidiis
440 1807 549 1843 ubique
561 1807 660 1843 posite
677 1814 722 1834 me
737 1805 882 1834 desistant
896 1813 1024 1841 querere
1036 1813 1089 1841 pro

260 1852 358 1886 simis
369 1852 538 1886 securitate,
553 1854 584 1881 et
599 1851 641 1880 sic
653 1859 699 1879 me
715 1850 782 1878 hinc
798 1850 871 1878 forte
886 1849 988 1878 licebit
999 1849 1089 1878 exire.

253 1896 319 1931 .Oui
332 1896 549 1934 responderunt
562 1896 693 1925 dicentes
705 1903 712 1922 :
724 1895 791 1927 Quae
803 1897 902 1924 autem
915 1894 1001 1928 dicis,
1017 1903 1089 1923 cun-

260 1940 457 1978 eitisplaeent,
468 1941 495 1970 si
507 1940 686 1969 inveniretur
700 1939 751 1976 qui
766 1939 820 1968 hoc
837 1938 960 1968 ﬁdeliter
973 1939 1090 1968 faceret.

261 1985 300 2019 Et
313 1984 380 2020 ille:
394 1985 460 2020 let,
488 1985 594 2021 inquit,
610 1984 673 2014 loco
704 1983 771 2014 huic
794 1983 916 2020 quidam
938 1983 1092 2020 presbyter

261 2030 390 2065 uicinus,
402 2038 496 2067 nuper
503 2038 539 2059 ex
550 2029 750 2066 Hierosolyma
758 2036 922 2065 regressus,
933 2029 985 2065 qui
994 2027 1092 2058 hacte-

258 2075 408 2113 nnssnihi
424 2075 541 2109 credere
555 2074 628 2105 satis
642 2077 688 2103 est
701 2073 792 2107 visus,
808 2081 859 2110 per
871 2081 972 2109 quem.
987 2073 1012 2102 si
1029 2073 1091 2110 pls-

244 2146 247 2147 ,
260 2121 320 2156 est,
336 2119 485 2153 mitium,
497 2120 527 2150 et
536 2127 625 2156 super
636 2118 691 2148 bac
701 2126 732 2147 re
744 2117 900 2154 diligenter
912 2118 1091 2155 inquiratur.

255 2164 412 2199 οωιῦυι
425 2164 526 2201 itaque
540 2163 717 2198 volentibus,
728 2171 780 2200 per
794 2162 955 2192 nefandum
972 2163 1092 2200 presby-

259 2210 364 2238 terum
379 2211 450 2238 tunc
464 2209 590 2237 missum
605 2210 660 2236 est.

298 2254 348 2283 οε.
363 2253 434 2282 Post
454 2253 515 2282 hac
539 2252 693 2281 ecclesiam
717 2251 871 2290 ingressus
894 2251 959 2289 ipse
985 2254 1041 2287 est,
1062 2252 1092 2280 in

260 2304 337 2336 qua,
352 2297 493 2335 quoniam
503 2296 602 2334 vigilia
615 2297 672 2333 (39)
688 2297 718 2325 S.
733 2297 856 2325 Joannis
871 2296 1007 2333 Baptista
1019 2298 1090 2332 erat,
1106 2307 1130 2341 D

252 2351 278 2377 n
293 2350 387 2377 nunc
400 2350 496 2379 usque
511 2342 548 2370 ad
563 2342 666 2372 horam
690 2342 775 2378 quasi
790 2349 900 2371 nonam
914 2341 946 2370 in
959 2341 1090 2370 oratione

251 2386 430 2426 mansit
435 2386 617 2415 indeaeisns.
629 2386 736 2414 Eteece
741 2386 933 2414 detestandus
942 2386 1094 2423 presbyter

253 2431 397 2467 vnnisns,
409 2434 520 2462 secrete
534 2431 749 2468 diligenterque
767 2430 937 2467 inquiritur,
953 2430 977 2459 si
994 2429 1091 2459 locum

255 2476 389 2514 habent
402 2478 504 2514 aptum
514 2476 551 2505 ad
563 2476 660 2513 ipsum
671 2483 724 2513 per
732 2478 792 2504 tres
803 2475 908 2504 saltem
919 2483 1038 2504 menses
1047 2483 1093 2504 oc-

375 2538 572 2582 ln‘Bmil‘iam-
592 2538 714 2582 scilicet,
740 2540 774 2567 ut
802 2546 854 2575 per
868 2540 979 2567 statum
994 2538 1091 2575 ponti-

309 2576 369 2606 illii
379 2577 478 2604 tutum
491 2576 549 2603 iter
564 2576 708 2603 tenerent.

309 2607 360 2648 37)
378 2610 549 2648 undnlfus,
581 2622 592 2635 ι
609 2610 665 2648 sub
695 2618 708 2648 q

278 2645 377 2684 πρίν
387 2646 518 2689 prima?
529 2648 635 2687 autem
641 2645 730 2683 Papia
741 2645 927 2689 venientibus
936 2647 1005 2689 po_st
1017 2646 1052 2688 1Q
1060 2645 1090 2683 ᾗ).

293 2703 303 2712 .
453 2693 468 2708 ιι
478 2681 709 2719 Ριι-ρςηθρίυεξξ
723 2689 775 2710 nec
783 2681 885 2719 procul
895 2681 964 2719 inde
974 2681 1092 2719 longius

377 2727 393 2744 ε
404 2717 544 2761 (ὶᾳιιιωιὶ
557 2717 588 2746 S.
604 2717 739 2751 Joannis,
756 2729 770 2742 ιι
785 2717 845 2754 quo
860 2717 932 2746 forte
947 2717 1092 2746 deductus

250 2727 275 2758 ρ
311 2759 314 2761 _
377 2727 393 2744 ε
404 2718 543 2754 Castrum
557 2718 588 2746 Β.
604 2718 739 2751 Joannis,
756 2729 770 2742 ιι
787 2725 845 2754 quo
860 2718 932 2746 forte
947 2718 1090 2746 deductus

397 2755 595 2828 tergorum}:
605 2788 735 2828 appellat
746 2787 959 2828 Landulfugad
968 2787 1090 2828 plangi}:

567 2823 751 2862 Mediolano;
775 2823 916 2855 Centurio
931 2825 1028 2854 autem
1040 2823 1086 2861 eo.

695 2610 823 2652 quodam
849 2609 1027 2652 ifiscentin‘o‘
1035 2618 1092 2652 9p-

1144 1672 1220 1706 miir,
1237 1672 1421 1708 quonismte
1448 1672 1496 1701 hic
1523 1681 1587 1701 sese
1615 1672 1754 1701 omnibus
1781 1673 1885 1700 uotum
1902 1672 1966 1705 est;

1143 1725 1212 1746 nam
1228 1717 1254 1745 si
1269 1717 1317 1745 hic
1332 1725 1445 1746 moram
1457 1716 1624 1750 fecerimus,
1635 1725 1701 1745 cras
1708 1715 1810 1753 procul
1820 1715 1911 1744 dubio
1921 1723 1967 1744 ca-

1144 1762 1267 1797 piemur.
1282 1761 1335 1789 Cui
1349 1761 1394 1789 vir
1402 1761 1468 1790 Dei:
1485 1761 1561 1795 Tibi,
1572 1761 1679 1797 inquit,
1689 1761 1738 1789 via
1746 1762 1882 1794 estnota,
1892 1768 1967 1796 pra-

1144 1806 1214 1835 cede
1227 1813 1307 1842 ergo,
1323 1808 1352 1834 et
1363 1814 1417 1842 ego
1427 1814 1535 1842 sequar
1544 1807 1586 1834 te.
1600 1805 1752 1834 Traditors
1766 1804 1858 1842 igitur
1865 1812 1970 1841 prece-

1144 1850 1242 1885 dente,
1257 1851 1294 1879 ad
1310 1850 1419 1879 milites
1428 1858 1532 1879 venere
1544 1849 1672 1886 utrique.
1680 1849 1718 1878 Et
1726 1858 1762 1878 ex
1771 1848 1969 1878 calceamento

1145 1895 1221 1924 facto
1236 1895 1370 1924 condicto
1384 1895 1480 1932 signo,
1504 1903 1606 1923 omnes
1625 1893 1735 1931 pariter
1762 1893 1793 1922 in
1802 1893 1858 1922 Dei
1870 1893 1966 1922 virum

1145 1940 1273 1974 irruunt,
1295 1948 1422 1976 eumque
1438 1939 1569 1976 capiunt,
1588 1941 1767 1975 captumque
1791 1937 1892 1966 stricte
1903 1937 1968 1965 vin-

1146 1984 1238 2018 ciunt,
1249 1986 1278 2013 et
1284 1984 1559 2020 vinotomjumento
1566 1983 1825 2020 superimponunt,
1836 1990 1869 2010 ac
1878 1982 1968 2011 tacite

1145 2029 1317 2065 consitaque
1330 2031 1433 2058 contra
1455 2029 1564 2058 Lucum
1589 2028 1732 2064 majorem
1749 2027 1807 2064 (40)
1829 2026 1971 2056 festinant

1146 2081 1276 2111 pergere-

1181 2118 1227 2146 67.
1242 2118 1302 2147 Hoc
1316 2120 1416 2147 autem
1432 2120 1502 2146 ante
1524 2117 1628 2147 horam
1642 2117 1700 2146 diei
1723 2116 1853 2150 tertiam,
1868 2115 1899 2145 in
1914 2123 1972 2153 quo

1146 2162 1248 2199 vigilia
1260 2163 1289 2190 S.
1304 2162 1384 2190 Petri
1397 2161 1573 2196 celebratur,
1589 2169 1641 2199 per
1662 2163 1757 2190 totum
1773 2160 1971 2190 Mediolanum

1146 2209 1192 2235 est
1205 2206 1388 2244 divulgatum
1401 2215 1408 2241 ;
1423 2206 1502 2235 unde
1517 2206 1627 2234 factum
1651 2207 1697 2234 est
1718 2208 1752 2233 ut
1772 2205 1883 2241 ubique
1896 2205 1973 2233 esset

1146 2251 1244 2280 luctus
1258 2254 1288 2281 et
1310 2251 1472 2280 iumentum
1497 2251 1624 2287 piorum,
1646 2252 1735 2287 atque
1749 2251 1851 2281 contra
1863 2256 1973 2277 vesana

1146 2295 1303 2324 exsultatio
1311 2295 1512 2333 reprobcrum.
1522 2294 1604 2328 Quod
1610 2302 1663 2331 ego
1668 2293 1803 2328 audiens,
1811 2292 1974 2323 tumultuo-

1144 2349 1209 2369 sam
1220 2343 1250 2369 et
1264 2340 1417 2369 confusam
1433 2339 1566 2376 protinus
1581 2338 1686 2375 reliqui
1700 2338 1816 2372 urbem,
1835 2344 1970 2373 eumque

1146 2387 1321 2422 prosecutus
1331 2393 1408 2413 sum.
1420 2384 1471 2412 Die
1476 2384 1567 2421 igitur
1575 2383 1677 2412 eodem
1687 2385 1830 2418 nocteque
1837 2381 1973 2418 sequenti
2009 2395 2013 2399 ι

1146 2430 1250 2459 festiue
1265 2437 1436 2466 properans,
1452 2429 1499 2457 die
1513 2428 1605 2457 altero
1619 2427 1656 2456 ad
1671 2427 1823 2464 praefatum
1835 2428 1898 2464 jam
1912 2425 1973 2454 sole

1145 2475 1256 2503 oriente
1264 2474 1382 2510 perveni
1393 2476 1516 2508 Lucum;
1529 2481 1619 2510 supra
1628 2473 1714 2509 cujus
1724 2472 1796 2501 dum
1806 2471 1973 2500 incederem

1146 2539 1174 2566 et
1188 2545 1206 2565 a
1220 2537 1297 2565 Lacu
1311 2535 1414 2572 Maiori
1426 2535 1522 2572 solum
1538 2535 1582 2564 11.

1191 2573 1237 2601 39)
1252 2571 1370 2600 Scilicet
1382 2572 1418 2599 23
1432 2571 1523 2599 Junii.

1193 2573 1227 2601 39
1252 2573 1370 2600 Scilicet
1382 2573 1418 2599 23
1432 2573 1523 2599 Junii.

1193 2573 1238 2644 40;
1253 2608 1348 2644 major
1366 2607 1474 2644 dicitur
1488 2618 1503 2632 ‹‹
1519 2606 1624 2644 Lacus,
1642 2606 1753 2644 nolim
1776 2617 1791 2632 «
1802 2605 1972 2644 Ver-bonus,

1146 2641 1235 2681 queui
1243 2641 1362 2681 Ticinus
1371 2642 1461 2681 efﬁcit
1469 2642 1603 2681 evolutus
1612 2642 1789 2681 “Alpibus,
1799 2641 1883 2681 initio
1891 2649 1972 2681 surn~

1146 2676 1195 2717 tito
1205 2680 1281 2717 circe
1287 2679 1318 2717 ξ·
1328 2678 1440 2717 Auris“
1452 2679 1593 2717 oppida!!!
1606 2687 1613 2714 ;
1623 2676 1969 2717 βινίβὶαειξειθὲηςίρίεηθ

1146 2711 1236 2752 seque
1250 2711 1423 2752 diﬂ’undere,
1441 2711 1498 2751 pe'r'
1512 2711 1651 2752 milliaria
1674 2711 1789 2752 fere'fio
1812 2711 1971 2752 deducitur

1146 2749 1238 2790 usque
1266 2751 1403 2790 sextum;
1423 2749 1454 2790 et
1468 2758 1572 2790 rursus
1591 2749 1678 2790 intra
1703 2749 1967 2790 ripascoercetur,

1145 2781 1240 2827 ipsum
1256 2787 1356 2816 autem
1385 2781 1508 2817 Sextum
1535 2783 1699 2819 Mediolano
1712 2781 1804 2815 distat
1816 2791 1849 2823 p.
1866 2791 1908 2815 in.
1922 2781 1969 2815 26.

2176 1857 2197 2020 ἒ

2025 3092 2205 3138 upzmm
