4822 6460
921 427 1113 488 ’1475

2059 422 2168 481 SS.
2214 413 2530 481 ARIALDI
2575 415 2676 478 ET
2717 416 3220 480 ERLEMBALDI

4193 403 4356 479 1m

955 562 1138 626 littus,
1171 561 1228 612 et
1253 555 1520 611 Stationtr.
1543 553 1673 624 (41),
1707 553 1804 605 ubi
1828 549 2121 620 parentela
2143 549 2278 604 mali
2299 549 2579 604 Guidonis
2610 551 2661 614 Α
2691 541 2952 605 ορεεῆοῐιθ
2980 551 3189 606 exibat.
3225 548 3309 605 Ibi
3339 548 3580 620 quidem
3621 561 3886 604 seorsum
3935 547 4092 604 duas
4145 547 4358 602 inveni

954 647 1274 712 habitabat,
1295 659 1480 700 essem
1505 640 1886 712 propinquus,
1914 638 2146 693 obvium
2171 638 2348 692 habui
2369 638 2578 701 virum,

953 735 1185 790 nomine
1216 733 1548 792 Martinam,
1569 729 1666 799 qui
1691 742 1751 782 se
1773 727 2000 782 diccbat
2017 727 2136 781 fore
2157 729 2577 799 presbyterum.

951 822 1052 877 Hic
1079 838 1171 876 me
1203 817 1576 887 interrogavit
1601 817 1756 869 unde
1781 831 1991 881 essem,
2025 830 2210 886 quove
2257 831 2577 887 pergerem.

951 912 1071 976 Cui,
1091 913 1155 963 ut
1171 907 1471 963 veritatem
1495 919 1735 960 securus
1758 905 1827 958 ab
1847 919 1912 958 eo
1935 904 2310 974 inquirerem,
2335 919 2402 958 ex
2420 909 2580 974 parte

951 998 1230 1053 mentitus
1253 1010 1406 1060 sum,
1429 993 1663 1048 dicens:
1690 993 1770 1046 Ex
1789 990 1888 1046 illa
1910 991 2076 1062 plebe
2107 1008 2236 1046 sum
2265 995 2322 1046 et
2346 1008 2580 1063 compa-

949 1103 1039 1142 res
1070 1085 1180 1140 mei
1213 1085 1326 1138 huc
1350 1098 1440 1136 me
1459 1081 1736 1148 direxere,
1759 1085 1824 1134 ut
1853 1079 2157 1136 manifeste
2178 1079 2406 1134 valeant
2435 1081 2579 1134 scire

949 1179 1144 1230 utrum
1173 1188 1374 1227 verum
1405 1171 1481 1225 sit
1510 1169 1665 1240 quod
1706 1169 1859 1238 apud
1891 1185 1995 1222 nos
2028 1169 2098 1222 de
2125 1167 2380 1234 Arialdo,
2413 1167 2577 1222 cleri-

947 1279 1144 1320 eorum
1173 1260 1431 1326 inimico,
1466 1257 1688 1312 noviter
1717 1256 1994 1322 insonuit,
2026 1255 2267 1321 scilicet,
2297 1257 2452 1326 quod
2484 1272 2578 1310 ex-

945 1353 1194 1408 stinctus
1224 1350 1318 1413 sit,
1343 1351 1400 1402 et
1436 1346 1486 1401 si
1507 1345 1591 1399 eis
1632 1361 1806 1414 super
1825 1344 1934 1399 hoc
1966 1344 2209 1414 pleniter
2265 1343 2577 1400 laetandum

945 1442 1039 1497 sit.
1073 1443 1147 1494 At
1174 1436 1306 1490 ille:
1338 1435 1656 1500 Revertere,
1689 1431 1899 1502 inquit,
1933 1447 2162 1485 mecum
2189 1449 2201 1496 ;
2227 1436 2302 1498 et,
2337 1447 2469 1486 cum
2503 1433 2574 1486 ad

945 1526 1246 1584 ecclesiam
1279 1537 1452 1593 quam
1485 1519 1786 1591 paululum
1820 1521 1951 1589 post
1976 1523 2031 1573 te
2053 1518 2363 1588 reliquisti,
2398 1519 2576 1574 redie-

944 1617 1045 1681 ris,
1078 1613 1296 1684 optime
1325 1611 1394 1663 de
1423 1608 1531 1662 hoc
1563 1607 1884 1661 instructus
1914 1605 2045 1660 eris.

1013 1701 1200 1757 68-69.
1233 1699 1301 1752 Et
1330 1701 1468 1751 tunc
1487 1695 1628 1749 mihi
1653 1709 1850 1749 secum
1867 1696 2168 1748 revertenti
2194 1695 2307 1750 ait:
2331 1699 2576 1750 Externa

945 1805 1198 1860 namque
1229 1787 1319 1841 die
1363 1787 1475 1854 (42)
1503 1799 1612 1837 vox
1639 1781 1880 1836 laetifera
1909 1785 2105 1836 nostro
2139 1782 2398 1837 insonuit
2427 1782 2569 1850 loco,

943 1880 1139 1933 dicens
1167 1894 1178 1929 :
1211 1872 1503 1936 Arialdus,
1537 1869 1878 1925 clericorum
1909 1871 2296 1935 adversarius,
2347 1871 2574 1926 vinctus

941 1967 1188 2021 habetur
1215 1963 1274 2015 in
1305 1975 1468 2024 nave,
1499 1963 1556 2012 et
1601 1959 1660 2012 in
1693 1958 1820 2028 ripa
1869 1958 2024 2012 Laci.
2058 1959 2140 2012 Ad
2193 1974 2368 2028 quem
2415 1958 2571 2013 illico

940 2071 1072 2109 cum
1105 2050 1308 2106 multis
1338 2048 1465 2102 aliis
1513 2045 1761 2110 decurri,
1812 2050 1868 2100 et
1897 2049 2122 2116 arrepto
2174 2046 2303 2117 palo
2355 2047 2571 2118 optime

940 2146 1106 2198 acuto
1137 2153 1430 2208 manuque
1461 2139 1668 2202 erecta,
1701 2135 1760 2188 in
1791 2139 2020 2205 pectore
2051 2135 2178 2202 ejus
2218 2134 2384 2190 illum
2437 2136 2570 2188 infi-

939 2246 1070 2302 gere
1098 2227 1252 2282 volui
1279 2244 1292 2292 ;
1317 2225 1417 2280 sed
1439 2240 1554 2277 non
1578 2239 1706 2277 sum
1727 2223 2068 2292 permissus.
2093 2222 2252 2277 Missi
2281 2227 2416 2276 sunt
2438 2223 2572 2294 qui-

939 2321 1069 2374 dem
1103 2315 1358 2387 quinque
1405 2311 1672 2383 protinus
1701 2310 1807 2363 viri
1840 2327 1872 2364 a
1921 2311 2158 2364 domina
2205 2317 2412 2381 nepote
2458 2312 2570 2382 (ΑΒ)

941 2401 1376 2474 archiepiscopi,
1409 2401 1478 2454 de
1509 2415 1756 2468 quorum
1779 2398 2071 2452 ferocitate
2101 2398 2228 2468 ipsa
2255 2416 2368 2453 non
2401 2400 2568 2453 dubi-

939 2495 1118 2557 tabat,
1153 2491 1250 2561 qui
1285 2505 1417 2544 eum
1448 2503 1480 2540 a
1511 2486 1796 2540 militibus
1827 2486 2168 2552 dividerent,
2191 2490 2246 2540 et
2267 2487 2324 2540 in
2355 2487 2566 2556 locum,

943 2597 1056 2652 quo
1089 2581 1215 2650 ipsa
1244 2578 1328 2632 eis
1360 2577 1637 2645 jusscrat,
1673 2575 1967 2627 ducerent.
2015 2574 2174 2635 Quod
2233 2575 2358 2629 sine
2409 2592 2569 2630 mora

941 2667 1294 2739 completum
1317 2668 1422 2728 est,
1456 2667 1512 2717 et
1540 2661 1598 2714 in
1629 2665 1846 2715 tantam
1881 2660 2034 2715 illico
2072 2666 2159 2716 est
2189 2663 2397 2718 ductus
2432 2664 2567 2719 soli-

939 2757 1198 2811 tudinem
1219 2758 1284 2808 ut
1301 2753 1394 2806 vix
1419 2751 1499 2805 ibi
1532 2749 1606 2804 sit
1629 2749 1942 2819 aliquando
1964 2765 2230 2805 accessus
2265 2751 2568 2808 hominum

939 2847 1070 2916 (44),
1104 2848 1160 2898 et
1186 2839 1590 2897 tantummodo
1623 2837 2044 2908 navigantium,
2095 2840 2194 2893 sed
2214 2839 2564 2895 silvestrium

941 2930 1308 2988 solummodo
1327 2926 1606 2982 habitatio
1631 2926 1969 2980 bestiarum.
1995 2927 2140 2989 Quid
2165 2931 2218 2982 te
2238 2929 2427 2984 verbis
2449 2929 2568 2983 lon-

940 3021 1071 3091 gius
1101 3015 1474 3089 protraham?
1501 3013 1582 3066 Ibi
1601 3013 1841 3066 cadaver
1866 3015 1991 3083 ejus
2012 3013 2135 3068 sine
2155 3016 2415 3083 auribus,
2440 3017 2566 3071 sine

940 3106 1200 3170 naribus,
1228 3103 1354 3158 sine
1375 3100 1579 3170 oculis,
1614 3100 1739 3154 sine
1762 3101 1993 3155 dextera
2015 3119 2213 3169 manu,
2243 3104 2368 3159 sine
2389 3120 2566 3158 mem-

938 3197 1042 3249 bro
1059 3191 1292 3264 genitali
1317 3206 1442 3245 esse
1462 3190 1664 3244 fecere.
1681 3188 1737 3242 Si
1759 3189 1973 3259 absque
1987 3192 2372 3260 omnibusfhis
2391 3207 2566 3246 mem—

938 3263 1391 3351 brisaliquando
1413 3293 1766 3348 quemquam
1788 3276 1978 3331 vidisti
2011 3279 2218 3344 vivere,
2252 3279 2404 3333 hunc
2437 3295 2562 3334 esse
2592 3263 2633 3328 C

939 3375 1232 3426 mortuum
1265 3365 1382 3422 noli
1413 3366 1661 3428 credere,
1695 3381 1827 3418 nam
1857 3366 1971 3420 fere
2003 3366 2164 3420 nullo
2197 3367 2366 3420 modo
2401 3367 2563 3437 quie-

939 3471 1093 3514 scere
1123 3455 1439 3526 quiveram,
1475 3452 1654 3506 donec
1683 3451 1721 3504 ii
1752 3451 1852 3521 qui
1883 3452 1941 3506 in
1973 3470 2105 3508 eum
2129 3453 2246 3507 haec
2269 3457 2566 3523 patrarant

942 3546 1026 3600 sic
1054 3559 1146 3598 me
1175 3557 1443 3596 securum
1467 3539 1649 3594 fecere
1671 3545 1958 3610 quatenus
1988 3539 2144 3594 ultra
2173 3557 2288 3594 non
2313 3541 2390 3595 sit
2410 3542 2563 3598 unde

941 3649 1069 3688 mea
1091 3632 1213 3702 jam
1245 3645 1409 3684 mens
1441 3628 1707 3682 dubitare
1728 3628 1932 3698 possit.
1953 3629 2038 3681 'l‘u
2069 3644 2201 3681 vero
2232 3629 2300 3681 ad
2329 3633 2461 3684 tuos
2483 3647 2565 3684 re-

938 3724 1176 3786 vertere,
1209 3718 1328 3772 hwc
1359 3716 1442 3771 eis
1463 3717 1763 3782 intimans,
1787 3731 2002 3784 eosque
2023 3715 2196 3769 redde
2221 3731 2453 3772 securos
2475 3717 2565 3772 lae-

937 3813 1161 3878 tosque.
1195 3806 1264 3860 Et
1295 3807 1425 3875 post
1467 3803 1587 3858 haec
1639 3803 1915 3858 alterutro
1975 3801 2140 3856 divisi
2199 3819 2427 3873 sumus,
2483 3810 2562 3874 et,

937 3898 1120 3951 donec
1149 3891 1448 3948 ecclesiam
1481 3896 1568 3947 est
1621 3891 1942 3961 ingressus,
1997 3906 2091 3964 me
2145 3891 2330 3948 redire
2389 3894 2558 3963 ﬁnxi;

939 3987 1140 4054 postea
1161 3996 1314 4045 vero,
1339 3979 1540 4034 nolens
1565 3977 1755 4032 verbis
1777 3977 2063 4032 conﬁdere
2088 3979 2312 4048 perﬁdi,
2342 3997 2562 4052 regres-

939 4079 1041 4123 sus
1061 4083 1191 4122 sum
1224 4066 1292 4120 ad
1331 4066 1443 4120 iter
1471 4066 1624 4135 quod
1657 4064 2025 4134 reliqueram.
2077 4067 2218 4120 Cum
2263 4071 2457 4122 autem
2503 4069 2562 4124 in

931 4158 1056 4226 jam
1087 4156 1388 4226 praefatum
1418 4153 1752 4224 ingrederer
1776 4153 1988 4219 vicum,
2005 4154 2174 4222 juxta
2203 4155 2354 4210 viam
2379 4156 2564 4228 reperi

937 4243 1258 4310 ecclesiam,
1280 4243 1339 4297 in
1362 4242 1642 4296 honorem
1665 4241 1722 4295 S.
1755 4240 1901 4294 Petri
1927 4240 2268 4308 dedicatam,
2295 4245 2364 4298 ad
2388 4261 2564 4314 quam

935 4335 1074 4386 tunc
1103 4330 1445 4387 clericorum
1491 4326 1894 4398 laicorumque
1924 4327 2238 4383 multitudo
2269 4345 2402 4384 cum
2434 4347 2566 4401 pro-

2691 638 2980 704 mulieres,
3004 640 3074 693 de
3103 639 3196 694 bis
3227 655 3353 711 quae
3375 636 3706 694 acciderant
3733 637 4104 693 conferentes
4135 639 4204 692 et
4237 636 4360 708 plo-

2689 729 2903 781 rantes.
2929 726 3150 788 Quibus
3167 725 3666 797 appropinquans,
3687 723 3973 795 inquisivi
3993 721 4142 794 quid
4169 723 4361 778 habe-

2687 817 2873 870 rentet
2909 831 3013 869 cur
3041 815 3260 869 ﬂerent.
3313 814 3571 878 Quarum
3619 830 3738 868 una
3787 812 3907 868 ait:
3959 811 4118 867 Vere
4157 814 4234 867 tu
4285 828 4356 867 ex

2687 901 2788 956 illo
2820 917 2881 957 es
2913 902 3113 957 ordine
3143 901 3264 972 qui,
3297 917 3430 957 cum
3481 901 3717 956 deberet
3771 900 3897 955 suis
3956 899 4140 956 bonis
4173 899 4354 956 dictis

2687 990 2971 1061 factisque
3001 1006 3202 1045 omnes
3245 989 3432 1045 levare
3483 990 3540 1043 in
3593 988 3824 1056 coelum,
3873 992 4119 1044 econtra
4169 987 4352 1044 malis

2687 1078 2968 1150 exemplis
2997 1082 3233 1133 cunctos
3257 1077 3577 1149 praecipitat
3635 1077 3694 1132 in
3741 1076 4067 1134 infernum.
4133 1082 4204 1132 In
4237 1077 4351 1132 hoc

2686 1167 2842 1221 enim
2873 1166 3019 1234 loco,
3051 1167 3426 1222 machinanto
3451 1171 3551 1222 tuo
3581 1165 3786 1222 ordine
3815 1181 4118 1238 perverso,
4155 1167 4222 1221 in
4255 1167 4350 1221 his

2687 1254 2891 1310 diebus
2911 1259 3141 1310 tantum
3164 1259 3253 1310 est
3271 1258 3666 1326 perpetratum
3687 1254 3882 1309 scelus
3903 1259 4215 1326 quatenus
4239 1269 4348 1328 pro

2685 1342 2794 1398 hoc
2824 1343 3188 1415 omnipotens
3219 1347 3371 1398 Deus
3399 1344 3644 1414 [omnes]
3675 1343 3735 1397 in
3767 1343 4053 1415 abyssum
4095 1345 4350 1400 demer-

2685 1435 2782 1503 gat
2811 1433 2975 1486 anxie
3007 1435 3444 1504 exspectemus;
3479 1434 3534 1486 et
3576 1435 3638 1485 tu
3667 1429 3851 1486 dicis:
3905 1431 4028 1486 Cur
4075 1433 4348 1489 ﬂemus?

2683 1519 2898 1575 Videns
2921 1520 3100 1591 igitur
3113 1519 3422 1574 mulierum
3441 1519 3636 1584 ﬁdem,
3651 1518 3798 1590 ipsis
3815 1521 3974 1590 quod
3991 1519 4348 1593 discipulus

2684 1622 2874 1662 essem
2905 1608 3063 1663 illius
3095 1609 3164 1662 de
3189 1623 3303 1679 quo
3325 1607 3542 1662 ﬂebant
3559 1607 3843 1674 intimavi,
3869 1609 4182 1680 easque,si
4203 1625 4350 1666 vera

2683 1699 3030 1767 essentque
3075 1713 3108 1750 a
3149 1695 3420 1766 praedicto
3474 1694 3774 1750 audieram
3823 1695 3970 1764 viro,
4021 1696 4347 1768 inquisivi.

2683 1786 2814 1848 Quae
2845 1785 3065 1853 statim,
3089 1783 3247 1839 facta:
3280 1785 3432 1855 apud
3465 1798 3556 1838 me
3577 1783 3756 1838 nimis
3785 1786 3985 1856 gratae,
4019 1786 4235 1842 omnia
4263 1791 4351 1844 te-

2682 1876 2912 1927 stantur
2941 1887 3067 1927 esse
3095 1889 3248 1938 vera,
3285 1877 3493 1943 praeter
3521 1872 3629 1927 hoc
3659 1873 3814 1944 quod
3845 1873 3918 1927 de
3961 1875 4097 1945 ejus
4145 1879 4350 1932 morte

2680 1961 2871 2014 adhuc
2899 1963 3064 2015 erant
3093 1959 3342 2015 incertis.
3365 1959 3532 2014 Viam
3553 1959 3752 2030 itaque
3773 1959 3920 2014 mihi
3949 1965 4167 2018 contra
4195 1979 4348 2035 prm-

2680 2050 2855 2103 fatam
2869 2049 3200 2102 tendentem
3213 2047 3586 2103 solitudinem
3601 2049 4342 2124 ostendunt,multumque

2680 2138 3021 2207 deposcunt,
3052 2139 3118 2190 ut
3142 2139 3434 2191 revertens
3468 2151 3565 2191 eas
3597 2136 3862 2192 facerem‘
3879 2137 4119 2208 sciolas,
4177 2141 4344 2196 unde

2677 2225 2761 2279 eis
2782 2225 2970 2280 adhuc
2989 2224 3199 2279 inierat
3219 2223 3503 2279 dubietas.
3520 2224 3732 2279 Verum
3755 2225 4089 2297 ingentium
4113 2244 4350 2300 praepe-

2680 2311 2834 2372 ditus
2865 2311 3184 2367 obstaculis
3205 2328 3496 2378 saxorum,
3529 2311 3668 2367 illuc
3689 2315 3961 2370 accedere
3990 2317 4201 2372 eundo
4233 2334 4350 2390 per

2677 2405 2892 2456 terram
2915 2400 3164 2471 nequivi,
3189 2400 3404 2472 quique
3433 2417 3535 2472 per
3565 2417 3766 2456 navem
3801 2401 3942 2458 illuc
3975 2419 4076 2459 me
4127 2409 4348 2462 trans—

2677 2490 2824 2544 ferre
2851 2491 3106 2556 auderet,
3141 2489 3391 2560 reperire
3439 2505 3554 2544 non
3594 2490 3792 2560 potui;
3841 2490 4123 2562 ideoque,
4179 2509 4347 2564 prae-

2675 2583 2765 2632 ter
2794 2594 2918 2649 quae
2949 2577 3106 2633 dicta
3135 2581 3294 2646 sunt,
3328 2577 3574 2649 pleniter
3603 2579 3674 2632 de
3702 2577 3802 2633 illo
3843 2583 3986 2634 tunc
4017 2581 4182 2637 scire
4215 2600 4342 2639 non

2675 2666 2849 2721 valui.

2745 2757 2834 2809 70.
2861 2755 3053 2821 Porro,
3079 2755 3400 2810 secundum
3426 2755 3579 2826 quod
3603 2758 3805 2825 postea
3825 2747 4150 2826 diligenter
4169 2775 4344 2816 scru-

2674 2847 2831 2897 tatus
2865 2859 3016 2908 sum,
3050 2841 3297 2913 qualiter
3325 2841 3654 2912 quibusque
3691 2857 3759 2896 ex
3807 2841 3914 2897 hac
3952 2844 4081 2900 vita
4129 2848 4346 2903 verbis

2675 2930 3027 3001 migraverit,
3061 2928 3442 2999 diligentibus
3489 2929 3672 2984 Deum
3703 2931 3822 2984 fore
3850 2935 4094 3000 gratum
4129 2937 4344 3006 credo,

2673 3017 2722 3071 si
2752 3017 2810 3070 id
2841 3015 3088 3070 breviter
3115 3015 3476 3069 intimavero.
3499 3017 3546 3068 Α
3573 3014 3695 3069 loco
3726 3014 3922 3085 igitur,
3955 3033 4082 3088 quo
4117 3027 4351 3094 captus

2671 3109 2780 3169 est,
2813 3103 3196 3174 psalmodiam
3229 3095 3575 3156 decantavit.
3607 3102 3694 3156 Ad
3731 3103 4062 3162 Stationem
4095 3111 4270 3167 enim
4309 3129 4349 3168 a

2673 3191 2974 3255 militibus,
3009 3193 3072 3243 ut
3101 3188 3440 3260 praedictum
3472 3195 3578 3256 est,
3605 3190 3827 3245 divisus
3856 3195 3914 3246 et
3943 3195 4226 3269 quinque
4259 3201 4352 3257 fe-

2672 3279 2899 3334 rocibus
2929 3276 3173 3332 servulis
3199 3281 3286 3330 est
3315 3278 3586 3332 traditus.
3611 3278 3716 3342 Qui
3749 3295 3882 3333 cum
3909 3281 4118 3352 ipsum
4147 3287 4348 3346 duce-
4435 3324 4443 3332 .

2671 3370 2800 3421 rent
2829 3366 2900 3419 ad
2931 3368 3196 3434 mortem,
3230 3363 3462 3419 allocuti
3521 3370 3658 3420 sunt
3705 3367 4000 3425 dicentes:
4057 3375 4348 3446 Arialde,

2671 3471 2773 3508 cur
2802 3469 2914 3508 non
2954 3453 3297 3516 recordaris,
3321 3458 3386 3507 ut
3407 3469 3580 3524 neges
3603 3471 3728 3525 quae
3760 3455 4070 3530 hucusque
4091 3462 4348 3536 dixisti,

2671 3547 2727 3596 et
2746 3540 3070 3612 profitearis
3087 3540 3392 3595 dominum
3417 3545 3680 3596 nostrum
3703 3559 3830 3598 esse
3849 3559 4055 3602 verum
4079 3553 4356 3620 pontiﬁ-

2671 3647 2794 3685 cem
2811 3630 2839 3683 ‘I
2859 3631 3003 3683 Nam
3027 3628 3076 3684 si
3096 3629 3204 3683 hoc
3225 3629 3459 3696 faceres,
3493 3629 3639 3686 forte
3659 3630 3852 3687 adhuc
3871 3633 4062 3690 vivere
4083 3653 4345 3708 posses.

2669 3721 2740 3772 At
2767 3717 2863 3772 ille
2887 3734 2901 3772 :
2925 3715 3110 3786 Absit,
3141 3716 3350 3787 inquit,
3374 3721 3439 3770 ut
3459 3731 3753 3786 coronam,
3777 3734 3960 3789 quam
3989 3737 4200 3780 veram
4239 3729 4346 3784 di-

2669 3807 2848 3861 cendo
2873 3805 2932 3859 in
2963 3821 3093 3860 mea
3107 3805 3386 3875 acquisivi
3409 3805 3542 3872 vita,
3563 3804 3622 3860 in
3644 3805 3758 3861 ﬁne
3779 3809 4120 3866 mentiendo
4143 3815 4348 3872 amit-

2669 3899 2790 3950 tam
2822 3893 2834 3947 l
2867 3893 3010 3948 Nam
3043 3909 3136 3947 me
3195 3897 3395 3947 utrum
3445 3909 3600 3948 nunc
3649 3895 3881 3950 ducatis
3927 3897 4002 3952 ad
4033 3906 4340 3974 mortem,

2669 3983 2901 4055 ignoro;
2936 3981 3090 4052 quod
3113 3980 3162 4036 si
3185 3979 3393 4047 facitis,
3417 3981 3621 4036 scitote
3639 3987 3827 4038 vestro
3849 3985 4089 4042 domino
4117 4003 4342 4050 meam

2671 4075 2918 4125 mortem
2937 4068 3102 4123 valde
3133 4069 3480 4134 nocituram,
3503 4086 3618 4124 non
3642 4071 3834 4126 solum
3857 4072 3918 4126 in
3945 4073 4152 4131 futura
4173 4081 4336 4151 vita,

2672 4157 2772 4214 sed
2804 4157 2980 4212 etiam
3010 4156 3069 4209 in
3101 4156 3388 4226 praesenti.
3421 4157 3490 4211 Et
3517 4155 3600 4210 illi
3627 4175 3640 4212 :
3685 4157 3963 4230 Videsne,
4012 4161 4346 4237 inquiunt,

2671 4245 2838 4300 illum
2867 4259 3147 4314 magnum
3169 4247 3427 4298 montem
3447 4243 3476 4297 ?
3507 4244 3566 4299 Si
3599 4245 3723 4316 ipse
3753 4247 4012 4318 profecto
4033 4258 4204 4309 esset
4227 4271 4352 4313 au-

2675 4349 2808 4388 reus
2832 4337 2890 4387 et
2910 4336 3069 4399 tuus,
3093 4335 3396 4406 totumque
3415 4333 3605 4401 dares,
3627 4333 3784 4391 ultra
3803 4335 3963 4393 nullo
3981 4339 4166 4396 modo
4181 4343 4352 4402 vive-

1007 4539 1399 4616 (4i)_Exolevit
1433 4559 1456 4586 ‹‹
1491 4537 1760 4616 Stationae
1784 4555 2076 4616 gnomon,
2101 4540 2240 4616 solis
2264 4545 2400 4616 t_u__nc
2427 4543 2568 4616 forte
2670 4547 2838 4616 juxta
2866 4543 2908 4598 L

2437 4543 2568 4616 :‘oﬁrte
2670 4547 2838 4616 juxta
2866 4543 3080 4600 Lacum
3133 4543 3408 4614 Majorem
3461 4561 3637 4616 quam
3671 4547 4068 4607 secretissime
4107 4551 4341 4614 ductus

937 4610 1178 4668 eruditis
1211 4616 1449 4682 notum;
1486 4610 1568 4664 sic
1590 4610 1750 4682 enim
1779 4611 1838 4664 3i
1879 4611 2142 4666 Januarii
2173 4613 2232 4665 in
2288 4613 2429 4681 Vita,
2463 4615 2562 4669 SS.
2597 4615 2643 4682 D
2671 4610 2780 4672 est.
2817 4637 2844 4662 ι)

937 4684 1129 4739 Julius
1161 4687 1218 4737 et
1246 4680 1514 4737 Julianus
1543 4681 1818 4734 dicuntur
1845 4682 2072 4736 venisse
2125 4705 2146 4733 ε
2181 4683 2238 4736 in
2272 4685 2564 4740 diceeesim

937 4755 1344 4810 Novariensem
1363 4753 1434 4806 ad
1449 4751 1701 4806 insulam
1719 4751 1960 4806 Verbani
1977 4753 2158 4820 lacus,
2185 4754 2282 4824 qui
2307 4757 2569 4824 subjacet

937 4826 1226 4890 Stationte,
1261 4825 1950 4897 quo_noniine_Angeram
2001 4825 2434 4880 observavimus
2467 4845 2565 4897 ap-

941 4897 1232 4966 pellatam.
1271 4891 1297 4940 )7
1330 4893 1426 4966 alii
1457 4917 1480 4940 ‹‹
1516 4891 1846 4963 Angleriam
1882 4917 1908 4942 »
1939 4901 2180 4962 vocant;
2215 4901 2268 4950 et
2303 4898 2382 4950 sic
2407 4891 2570 4952 vocat

941 4963 1112 5019 etiam
1145 4963 1481 5026 Landulfus,
1507 4970 1707 5034 estque
1728 4965 2004 5035 Oppidum
2035 4968 2088 5020 in
2120 4967 2382 5021 orientali
2409 4967 2570 5024 lacus

943 5037 1066 5106 ripa
1093 5037 1128 5088 5
1157 5051 1210 5106 p.
1247 5051 1324 5086 m.
1360 5050 1535 5103 supra
1564 5035 1842 5106 Sextum.
1985 5039 1996 5044 '

1013 5107 1122 5178 (a2)
1155 5105 1268 5178 Hoc
1298 5109 1382 5157 est
1412 5107 1686 5178 «nudius
1717 5105 1960 5178 tertius;
2000 5127 2025 5152 ››
2069 5123 2171 5160 nec
2201 5107 2354 5160 enim
2383 5109 2569 5178 placet

941 5174 1226 5246 corrigere
1257 5174 1518 5246 legendo,
1545 5175 1908 5246 exiPuricelli
1941 5183 2154 5238 mente,
2187 5199 2214 5224 «
2240 5174 2567 5234 hesterna.»

1004 5249 1122 5372 (8/13)
1157 5245 1474 5300 Landulfus
1507 5245 1708 5299 Senior
1736 5247 1890 5315 apud
1937 5245 2282 5301 Puricellum
2315 5265 2444 5322 pag.
2481 5252 2566 5320 11,

1053 5317 1221 5371 livam
1256 5337 1282 5364 υ
1313 5319 1626 5372 nuncupat.
1659 5319 1714 5368 et
1749 5317 1961 5368 fatetur
1982 5333 2108 5370 eam
2141 5339 2164 5364 α
2192 5322 2452 5372 omnium
2479 5337 2566 5372 ne-

949 5337 970 5366 ι
1004 5317 1221 5395 Qlivam
1256 5337 1282 5364 υ
1313 5319 1626 5395 nuncupat,
1659 5319 1714 5368 et
1749 5317 1961 5394 fatetur
1982 5333 2121 5395 eam
2141 5339 2164 5364 α
2192 5317 2452 5374 omnium
2479 5317 2570 5376 ne-

945 5387 1361 5456 quissimarum
1419 5385 1630 5456 artium
1690 5385 2052 5456 maximeque
2109 5387 2567 5445 incantationum

948 5452 1187 5528 scientia
1213 5454 1468 5528 fultam»
1529 5453 1730 5528 fuisse,
1776 5452 2018 5521 addens,
2069 5458 2220 5528 quod
2272 5452 2614 5528 Arialdusf

949 5545 978 5572 ‹‹
1011 5526 1138 5601 ejus
1169 5525 1348 5578 vultui
1379 5523 1438 5575 in
1471 5523 1884 5601 arce_Arona,_»
1921 5523 2255 5601 ex__a_dver50
2285 5523 2568 5601 Angleriaé

950 5591 1159 5668 posita,
1194 5615 1221 5643 α
1247 5595 1717 5668 repraesentatus,
1747 5593 1948 5668 eadem
1979 5591 2133 5668 illico
2163 5591 2484 5668 imperante
2515 5607 2571 5656 et

951 5660 1144 5748 patrui
1170 5662 1264 5724 sui
1283 5660 1539 5722 dolorem
1556 5660 1984 5744 reminiscente,
2011 5662 2071 5722 in
2101 5660 2296 5728 insulis.
2317 5671 2568 5748 quadam

2747 4687 2858 4756 (44)
2883 4685 3120 4740 Carolus
3177 4701 3212 4740 a
3264 4685 3510 4741 Basilica
3564 4689 3741 4756 Petri,
3797 4689 3858 4745 in
3905 4707 4016 4748 sua
4073 4695 4344 4755 Novaria

2677 4758 2963 4831 pag._45-’i,
2999 4756 3330 4831 describit__«
3355 4757 3606 4812 insulam
3639 4760 3697 4815 S.
3723 4760 3998 4831 Victoris,
4033 4764 4098 4820 in
4130 4770 4342 4826 medio

2676 4826 2794 4912 fere
2823 4827 3210 4912 lacu,‘in‘quo
3234 4826 3372 4882 olim
3403 4833 3526 4911 erat
3553 4832 3798 4911 ecclesia
3817 4826 4195 4912 S.__Victor_is,
4225 4857 4340 4912 pa-

2679 4897 3590 4973 rochi_alis_Isellarum,_propius
3637 4901 3778 4973 ripa:
3829 4897 4265 4973 adjacentiuhi,
4308 4935 4342 4961 ››

2677 4987 2802 5050 qua:
2817 4968 3266 5052 habitatoribus
3277 4955 3430 5052 (:fére
3447 4955 3678 5052 vacavit
3693 4955 4344 5052 faemprE-Téidéiﬁé'u;

2677 5039 2930 5122 insulam
2961 5040 3022 5093 in
3051 5039 3203 5122 actis
3233 5040 3332 5093 ss.
3365 5041 3506 5122 Julii
3538 5046 3594 5096 et
3621 5039 3858 5122 Juliani'
3879 5039 4044 5103 num.
4087 5053 4122 5102 7
4156 5039 4344 5122 pu‘m

2677 5109 2939 5176 indicari,
2975 5110 3165 5181 potius
3195 5126 3372 5179 quam
3403 5111 3644 5166 alteram
3693 5115 4003 5174 Isellarum
4051 5143 4082 5170 ι(
4117 5109 4342 5181 multis

2676 5181 3063 5260 piscatoribus
3095 5181 3297 5260 incolis
3331 5203 3358 5229 ››
3391 5182 3711 5260 habitatam
3743 5205 3755 5254 ;
3789 5193 3968 5260 atque
3996 5207 4030 5246 a
4057 5193 4114 5246 S.
4167 5195 4340 5252 Julio

2677 5251 3063 5324 reprobatam,
3088 5267 3158 5332 ne
3187 5251 3266 5332 ibi
3288 5253 3436 5307 mori
3465 5257 3522 5308 et
3541 5255 3714 5310 condi
3737 5251 3930 5328 vellet,
3953 5261 4058 5317 ubi
4089 5285 4118 5313 «
4145 5251 4340 5338 lupus

2675 5329 2734 5378 et
2761 5323 2962 5390 vulpes
3022 5325 3306 5390 accnpient
3349 5339 3515 5379 suem
3573 5326 3917 5390 gallumque
3947 5333 4010 5387 in
4037 5337 4340 5390 praedam.

2717 5339 2962 5404 tvuipes
3022 5339 3306 5402 apeipient
3349 5339 3515 5406 suem
3573 5339 3917 5406 gauumgue
3947 5339 4010 5387 in
4037 5339 4340 5408 praedam,

2717 5411 2833 5473 uia,
2865 5393 3019 5473 quod
3052 5410 3110 5446 in
3152 5393 3352 5473 eadem
3411 5395 3605 5451 insula
3655 5399 3942 5458 debuerat
3997 5405 4242 5465 evenire
4277 5410 4342 5466 in

2701 5467 2960 5545 ’uturpm,
2993 5465 3351 5545 inpraesenti
3373 5473 3734 5545 cognoverat,
3763 5493 3806 5545 »_
3823 5473 3984 5545 quod
4009 5475 4084 5530 de
4107 5465 4347 5539 scelere

2677 5533 2736 5618 in
2773 5557 2792 5583 ι
2831 5535 2890 5618 S.
2921 5533 3224 5618 arialdum
3259 5533 3631 5618 n‘patra’ndo,
3653 5533 3859 5602 nescio
3873 5561 3990 5618 quo
4011 5533 4345 5618 ωοᾶοξῖἷιῖ

2676 5607 3026 5680 terpretatur
3054 5591 3847 5680 praelaudatuscarduis-rm
3873 5591 3989 5618 ν’
4013 5591 4220 5626 "mn"
