1949 3215
111 224 165 256 281

720 231 926 262 EXPOSITIO
947 232 1201 264 PSALMORUM.

1747 237 1806 269 282

112 290 180 319 vitia
195 289 223 319 in
239 290 387 328 baptismo
403 294 472 321 sunt
493 294 646 324 exstincta.
663 296 820 333 Ethiopes,
837 305 933 334 pecca-
947 297 974 331 Α
989 297 1024 326 de
1039 298 1124 326 domo
1151 298 1350 335 iniquitatum,
1367 299 1394 327 id
1421 303 1466 328 est
1489 301 1666 331 conscientia
1688 303 1804 340 iniqua;

110 338 186 364 tores
202 336 395 371 advertimus,
412 338 461 374 qui
476 339 511 367 ad
527 339 684 368 Dominum
699 341 829 369 conversi
837 350 934 371 escam

111 382 260 417 cceperunt
274 381 383 410 habere
398 382 558 416 diabolum,
579 384 649 420 quia
663 393 680 412 ιι
695 385 869 414 Christianis
882 387 933 415 de-

110 424 288 453 tractionum
304 427 453 455 morsibus
468 428 639 457 comeditur.
657 430 679 457 H
695 429 759 458 Sive
783 433 814 458 ut
835 431 871 458 ab
887 431 933 459 his

110 469 359 498 comminueretur
374 480 425 507 per
439 472 555 508 signum
572 474 676 507 crucis,
695 483 766 509 quos
783 475 863 510 prius
881 476 931 503 de-

110 515 260 540 voraverat
275 514 303 541 in
320 515 506 543 suasionibus
520 518 613 545 vanis.

112 557 140 583 14
181 578 186 583 .
204 558 241 585 Tu
256 558 388 595 dirupisti
400 562 485 595 [antes
501 564 526 589 et
543 564 672 589 torrentes
690 573 695 590 :

231 603 267 630 Tu
283 604 391 632 siccasti
404 606 500 639 ﬂuvios
515 607 611 634 Etham
632 610 637 639 ζ
662 629 667 634 .

143 646 162 672 C
176 646 295 682 Fontes,
312 647 383 675 dixit
399 652 574 685 peccatores,
593 660 715 687 quorum
734 653 808 681 mala
821 655 930 690 jugiter

109 690 248 725 inﬂuunt;
267 694 474 729 torrentes,qui
491 695 586 723 subito
603 697 847 734 suscitati,rapide
865 708 928 735 pec-

109 735 197 762 cando
213 735 332 763 irruunt
347 736 376 764 in
392 738 483 765 bonos
501 747 506 765 :
525 739 581 767 Hos
598 741 721 777 disrupit
740 742 815 769 Deus
831 752 897 771 cum
914 754 929 772 a

109 779 299 807 inmutatione
314 781 423 809 diaboli
439 783 546 811 divisit.
562 784 675 821 Etham,
695 787 775 820 fortis
791 788 929 824 interpre-

108 826 193 857 tatur,
211 827 240 851 ct
256 825 403 861 signiﬁcat
418 827 671 865 diabolum,cujus
688 831 818 865 flumina,
831 834 857 860 id
874 836 926 867 cst,

109 868 171 903 ejus
185 869 351 897 doctrinam
368 871 521 899 exsiccavit
536 873 623 907 Deus,
641 877 668 901 et
692 877 727 903 ad
744 877 868 906 nihilum
884 887 927 906 rc-

107 913 192 949 degit.

108 958 139 984 17
176 959 246 987 Tuus
262 964 300 987 est
313 961 379 993 dies,
394 966 419 989 ct
435 964 482 989 tua
497 967 534 990 est
550 972 604 990 nor.
621 972 626 990 :

176 1004 211 1030 Tu
225 1004 379 1039 fabricatus
395 1010 433 1033 est
449 1015 577 1034 auroram
592 1013 617 1035 et
631 1009 722 1036 solem.

139 1047 160 1074 H
176 1048 257 1076 Tuus
274 1051 319 1076 est
337 1050 440 1083 dies,id
457 1054 500 1078 est
516 1052 632 1080 claritas
648 1054 805 1090 Evangelii,
817 1059 844 1083 ct
860 1066 924 1091 uox,

105 1090 130 1118 id
147 1094 189 1119 est
205 1092 372 1121 obscuritas
388 1094 543 1131 legis,quia
560 1099 585 1124 te
595 1100 716 1133 utraque
727 1102 925 1134 pronuntiant.

103 1136 285 1171 Auroram,id
303 1141 348 1166 est
363 1138 445 1166 illum
462 1140 675 1177 hominem,per
691 1152 775 1178 quem
793 1145 925 1172 sedentes

105 1180 131 1206 in
145 1181 273 1208 tenebris
289 1181 383 1210 lucem
402 1184 545 1212 viderunt.
558 1186 669 1213 Lunam
686 1196 751 1215 vero
768 1189 923 1217 Ecclesium

104 1224 179 1258 dicit,
196 1234 261 1261 qum
278 1226 307 1254 in
325 1227 553 1256 obscuritatibus
570 1231 666 1258 suaculi
679 1231 763 1259 lucet.

105 1269 135 1295 18
175 1271 208 1297 Tu
224 1272 320 1305 fecisti
334 1280 426 1300 omnes
437 1275 566 1302 terminos
582 1279 664 1303 terrm
680 1286 686 1303 :

172 1315 301 1343 :Estotem
316 1320 342 1343 et
355 1325 401 1344 ver
416 1319 444 1344 tu
457 1319 602 1353 plusmasli
616 1328 656 1347 ea.

137 1358 157 1385 Η
173 1359 328 1387 Terminus
337 1362 578 1398 terrm,apostolos
587 1366 613 1390 et
623 1365 919 1400 prophetasdicimus.

103 1402 123 1447 ll
137 1402 353 1440 Ver,signiﬁcat
365 1406 472 1441 justos,
482 1407 531 1442 qui
544 1407 572 1434 in
583 1408 635 1436 hoc
648 1410 751 1437 szeculo
763 1411 847 1438 bonis
857 1421 921 1447 ope-

102 1446 180 1474 ribus
196 1448 368 1484 ﬂorent;per
384 1453 513 1478 aestatem
531 1452 657 1480 fructum
674 1453 780 1482 laboris
797 1456 840 1482 sui
858 1446 920 1491 pcr-

102 1490 218 1526 cipiunt.
235 1493 255 1520 C
271 1493 333 1525 Vel,
352 1503 401 1521 ver
415 1495 604 1528 confessores,
622 1497 671 1532 qui
688 1500 820 1532 mquabili
837 1490 920 1528 devo-

102 1535 175 1563 tione
188 1538 215 1563 et
231 1539 460 1566 mansuetudine
474 1541 624 1576 temperati
643 1541 764 1570 Domino
781 1545 920 1573 serviunt.

100 1579 200 1614 .Estas,
218 1589 287 1609 vero
304 1590 355 1610 eos
370 1583 419 1618 qui
437 1585 566 1620 martyrii
584 1586 678 1613 calore
695 1587 812 1615 fervent.

102 1623 132 1650 19
166 1627 274 1653 Memor
296 1631 350 1654 esto
375 1627 478 1663 hujus:
502 1630 630 1657 inimicus
654 1632 845 1667 improperavit
867 1634 919 1661 Do-

202 1671 277 1697 mino
296 1680 301 1698 :

166 1715 203 1741 Et
215 1715 334 1750 populus
350 1717 484 1751 insipiens
499 1719 623 1745 incitavit
637 1727 733 1747 nomen
750 1725 834 1748 tuam.

132 1757 154 1784 II
170 1758 282 1786 Memor
297 1762 370 1795 esto,
387 1761 496 1788 scilicet
514 1765 674 1798 martyrum
691 1765 738 1800 qui
763 1766 799 1792 ab
823 1775 919 1794 amore

98 1801 223 1830 nominis
236 1803 279 1830 tui
294 1803 364 1831 talia
379 1805 540 1839 patiuntur.
550 1806 686 1835 Inimicus
703 1808 845 1837 diabolus.
864 1810 918 1837 P0—

98 1845 182 1880 pulus
197 1846 353 1882 insipiens,
371 1848 398 1875 id
416 1851 460 1876 est
476 1850 591 1885 gentilis
608 1851 650 1878 vel
668 1852 859 1889 hmrctici,qui
878 1855 919 1882 in-

98 1889 184 1918 citant
199 1899 318 1927 semper
333 1900 438 1921 nomen
455 1894 579 1921 Domini.
597 1895 616 1921 C
631 1896 690 1928 Vel,
710 1896 855 1931 inimicus,
876 1899 917 1925 in-

97 1933 237 1971 telligitur
248 1936 419 1964 Judaeorum
437 1938 572 1973 populus,
582 1940 630 1974 qui
647 1942 673 1966 ct
687 1940 828 1976 insipiens
844 1946 918 1970 recte

96 1978 208 2014 dicitur,
225 1980 298 2008 dum
315 1980 378 2008 dies
394 1982 482 2009 festos
498 1985 525 2010 et
544 1983 636 2019 legem
654 1984 702 2011 Dei
729 1985 773 2012 sui
800 1995 816 2013 a
843 1989 917 2015 terra

95 2022 241 2056 quiescere
255 2024 392 2052 volebant
407 2025 510 2059 facere,
527 2029 556 2054 et
582 2027 650 2055 talia
666 2029 792 2057 dicerent
810 2032 915 2066 quibus

94 2065 181 2095 Deum
197 2067 365 2097 incitarent.

92 2111 126 2137 20
160 2112 198 2140 Ne
212 2113 307 2140 tradas
325 2113 415 2141 bestiis
430 2115 552 2141 animam
567 2116 734 2150 ccuﬁlentmn
752 2118 802 2145 tibi
818 2127 824 2145 :

160 2156 191 2183 Et
205 2158 317 2184 animus
332 2166 484 2193 pauperum
507 2162 615 2186 tuorum
635 2169 669 2188 ne
690 2162 860 2190 obliviscaris
886 2164 915 2190 in

193 2201 288 2235 ﬁnem.

125 2243 144 2270 C
158 2244 313 2281 Supplicat
328 2246 405 2273 enim
427 2246 471 2273 vir
495 2249 624 2281 sanctus,
643 2249 718 2284 quod
745 2250 855 2278 sciebat
879 2253 913 2279 de

91 2287 194 2316 Judsais
210 2289 326 2317 devotis
340 2298 403 2318 esse
414 2293 618 2325 venturum,ut
630 2302 686 2320 non
697 2295 790 2322 tradat
800 2296 912 2324 animas

92 2331 270 2367 fidelium,ne
283 2333 420 2362 diabolus
436 2335 471 2362 ad
489 2344 542 2363 sua
558 2339 624 2364 vota
640 2338 915 2373 pcrvcniat.Bestias
932 2343 954 2374 υ

90 2376 183 2410 posuit
197 2376 351 2405 diabolum
367 2386 433 2406 cum
450 2379 603 2407 ministris.
616 2381 760 2417 Pauperes
776 2385 910 2420 sunt,qui

90 2428 118 2448 se
132 2421 167 2449 ad
183 2421 384 2450 humilitatem
406 2424 623 2453 sanctissimam
646 2425 691 2453 hic
715 2428 908 2462 contulerunt,

90 2466 119 2491 ut
133 2464 190 2492 illic
205 2465 313 2494 divites
329 2466 409 2494 ﬁant.

87 2509 117 2536 21
155 2510 265 2546 Respice
280 2512 312 2538 in
327 2513 517 2540 testamentum
532 2515 609 2541 tuum
627 2524 633 2542 :

154 2555 223 2587 Quia
238 2555 340 2591 repleti
351 2560 415 2583 sunt
430 2558 478 2592 qui
492 2558 628 2586 obscurati
651 2563 714 2586 sunt
730 2561 807 2587 terra;
821 2560 907 2588 domi-

187 2598 237 2627 bus
253 2600 446 2635 iniquitatum.

120 2641 139 2668 C
153 2642 410 2679 Rcspice,dixit,ut
418 2644 547 2681 digneris
554 2646 674 2682 implere
683 2656 745 2683 quin
753 2656 907 2684 cognosce-

88 2683 124 2713 ris
138 2688 203 2715 ante
217 2687 476 2724 promisisse,quia
492 2689 592 2726 repleti
604 2693 682 2725 sunt,
691 2691 907 2728 scilicetpecca-

87 2730 221 2767 ἴοι-εδ,ςυὶ
238 2732 412 2768 ignorantia:
425 2734 602 2762 obscuritate
618 2735 735 2763 dimersi
752 2739 905 2773 sunt,quo-

89 2773 161 2803 niam
184 2774 285 2804 lumen
316 2777 465 2813 sapientiae
489 2778 685 2814 perdiderunt.
704 2780 814 2815 Replcti
838 2784 906 2809 sunt

90 2820 180 2847 autem
196 2822 280 2848 terra:
294 2821 451 2850 domorum
469 2822 667 2859 iniquitatum,
685 2823 743 2851 sive
757 2826 838 2852 terrae
854 2826 905 2853 do-

93 2862 183 2892 mibus
206 2864 411 2901 iniquitatum,
437 2867 460 2894 A
483 2867 512 2895 id
537 2870 581 2895 est
606 2868 727 2897 terrenis
754 2869 905 2898 desideriis

989 342 1093 370 domus
1109 342 1186 371 enim
1203 344 1401 380 iniquitatum,
1418 345 1446 372 id
1470 347 1514 375 est
1535 346 1717 375 conscientia
1743 357 1806 377 ma-

988 386 1031 421 lae,
1048 387 1261 421 obscurw,sunt
1275 389 1397 417 terrenis
1412 390 1564 418 desideriis
1579 393 1608 418 et
1622 391 1735 427 repletis
1746 401 1806 421 ma~

987 430 1059 460 litia.

986 478 1021 504 22
1056 478 1094 505 Ne
1108 482 1247 506 avertatur
1261 479 1374 506 humilis
1388 480 1477 514 factus
1491 480 1618 515 confusus
1634 489 1640 507 :

1056 522 1164 557 Pauper
1177 526 1202 550 et
1219 524 1294 558 inops
1305 523 1457 551 laudabunt
1468 532 1565 553 nomen
1581 526 1667 551 tuum.

1021 565 1041 592 Ο
1057 565 1147 602 Rogat
1162 566 1304 602 Propheta
1319 575 1375 595 non
1392 567 1495 595 debere
1510 568 1648 595 confundi
1666 568 1803 602 humiles,

986 609 1035 645 qui
1050 610 1141 638 Deum
1153 611 1265 647 jugiter
1279 611 1413 645 laudant;
1430 620 1541 648 pauper
1553 612 1602 640 Dei
1625 612 1731 640 dicitur
1746 613 1803 648 hic,

985 655 1012 681 et
1027 653 1105 682 dives
1122 654 1218 682 saeculi
1235 658 1437 692 nuncupatur:
1455 656 1510 683 iste
1535 658 1579 684 est
1602 657 1678 692 regis
1693 658 1802 691 interni,

984 697 1031 725 ille
1043 699 1183 735 temporis
1200 699 1323 736 fugitivi.
1342 701 1396 728 Iste
1412 700 1461 728 Dei
1483 708 1603 736 pauper,
1619 703 1647 728 et
1671 709 1738 729 cum
1761 701 1802 729 vi-

984 742 1068 770 detur
1083 742 1176 777 silere,
1193 744 1284 771 Deum
1298 744 1415 778 laudat;
1432 744 1480 772 ille
1496 744 1575 773 dives
1591 745 1688 773 saeculi
1704 753 1804 781 super-

984 787 1048 820 bus,
1067 790 1165 816 mutus
1180 790 1225 815 est
1241 789 1373 824 quamvis
1388 789 1504 824 psallat.

983 832 1017 858 23
1053 833 1175 868 Exsurge
1188 833 1268 867 Deus,
1278 833 1386 868 judicia
1399 841 1510 861 causam
1522 837 1597 861 tuam
1613 842 1619 860 :

1053 876 1152 904 Memor
1166 879 1219 905 esto
1243 878 1470 913 improperiorum
1494 881 1602 905 tuorum
1624 886 1717 906 eorum
1740 887 1802 915 qua:

1089 921 1123 949 ab
1135 922 1279 957 insipiente
1292 926 1356 950 sunt
1371 924 1427 950 tota
1440 922 1493 950 die.

943 981 965 1012 B
1018 965 1041 993 II
1056 966 1194 1008 Exsurge,
1212 966 1298 999 Deus,
1311 967 1413 1012 judica
1426 966 1544 1012 causam
1559 975 1611 1012 pro
1627 966 1672 995 his
1690 966 1800 1012 impro-

982 1009 1079 1045 periis,
1096 1019 1159 1046 qua;
1175 1010 1217 1038 vel
1235 1012 1265 1038 tu
1282 1010 1448 1039 sustinuisti
1465 1019 1516 1047 pro
1543 1011 1637 1044 nobis,
1654 1011 1699 1038 vel
1723 1020 1801 1039 nunc

982 1054 1108 1082 Ecclesia
1122 1055 1371 1083 sustinet.Memor
1386 1057 1494 1088 esto,ut
1509 1055 1537 1083 in
1550 1055 1663 1090 judicio
1678 1055 1799 1084 confun-

982 1098 1098 1132 dantur,
1115 1099 1164 1135 qui
1191 1099 1242 1126 tibi
1264 1099 1307 1127 vel
1332 1099 1391 1127 tuis
1415 1097 1529 1136 semper
1552 1099 1798 1136 improperabant.

982 1142 1001 1170 C
1014 1143 1075 1177 Vel,
1092 1143 1169 1171 Deus
1181 1143 1294 1179 judicat
1318 1152 1436 1171 causam
1459 1152 1554 1177 suam,
1571 1144 1641 1171 dum
1669 1145 1799 1172 errantes

980 1189 1148 1215 convertens
1164 1188 1231 1215 facit
1246 1195 1372 1215 errorem
1394 1196 1480 1215 suum
1497 1196 1669 1224 cognoscere
1683 1190 1712 1215 et
1727 1188 1797 1216 illud

980 1232 1134 1267 prmdicare
1154 1232 1229 1268 quod
1253 1232 1335 1268 prius
1351 1232 1527 1260 abnuebant.
1544 1233 1576 1260 Et
1601 1233 1635 1260 ad
1658 1232 1796 1268 litteram,

980 1276 1094 1304 illorum
1110 1276 1352 1313 improperiorum
1369 1277 1602 1312 supradictorum
1619 1286 1626 1304 :
1651 1277 1716 1305 Jam
1739 1286 1795 1305 non

979 1323 1021 1349 est
1036 1321 1186 1357 propheta,
1204 1323 1269 1353 cte.,
1286 1329 1349 1357 quae
1365 1321 1401 1349 ab
1416 1321 1572 1357 insipiente
1594 1321 1699 1357 populo
1719 1321 1797 1349 dicta

979 1367 1057 1398 sunt,
1074 1373 1186 1392 memor
1200 1367 1272 1392 esto.

977 1410 1010 1437 24
1047 1411 1085 1437 Ne
1100 1410 1269 1437 obliviscaris
1284 1418 1357 1437 voces
1374 1410 1550 1437 inimicorum
1563 1412 1688 1438 tuorum:

1047 1454 1180 1490 Superbia
1202 1462 1295 1482 eorum
1318 1455 1366 1490 qui
1389 1457 1414 1482 te
1438 1454 1553 1482 oderunt
1583 1455 1703 1483 ascendit
1725 1462 1797 1483 sem-

1081 1507 1141 1534 per.

1011 1543 1031 1570 C
1046 1542 1086 1570 Ne
1101 1542 1302 1577 obliviscariis,
1320 1543 1432 1570 scilicet
1448 1543 1477 1570 in
1493 1543 1679 1571 damnatione
1693 1551 1795 1579 perpe-

978 1589 1036 1620 tua,
1051 1595 1137 1614 voces
1150 1587 1374 1615 obstinatorum.
1392 1587 1411 1615 Ο
1428 1587 1542 1623 Vel,qui
1558 1587 1587 1615 in
1603 1588 1795 1624 prmsentibus

977 1631 1122 1668 pressuris
1149 1633 1176 1659 te
1201 1630 1345 1664 invocant,
1366 1631 1553 1659 consolentur
1566 1634 1684 1668 propter
1699 1640 1793 1667 voces,

976 1675 1222 1711 persequentium.
1239 1676 1259 1703 Ω
1274 1675 1416 1712 Superbia
1431 1677 1475 1704 est
1489 1676 1577 1709 enim,
1596 1684 1684 1711 quam
1700 1676 1795 1704 Domi-

976 1728 1031 1748 nus
1047 1720 1238 1756 spiritualiter
1251 1720 1380 1756 odit,per
1393 1728 1481 1756 quam
1497 1722 1526 1747 et
1539 1720 1660 1756 angelus
1672 1719 1791 1754 corruit,

975 1766 1001 1792 et
1016 1764 1103 1801 primi
1119 1764 1247 1792 hominis
1268 1764 1416 1792 beatitudo
1440 1764 1583 1792 discessit.
1598 1764 1633 1792 Et
1656 1764 1710 1792 hoc
1725 1773 1792 1792 con-

974 1818 1044 1845 grue
1059 1809 1094 1836 de
1110 1809 1248 1836 Romanis
1264 1809 1434 1845 accipimus,
1450 1809 1499 1844 qui
1524 1808 1641 1845 superbi
1662 1808 1728 1837 elati
1744 1816 1792 1836 su-

974 1862 1025 1890 per
1039 1853 1180 1889 templum
1196 1853 1245 1881 Dei
1260 1853 1364 1881 vexilla
1378 1853 1527 1889 erigebant
1541 1855 1569 1880 et
1583 1852 1679 1889 ipsum
1693 1853 1792 1880 incen-

973 1899 1089 1927 derunt.

1197 1964 1297 1983 ORATIO
1317 1964 1351 1983 EX
1371 1964 1448 1983 PSAL.
1471 1963 1565 1983 LXXIII.

1007 2014 1122 2041 Creator
1135 2013 1267 2041 omnium
1283 2012 1503 2046 elementorum,
1517 2012 1648 2045 Domine,
1659 2014 1725 2040 ante
1740 2020 1791 2040 sm-

971 2057 1035 2085 cula
1050 2065 1099 2084 rex
1112 2059 1226 2090 aeterne,
1241 2059 1387 2085 memento
1412 2056 1509 2093 gregis
1534 2056 1588 2090 tui,
1609 2063 1695 2092 quem
1719 2056 1789 2083 eﬂ‘u-

971 2101 1050 2129 sione
1064 2100 1175 2128 cruoris
1190 2100 1298 2137 proprii
1322 2100 1471 2128 redemisti
1496 2101 1582 2136 atque
1603 2099 1736 2127 omnium
1762 2101 1789 2127 te

970 2145 1159 2181 quaerentium
1174 2153 1258 2172 voces
1272 2143 1622 2181 propitiatusexaudi.Per
1631 2143 1788 2173 Dominum

970 2191 1101 2217 nostrum
1114 2189 1226 2222 Jesum,
1243 2190 1297 2217 etc.

1224 2267 1388 2296 PSALMUS
1410 2268 1527 2296 LXXIV.

1174 2329 1348 2349 ARGUMENTU
1352 2329 1372 2348 M
1393 2329 1443 2349 PSA
1447 2330 1471 2348 Ι..
1493 2330 1583 2349 LXXIV.

1002 2385 1023 2413 Ο
1038 2386 1098 2412 Vox
1114 2383 1243 2412 fidelium
1258 2383 1437 2417 Judazorum,
1453 2382 1503 2419 qui
1518 2383 1626 2411 Christi
1642 2383 1786 2411 mirabilia

966 2437 1084 2457 narrare
1099 2436 1129 2457 se
1145 2428 1328 2464 proﬁtentur,
1344 2429 1373 2456 et
1396 2428 1432 2455 de
1456 2427 1563 2455 Christi
1589 2427 1685 2455 futuro
1705 2427 1785 2463 judi-

1047 2519 1078 2544 ln
1103 2517 1185 2553 ﬁnem
1212 2525 1246 2545 ne
1273 2525 1440 2553 corrumpas.
1464 2517 1589 2545 Psalmus
1611 2516 1700 2553 Asaph
1722 2524 1785 2545 can-

998 2608 1017 2634 C
1031 2566 1128 2642 Asiiiih
1143 2614 1283 2643 synagoga
1298 2605 1513 2642 interpretatur,
1523 2606 1551 2634 id
1568 2607 1612 2634 est
1626 2614 1782 2643 congrega-

963 2651 1002 2679 tio
1018 2660 1081 2687 quaz
1094 2659 1127 2679 ex
1139 2651 1248 2678 Judaais
1264 2650 1396 2686 credidit,
1409 2658 1467 2678 non
1483 2659 1548 2687 quas
1563 2650 1708 2678 obstinata
1721 2659 1783 2686 per-

962 2695 1080 2723 mansit.
1098 2695 1154 2723 Iste
1169 2695 1266 2731 Asaph
1283 2694 1330 2722 hic
1344 2695 1483 2723 admonet
1506 2694 1646 2731 populum
1669 2695 1782 2722 Judan-

962 2747 1027 2767 rum
1043 2747 1079 2767 ne
1095 2739 1180 2767 ﬁdem
1194 2747 1279 2767 suam
1294 2741 1462 2775 corrumpat
1476 2739 1505 2767 in
1522 2739 1620 2771 ﬁnem,
1636 2738 1664 2766 id
1690 2740 1734 2766 est
1749 2738 1778 2765 in

961 2783 1118 2812 Christum.
1149 2783 1298 2812 Psalmum
1326 2792 1392 2811 vero
1421 2783 1525 2811 cantici
1549 2783 1676 2810 diximus
1704 2790 1776 2812 esse,

961 2836 1027 2855 cum
1043 2836 1089 2856 res
1105 2827 1232 2856 actuales
1247 2827 1392 2863 spirituali
1408 2826 1650 2862 contemplatione
1673 2825 1777 2852 discer-

961 2872 1069 2900 nimus.
