4822 6436
452 436 627 537 ίίίεί

2071 464 2300 535 ACTA.

3730 430 3886 544 1452

474 608 532 663 et
553 600 811 680 proximo
830 621 1000 661 sexus
1028 604 1269 661 diversa:
1297 604 1481 661 (etatis
1505 610 1744 678 uterque
1764 604 1875 661 huc
1896 605 2115 672 venire,
2147 606 2199 672 Α
2237 605 2596 674 iniquorum,
2615 606 2767 670 Octo,
2795 620 2928 661 eum
2947 604 3344 677 occideretur;
3368 606 3566 666 decem
3586 624 3719 667 vero
3741 626 3895 673 men.

473 701 531 751 et
564 702 822 751 nostram
860 696 1054 761 tidem,
1086 702 1537 767 nostrorumque
1562 697 1917 767 impietatem
1952 714 2126 748 a3mu-

471 784 663 840 lorum
742 784 1037 839 evidenter
1084 785 1267 856 possit
1334 785 1731 856 contemplari.
1784 784 2126 839 Clamabant

472 878 634 939 tunc,
670 873 835 928 nobis
869 875 1267 937 audientibus,
1296 876 1363 929 ad
1396 874 1561 928 illum
1597 873 1901 937 daemonia,
1929 874 2124 927 dicen-

470 964 578 1019 tia:
601 965 746 1028 Quid
763 968 961 1017 contra
986 982 1089 1017 nos
1116 963 1333 1017 latras‘.’
1347 963 1467 1018 Non
1488 968 1651 1035 potes
1674 966 1898 1016 tantum
1915 962 2125 1015 latrare

469 1059 535 1108 ut
568 1056 619 1107 te
653 1070 763 1107 non
796 1051 1077 1106 faciamus
1114 1053 1469 1113 interimere,
1496 1052 1647 1105 sicut
1682 1058 1848 1105 tuum
1883 1050 2126 1104 fecimus

467 1144 716 1205 socium,
750 1146 805 1195 et
838 1148 897 1195 ut
932 1142 1175 1213 pingues
1200 1146 1255 1195 ct
1292 1142 1473 1213 iniqui
1508 1139 1786 1211 episcopi,
1812 1140 2050 1193 abbates
2073 1142 2127 1193 et

468 1230 787 1302 presbyteri
825 1248 935 1283 non
976 1232 1091 1283 sint
1133 1231 1339 1283 nostri.

536 1320 625 1376 78.
665 1321 720 1373 ln
756 1318 847 1372 his
881 1318 1115 1389 quidem
1149 1318 1354 1371 dii-lius
1392 1318 1606 1372 ibidem
1642 1318 1899 1388 undique
1931 1316 2126 1369 venie-

468 1409 567 1463 bat
608 1410 860 1463 maxima
914 1408 1250 1471 multitudo,
1288 1408 1540 1480 plurima
1589 1426 1829 1462 muni-ra
1879 1408 2125 1461 offerens

469 1499 694 1571 Corpori
726 1504 946 1563 sancto,
982 1498 1197 1569 quibus
1231 1499 1297 1550 ad
1333 1516 1466 1552 eum
1496 1498 1843 1551 intuendum
1883 1496 1968 1549 fas
2004 1500 2125 1549 erat

470 1604 573 1659 per
602 1588 724 1642 dies
752 1606 763 1651 ;
790 1606 890 1659 per
914 1593 1109 1640 noctes
1133 1604 1262 1641 vero
1287 1585 1652 1649 clericiirum,
1682 1585 2126 1640 monachorum-

469 1693 582 1749 que
612 1676 879 1731 veniebat
913 1675 1167 1729 maxima
1200 1675 1539 1743 multitudo,
1573 1693 1785 1747 easque
1821 1674 2122 1746 pervigiles

467 1765 713 1821 ducebat
750 1764 1070 1837 psallendo.
1112 1769 1168 1818 ln
1220 1783 1335 1819 una
1367 1770 1559 1818 autem
1597 1765 1802 1818 harum
1839 1766 2121 1827 noctium,

470 1856 685 1910 timens
733 1854 895 1908 valde
927 1871 995 1907 ne
1031 1855 1171 1907 forte
1220 1855 1290 1907 ad
1326 1855 1701 1925 opprobrium
1738 1854 1950 1907 Christi
2000 1870 2120 1907 ser-

466 1959 787 2015 vorumque
823 1944 1007 2017 ipsius
1042 1943 1117 1996 ibi
1155 1962 1252 2015 per
1278 1948 1545 1998 mstivum
1599 1950 1831 2014 tempus
1869 1944 1967 1997 diu
2002 1961 2123 2014 per-

469 2052 715 2088 manens
751 2033 970 2093 feteret.
997 2038 1301 2104 assumpto
1324 2033 1779 2105 lumine,paucis
1803 2033 2121 2087 admodum

468 2122 866 2195 vigilantibus,
888 2123 954 2176 ad
985 2122 1174 2194 ipsum
1210 2122 1451 2185 accessi,
1479 2128 1533 2176 et
1569 2127 1796 2192 reperto
1820 2122 2122 2188 foramine,

468 2214 620 2285 quod
667 2213 793 2283 ejus
843 2230 1159 2281 germanus
1216 2210 1323 2281 ipsi
1383 2212 1490 2265 sub
1526 2210 1739 2265 ascella
1790 2211 2018 2273 fecerat,
2056 2214 2117 2264 ut

467 2303 637 2357 sciret
671 2301 922 2373 qualiter
954 2300 1110 2354 illius
1159 2300 1512 2353 haberentur
1547 2299 1842 2361 interiora,
1879 2299 2120 2353 interius

474 2390 776 2463 prospexi;
813 2394 867 2442 et
900 2406 1027 2441 ecce
1064 2390 1189 2458 ejus
1236 2396 1364 2443 exta
1397 2394 1459 2442 ut
1494 2389 1589 2442 nix
1619 2394 1783 2443 erant
1832 2388 2118 2453 candida;

458 2483 628 2551 jecur
653 2497 785 2534 vero
819 2497 1029 2532 a‘rcum
1068 2479 1314 2532 habebat
1338 2479 1749 2541 Colorcm.Qua:
1776 2494 1907 2531 cum
1943 2478 2118 2531 intro-

469 2569 666 2624 missis
714 2568 942 2621 duobus
976 2568 1174 2641 digitis
1228 2569 1552 2641 tetigissem
1587 2574 1641 2622 et
1684 2568 2117 2633 confricassem,

466 2676 680 2729 eisque
716 2662 991 2712 retractos
1025 2657 1264 2711 naribus
1298 2658 1725 2730 apposuisscm,
1760 2663 1943 2711 testor
1973 2656 2118 2711 veri-

468 2753 666 2813 tatem,
702 2765 826 2819 qum
861 2746 1010 2800 Deus
1054 2752 1160 2811 est,
1198 2752 1417 2801 tantam
1456 2747 1743 2819 talemque
1777 2746 1970 2801 odoris
2006 2747 2116 2800 fra-

461 2838 753 2911 grantiam
806 2855 869 2889 cx
909 2837 1047 2907 ipsis
1096 2836 1293 2905 digitis
1345 2855 1615 2890 emanare
1670 2837 1846 2903 sensi,
1882 2836 2113 2906 qualem

460 2930 841 2999 quamtumve
862 2944 1165 2996 nunquam
1197 2944 1284 2979 me
1307 2927 1442 2980 alibi
1470 2928 1725 2981 sensisse
1753 2926 2108 2980 reminiscor.

464 3017 525 3071 Et
559 3017 709 3071 sicut
742 3034 867 3070 mea
898 3016 1253 3069 conscientia
1300 3020 1437 3069 tunc
1474 3016 1822 3080 testabatur,
1853 3020 1909 3069 et
1960 3031 2114 3068 nunc

458 3111 726 3167 testatur.
761 3107 807 3159 si
844 3105 951 3176 ipsi
986 3105 1149 3173 digiti
1186 3105 1363 3169 gladii
1423 3106 1508 3159 bis
1543 3105 1697 3159 acuti
1734 3122 1977 3158 acumen
2014 3104 2113 3158 ha-

458 3194 748 3259 buissent,
782 3210 951 3248 nares
984 3194 1205 3264 absque
1238 3194 1471 3247 vulnere
1512 3194 1669 3246 nullo
1706 3194 1876 3247 modo
1910 3193 2112 3247 evade-

460 3288 609 3349 rent,
642 3284 779 3357 quia
809 3283 1004 3338 odoris
1052 3284 1308 3337 suavitas
1342 3289 1457 3337 tam
1492 3290 1613 3337 erat
1662 3282 2017 3337 delectabilis
2052 3286 2113 3335 ut

2154 1988 2201 2053 B

2237 712 2327 749 ses
2353 698 2403 748 in
2436 696 2723 765 profundo
2747 695 2856 750 laci
2882 695 3451 767 incolumisjacuit:
3478 699 3680 756 decem
3706 705 3898 758 autem

2239 783 2484 838 milliara
2536 784 2702 839 illum
2754 786 2921 840 nobis
2968 786 3385 856 proximiorem
3437 787 3600 844 lacus
3633 791 3894 861 projecit,

2238 890 2410 943 quam
2436 873 2743 945 acceperit.
2762 874 2867 929 Per
2888 875 3204 931 diesetiam
3224 876 3423 931 decem
3445 876 3679 933 (estivos
3700 878 3894 950 ipsum

2238 962 2294 1016 in
2326 962 2627 1017 ecclesiam
2662 964 2720 1017 S.
2754 964 3064 1033 Ambrosii,
3097 965 3435 1021 videntibus
3459 968 3715 1037 cunctis,
3740 968 3897 1026 Chri-

2238 1057 2362 1106 stus
2394 1052 2775 1115 conservavit,
2819 1052 2985 1123 eique
3026 1058 3155 1125 post
3184 1054 3302 1109 haec
3333 1055 3559 1111 decimo
3592 1074 3749 1114 anno
3780 1059 3892 1131 (56)

2240 1140 2715 1195 llcrlembaldum
2750 1142 2975 1196 ﬁdelem
3012 1142 3234 1197 socium
3267 1144 3592 1217 associavit)
3628 1150 3693 1201 ut
3722 1162 3889 1203 vera-

2236 1231 2376 1284 citer
2408 1232 2601 1296 credo)
2638 1232 2691 1285 in
2722 1248 2897 1299 regno
2930 1232 3227 1299 cmlorum,
3262 1239 3629 1306 peremptum
3662 1235 3889 1293 scilicet

2238 1336 2338 1389 per
2367 1320 2709 1373 earumdem
2743 1336 2951 1373 manus
3006 1321 3360 1392 iniquorum.
3397 1324 3457 1377 In
3488 1341 3604 1394 quo
3654 1324 3883 1391 decimo

2238 1425 2389 1462 anno
2420 1409 2537 1462 hrec
2572 1409 2789 1479 scripta
2820 1414 2976 1474 sunt,
3010 1411 3077 1464 ad
3110 1410 3342 1466 tandem
3377 1412 3588 1467 Christi
3635 1414 3881 1487 ejusque

2241 1497 2441 1552 famuli
2492 1495 2733 1551 Arialdi.
2772 1503 2981 1553 Passus
3034 1515 3168 1571 ergo
3214 1505 3302 1554 est
3344 1501 3552 1557 beatus
3601 1502 3797 1560 Levila
3825 1508 3884 1561 et

2239 1592 2455 1659 martyr
2477 1588 2691 1641 Christi
2725 1586 2999 1641 Arialdus
3021 1587 3226 1659 quinto
3258 1590 3368 1661 (57)
3392 1589 3679 1659 Kalendas
3698 1592 3884 1659 Junii,

2236 1694 2386 1731 anno
2410 1678 2479 1730 ab
2510 1677 2915 1730 Incarnatione
2940 1677 3166 1731 Domini
3191 1677 3505 1734 millesimo
3533 1681 3888 1753 sexagesimo

2235 1771 2413 1829 sexto,
2467 1765 2812 1837 priesidente
2863 1764 2986 1819 sedi
3043 1766 3374 1837 apostolica:
3426 1770 3682 1825 secundo
3740 1787 3889 1842 papa

2232 1855 2575 1920 Alexandro,
2616 1858 2891 1925 regnante
2943 1854 3187 1909 Domino
3244 1860 3443 1912 nostro
3472 1856 3612 1912 Jesu
3660 1857 3888 1915 Christo

2233 1961 2363 1998 cum
2399 1945 2562 2000 Patre
2594 1949 2651 1998 et
2682 1943 2899 2014 Spiritu
2928 1950 3129 1999 sancto
3163 1961 3265 2015 per
3295 1945 3494 2001 omnia
3527 1946 3737 2004 saecula
3776 1963 3884 2003 sm-

2234 2033 2520 2088 culorum.
2554 2040 2759 2088 Amen.

2876 2176 3111 2231 CAPUT
3148 2176 3236 2232 IX.

2233 2284 2515 2354 .-tppcndi.r
2574 2285 2885 2358 litterarum
2942 2288 3178 2339 audens
3234 2284 3303 2339 ad
3360 2286 3581 2356 Syrum,
3632 2278 3880 2358 priorem

2300 2359 2617 2480 scriptoqem
2655 2373 2673 2415 ,'
2721 2360 2770 2410 ci
2821 2356 2981 2426 hujus
3029 2357 3098 2410 ad
3152 2358 3329 2423 illum,
3384 2374 3509 2413 cum
3555 2356 3880 2430 quibusdam

2302 2445 2509 2480 mzracu
2546 2444 2609 2480 is.

2302 2445 2509 2481 mzracu
2521 2444 2533 2480 ι
2546 2444 2609 2481 ιδ.

2301 2572 2389 2624 ut.
2425 2570 2597 2639 Svao,
2631 2570 2957 2624 venerando
2980 2574 3035 2625 et
3068 2570 3219 2625 fideli
3251 2571 3560 2637 sacerdoti,
3588 2576 3883 2645 Axpams.

2302 2663 2547 2725 Legente
2597 2676 2689 2713 me
2721 2659 2859 2711 olim
2908 2676 2995 2727 ea,
3030 2676 3155 2729 quze
3188 2676 3321 2714 cum
3354 2660 3509 2715 socio
3551 2661 3882 2717 Herimbar-

2228 2752 2283 2801 to
2318 2750 2425 2815 [ξῧίιὶρ
2458 2748 2527 2801 de
2578 2746 2889 2801 venerabili
2921 2748 3154 2802 Arialdo
3206 2747 3514 2820 scripsisti,
3545 2751 3729 2821 reperi
3778 2767 3880 2807 vos

2227 2836 2413 2890 multa
2446 2835 2769 2906 prmterisse
2796 2853 2918 2906 qua:
2943 2836 3053 2889 diei
3081 2841 3323 2908 oportet.
3356 2837 3517 2893 Unde
3545 2837 3760 2895 factum
3786 2846 3875 2896 est

2226 2932 2309 2989 ut,
2337 2926 2581 2995 jubente
2620 2925 2799 2980 beatcc
2834 2925 3128 2981 memoria:
3178 2926 3485 2998 Rodulpho
3536 2928 3704 2983 Patre
3736 2928 3872 3000 (59),

2225 3017 2395 3083 cujus
2418 3014 2753 3083 animajam
2779 3032 2911 3069 cum
2936 3015 3166 3070 Christo
3188 3017 3425 3087 gaudet,
3450 3016 3638 3072 multa
3657 3022 3780 3073 tam
3807 3018 3876 3073 de

2225 3104 2319 3159 bis
2370 3122 2495 3176 qua:
2545 3105 2795 3159 omisitis
2846 3121 3028 3175 quam
3077 3122 3205 3176 qua)
3251 3105 3504 3172 dixistis,
3556 3105 3879 3179 exprimam

2225 3200 2474 3248 conatus
2504 3194 2614 3248 sim
2644 3210 2657 3258 ;
2692 3210 2818 3265 qua:
2841 3194 2913 3248 ad
2948 3199 3003 3248 te
3027 3193 3286 3262 mittens,
3311 3191 3551 3250 obsecro
3574 3212 3675 3267 per
3694 3196 3879 3252 chari-

2226 3287 2424 3349 tatem,
2447 3287 2509 3336 ut
2538 3282 2847 3353 diligenter
2873 3283 3172 3354 inspicias,
3194 3287 3267 3349 et,
3303 3283 3352 3338 si
3370 3300 3502 3339 vera
3525 3288 3681 3349 sunt,
3710 3284 3875 3341 testi-

458 3390 630 3427 nares
661 3373 1007 3427 valentiores
1039 3378 1233 3425 essent
1258 3374 1326 3426 ad
1359 3373 1678 3427 odoriferos
1711 3372 1923 3440 digitos
1958 3371 2112 3425 intra
2142 3361 2184 3427 C
2224 3374 2485 3426 monium
2520 3372 2689 3426 feras.
2726 3372 2870 3427 Nam
2900 3372 3055 3427 sicut
3083 3373 3274 3443 ipsum
3307 3372 3503 3438 habui,
3541 3377 3606 3427 ut
3635 3371 3756 3428 haec
3787 3373 3871 3429 fa-

456 3480 520 3519 se
553 3460 963 3517 attrahendum
1011 3480 1185 3533 quam
1221 3462 1441 3515 brachii
1475 3460 1660 3516 virtus
1709 3462 1777 3515 ad
1812 3460 2108 3515 retrahen-

455 3552 601 3607 dum
630 3569 798 3619 ;nam
823 3551 1201 3622 quamplures
1224 3551 1367 3614 dies,
1398 3556 1455 3604 ut
1480 3550 1579 3604 diu
1606 3550 1920 3605 delectarer
1943 3555 2106 3603 tanto

456 3642 659 3707 odore,
691 3659 755 3696 eo
788 3642 858 3695 ab
892 3641 1048 3695 omni
1082 3641 1365 3695 custodivi
1398 3640 1644 3711 liquore.

529 3732 616 3784 70.
650 3732 1009 3803 Congrcgata
1064 3731 1240 3801 igitur
1270 3734 1357 3783 est
1408 3731 1642 3791 iterum,
1680 3731 1733 3783 in
1769 3730 1859 3783 die
1905 3734 2107 3783 sancto

454 3819 847 3885 Pentecostes,
884 3824 1043 3873 tanta
1084 3821 1343 3873 vivorum
1398 3836 1461 3873 ac
1509 3818 1821 3873 mulierum
1872 3819 2108 3873 diversa:

450 3908 641 3965 {etatis
673 3908 990 3964 multitudo
1022 3908 1090 3961 de
1127 3909 1387 3979 proximo
1424 3912 1480 3961 et
1526 3907 1843 3979 longinquo
1876 3913 1937 3961 ut
1969 3925 2113 3962 nun-

449 4017 632 4072 quam
667 4016 728 4055 se
780 4004 1002 4053 tantam
1038 3998 1249 4052 vidisse
1300 3998 1478 4052 etiam
1514 4015 1681 4051 senes
1730 3998 2021 4063 dicerent;
2056 4003 2111 4051 et

446 4088 535 4143 sic
564 4105 695 4142 eum
725 4105 937 4157 magna
958 4086 1141 4159 gloria
1165 4087 1452 4157 laudeque
1486 4086 1785 4151 ineli‘abili,
1810 4088 1881 4141 ad
1909 4104 2109 4141 mona-

446 4177 697 4233 sterium
728 4177 959 4232 delatus
1007 4182 1094 4232 est
1126 4178 1184 4231 S.
1220 4176 1387 4232 Celsi.
1426 4177 1507 4231 Ibi
1544 4175 1597 4230 iu
1646 4176 1836 4230 locum
1871 4175 2110 4230 mirabi-

444 4266 582 4322 liter
635 4272 837 4338 aptum
891 4267 1141 4321 traditus
1184 4272 1275 4322 est
1329 4265 1989 4337 sepulturaz,siquidcm
2044 4282 2112 4320 ex

444 4374 571 4412 una
605 4360 765 4429 parte
797 4356 971 4411 habet
1003 4355 1331 4417 ecclesiam.
1365 4356 1422 4410 in
1456 4374 1571 4426 qua
1602 4359 1655 4408 S.
1691 4355 1843 4409 Celsi
1880 4372 2113 4409 venera-

450 4444 573 4500 bile
624 4463 776 4500 nunc
809 4446 1085 4500 adoratur
1133 4462 1388 4517 Corpus;
1424 4460 1491 4497 ex
1540 4444 1719 4498 altera
1748 4461 1881 4499 vero
1932 4444 2111 4499 eccle-

449 4535 608 4590 siam
662 4536 792 4604 (55).
830 4535 926 4589 ubi
978 4534 1274 4606 quondam
1332 4536 1417 4604 (ut
1470 4533 1671 4603 fertur)
1722 4534 1820 4587 diu
1874 4538 2113 4588 sanctus

444 4622 727 4696 perlatuit
750 4622 1047 4678 Nazarius.
1086 4623 1301 4677 E\hinc
1328 4621 1540 4693 quippe
1577 4622 1651 4675 ibi
1680 4640 1713 4676 ει
1737 4622 1940 4677 multis
1974 4623 2113 4677 lide-

2220 3478 2429 3527 cerem,
2484 3465 2915 3531 praeceptorem,
2947 3461 3031 3515 sic
3079 3465 3132 3515 te
3182 3460 3393 3516 habere
3438 3460 3587 3526 volo,
3622 3465 3687 3516 ut
3730 3478 3869 3518 vera

2219 3552 2358 3615 sint,
2392 3555 2763 3613 assertorem,
2796 3554 3088 3620 quatenus
3119 3549 3166 3605 si
3199 3550 3335 3621 jure
3366 3566 3467 3621 pro
3500 3549 3719 3606 inculto
3752 3568 3869 3607 ser-

2220 3656 2390 3695 mone
2416 3640 2543 3709 cjus
2576 3636 2902 3709 putredinis
2932 3642 2989 3692 et
3019 3639 3230 3694 vermis
3251 3636 3350 3709 qui
3371 3640 3706 3711 composuit
3725 3657 3869 3696 con-

2221 3730 2521 3795 temnitur,
2552 3744 2654 3799 pro
2687 3728 3009 3783 reverentia
3040 3727 3290 3783 duorum
3314 3732 3653 3784 sanctorum
3686 3747 3871 3786 sacer-

2219 3819 2354 3872 dotu
2367 3836 2443 3883 m,
2466 3817 2641 3870 unius
2660 3815 3068 3887 prmcipientis,
3084 3816 3325 3872 alterius
3340 3820 3677 3884 asserentis,
3693 3818 3874 3875 susci-

2221 3907 2434 3978 piatur.
2467 3904 2550 3959 Tu
2606 3904 2764 3959 enim
2817 3908 2981 3960 tanto
3035 3910 3294 3977 tempore
3343 3906 3473 3977 ejus
3522 3923 3650 3962 esse
3694 3907 3873 3961 frater

2222 3994 2529 4049 familiaris
2575 3993 2863 4059 meruisti,
2893 3998 2957 4049 ut
3001 4012 3147 4065 pene
3196 3995 3334 4066 quid
3384 3995 3455 4051 de
3503 4012 3570 4051 eo
3624 3994 3871 4051 dixerim

2222 4085 2454 4157 proprio
2489 4082 2703 4137 intuitu
2736 4082 3057 4154 inspiceres
3086 4102 3099 4153 ;
3129 4084 3266 4151 imo,
3299 4084 3437 4156 quia
3484 4085 3757 4140 sacerdos
3786 4101 3870 4153 es,

2222 4172 2453 4228 mentiri
2488 4190 2601 4226 non
2632 4172 2811 4239 vales,
2846 4172 3095 4244 ideoque
3140 4174 3315 4245 digne
3337 4174 3615 4245 justeque
3643 4177 3700 4229 te
3730 4171 3877 4244 elegi

2222 4264 2339 4318 fore
2372 4267 2577 4317 testem
2610 4261 2792 4331 hujus
2824 4261 2926 4317 rei.

2292 4354 2381 4406 8‘2.
2433 4352 2764 4405 Pnssurrsn
2813 4350 3019 4422 Syrus,
3068 4354 3325 4407 Asnam:
3372 4352 3586 4408 Christi
3636 4349 3876 4408 famulo.

2295 4440 2491 4506 Miror,
2524 4439 2893 4507 charissime,
2930 4441 3087 4511 quod
3142 4441 3214 4495 de
3246 4441 3362 4497 illis
3393 4442 3655 4513 requiras
3706 4442 3881 4497 rebus

2224 4530 2410 4584 multa
2442 4528 2625 4583 millia
2664 4530 2945 4597 fidelium,
2982 4530 3082 4585 sed
3116 4530 3293 4585 etiam
3346 4528 3694 4585 infidelium.
3728 4531 3798 4584 Et
3828 4528 3878 4584 si

2223 4620 2446 4674 nullius
2507 4622 2838 4690 superesset
2862 4618 3012 4673 alius
3044 4618 3144 4690 qui
3176 4619 3383 4674 harum
3404 4635 3596 4674 rerum
3629 4619 3877 4674 existere

444 4712 608 4767 libus
642 4712 917 4768 aduratur
946 4718 1001 4767 et
1031 4712 1262 4780 colitur,
1288 4713 1358 4765 ab
1392 4711 1730 4766 inﬁdelibus
1764 4716 1983 4777 autem,
2012 4729 2113 4766 nec
2148 4738 2192 4803 D
2226 4714 2421 4782 posset
2448 4709 2618 4763 testis
2650 4708 2915 4771 idoneus,
2950 4708 3082 4779 quis
3117 4712 3233 4763 tam
3265 4724 3463 4763 vecors
3498 4707 3876 4775 inveniretur,

441 4800 721 4857 Christus
745 4803 1149 4857 universorum
1176 4801 1477 4861 Dominus.
1502 4818 1605 4855 nec
1632 4800 1903 4855 Arialdus
1930 4801 2114 4873 ipsius

448 4890 741 4947 famulus.

524 4980 615 5035 80.
650 4980 857 5036 Decem
910 4979 1090 5052 igitur
1120 4998 1306 5034 annos
1338 4980 1544 5034 beatus
1578 4978 1770 5035 Levita
1800 4984 1855 5035 et
1903 4984 2120 5052 martyr

448 5067 732 5126 Arialdus
763 5069 947 5135 duxit,
984 5087 1084 5141 pro
1117 5069 1329 5123 Christi
1368 5067 1490 5139 lege
1524 5067 1768 5123 viriliter
1799 5070 2115 5135 certando;

450 5160 658 5215 decem
693 5159 959 5214 membra
987 5159 1177 5213 eidem
1214 5162 1341 5229 post
1374 5158 1492 5210 haec
1533 5174 1633 5228 per
1667 5174 1877 5212 manus
1909 5157 2123 5213 obtulit
2152 5142 2159 5149 ’

533 5284 649 5353 (55)
681 5307 707 5333 «ι
742 5283 981 5338 Parvam
1021 5307 1040 5330 -
1080 5281 1227 5336 hanc
1279 5285 1453 5353 vocat
1499 5281 1838 5348 Landulfus,
1873 5283 2120 5339 dictam-

459 5352 576 5429 que
608 5356 712 5429 ait,
744 5380 771 5405 ‹ι
805 5356 1109 5429 ecclesiam
1143 5356 1199 5429 S_.
1234 5352 1460 5407 Nazarii
1495 5354 1551 5429 in
1586 5371 1809 5429 campo.
1842 5375 1869 5401 ››

537 5426 650 5497 ςῦὓ)
699 5429 894 5481 Annos
942 5426 1326 5497 incompletos
1380 5426 1556 5491 sumi,
1589 5431 1645 5480 et
1677 5424 2119 5482 «fllerlembal-

455 5496 604 5555 dum
636 5496 669 5547 ⁷‹‹
708 5516 920 5554 cmsum
954 5514 1081 5554 esse
1113 5515 1265 5551 anno
1305 5498 1455 5561 1075,
1490 5498 1641 5551 infra
1673 5496 1909 5551 docebo.

534 5572 647 5641 (57)
683 5592 710 5619 ι(
761 5572 976 5635 Quarto
1039 5593 1064 5617 η
1123 5569 1433 5639 legendum
1496 5574 1693 5623 censet
1750 5569 2115 5637 Puricellus;

455 5642 730 5724 agnoscit
778 5640 1177 5724 tamen_ctiam
1214 5642 1289 5724 in.
1322 5641 1504 5695 altera
1561 5641 1689 5724 Vita
1719 5640 1954 5724 etalibi
2006 5641 2117 5724 legi

453 5712 723 5787 (quinto
752 5730 764 5779 ;
794 5738 821 5763 ››
849 5715 1003 5787 quod
1030 5713 1400 5787 retinendum
1431 5728 1613 5784 supra
1633 5712 1826 5771 docui.
1857 5713 2015 5773 Idem
2037 5712 2119 5787 ait

447 5784 588 5855 esse
621 5785 724 5861 qui
754 5784 995 5849 teneant
1042 5786 1113 5842 29
1140 5784 1302 5844 Junii
1354 5788 1649 5845 mortuum
1690 5788 1978 5863 sanctum,
2012 5786 2115 5845 sed

785 5915 1056 5991 Pauor.
1099 5911 1362 6003 CXLIII,

2225 4800 2323 4873 qui
2375 4799 2591 4853 diceret
2642 4802 2697 4852 te
2750 4797 3056 4869 scripsisse
3108 4796 3297 4853 falsa?
3339 4797 3396 4852 Si
3448 4797 3621 4852 sciret
3652 4799 3706 4851 te
3750 4795 3877 4857 ideo

2228 4888 2537 4960 reliquisse
2570 4886 2871 4953 saeculum,
2904 4891 2969 4941 ut
3000 4904 3114 4942 non
3140 4886 3328 4942 solum
3361 4903 3395 4941 a
3423 4886 3615 4941 verbis
3644 4902 3881 4951 vacares

2229 4978 2634 5042 mendacibus,
2669 4977 2768 5031 sed
2804 4976 2980 5031 etiam
3012 4977 3083 5032 ab
3116 4976 3342 5044 otiosis,
3373 4974 3700 5049 praesertim
3749 4991 3884 5049 cum

2232 5085 2346 5122 non
2371 5066 2560 5121 civilia
2583 5066 2935 5121 monasteria
2957 5064 3334 5121 etdissolutia
3358 5065 3577 5138 petisti,
3595 5065 3696 5121 sed
3713 5066 3888 5121 famo-

2231 5174 2364 5212 sum
2414 5161 2470 5211 et
2509 5155 2730 5210 celebre
2777 5153 3249 5209 Vallisumbrosze
3295 5153 3652 5223 ccenobium,
3685 5154 3888 5210 itinere

2232 5282 2440 5337 merito
2473 5278 2740 5352 praevalet
2772 5279 3093 5335 auctoritas
3125 5279 3435 5352 utriusque
3464 5279 3626 5336 Vitae.

2302 5357 2413 5423 (5:5)
2441 5347 2727 5407 Credibile
2758 5357 2845 5406 est
2867 5352 3022 5406 hunc
3054 5368 3287 5423 quoque
3320 5347 3502 5407 fuisse
3531 5347 3876 5411 monachum

2229 5426 2809 5488 Vallumbrosanum,
2842 5439 2947 5477 nec
2980 5440 3098 5479 non
3130 5425 3447 5495 ipsummet
3480 5424 3708 5495 Syrum.
3755 5481 3789 5495 _,

2302 5498 2414 5568 (59)
2444 5496 2537 5568 Ad
2555 5498 2700 5568 Acta
2744 5495 2805 5548 Β.
2840 5495 3109 5559 Andrem,
3146 5488 3210 5549 {0
3243 5494 3453 5568 Martii,
3486 5488 3600 5548 dixi
3653 5488 3875 5546 Rodul-

2230 5566 2413 5641 phum
2448 5566 2666 5641 ohiisse
2696 5568 2986 5641 amplOiS,
3027 5568 3090 5641 1?
3124 5566 3484 5622 Novembris.

2300 5642 2412 5712 (430‘)
2447 5639 2567 5712 Imo
2595 5638 2929 5712 cst_unicus
2962 5633 3152 5712 socius
3182 5642 3546 5710 assumptus,
3580 5634 3651 5693 ad
3678 5633 3879 5709 fugam

2229 5709 2472 5771 ab'urbe
2502 5709 2818 5767 iucundam
2854 5710 3027 5788 paulo
3058 5715 3187 5773 ante
3216 5709 3487 5769 mortem.

3488 5910 3569 5995 η,
