4822 6450
1285 373 1440 462 1483

2391 377 2502 438 SS.
2547 375 2861 439 ABIALDI
2905 379 3004 438 ET
3047 375 3548 439 ERLEMBALDI

4527 363 4728 428 ηδε

1282 507 1510 564 dierum
1556 507 1814 580 quinque
1862 525 1894 564 a
1923 508 2170 564 naturali
2199 509 2320 564 solo
2365 515 2648 564 semotum
2673 511 2698 564 ?
2731 512 2902 566 Porro
2931 511 2986 576 Α
3013 511 3185 566 etiam
3199 515 3264 565 ut
3283 508 3746 566 semeltransiret
3762 523 3862 579 per
3883 499 4134 579 plateam
4153 503 4730 578 quamdamjuxta

1283 596 1354 651 de
1383 597 1543 652 obitu
1575 597 1700 668 ejus
1731 597 1880 652 clam
1931 603 2157 668 peracto
2189 597 2318 668 quis
2349 601 2403 654 te
2451 598 2658 654 certior
2687 599 2897 668 existit,

1284 685 1386 755 qui
1415 701 1519 757 pro
1549 685 1656 740 hoc
1679 685 1879 740 mortis
1911 685 2161 756 periculo
2193 691 2280 740 ter
2303 691 2358 741 te
2390 688 2596 742 dedisti
2625 689 2651 742 ?
2681 688 2909 742 Etenim

1285 773 1464 829 semel
1488 778 1781 844 utcunque
1801 774 2065 844 incaptus
2086 775 2337 842 evasisti,
2355 774 2466 830 alia
2483 793 2611 830 vero
2636 777 2753 831 vice
2776 777 2912 847 quia

1285 861 1585 917 dicebatur
1612 861 1762 932 quod
1788 861 1846 915 in
1879 861 2162 917 Travallia
2182 879 2310 918 arce
2343 864 2452 934 (61)
2477 865 2912 936 inexpugnabili

1285 950 1503 1005 occulte
1535 949 1900 1016 detineretur,
1937 950 2062 1019 ejus
2095 951 2379 1006 desiderio
2411 969 2708 1018 accensus,
2741 953 2910 1025 longo

1283 1037 1485 1093 itinere
1513 1037 1786 1104 confecto,
1811 1038 2012 1092 multis
2034 1039 2329 1095 montibus
2360 1041 2686 1108 transactis,
2707 1046 2760 1096 te
2781 1048 2913 1096 ante

1286 1126 1544 1196 ejusdem
1591 1131 1788 1196 portas
1816 1125 2095 1182 obtulisti.
2131 1132 2193 1181 In
2223 1145 2419 1198 quam,
2457 1129 2592 1200 quia
2632 1131 2912 1201 inspicere

1283 1230 1344 1270 es
1374 1230 1572 1280 ausus,
1607 1215 1704 1285 qui
1735 1231 1892 1270 esses
1915 1216 2201 1286 cognitus,
2233 1217 2473 1288 ideoque
2504 1223 2706 1289 captus
2742 1224 2914 1288 atque

1283 1303 1339 1356 in
1371 1302 1722 1358 altissimam
1758 1305 2016 1372 ejusdem
2039 1309 2258 1359 turrem
2295 1307 2601 1375 deductus,
2629 1322 2730 1377 per
2763 1308 2912 1361 fora-

1285 1404 1415 1445 men
1439 1406 1570 1446 cum
1597 1391 1832 1446 funibus
1851 1392 1908 1446 in
1933 1391 2118 1464 ipsius
2137 1410 2197 1448 es
2219 1394 2515 1464 depositus
2537 1395 2910 1464 profundum,

1283 1479 1436 1550 quod
1462 1479 1646 1551 magis
1669 1479 1974 1534 videbatur
1995 1498 2120 1535 esse
2145 1481 2474 1552 sepulcrum
2495 1499 2669 1553 quam
2694 1483 2914 1538 habita-

1283 1566 1500 1622 culum.
1533 1567 1678 1622 Nam
1719 1565 1910 1622 lectuli
1942 1567 2188 1624 fulcrum
2236 1575 2356 1624 erat
2386 1587 2635 1637 ccenum,
2671 1571 2914 1641 capitale

1287 1671 1511 1710 saxum.
1545 1656 1656 1710 Nec
1687 1655 1840 1712 enim
1873 1656 1950 1710 ibi
1982 1661 2124 1724 erat,
2149 1659 2300 1712 unde
2332 1659 2574 1730 digestio
2597 1660 2911 1714 occultare-

1283 1747 1397 1811 tur,
1431 1759 1534 1798 nec
1566 1745 1810 1814 desuper
1827 1748 2044 1799 tectum
2078 1762 2110 1800 a
2140 1762 2251 1816 quo
2283 1746 2476 1818 pluvia
2498 1747 2908 1817 pelleretur.lbi

3017 601 3256 654 domum
3271 597 3660 671 pontificalem
3680 597 3850 652 sitam
3875 618 3889 666 ς
3913 596 4248 668 aliquantos
4267 597 4476 648 autem
4497 592 4724 659 viros,

3018 704 3164 758 quos
3197 688 3272 742 ibi
3307 687 3534 758 reperit,
3567 687 3878 741 admonere
3911 685 4097 756 cmpit.
4131 683 4309 738 Erant
4333 681 4504 737 enim
4541 685 4724 736 tunc

3017 777 3201 832 Guido
3234 780 3288 830 et
3319 775 3619 844 ordinarii,
3653 774 3940 845 multique
3990 772 4088 828 alii
4121 771 4335 836 clerici,
4369 770 4432 824 in
4467 771 4720 826 eadem

3021 865 3190 919 domo
3223 864 3436 936 pariter
3462 863 3812 934 congregati.
3849 862 4011 926 Quod
4045 877 4177 916 cum
4211 859 4564 926 audissent,
4605 875 4724 914 sa-

3023 953 3362 1024 pientiorem
3395 953 3665 1008 omnibus
3696 952 3936 1022 elegere,
3968 966 4221 1018 eumque
4252 949 4325 1004 ad
4356 948 4582 1020 ipsum
4621 947 4726 1002 di-

3023 1057 3233 1108 rexere,
3269 1045 3559 1112 quatenus
3602 1039 3652 1094 ei
3682 1041 3994 1105 resisteret,
4027 1042 4084 1094 et
4114 1054 4240 1108 quas.
4285 1036 4534 1092 dicebat
4573 1035 4724 1091 fore

3023 1147 3166 1185 vana
3197 1130 3428 1183 diceret.
3455 1130 3597 1182 Nam
3621 1129 3678 1182 in
3701 1127 3904 1198 paucis
3926 1127 4010 1182 sic
4036 1125 4307 1198 protinus
4323 1124 4533 1180 verbis
4556 1141 4724 1179 con-

3023 1219 3218 1272 clusus
3254 1223 3341 1272 est
3374 1223 3436 1270 ut
3469 1221 3616 1272 retro
3649 1217 3892 1286 turpiter
3911 1215 4124 1270 rediret
4151 1213 4446 1268 velociter.
4493 1213 4718 1276 Quem

3023 1325 3090 1362 cu
3105 1325 3154 1360 ru
3189 1307 3278 1360 sui
3325 1306 3779 1373 interrogassent
3807 1305 3948 1374 quid
3979 1303 4213 1374 egisset,
4264 1302 4346 1356 ait
4379 1319 4393 1356 :
4431 1302 4716 1368 Scitote,

3023 1401 3120 1450 aut
3155 1397 3345 1466 ipsum
3378 1411 3491 1448 non
3523 1411 3648 1448 esse
3679 1393 3998 1458 hominem,
4022 1396 4124 1446 aut
4149 1390 4402 1446 alterum
4423 1391 4562 1446 fore
4591 1391 4718 1462 qui

3023 1485 3094 1538 ab
3126 1485 3252 1553 ejus
3302 1500 3412 1537 non
3449 1499 3574 1537 esse
3623 1481 3941 1540 hominem.
3976 1485 4078 1534 aut
4108 1478 4358 1534 alterum
4413 1478 4551 1535 fore
4591 1479 4716 1550 qui

3023 1573 3092 1627 ab
3124 1573 3249 1641 ejus
3283 1571 3538 1642 loquitur
3568 1587 3684 1624 ore.
3721 1571 3846 1623 [leae
3878 1568 4094 1635 omnia,
4129 1567 4403 1638 quamvis
4436 1583 4572 1622 non
4614 1567 4718 1621 in-

3023 1660 3292 1724 terfuisti,
3345 1659 3687 1714 Bonovicino
3739 1658 3847 1729 (62)
3897 1662 4189 1724 narrante,
4225 1655 4481 1728 plenitcr
4529 1654 4718 1710 didi-

3024 1749 3179 1803 cisti.

1286 1832 1498 1936 quippe
1519 1849 1632 1903 prae
1651 1833 1831 1887 nimio
1863 1833 2097 1889 horrore
2123 1834 2316 1889 vultus
2339 1839 2473 1889 tuus
2499 1840 2554 1889 et
2575 1835 2911 1890 stomachus
2945 1873 2991 1936 Β
3089 1839 3175 1890 85.
3215 1836 3380 1890 Illum
3415 1841 3654 1906 praetera
3685 1833 4143 1889 famosissimum
4173 1832 4384 1899 zelum,
4411 1849 4536 1904 quo
4567 1831 4716 1887 bte-

1284 1919 1366 1974 sic
1395 1919 1654 1991 elanguit
1674 1925 1730 1975 et
1758 1922 2041 1976 emarcuit
2067 1927 2128 1977 ut
2160 1923 2354 1978 cibum
2387 1941 2486 1994 per
2509 1923 2674 1978 funes
2699 1923 2799 1977 tibi
2823 1923 2912 1976 di-

1284 2009 1529 2063 missum
1553 2013 1784 2080 gustare
1815 2009 2054 2065 minime
2079 2027 2277 2082 posses
2302 2028 2313 2064 :
2347 2011 2593 2082 ideoque
2617 2018 2780 2066 nocte
2801 2029 2914 2066 me-

1283 2097 1378 2152 dia
1435 2101 1488 2152 te
1544 2098 1898 2166 subtraxere,
1949 2102 2006 2154 et
2060 2101 2142 2154 sic
2219 2100 2560 2156 semivivum
2621 2101 2909 2154 dimisere.

1282 2185 1476 2242 Altera
1497 2191 1685 2241 autem
1709 2186 2034 2242 vicelacum
2058 2189 2468 2256 transfretasti,
2491 2189 2700 2243 iterum
2726 2189 2914 2260 cogni-

1283 2278 1380 2330 tus
1409 2279 1465 2330 et
1507 2279 1731 2346 captus,
1761 2276 1940 2330 donec
1967 2280 2022 2330 te
2053 2277 2236 2347 pretio
2271 2294 2383 2330 non
2436 2277 2649 2341 emisti,
2679 2278 2914 2332 evadere

1284 2362 1442 2418 nullo
1465 2363 1635 2418 modo
1653 2364 1910 2434 potuisti.
1928 2367 2058 2429 Quae
2083 2357 2216 2419 cum
2239 2365 2320 2419 ita
2341 2365 2477 2432 sint,
2496 2367 2624 2435 quis
2649 2370 2765 2419 tam
2790 2382 2914 2420 cru-

1285 2450 1431 2506 delis
1460 2451 1568 2506 erit
1598 2455 1652 2505 et
1673 2451 1856 2506 durus
1878 2457 1942 2506 ut
1969 2453 2085 2507 tuis
2111 2453 2477 2508 sermonibus
2501 2455 2707 2509 existat
2733 2454 2912 2509 incre-

1286 2538 1480 2596 dulus.

1353 2675 1446 2730 83.
1485 2673 1917 2742 Verumtamen,
1949 2674 2082 2730 licet
2113 2675 2361 2730 multum
2386 2674 2542 2731 laeter
2571 2695 2746 2748 super
2775 2695 2914 2732 cun-

1285 2767 1378 2819 cta
1395 2779 1521 2835 quae
1553 2762 1769 2830 dixisti,
1793 2763 1933 2834 quia
1964 2768 2100 2818 sunt
2118 2781 2250 2818 vera
2274 2769 2326 2818 et
2349 2764 2707 2819 aedificationi
2731 2766 2913 2835 utilia,

1283 2855 1478 2907 tamen
1507 2850 1670 2906 valde
1698 2851 1883 2921 doleo,
1919 2851 2054 2922 quia
2083 2852 2330 2906 omisisti
2363 2853 2672 2923 praecipua,
2695 2854 2916 2925 tibique

1285 2939 1609 3006 notissima,
1645 2943 1700 2993 et
1729 2955 1833 2994 cur
1861 2940 1971 2994 hoc
2004 2941 2206 2995 feceris
2239 2941 2288 2997 si
2323 2941 2599 3007 admiror,
2635 2947 2700 2996 ut
2745 2943 2914 2997 velim

1285 3043 1354 3082 ex
1383 3027 1474 3082 his
1506 3027 1869 3098 aliquantula
1914 3044 2106 3082 coram
2139 3033 2192 3083 te
2223 3028 2482 3099 prodere,
2537 3035 2590 3083 et
2625 3047 2799 3100 quare
2832 3031 2916 3084 di-

1291 3113 1521 3170 miseris
1559 3114 1876 3169 addiscerc.
1908 3117 2052 3170 Ante
2101 3115 2200 3186 qui
2231 3133 2406 3186 quam
2455 3116 2752 3173 introisset
2797 3119 2918 3173 Me-

1290 3203 1585 3259 diolanum
1607 3204 1678 3258 ad
1711 3203 2162 3275 prazdicandum,
2188 3204 2415 3274 publice
2438 3207 2507 3260 ad
2529 3206 2918 3262 Varisiensem
2955 3226 2996 3290 ρ

1289 3292 1514 3364 plebem
1529 3291 1865 3346 clericorum
1887 3291 2318 3346 multitudinem
2335 3295 2912 3368 convocavit,eisque,

1289 3383 1398 3438 sub
1429 3382 1642 3452 quibus
1672 3385 1866 3435 essent
1889 3381 2182 3435 erroribus
2212 3381 2504 3449 indicavit,
2530 3387 2604 3450 et,
2639 3389 2702 3438 ut
2732 3385 2801 3438 ab
2833 3385 2915 3440 eis

1287 3471 1638 3540 redecerent,
1656 3469 1902 3539 benigne
1933 3469 2252 3523 admonuit.
2280 3470 2384 3535 Qui
2419 3471 2543 3540 ejus
2573 3473 2746 3527 verba
2762 3491 2916 3544 spre-

1285 3574 1434 3626 vere,
1469 3558 1723 3613 dicentes
1758 3575 1770 3611 :
1803 3557 1979 3611 Nobis
2027 3557 2151 3612 ideo
2183 3557 2303 3612 haec
2333 3556 2606 3628 loqueris,
2641 3562 2779 3631 quia
2833 3563 2915 3617 in-

1285 3646 1542 3701 eruditos
1585 3646 1921 3718 cognoscis;
1951 3650 2240 3715 caeterum,
2274 3647 2321 3701 si
2365 3648 2564 3702 doctor
2601 3649 2799 3704 haberi
2829 3653 2915 3707 vis

1286 3733 1600 3800 credibilis,
1623 3734 1785 3801 vade,
1820 3737 1876 3788 et
1923 3735 1981 3788 in
2012 3735 2152 3789 urbe
2181 3734 2298 3789 haec
2333 3734 2490 3806 loqui
2525 3737 2640 3791 noli
2689 3738 2910 3795 timere.

1283 3822 1442 3888 Quod
1465 3822 1512 3878 si
1535 3839 1702 3894 agere
1723 3839 1903 3877 ausus
1924 3821 2121 3886 fueris,
2137 3839 2260 3893 qua:
2279 3823 2444 3888 dicis,
2460 3825 2745 3880 credenda
2763 3844 2914 3883 com-

1285 3911 1576 3983 probabis.
1612 3915 1674 3965 Et
1719 3915 1859 3966 tunc
1904 3911 2106 3966 urbem
2155 3911 2471 3984 ingressus,
2503 3917 2560 3967 et
2611 3915 2911 3986 populum,

1285 3998 1440 4054 sicut
1461 4003 1524 4053 tu
1557 3999 1774 4066 dixisti,
1802 4003 1891 4054 est
1913 3998 2218 4054 allocutus.
2245 4001 2306 4054 ln
2335 4000 2461 4071 ipso
2489 4003 2660 4057 etiam
2683 4006 2914 4060 exordio

1285 4102 1402 4142 suae
1420 4087 1864 4156 praedicationis,
1889 4087 2110 4154 tandiu,
2137 4105 2266 4142 cum
2291 4088 2605 4160 aliquantis
2625 4093 2911 4162 fidelibus,

1285 4189 1388 4246 per
1415 4173 1762 4229 venerabilia
1790 4173 1932 4241 loca,
1957 4179 2289 4230 sanctorum
2323 4177 2589 4248 flagitans
2617 4181 2912 4253 suifragia,

1287 4262 1462 4318 nudis
1492 4261 1728 4317 incessit
1755 4263 2022 4333 pedibus,
2047 4263 2226 4319 donec
2257 4265 2340 4319 sic
2368 4265 2822 4324 intumescerent
2852 4277 2917 4326 ut

1285 4367 1463 4424 super
1491 4367 1588 4407 eos
1619 4350 1777 4407 nullo
1810 4352 1981 4407 modo
2011 4353 2324 4408 consistere
2356 4363 2569 4425 posset.

1353 4487 1440 4542 85.
1467 4485 1589 4540 Duo
1621 4483 1868 4557 denique
1889 4485 2304 4557 sapientissimi
2329 4487 2540 4558 clerici,
2565 4491 2762 4545 audita
2790 4493 2916 4562 ejus

3024 1925 3266 1978 reticum
3293 1925 3604 1995 quemdam
3625 1923 3694 1978 ab
3717 1922 3886 1977 altari
3911 1921 4140 1993 repulit,
4167 1937 4270 1976 cur
4291 1937 4410 1976 non
4437 1920 4718 1976 dixisti?

3022 2013 3292 2067 Timuisti
3323 2013 3563 2067 forsitan
3607 2028 3675 2066 ne
3704 2011 3762 2065 in
3791 2028 3856 2065 eo
3888 2009 4070 2081 aliqui
4110 2008 4712 2065 scandalizarentur.

3023 2101 3191 2170 Scito,
3228 2101 3590 2164 charissime,
3622 2099 3758 2171 quia
3788 2099 3939 2154 dicta
3975 2099 4240 2169 factaque
4272 2095 4526 2164 Arialdi,
4567 2097 4715 2152 imo

3022 2195 3074 2244 et
3102 2190 3333 2256 Christi,
3367 2187 3681 2244 incredulis
3711 2191 3766 2243 et
3807 2187 4094 2258 perversis
4125 2186 4298 2252 plena
4345 2185 4716 2254 scandulis,

3025 2279 3134 2350 piis
3163 2295 3291 2332 vero
3351 2279 3608 2332 fomenta
3639 2281 3775 2331 sunt
3827 2275 4050 2330 ardoris
4083 2279 4139 2329 et
4168 2273 4335 2328 lucis.
4369 2273 4452 2328 Ea
4490 2273 4720 2344 igitur

3025 2367 3151 2420 istis
3183 2368 3527 2438 pandemus,
3553 2366 3620 2420 de
3653 2364 3768 2419 illis
3793 2381 3922 2418 vero
3954 2363 4314 2418 Salvatorem
4337 2361 4542 2416 dicere
4579 2379 4714 2418 au-

3024 2457 3254 2510 diamus
3281 2473 3298 2507 :
3337 2479 3356 2502 a
3412 2454 3614 2519 Sinite,
3647 2452 3856 2523 inquit,
3889 2468 4023 2518 eos;
4075 2450 4215 2521 quia
4247 2448 4386 2504 caeci
4419 2453 4602 2516 sunt,
4641 2455 4720 2506 et

3024 2545 3200 2599 duces
3240 2559 3520 2598 caecorum
3551 2541 3755 2609 (Matth.
3789 2559 3879 2609 xv,
3914 2540 4024 2610 Μ).
4061 2561 4088 2588 ››
4135 2539 4509 2594 Transeunte
4547 2554 4716 2612 ergo

3024 2649 3126 2703 per
3156 2633 3432 2702 majorem
3461 2629 3762 2686 ecclesiam
3791 2645 3922 2683 cum
3950 2627 4227 2682 fratribus
4255 2625 4498 2682 Arialdo
4525 2627 4720 2682 Chri-

3025 2721 3098 2776 sti
3150 2721 3386 2788 famulo,
3421 2719 3637 2774 audivit
3684 2719 3836 2789 quod
3871 2718 3928 2772 in
3980 2717 4182 2772 eadem
4235 2715 4382 2770 hora
4427 2716 4718 2787 quidam

3025 2809 3250 2865 adulter
3281 2814 3337 2865 ct
3364 2809 3726 2864 Simoniacus
3758 2808 3828 2862 ad
3860 2806 4176 2877 quoddam,
4199 2803 4384 2875 ipsius
4417 2804 4718 2860 basilicae

3026 2897 3206 2953 altare
3239 2901 3577 2964 accesserat,
3610 2901 3674 2951 ut
3712 2912 3772 2950 se
3803 2893 4105 2950 simularet
4153 2891 4232 2947 ibi
4263 2907 4478 2947 canere
4539 2893 4718 2950 mis-

3027 3004 3152 3042 sam
3187 3005 3198 3042 :
3235 2991 3467 3052 Eamus,
3497 2984 3705 3054 inquit,
3753 2982 3911 3036 illuc.
3944 2982 4027 3036 Ad
4078 2996 4252 3051 quem
4285 2997 4420 3034 cum
4474 2997 4718 3052 perve-

3029 3076 3228 3140 nisset,
3265 3076 3383 3130 ait:
3419 3074 3560 3128 Cum
3609 3071 3761 3125 enim
3817 3075 3879 3144 tu
3913 3069 3993 3124 sis
4035 3067 4169 3123 talis
4202 3067 4364 3138 quali
4413 3069 4720 3126 ecclesia

3031 3163 3204 3218 valvm
3231 3167 3422 3235 patere
3455 3159 4018 3232 minime’deberent,
4051 3173 4154 3211 cur
4185 3160 4461 3210 sanctum
4495 3157 4724 3215 altare

3033 3251 3336 3324 praesumis
3359 3249 3614 3322 pollutus
3636 3247 3988 3318 contingere,
4003 3251 4058 3299 et
4077 3243 4178 3299 illa
4198 3243 4484 3314 mysteria
4503 3261 4724 3317 agere

3025 3359 3150 3412 qua
3185 3338 3547 3395 solummodo
3579 3335 3844 3391 innocuis
3876 3338 3932 3388 et
3961 3331 4137 3388 castis
4168 3335 4307 3386 sunt
4329 3333 4722 3400 commissa,

3023 3435 3078 3484 te
3109 3429 3369 3500 fingere?
3401 3426 3576 3481 Aufer
3603 3431 3660 3479 te
3697 3424 3832 3478 hinc
3873 3421 4242 3493 quantocius,
4272 3419 4536 3490 putride.
4583 3423 4724 3488 Qui

3025 3536 3155 3572 cum
3189 3519 3320 3571 inde
3354 3533 3414 3570 sc
3445 3533 3556 3570 non
3591 3515 3902 3578 amoveret,
3925 3510 4010 3564 vir
4037 3509 4138 3564 Dei
4169 3525 4410 3564 manum
4438 3509 4515 3564 ad
4561 3511 4722 3582 pla-

3025 3612 3216 3660 nciam
3269 3605 3449 3670 misit,
3501 3618 3744 3673 eamque
3793 3600 3864 3654 ab
3913 3599 4041 3669 ejus
4091 3602 4252 3668 tergo
4297 3597 4587 3665 extraxit,
4651 3605 4726 3656 et

3021 3695 3215 3766 ipsum
3241 3694 3312 3748 ab
3345 3691 3510 3748 altari
3531 3689 3783 3760 expulit;
3811 3692 3974 3742 erant
3997 3685 4152 3740 enim
4175 3689 4314 3740 tunc
4335 3684 4393 3738 in
4421 3685 4720 3744 circuitu

3023 3777 3286 3853 ejusdem
3331 3779 3607 3844 ecclesia),
3659 3793 3836 3832 causa
3885 3773 4242 3846 negotiandi,
4301 3776 4424 3827 tam
4477 3773 4722 3834 civiles

3025 3871 3130 3926 viri
3161 3887 3336 3942 quam
3369 3865 3690 3923 suburbani
3739 3864 3954 3936 pariter
3983 3861 4340 3933 congregati.
4377 3859 4490 3923 Qui
4545 3865 4722 3922 exiit

3024 3966 3080 4015 et
3129 3977 3229 4031 per
3284 3959 3470 4013 forum
3519 3953 3944 4026 querimoniam
3965 3951 4114 4006 fecit.
4149 3949 4720 4024 Commotoitaque

3025 4048 3257 4122 p0pulo,
3291 4045 3665 4116 dimissisque
3717 4041 3986 4113 negotiis,
4019 4057 4084 4095 ac
4115 4039 4370 4094 fustibus
4407 4037 4714 4109 elevatis,

3027 4155 3126 4210 per
3164 4137 3313 4192 ostia
3343 4135 3592 4198 irruunt,
3627 4135 3689 4185 ut
3735 4131 3930 4201 ipsum
3978 4131 4241 4200 quaerant
4269 4133 4325 4182 et
4355 4126 4714 4198 perimant.

3025 4227 3152 4298 Ipse
3199 4241 3330 4278 vero
3362 4222 3551 4277 sciens
3601 4237 3726 4290 quae
3757 4222 4002 4273 ventura
4037 4221 4223 4282 erant,
4257 4231 4374 4270 non
4421 4215 4716 4288 fugerat,

3026 4315 3124 4368 sed
3157 4311 3401 4384 gradum
3433 4307 3794 4370 ascenderat,
3827 4305 4022 4376 ibique
4053 4303 4336 4376 populum
4371 4310 4716 4374 exspecta-

3027 4404 3148 4456 bat.
3187 4399 3456 4454 V'identes
3479 4412 3612 4467 ergo
3643 4411 3777 4450 eum
3800 4393 3856 4448 in
3887 4393 4070 4464 gradu
4089 4395 4363 4458 stantem,
4391 4407 4718 4466 sacraque

3029 4507 3204 4546 manu
3237 4487 3596 4550 innuentem,
3629 4499 3830 4538 omnes
3873 4480 4240 4553 deponebant
4285 4480 4498 4546 fustes,
4537 4487 4604 4536 et
4639 4501 4714 4540 se

1280 4576 1458 4642 fama,
1491 4575 1559 4629 de
1589 4572 1922 4645 longinquis
1951 4574 2288 4646 regionibus
2319 4576 2390 4630 ad
2421 4593 2552 4631 eum
2587 4595 2808 4646 venere,
2847 4587 2909 4635 ut
2943 4593 2986 4657 Β
3019 4581 3088 4636 ad
3108 4577 3464 4634 audiendum
3495 4573 3984 4644 parabant,super
4005 4569 4164 4641 ipsos
4207 4567 4536 4624 innitentes
4567 4587 4582 4625 :
4619 4571 4710 4627 fa-

1280 4667 1692 4737 cognoscerent
1721 4663 2010 4732 quomodo
2039 4661 2162 4734 ipse
2193 4663 2435 4719 scientia
2462 4665 2726 4735 polleret.
2761 4671 2915 4732 Quo-

1279 4771 1408 4809 rum
1443 4769 1593 4807 unus
1624 4751 1674 4807 ci
1708 4768 1768 4807 se
1819 4751 1876 4805 in
1910 4751 2280 4806 altercatione
2312 4753 2544 4818 obtulit,
2577 4759 2632 4809 et
2663 4773 2694 4809 a
2747 4774 2916 4815 mane

1277 4856 1464 4912 usque
1493 4841 1563 4894 ad
1596 4840 1798 4896 horam
1823 4841 1938 4896 fere
1967 4857 2202 4906 nonam,
2229 4840 2404 4896 altero
2439 4842 2667 4912 penitus
2690 4843 2912 4912 silente,

1277 4934 1573 4998 utcunque
1615 4929 1846 4993 restitit,
1879 4933 1932 4984 et
1981 4933 2120 4984 tunc
2168 4929 2248 4983 sic
2280 4935 2368 4984 est
2413 4931 2668 4986 devictus
2699 4937 2762 4987 ut
2813 4951 2916 4990 nec

1279 5015 1418 5087 quid
1449 5014 1759 5069 insolubile
1807 5017 2078 5086 objicere,
2113 5033 2216 5072 nec
2249 5025 2442 5089 posset
2471 5020 2696 5090 objecta
2725 5022 2914 5078 exsol-

1277 5119 1426 5160 vere.
1459 5101 1648 5156 Alium
1679 5119 1832 5170 vero,
1865 5105 2003 5173 quia
2033 5105 2208 5160 nimis
2241 5107 2532 5162 eruditum
2559 5111 2788 5180 reperit,
2823 5112 2915 5166 die

1277 5193 1474 5250 eodem
1510 5189 1808 5246 devincere
1841 5207 1952 5246 non
1986 5194 2191 5262 potuit,
2229 5195 2326 5248 sed
2361 5195 2418 5249 in
2451 5199 2628 5252 altero
2661 5205 2912 5269 prostra-

1279 5281 1377 5336 vit.
1415 5281 1588 5346 Quos,
1620 5277 1756 5333 licet
1783 5278 2060 5346 devictos,
2092 5281 2229 5351 quia
2257 5283 2420 5337 valde
2445 5284 2640 5340 doctos
2676 5287 2912 5352 invenit,

1279 5367 1532 5424 multum
1565 5365 1784 5434 dilexit,
1815 5365 2012 5437 eisque
2043 5383 2272 5423 omnem
2305 5371 2552 5444 benigne
2581 5373 2912 5430 humanita-

1283 5461 1400 5510 tem
1431 5455 1735 5526 impendit,
1760 5459 1817 5510 et
1846 5454 1928 5510 sic
1953 5453 2184 5509 tandem
2210 5457 2365 5511 abire
2388 5461 2670 5528 permisit.
2695 5464 2914 5519 Accidit

1355 5567 1466 5636 (31)
1493 5567 1621 5636 Jam
1655 5569 1792 5636 dixi,
1825 5584 2018 5626 arcem
2047 5569 2402 5625 Aronensem
2431 5575 2628 5628 videri.

3027 4673 3116 4724 cto
3148 4665 3398 4735 denique
3429 4661 3657 4718 silentio
3682 4677 3914 4732 magno,
3943 4657 4414 4729 praedicationem
4435 4657 4528 4711 sic
4549 4659 4716 4716 mel-

3025 4757 3244 4812 lifluam
3280 4751 3604 4823 composuit
3635 4753 3697 4802 ut
3725 4749 3919 4814 corda,
3953 4763 4079 4818 quat
4113 4745 4344 4800 fuerant
4373 4753 4704 4804 commota

3025 4851 3081 4901 et
3112 4843 3456 4899 conturbata
3486 4856 3585 4910 per
3623 4836 3755 4890 falsi
3803 4836 3976 4889 verba
4021 4833 4365 4900 sacerdotis,
4395 4842 4710 4905 operante

3024 4931 3402 5002 etinstigante
3427 4924 3775 4990 adversario,
3791 4925 4136 4977 sedarentur
4154 4921 4712 4980 etdulcorarentur

3025 5039 3126 5093 per
3155 5019 3328 5074 verba
3371 5016 3490 5071 veri
3538 5013 3752 5068 Christi
3807 5011 4030 5074 famuli,
4066 5014 4342 5081 operante
4393 5014 4454 5064 et
4505 5011 4710 5072 ﬂante

3024 5108 3242 5180 Spiritu
3291 5109 3522 5170 sancto;
3556 5106 3611 5158 et
3642 5117 3760 5166 ora,
3797 5117 3922 5170 qua:
3971 5099 4242 5154 intrando
4276 5113 4496 5154 vesane
4553 5117 4708 5172 pro-

3024 5197 3441 5252 elamaverant:
3465 5191 3764 5258 Moriatur,
3785 5189 4092 5254 moriatur;
4114 5187 4380 5242 exeundo
4398 5187 4704 5246 dicebant

3023 5287 3238 5341 orando
3273 5301 3284 5337 :
3321 5282 3514 5337 Faciat
3543 5285 3598 5334 te
3629 5277 3894 5333 Christus
3941 5295 4040 5348 per
4067 5275 4254 5331 multa
4285 5280 4571 5347 tempora
4603 5279 4700 5333 vi-

3023 5391 3170 5438 vere,
3203 5373 3302 5443 qui
3333 5369 3468 5425 huic
3497 5368 3620 5422 loco
3645 5373 3696 5421 te
3729 5383 3830 5437 pro
3853 5371 4050 5421 nostra
4073 5363 4260 5420 salute
4277 5369 4367 5419 est
4399 5365 4702 5440 dignatus

3023 5463 3288 5532 dirigere.

1356 5635 1462 5718 ς32)
1493 5635 1561 5694 Et
1585 5637 1680 5696 hic
1707 5643 1766 5700 et
1793 5641 1851 5698 in
1883 5637 2141 5718 prologo,
2173 5653 2276 5714 per
2302 5639 2666 5706 idiotismum
2694 5647 2976 5728 Italicum,
3006 5647 3298 5728 Bonvisino
3329 5641 3624 5704 scribitur.
