4822 6404
496 406 655 472 “85

2056 400 2281 473 ACTA.

3743 404 3901 477 4486

567 543 656 597 86.
689 541 830 606 Quis
880 540 1053 598 etiam
1087 540 1391 609 laicorum,
1427 560 1590 599 suam
1622 544 1680 599 in
1712 543 1983 615 conjugio
2036 543 2144 598 ha-
2173 541 2226 608 Α
2258 542 2416 597 nium
2452 540 2754 611 memeria,
2793 545 2857 599 ut
2890 542 3125 616 penitus
3153 540 3402 599 inveniri
3434 540 3771 615 nequiverit.
3798 545 3900 601 Sa-

495 632 640 686 bens
670 633 1191 701 consanguineam,
1211 634 1461 687 audebat
1490 634 1789 688 ecclesiam
1820 632 2143 703 ingredi,in

492 737 610 791 qua
634 721 969 775 morabatur
989 720 1543 783 Arialdus,famulus
1561 723 1817 776 Christi?
1840 740 1973 775 nam
1999 722 2145 775 tales

489 825 561 864 ex
590 826 658 864 ea
688 826 968 881 personas
1022 826 1124 881 pro
1157 810 1263 863 hoc
1297 811 1519 882 pepulit
1576 817 1639 865 ut
1668 828 1781 864 non
1831 810 2021 865 solum
2056 811 2145 863 fe-

489 897 662 961 cisse,
694 897 794 952 sed
816 898 989 951 etiam
1016 899 1799 968 mstimasse,obstupendum
1824 900 1917 952 sit.
1944 899 2143 952 Mona-

485 984 632 1041 chos
676 991 894 1049 autern,
930 987 1291 1041 consortium
1350 987 1819 1041 Simoniacorum
1861 988 2141 1040 abbatum

485 1072 892 1145 falsorumque
909 1074 1152 1129 fratrum
1174 1076 1742 1143 fugientes,benigne
1766 1076 2143 1145 suscipiebat;

486 1163 590 1217 sed
644 1164 910 1232 nunquid
942 1180 1143 1218 eorum
1186 1164 1401 1234 aliquis
1434 1164 1491 1218 in
1524 1166 1651 1233 ejus
1686 1165 1991 1235 praesentia
2020 1168 2142 1218 erat

484 1267 670 1307 ausus
699 1252 944 1307 vacare?
975 1259 1267 1323 quatenus
1312 1258 1413 1307 aut
1462 1270 1576 1307 non
1612 1253 1846 1323 legeret,
1903 1252 1989 1307 vel
2025 1270 2139 1307 non

483 1344 698 1405 oraret,
730 1346 830 1395 aut
860 1341 1080 1411 aliquid
1118 1358 1228 1395 non
1263 1347 1496 1413 ageret;
1533 1359 1666 1397 nam
1691 1343 1737 1395 si
1764 1342 2055 1396 interdum
2081 1341 2137 1395 in

485 1430 617 1498 ejus
648 1436 915 1484 vacarent
939 1431 1223 1493 absentia,
1251 1433 1332 1485 sic
1367 1432 1591 1501 pavide,
1620 1430 1782 1485 illum
1821 1431 2140 1486 sentientes

482 1517 701 1579 venire,
732 1519 801 1571 ad
836 1520 1108 1589 prmdicta
1167 1521 1541 1573 recurrebant
1567 1537 1740 1589 opera
1781 1538 1792 1583 ;
1854 1520 2136 1589 quemad-

485 1606 729 1660 modum
765 1606 949 1661 solent
984 1607 1038 1660 in
1074 1607 1290 1661 scholis
1325 1610 1486 1679 pueri
1538 1614 1806 1663 vacantes
1838 1609 1904 1662 ad
1939 1608 2136 1661 lectio-

484 1710 619 1749 nem
653 1712 970 1759 recurrere,
1005 1696 1351 1763 magistrum
1405 1697 1721 1751 sentientes
1752 1698 1963 1751 venire.
1994 1698 2135 1762 Quis

478 1784 681 1850 etiam,
712 1784 849 1839 dum
884 1785 1245 1856 praedicaret,
1296 1786 1353 1839 in
1388 1787 1588 1840 eodem
1625 1786 1747 1840 loco
1776 1788 1986 1840 mutire
2031 1803 2133 1840 au-

478 1872 654 1927 debat
684 1874 711 1926 ?
740 1889 874 1926 nam
908 1874 1335 1943 qualiscunque
1369 1891 1614 1945 persona
1645 1882 1818 1937 esset,

476 1961 716 2023 diebat;
752 1962 883 2016 Sive
914 1968 975 2016 tu
1001 1964 1218 2016 tacebis
1244 1964 1361 2017 sive
1384 1980 1511 2035 ego,
1538 1964 1677 2034 quia
1698 1964 1979 2035 scriptum
2000 1969 2090 2019 est
2114 1981 2126 2018 :

477 2074 504 2099 ι(
541 2048 730 2105 Nolite
781 2050 1010 2105 mittere
1068 2053 1414 2115 margaritas
1467 2059 1691 2107 vestras
1749 2059 1881 2108 ante
1927 2070 2132 2124 porcos

474 2138 699 2207 (Matth.
730 2155 827 2201 vu,
860 2140 937 2191 (ii.
978 2162 997 2185 ι
1035 2140 1144 2193 Sed
1178 2140 1311 2193 licet
1343 2145 1461 2195 tam
1490 2157 1725 2195 severus
1757 2147 1911 2196 esset
1929 2148 2132 2197 contra

473 2226 1048 2299 delinquentes,quis
1072 2230 1270 2283 mitior
1290 2231 1481 2283 eratin
1528 2232 1902 2301 suscipiendo
1948 2231 2129 2301 paeni-

472 2316 708 2370 tentes?
738 2319 880 2370 Cum
912 2319 1067 2370 enim
1100 2319 1383 2387 veri,quid
1410 2318 1755 2373 dicebantur
1786 2320 2130 2391 presbyteri,

474 2404 533 2459 in
569 2405 855 2459 adulterio
914 2406 1513 2475 deprehenderentur,
1545 2414 1602 2461 et
1658 2425 1691 2462 a
1722 2409 1866 2463 facie
1930 2408 2131 2479 populi

473 2494 882 2564 persequentis
915 2493 1077 2549 locus
1108 2496 1192 2548 eis
1225 2500 1387 2549 tutus
1446 2496 1687 2551 minime
1719 2501 1937 2568 pateret
1969 2496 2127 2563 alibi,

469 2581 545 2635 ad
581 2582 773 2652 ipsum
808 2582 1241 2651 confugiebant.
1263 2585 1419 2647 Quos
1442 2584 1489 2638 si
1523 2601 1665 2656 pure
1690 2587 1990 2640 confessos
2016 2602 2133 2641 cer-

470 2675 657 2735 nerst,
694 2672 961 2741 protinhs
993 2688 1091 2726 eos
1144 2673 1202 2726 in
1237 2672 1512 2726 omnibus
1571 2675 1809 2728 omnino
1842 2674 2005 2739 locis,
2033 2690 2128 2729 ex-

469 2764 639 2830 cepto
671 2759 873 2815 altaris
922 2760 1135 2825 oflicio,
1170 2779 1309 2816 suos
1355 2762 1602 2815 faciebat
1658 2763 1988 2834 participes,
2025 2780 2129 2818 nec

467 2849 745 2919 deinceps
769 2852 1084 2920 apparebat
1109 2852 1427 2921 quisquam
1454 2852 1549 2922 qui
1577 2852 1764 2906 dicere
1807 2858 2007 2907 contra
2029 2869 2127 2907 eos

470 2943 852 3007 praesumeret
885 2939 1233 3008 quidquam.
1263 2938 1361 2992 Dei
1398 2955 1528 2991 vero
1563 2938 1897 3004 Parasceve,
1938 2940 1995 2993 in
2028 2957 2127 2994 cu-

468 3025 665 3080 biculo
698 3026 917 3085 clauso.
972 3028 1166 3080 nudus
1218 3028 1605 3081 confitebatur
1655 3044 1850 3081 eoram
1908 3028 2129 3084 caeteris

469 3113 773 3177 fratribus,
808 3115 1095 3185 quidquid
1128 3133 1159 3168 a
1193 3116 1501 3169 cunabulis
1534 3115 1947 3187 deliquerat,et
1997 3133 2131 3187 pro-

467 3202 645 3274 culpa
677 3219 1029 3275 unaquaque
1062 3221 1122 3258 se
1148 3196 1430 3258 ‘faciebat
1477 3205 1770 3259 verberari
1826 3206 2125 3260 acerrime.

2258 631 2401 685 lubri
2434 634 2611 701 igitur
2637 633 2881 689 consilio
2934 638 3183 705 reperto,
3214 633 3457 706 signum
3508 632 3767 688 salutare
3793 634 3902 689 sibi

2256 721 2310 773 in
2348 721 2531 775 fronte
2556 722 2884 792 impressit,
2908 722 3077 790 juxta
3109 722 3293 776 altare
3325 739 3388 777 se
3419 721 3752 792 prostravit,
3785 737 3903 776 rem

2256 810 2540 878 perditam
2569 827 2602 864 a
2632 810 2881 865 Domino
2914 810 3113 881 petiit;
3148 826 3327 881 quam
3374 810 3459 864 sic
3508 808 3782 881 protinus
3822 809 3903 864 in-

2256 898 2410 951 venit
2441 915 2504 952 ac
2527 899 2574 953 si
2608 900 2666 952 in
2696 899 2845 966 loco,
2881 899 3219 970 quoposuit
3250 897 3570 967 occultum,
3632 898 3691 953 id
3750 898 3906 971 quod

2254 986 2572 1055 petebatur,
2605 987 2918 1043 haberetur
2945 988 3321 1059 descriptum.

2323 1119 2410 1172 88.
2445 1119 2613 1173 Aliud
2636 1138 2768 1175 vero
2802 1121 3037 1192 signum
3068 1121 3282 1175 factum
3314 1124 3422 1187 est,
3455 1121 3598 1175 dum
3633 1120 3906 1188 illum,ex

2254 1223 2405 1278 aqua
2434 1206 2543 1262 laci
2578 1210 2926 1279 projectum,
2976 1210 3044 1263 ad
3095 1209 3300 1264 urbem
3355 1209 3727 1265 duceremus.
3761 1210 3903 1264 Erat

2250 1295 2406 1349 enim
2439 1295 2497 1349 in
2544 1296 2797 1366 quodam
2846 1297 2969 1351 vico
3000 1297 3237 1368 quidam
3268 1298 3542 1364 rusticus,
3575 1315 3679 1369 per
3708 1296 3900 1353 multa

2250 1386 2513 1453 tempora
2541 1385 2743 1438 morbo
2779 1385 3025 1457 paralysi
3076 1384 3418 1454 dissolutus,
3458 1386 3558 1456 qui
3614 1401 3751 1441 cum
3790 1403 3894 1440 au-

2250 1472 2433 1525 disset
2465 1473 2614 1541 quod
2649 1474 2860 1528 Christi
2897 1480 3112 1542 martyr
3142 1491 3245 1545 per
3284 1475 3433 1528 viam
3466 1475 3794 1540 duceretur,
3826 1474 3893 1528 ﬁ-

2248 1562 2380 1614 dem
2416 1562 2636 1616 habens
2666 1564 3283 1641 tirmam,in'eamdem
3315 1563 3448 1618 fecit
3477 1580 3536 1618 se
3563 1562 3716 1618 viam
3734 1563 3896 1631 ferri,

2247 1650 2444 1720 ibique
2469 1652 2707 1705 dimitti.
2744 1653 3108 1707 Transeunte
3140 1651 3339 1723 itaque
3370 1653 3559 1719 turba,
3589 1669 3711 1723 quae
3755 1652 3898 1707 fere-

2247 1744 2405 1793 trum
2439 1742 2821 1811 przrcedebat,
2848 1746 3161 1809 martyrem
3203 1741 3478 1795 infirmus
3507 1740 3897 1812 exspectabat.

2243 1828 2328 1881 Ad
2360 1845 2532 1898 quem
2567 1846 2700 1883 cum
2735 1830 3179 1900 pervennissent
3210 1828 3310 1900 qui
3342 1830 3539 1900 ipsum
3563 1828 3902 1901 portabant,

1854 1875 2006 1929 illico
2038 1892 2139 1930 au-
2243 1875 2328 1881 ”“
2353 1875 2532 1925 .“”“’“
2570 1875 2700 1883 ”“““”
2735 1875 2824 1900 ¹”““
2850 1875 3178 1928 ’”’“ἷ“““’“
3212 1875 3310 1928 “¹ἷ“
3342 1875 3539 1928 ’¹““.’“
3563 1875 3895 1901 ²’“⁷“’”“”“¹

1858 1970 1975 1989 ,____
2004 1969 2125 1989 ΑΛ,
2164 1909 2211 1974 Β
2244 1917 2317 1971 ab
2350 1919 2581 1971 infirmo
2613 1919 2814 1972 eodem
2850 1920 3057 1973 obnixe
3089 1922 3275 1989 rogati
3309 1922 3709 1989 perstiterunt,
3734 1934 3895 1973 eum-

2242 2020 2354 2074 que
2385 2020 2579 2058 coram
2615 2005 2740 2075 ipso
2791 2006 3131 2076 deposuere.
3194 2006 3262 2059 Et
3302 2005 3520 2075 (nescio
3578 2008 3778 2060 utrum
3827 2021 3896 2059 ex

2240 2092 2363 2147 solo
2394 2093 2519 2147 visu
2555 2110 2626 2147 an
2658 2096 2835 2163 tactu)
2867 2094 3101 2148 sanitati
3124 2093 3207 2149 sic
3228 2098 3316 2149 est
3336 2094 3603 2165 protinus
3625 2092 3892 2149 redditus

2241 2185 2323 2243 ut,
2358 2181 2455 2251 qui
2489 2182 2578 2234 vix
2609 2181 2857 2236 aliorum
2893 2176 3167 2237 manibus
3199 2182 3407 2237 deferri
3435 2181 3892 2251 valebat,statim

2241 2269 2364 2322 suis
2398 2270 2641 2323 firmiter
2682 2270 2975 2325 incederet
3007 2271 3242 2341 plantis.
3283 2271 3428 2326 Nam
3460 2287 3566 2341 ego
3625 2275 3766 2325 tunc
3797 2270 3894 2325 ad-

2239 2373 2396 2411 eram
2436 2358 2587 2412 inter
2616 2358 3073 2429 subsequentem
3105 2361 3337 2414 turbam
3364 2377 3378 2427 ;
3411 2364 3511 2414 sed
3536 2376 3671 2413 cum
3694 2358 3893 2415 audis-

2240 2462 2362 2499 sem
2397 2446 2523 2513 boc,
2558 2446 2785 2501 fortiter
2816 2448 3040 2502 firmavi
3080 2464 3373 2520 gressum,
3405 2454 3470 2502 ut
3497 2448 3736 2503 veniens
3767 2452 3896 2503 ante

2243 2535 2520 2589 feretrum
2554 2536 2743 2590 virum
2790 2537 3137 2607 inspicerem
3164 2537 3413 2592 ﬁrmiter
3467 2537 3895 2605 incendentem,

2246 2624 2549 2695 Deumque
2581 2624 2942 2679 laudantem.

2310 2760 2398 2811 89.
2434 2759 2696 2813 Tertium
2731 2761 3047 2830 vero,quod
3073 2777 3244 2815 narro
3260 2759 3895 2831 miraculum,nonqui-

2238 2848 2371 2901 dem
2408 2853 2637 2917 egomet
2668 2848 2803 2913 vidi,
2839 2849 3223 2920 sed,quadam
3258 2865 3507 2921 persona
3533 2848 3700 2904 valde
3736 2848 3891 2903 ﬁdeli

2240 2940 2533 2999 narrante,
2567 2935 2765 2991 didici.
2802 2936 2980 2989 Erant
2999 2936 3280 3007 aliquanti
3309 2936 3417 2990 viri
3452 2937 3522 2991 ad
3557 2940 3784 3007 portam
3803 2936 3890 2991 Ti-

2237 3025 2555 3077 ciniensem
2576 3023 3100 3097 simulcongrcgati
3129 3042 3140 3079 ι
3167 3026 3681 3097 cmperuntitaque
3702 3024 3892 3080 confa-

2240 3111 2607 3167 bulationem
2660 3113 2875 3168 habere
2908 3120 3025 3168 tam
3050 3115 3120 3169 de
3164 3114 3398 3190 Arialdo
3431 3114 3643 3169 Christi
3675 3112 3890 3169 famulo

2242 3202 2503 3272 quamde
2532 3202 2623 3255 his
2644 3201 2743 3272 qui
2768 3204 2897 3272 ejus
2934 3204 3328 3259 venerandum
3370 3200 3893 3275 adorabantsepul—

468 3290 652 3346 Nemo
674 3291 830 3346 enim
862 3292 918 3345 id
956 3293 1140 3345 facere
1202 3293 1515 3361 cogebatur
1546 3293 1765 3347 invitus
1792 3312 1804 3360 ;
1838 3294 1936 3347 sed
1994 3311 2120 3365 per-
2152 3279 2195 3344 C
2242 3307 2431 3345 crum.
2464 3291 2615 3344 Tum
2649 3294 3086 3364 unus,superbo
3108 3292 3482 3364 maliguoque
3512 3291 3720 3363 spiritu
3739 3291 3896 3346 affla-

468 3378 887 3445 mittebatur,si
913 3396 945 3450 q
958 3381 1228 3450 uisquam
1246 3381 1352 3435 hoc
1368 3398 1535 3451 agere
1549 3380 1632 3435 vel
1646 3382 2111 3452 letspontaneus.

464 3467 597 3522 Haec
629 3468 767 3539 quia
798 3468 899 3521 tibi
960 3473 1098 3523 sunt
1146 3475 1363 3533 nota,et
1396 3470 1758 3524 aditlcationi
1796 3470 1980 3530 utilia.
2012 3486 2117 3524 cur

463 3557 719 3612 omisisti
747 3557 775 3610 ‘I
804 3558 1067 3621 obsecro,
1100 3574 1170 3611 ne
1201 3557 1398 3621 sileas,
1450 3558 1550 3611 sed
1586 3558 1727 3612 mihi
1779 3574 1954 3629 super
2006 3558 2114 3613 hoc

466 3645 648 3701 nimis
679 3645 991 3700 admiranti
1026 3648 1261 3718 prodas.

538 3736 625 3789 87.
656 3738 925 3792 Asnaus
964 3736 1137 3790 SYRO.

539 3823 834 3890 l‘Estimas,
868 3826 1192 3879 venerande
1236 3830 1394 3897 Syre,
1454 3827 1709 3881 aestimas
1766 3843 1857 3881 me
1902 3827 2120 3882 dixisse

466 3912 759 3986 quidquid
795 3930 886 3969 me
919 3915 1227 3985 contigerit
1258 3915 1327 3969 de
1359 3915 1416 3969 Β.
1446 3916 1680 3969 Arialdo
1716 3916 1942 3971 scisse?
1970 3916 2119 3970 Audi

464 3999 684 4065 adhuc,
717 4000 915 4072 qualia
944 4002 1056 4055 tria
1098 4003 1467 4072 praetermisi,
1501 4008 1565 4057 ut
1594 4021 1661 4058 ex
1707 4004 1799 4058 his
1828 4003 2123 4075 intelligas

469 4104 565 4144 me
589 4088 776 4145 multa
796 4089 910 4144 alia
932 4091 1225 4145 evidenter
1244 4092 1314 4146 de
1341 4108 1406 4146 eo
1432 4096 1853 4163 cognovisse,et
1876 4093 2128 4148 scienter

466 4176 761 4235 omisisse.
798 4182 1133 4235 Perrexcrat
1162 4181 1317 4235 enim
1370 4180 1685 4252 aliquando
1740 4182 2019 4237 invitatus
2053 4182 2126 4237 ad

468 4266 778 4323 ecclesiam
810 4267 1083 4323 Cumana:
1106 4269 1447 4330 civitatis,ut
1478 4271 1809 4341 paciﬁcaret
1837 4270 2128 4325 dissiden-

468 4362 562 4411 tes
582 4355 826 4411 clericos
859 4357 1044 4429 ipsius
1077 4359 1275 4423 urbis;
1309 4363 1431 4414 erat
1459 4360 1673 4431 quippe
1724 4364 1863 4414 tunc
1896 4365 2130 4431 tempus

469 4445 1282 4519 quadragesimale.Cumque
1314 4447 1382 4501 ad
1406 4464 1588 4502 unum
1621 4448 1801 4503 altare
1831 4448 2131 4504 convenis-

473 4540 769 4601 semus,ut
782 4534 1042 4590 officium
1060 4536 1444 4607 vespertinale
1460 4537 1981 4608 persolveremus,u
1992 4554 2132 4594 num

2221 3385 2338 3443 tus,
2377 3378 2489 3433 tale
2522 3380 2942 3434 exsecrandum
2978 3380 3215 3451 protulit
3234 3381 3513 3435 verbum:
3556 3378 3873 3450 Majus,in-

2227 3469 2373 3539 quit,
2410 3467 2769 3523 desiderium
2828 3474 2917 3522 est
2972 3468 3114 3521 mihi
3149 3485 3325 3539 super
3379 3468 3572 3539 ipsum
3613 3468 3875 3540 mingere

2222 3573 2399 3627 quam
2437 3556 2601 3610 illum
2636 3558 2899 3611 adorare.
2932 3558 3112 3621 Quem
3146 3561 3265 3611 tam
3290 3574 3479 3612 saevus
3511 3557 3876 3612 internorum

2218 3645 2507 3700 viscerum
2523 3644 2676 3700 illico
2690 3645 2854 3700 dolor
2866 3645 3288 3717 apprenhendit
3300 3650 3567 3718 utneque
3583 3647 3882 3719 quiescere

2228 3751 2416 3806 neque
2442 3734 2700 3806 mingere
2731 3736 2781 3790 ei
2816 3735 3064 3801 licuerit,
3087 3736 3290 3801 donec,
3340 3737 3526 3792 nimio
3557 3736 3753 3793 dolore
3782 3752 3883 3792 co-

2229 3824 2769 3897 gente,pariterque
2800 3824 3193 3879 cohortatione
3224 3825 3484 3880 virorum
3516 3824 3880 3892 consiliante,

2236 3930 2453 3969 munus
2511 3914 2581 3967 ad
2634 3918 2696 3969 Β.
2745 3914 2964 3968 Arialdi
3012 3913 3345 3985 sepulcrum
3368 3913 3659 3981 obtulerit,
3683 3912 3884 3984 ibique

2232 4002 2559 4057 adoraverit
2585 4021 2598 4067 ;
2635 4007 2691 4057 et
2721 4003 2804 4057 sic
2834 4003 3139 4075 pristinam
3164 4003 3504 4075 sospitatem
3538 4004 3886 4075 adeptusest

2236 4090 2584 4145 humiliatus
2608 4093 2954 4162 quamjuste
2972 4092 3245 4148 amiserat
3266 4092 3580 4165 superbus.
3606 4092 3664 4147 Si
3687 4094 3885 4147 autem

2236 4180 2391 4235 bona
2422 4180 2640 4246 omnia,
2675 4196 2816 4251 quas.
2838 4181 2909 4235 de
2957 4197 3023 4236 eo
3049 4182 3329 4248 noverim,
3371 4182 3628 4237 scribere
3655 4179 3885 4247 vellem,

2239 4270 2401 4341 prius
2433 4268 2556 4324 dies
2578 4274 2633 4324 et
2659 4269 2863 4325 charta
2902 4272 3176 4326 deficeret
3222 4288 3399 4343 quam
3430 4287 3645 4327 sermo.
3674 4270 3891 4326 Verum

2240 4359 2342 4428 qui
2374 4351 2635 4413 tanta'de
2664 4374 2730 4413 eo
2764 4360 2982 4432 scripta
3011 4365 3170 4428 sunt,
3191 4361 3249 4415 in
3282 4361 3499 4432 quibus
3529 4360 3672 4416 satis
3703 4362 3894 4432 potest

2241 4448 2505 4518 dignosci
2540 4448 2673 4518 quis
2703 4446 2791 4503 vel
2824 4449 2977 4503 unde
3008 4449 3202 4515 fuerit,
3236 4449 3446 4521 quidve
3477 4449 3762 4517 docuerit,
3785 4447 3896 4504 vel-

2244 4537 2382 4606 quid
2418 4553 2521 4608 pro
2568 4536 2796 4592 Christo
2828 4554 3140 4609 perpessus
3199 4538 3293 4605 sit,
3330 4541 3542 4592 metam
3576 4552 3892 4610 ponamus,

474 4624 619 4695 quid
653 4626 789 4693 (non
824 4624 1101 4679 recordor
1131 4626 1324 4692 modo,
1352 4631 1551 4680 utrum
1605 4626 1813 4682 fuisset
1858 4628 1929 4681 de
1985 4627 2134 4682 anti-
2168 4648 2215 4712 Β
2248 4631 2548 4698 Deumque
2578 4627 2801 4681 trinum
2858 4632 2914 4682 et
2948 4644 3131 4683 unum
3164 4627 3616 4693 benedicamus;
3677 4624 3772 4681 cui
3817 4624 3897 4681 sit

477 4712 695 4785 pbonis
725 4711 813 4767 vel
845 4714 1257 4784 responsoriis)
1302 4715 1385 4769 sic
1438 4714 1704 4787 elapsum
1745 4721 1835 4771 est
1883 4716 1955 4771 ab
2012 4733 2138 4771 om-

2247 4716 2436 4771 honor
2460 4720 2515 4769 et
2538 4716 2723 4787 gloria
2754 4716 2812 4771 in
2844 4716 3054 4772 sarcula
3083 4715 3440 4772 saeculorum.
3463 4716 3675 4770 Amen.

1243 4956 1835 5069 ANALECTA
1912 4958 2061 5067 DE
2130 4956 2222 5072 S.
2295 4956 3143 5069 HERLEMBALDO

1474 5129 1561 5189 Ex
1591 5130 1866 5209 antiquis
1894 5129 2290 5209 ehrouologis
2320 5129 2485 5209 apud
2516 5129 2919 5191 Puricellum.

1986 5244 2408 5255 ——-————-——

1029 5315 1269 5371 CAPUT
1302 5315 1606 5371 PRIMUM.

498 5421 704 5493 Pacem
757 5437 902 5491 a'gre
940 5426 1295 5477 constitutam
1323 5424 1507 5478 turbat
1573 5422 1767 5489 Guido,
1823 5424 2146 5493 GaIlia/reda

561 5492 879 5564 Simoniaco
909 5510 1006 5564 pro
1034 5510 1092 5547 se
1139 5496 1430 5549 substituto
1466 5511 1485 5555 ;
1516 5499 1705 5550 contra
1768 5495 1910 5550 hunc
1948 5496 2143 5551 Medio-

566 5563 823 5618 lam’mes
861 5566 1035 5619 educit
1066 5566 1502 5620 Horlmnbaldus.

565 5671 615 5737 1.
645 5668 955 5757 Desipcnte
986 5671 1083 5758 hic
1108 5669 1694 5753 Andrca,Landulfus
1720 5672 1931 5741 Junior
1958 5690 2144 5767 unum

2256 5317 2448 5373 adhuc
2479 5314 2644 5373 addit
2679 5334 2689 5372 :
2727 5341 2753 5367 ‹‹
2818 5316 2891 5374 De
2923 5317 3167 5387 Arialdi,
3221 5343 3246 5368 η
3308 5317 3604 5390 inquiens,
3661 5343 3681 5367 α
3718 5321 3903 5374 morte

2256 5405 2445 5461 doluit
2477 5424 2626 5478 papa
2654 5406 3013 5475 Alexander;
3040 5409 3197 5465 unde
3218 5424 3365 5464 anno
3386 5406 3905 5477 sequenti,scilicet

2257 5493 2571 5550 millesimo
2606 5497 2965 5568 sexagesimo
2998 5502 3401 5568 septimo,cum
3426 5496 3584 5550 idem
3613 5512 3765 5568 papa
3793 5495 3905 5552 iret

2255 5586 2324 5638 ad
2361 5585 2669 5656 synodum,
2696 5602 2871 5657 quam
2898 5586 3148 5642 Mantua:
3175 5584 3903 5652 celebravit,Mediolanum

2252 5673 2740 5749 venit,multaque
2772 5675 2907 5734 fecit
2934 5679 3153 5735 statuta
3182 5676 3251 5732 de
3272 5676 3419 5731 statu
3447 5672 3905 5755 Mediolauensiq
