4822 6460
1162 476 1314 552 1491

2272 493 2378 560 SS.
2424 494 2735 559 ARIALDI
2778 493 2878 559 ET
2921 490 3422 559 ERLEMBALDI

4401 478 4602 553 1493

1161 620 1304 679 satis
1333 627 1603 694 procurat
1635 625 1870 682 amicos.
1892 627 2150 699 Cumque
2180 628 2479 699 paschales
2507 628 2797 682 instarent
2823 628 2875 693 Α
2908 627 3080 682 nibus
3109 631 3356 692 aetatem,
3387 627 3647 698 adeoque
3693 624 4000 683 tricenario
4048 623 4337 697 majorem
4371 621 4603 679 fuisse

1159 708 1338 777 ferias,
1369 713 1775 769 convenientes
1806 714 1865 768 in
1898 720 2437 784 unum,constructa
2466 716 2585 770 acie
2614 715 2791 786 proti-

1161 813 1276 852 nus
1322 798 1379 852 in
1429 804 1616 855 castra
1664 803 2278 874 consurgunt,impetu
2322 807 2377 858 et
2400 803 2649 858 clamore
2679 818 2793 857 non

1165 887 1529 954 modico;nec
1554 889 1745 943 minus
1768 891 2210 962 obsessi,ruptis
2239 890 2793 962 claustris,undique

1164 974 1492 1045 prosiliunt.
1519 975 1960 1033 Herlembaldus
2008 983 2221 1044 autem,
2254 985 2413 1034 tanto
2463 979 2685 1050 positus
2733 978 2791 1031 in

1166 1061 1519 1129 discrimine,
1551 1065 1795 1136 arreptis
1826 1068 2022 1133 armis,
2054 1068 2226 1122 audet
2255 1085 2387 1122 cum
2426 1069 2549 1122 suis
2598 1067 2794 1137 paucis

1155 1149 1323 1217 juxta
1352 1150 1499 1205 vires
1529 1152 1826 1219 obsistere,
1860 1154 2100 1225 signifer
2139 1156 2262 1227 ipse
2312 1155 2526 1222 factus;
2578 1159 2633 1209 et
2681 1155 2792 1209 nisi

1165 1254 1271 1291 sua
1310 1256 1666 1311 suorumque
1714 1249 2032 1313 pugnasset
2081 1245 2343 1308 audacia,
2375 1244 2497 1298 dies
2544 1243 2646 1298 illa
2683 1243 2792 1297 sibi

1163 1324 1367 1381 fuisset
1396 1332 1667 1383 extrema.
1705 1331 1977 1385 Videntes
2016 1336 2209 1388 autem
2262 1332 2429 1387 multi
2476 1348 2793 1402 paucorum

1163 1417 1570 1483 constantiam,
1603 1416 1753 1472 ultro
1802 1420 2097 1484 recedunt,
2131 1421 2440 1474 educentes
2489 1436 2681 1474 secum
2723 1420 2794 1474 ab

1163 1502 1374 1574 oppido
1405 1504 1840 1559 Gothofredum.
1865 1510 1981 1560 Hos
2017 1507 2182 1577 longe
2212 1508 2495 1578 prosecuti
2519 1511 2655 1561 sunt
2684 1508 2795 1565 Me-

1163 1590 1551 1657 diolanenses,
1584 1592 1910 1664 conglobati
1932 1600 2163 1665 repente
2193 1594 2478 1659 similiter,
2511 1600 2567 1649 et
2596 1594 2696 1665 qui
2734 1594 2790 1648 in

1162 1677 1369 1733 castris
1402 1679 1647 1747 fuerant,
1678 1685 1735 1734 et
1767 1681 1864 1751 qui
1897 1682 1956 1735 in
1986 1682 2127 1736 urbe
2159 1686 2594 1749 remanserant;
2629 1698 2731 1737 nec
2760 1699 2794 1736 a

1160 1767 1563 1837 prosequendo
1594 1768 1797 1822 diebus
1828 1768 2049 1840 aliquot
2085 1774 2389 1825 cessarunt
2420 1775 2474 1823 et
2503 1770 2789 1835 noctibus,

1160 1854 1340 1909 donec
1369 1855 1425 1908 in
1460 1870 1692 1911 summa
1730 1858 2075 1912 constitutos
2100 1859 2440 1912 necessitate
2483 1862 2794 1929 coegerunt

1157 1940 1521 2042 illositlerum
1545 1943 1923 1999 Castellonem
1944 1945 2323 2000 intrare.Post
2344 1946 2790 2042 haecnredeuntes
2820 1978 2868 2042 B

1156 2029 1613 2102 Mediolanenses
1642 2033 1712 2086 ad
1747 2033 2350 2103 urbem,jurejurando
2379 2033 2788 2089 definiuntGo-

1158 2116 1487 2172 thofredum
1546 2136 1848 2191 nunquam
1900 2121 2314 2191 recipiendum,
2368 2121 2484 2175 imo
2543 2121 2788 2176 alterum

1157 2204 1228 2259 de
1239 2205 1498 2277 catalogo
1512 2207 1748 2277 majoris
1763 2208 2015 2263 ecclesiae
2035 2209 2419 2264 communiter
2434 2209 2786 2280 eligendum.

1155 2294 1282 2350 Jam
1314 2295 1468 2349 enim
1501 2296 1847 2365 migraverat
1874 2314 1907 2351 a
1937 2297 2143 2351 saeculo
2184 2297 2653 2368 archiepiscopus
2692 2296 2789 2351 ille

1158 2381 1498 2447 Guido,»die
1525 2385 1594 2437 23
1624 2383 2196 2455 Augusti,«sepultus
2228 2384 2283 2437 in
2317 2382 2440 2438 loco
2482 2384 2582 2454 qui
2625 2400 2785 2439 voca-

1155 2472 1253 2523 tur
1281 2469 1519 2540 Burguli
1543 2470 1737 2541 vulgo,
1786 2493 1813 2521 ››
1865 2472 2041 2541 (nunc
2072 2471 2417 2525 Alexandria
2464 2472 2666 2527 civitas
2705 2472 2786 2527 ibi

1156 2557 1397 2611 fundata
1426 2558 1724 2627 creditur,)
1759 2580 1784 2605 ι)
1820 2560 1914 2613 ubi
1944 2564 2073 2630 post
2102 2558 2265 2612 urbis
2296 2558 2628 2613 incendium
2652 2576 2789 2631 nper

1153 2643 1346 2715 ipsum
1366 2644 1597 2717 elapsus
1615 2645 1699 2701 vel
1711 2646 1868 2701 abire
1887 2648 2210 2717 permissus
2224 2663 2254 2701 e
2268 2647 2531 2702 custodia
2551 2646 2786 2714 S.Celsi,

1154 2755 1181 2781 «
1215 2732 1274 2787 in
1307 2734 1694 2789 amaritudine
1723 2734 1928 2789 animae
1960 2735 2112 2790 diem
2144 2736 2355 2791 clausit
2384 2741 2729 2791 extremum.
2758 2758 2785 2784 ››

1236 2880 1237 2883 η
1803 2841 2036 2895 CAPUT
2076 2841 2143 2895 II.

1162 2925 1491 3000 Canonicam
1518 2929 1831 2984 electionem
1856 2934 2111 3000 procurat
2140 2930 2561 2995 Hcrlembaldus,
2587 2928 2787 2984 Gotho-

1224 2998 1440 3065 fredum
1482 3000 1755 3053 inimum
1805 2998 1868 3053 et“
1901 3002 2427 3055 excommunicatum
2478 3003 2702 3067 coercet;
2755 3016 2788 3052 a

1231 3066 1483 3135 Gregorio
1508 3085 1652 3139 papa
1686 3070 1771 3123 VII
1789 3071 2020 3139 juvatur
2044 3085 2144 3139 per
2171 3071 2398 3124 litteras.

1231 3168 1284 3225 9.
1314 3162 1462 3226 «‘Ab
1495 3171 1592 3227 illo
1623 3172 1716 3227 die
1746 3173 2183 3229 Herlembaldus
2212 3174 2371 3229 omni
2402 3175 2575 3230 instat
2617 3191 2786 3231 cona-

1162 3259 1339 3326 mine,
1370 3261 1543 3315 modo
1573 3276 1705 3315 cum
1737 3260 1910 3326 clero,
1944 3263 2114 3316 modo
2156 3279 2288 3317 cum
2322 3263 2551 3334 populo,
2587 3264 2655 3317 de
2685 3262 2786 3318 eli-

1161 3349 1347 3420 gendo
1404 3342 1582 3420 agens
1627 3350 1916 3420 episcopo,
1967 3367 2112 3404 nova
2159 3367 2192 3404 a
2232 3332 2508 3406 Romanis
2556 3332 2861 3421 acceptaC

1159 3435 1411 3501 licentia,
1487 3442 1680 3508 spreta
1736 3454 1867 3493 vero
1923 3455 2123 3508 regum
2182 3440 2354 3494 veteri
2402 3439 2781 3509 providentia.

1157 3524 1567 3581 Verumtamen
1601 3526 1786 3595 major
1814 3525 2062 3580 civitatis
2106 3525 2291 3597 portio
2320 3543 2387 3581 ex
2416 3526 2565 3581 clero
2596 3542 2660 3581 ac
2690 3543 2780 3581 sa-

1155 3613 1333 3684 pienti
1367 3613 1599 3684 populo,
1633 3613 1835 3685 priscae
1883 3614 2287 3669 consuetudini
2318 3631 2382 3669 ac
2414 3614 2568 3685 regio
2600 3614 2782 3669 inten-

1152 3699 1325 3754 debat
1354 3700 1575 3755 honori.
1607 3701 1729 3773 lpse
1758 3706 1972 3770 autem,
2006 3702 2282 3773 neglectis
2308 3702 2580 3757 omnibus
2603 3707 2659 3756 et
2680 3703 2777 3773 ju-

1152 3793 1411 3844 ramento
1441 3790 1953 3856 communi,solum
1986 3789 2231 3844 Romani
2260 3789 2419 3844 illius
2449 3789 2777 3861 Ildeprandi

1146 3876 1513 3932 auscultabat
1529 3877 2087 3948 consultum.ltaque
2108 3878 2232 3933 dies
2254 3877 2773 3949 apprOpinquabat,

1147 3980 1321 4036 quam
1354 3966 1425 4020 ad
1452 3966 1558 4020 hoc
1591 3966 1882 4037 agendum
1910 3966 2035 4036 ipse
2060 3966 2415 4035 praeviderat,
2434 3970 2635 4021 sancta
2663 3966 2775 4021 sci-

1142 4049 1277 4106 licet
1305 4051 1692 4122 Theophaniae
1721 4052 2078 4107 selemnitas.
2106 4053 2307 4107 Studet
2348 4069 2484 4124 ergo
2531 4052 2775 4109 sollicite

1141 4142 1455 4207 praesentes
1502 4155 1722 4206 vocare,
1772 4141 2041 4194 absentes
2097 4141 2366 4210 [quoque]
2409 4140 2649 4196 clericos
2707 4158 2773 4196 ac

1140 4222 1341 4289 laicos,
1399 4224 1636 4279 abbates
1684 4230 1741 4279 et
1789 4226 2123 4293 monachos,
2156 4227 2399 4282 amicam
2450 4228 2560 4283 sibi
2607 4230 2766 4299 [non]

1138 4311 1412 4366 omitteus
1443 4313 1759 4384 agrestium
1790 4314 2039 4368 turbam.
2081 4315 2341 4386 Cumque
2373 4315 2495 4370 dies
2528 4317 2771 4371 instaret

1135 4399 1532 4468 festus,factus
1563 4406 1652 4455 est
1680 4400 1995 4456 multorum
2018 4402 2075 4456 in
2108 4402 2347 4461 ecclesia
2376 4402 2609 4458 hiemali
2632 4420 2766 4459 con-

1132 4492 1360 4555 ventus,
1394 4488 1509 4544 illis
1538 4493 1730 4545 tamen
1762 4490 2101 4545 absentibus
2149 4507 2282 4545 eum
2331 4490 2544 4562 quibus
2592 4492 2765 4546 istam

1130 4592 1192 4634 se
1222 4578 1510 4633 facturum
1541 4578 1879 4635 electionem
1903 4578 2536 4649 juraverat.Celebratis
2567 4580 2764 4652 itaque

1128 4665 1441 4721 missarum
1473 4667 1853 4733 solemnibus,
1886 4668 2073 4738 primo
2111 4669 2486 4722 concionatus
2529 4669 2598 4722 ad
2632 4669 2757 4723 libi-
2794 4684 2837 4748 ι)

1123 4756 1270 4818 tum,
1304 4772 1370 4810 ac
1398 4755 1583 4810 multa
1613 4756 1682 4811 de
1713 4755 1977 4827 eligendo
2009 4760 2236 4825 pastore
2271 4772 2754 4824 commemorans,

1122 4846 1347 4897 astante
1396 4844 1649 4914 quodam
1699 4844 1989 4899 Bernardo
2038 4842 2226 4913 legato
2270 4844 2550 4911 Romano,
2582 4843 2758 4916 elegit

2904 731 3035 769 cum
3067 715 3660 786 eligeretur.Movetur
3679 719 3873 771 autem
3896 715 3969 770 ad
3999 713 4111 771 hoc
4138 711 4597 777 sentiendum,

2901 806 3122 857 attenta
3151 802 3453 874 praesentia
3482 802 3656 875 legati
3712 802 4039 875 apostolici,
4072 806 4128 857 et
4158 797 4598 871 Hildeprandi

2902 890 3160 962 ingenio;
3194 892 3295 961 qui
3326 896 3525 963 postea
3553 892 3739 947 factus
3770 908 3921 963 papa
3938 890 4255 962 Gregorius
4277 888 4602 953 VlI,dua—

2902 978 3012 1034 bus
3035 980 3103 1033 ad
3130 978 3429 1033 Britanniae
3460 979 3767 1051 episcopos
3789 978 4054 1051 epistolis
4076 977 4380 1034 recusavit
4413 975 4603 1032 ordi-

2903 1082 3039 1121 nare
3088 1066 3320 1121 Dolensi
3370 1067 3913 1138 archiepiscopatui,
3945 1066 4018 1121 ab
4047 1065 4167 1121 illis
4192 1066 4266 1120 ad
4302 1080 4376 1120 se
4408 1063 4602 1120 dire-

2902 1158 3060 1209 ctum
3095 1156 3414 1226 «juvenem
3466 1142 3803 1225 quemdam,
3852 1155 4000 1209 satis
4048 1152 4413 1226 praeclarum
4479 1169 4603 1225 ge-

2903 1259 3038 1297 nere
3065 1260 3077 1297 :
3109 1242 3213 1297 Cui
3243 1242 3475 1314 quidem
3500 1242 3785 1314 petitioni,
3812 1264 3839 1291 »
3870 1241 4065 1313 inquit
4087 1242 4149 1297 in
4183 1258 4326 1308 una,
4346 1263 4380 1291 ‹‹
4417 1256 4602 1312 quo-

2903 1330 3059 1385 niam
3090 1331 3238 1385 sacri
3266 1346 3516 1386 canones
3545 1330 4307 1398 contradicunt,assensum
4333 1329 4598 1401 prabe-

2901 1435 2961 1473 re
2993 1434 3360 1489 nequaquam
3392 1417 3720 1488 potuimus;
3752 1440 3780 1467 »
3801 1417 3861 1472 in
3886 1417 4070 1472 altera
4099 1433 4114 1472 :
4148 1440 4178 1467 ‹‹
4202 1416 4402 1487 Cujus
4426 1432 4597 1472 cau-

2902 1522 3027 1561 sam
3069 1507 3220 1560 sicut
3266 1505 3521 1577 oportuit
3565 1504 4277 1571 examinantes,honestos
4308 1504 4598 1575 quidem

2903 1594 3219 1659 mores,sed
3252 1594 3512 1648 nondum
3537 1593 3682 1648 satis
3703 1597 3967 1648 maturos
3996 1596 4101 1648 aut
4119 1591 4475 1647 instructos
4509 1593 4597 1647 ad

2900 1680 3250 1752 portandum
3281 1679 3606 1751 episcopale
3635 1680 3886 1751 pondus,
3918 1679 3977 1734 in
4000 1696 4067 1735 eo
4098 1678 4538 1751 probavimus.
4562 1701 4598 1728 ››

2900 1770 3062 1835 Quod
3086 1774 3281 1824 autem
3313 1769 3527 1823 certius
3558 1767 3939 1839 competentia
3985 1766 4047 1821 in
4092 1766 4329 1823 Athone
4369 1768 4599 1824 aetatis

2900 1857 3084 1928 possit
3111 1857 3297 1928 optari
3331 1856 3612 1910 indicium
3640 1872 3815 1926 quam
3848 1856 4005 1926 quod
4026 1854 4184 1911 idem
4208 1856 4596 1927 Gregorius,

2899 1944 3144 2000 electum
3178 1961 3330 1999 anno
3353 1945 3491 1998 1075
3506 1943 3908 1998 Theodaldum
3927 1942 4181 1999 noluerit
4201 1944 4596 2016 approbare,

2900 2033 3039 2104 quia
3068 2048 3245 2104 penes
3275 2048 3336 2086 se
3365 2031 3620 2087 habebat
3664 2031 3950 2086 Athonem
3984 2048 3997 2086 :
4033 2053 4062 2081 ‹‹
4094 2031 4303 2099 Quem,
4341 2031 4597 2104 inquit,

2901 2121 2960 2174 in
2992 2120 3192 2175 eadem
3224 2119 3476 2175 Ecclesia
3521 2118 3767 2174 electum
3818 2122 3973 2174 certo
4005 2119 4435 2191 cognovimus,
4473 2123 4598 2177 sed

2898 2225 3002 2263 cur
3049 2209 3343 2280 reprobari
3394 2207 3617 2275 debeat,
3659 2206 3822 2261 nulla
3871 2206 4065 2262 adhuc
4110 2206 4597 2278 deprehendere

2898 2296 3199 2367 potuimus
3231 2293 3479 2361 ratione;
3512 2314 3541 2343 ι)
3574 2292 3766 2364 qualis
3807 2292 4046 2348 omnino
4095 2293 4311 2349 fuisset
4364 2293 4598 2351 minor

2899 2400 3075 2455 quam
3112 2398 3363 2438 canones
3410 2381 3707 2453 patiantur
3753 2384 3912 2436 aetas.
3968 2380 4305 2437 Redeamus
4336 2381 4418 2436 ad
4458 2386 4595 2437 Ar-

2898 2471 3148 2536 nulfum,
3181 2472 3281 2541 qui
3311 2469 3461 2524 libro
3501 2485 3606 2524 suo
3628 2485 3690 2522 ιιι
3721 2468 3897 2523 ﬁnem
3926 2467 4066 2522 facit
4094 2468 4255 2539 apud
4286 2467 4589 2526 Puricel-

2895 2558 3041 2625 lum,
3075 2574 3201 2630 pag.
3234 2559 3324 2626 27,
3358 2557 3417 2611 in
3447 2557 3608 2611 hisce
3628 2555 3821 2610 verbis
3855 2572 3867 2609 :

2968 2648 3052 2701 11.
3090 2668 3117 2696 ‹‹
3156 2646 3418 2716 Cumque
3464 2660 3597 2699 cum
3644 2643 3768 2698 suis
3824 2642 3976 2698 Atho
4006 2643 4081 2698 ad
4113 2642 4594 2703 convivandum

2895 2733 3280 2806 episcopalem
3312 2731 3726 2787 conscenderet
3746 2729 4229 2802 aulam,(fuerant
4242 2731 4417 2787 enim
4435 2734 4595 2804 jam

2894 2823 2953 2877 in
2978 2822 3196 2878 mensis
3228 2819 3423 2892 ampla
3453 2823 3654 2891 parata
3672 2818 3974 2890 convivia),
4001 2818 4367 2875 inﬂammati
4399 2821 4590 2879 cives

2895 2910 3178 2965 invadunt
3207 2909 3730 2980 repentedomum,
3754 2905 4373 2972 anteriora,exteriora
4394 2926 4595 2966 seru-

2894 3002 3102 3053 tantes.
3140 3000 3265 3068 Ipse
3307 3001 3499 3051 autem
3551 2995 3767 3051 electus
3813 2995 4059 3064 naviter,
4108 3011 4247 3051 cum
4298 3013 4598 3057 camera

2896 3086 3071 3141 unius
3099 3085 3302 3140 lateret
3330 3085 3390 3138 in
3422 3082 3655 3155 angulo,
3686 3082 4240 3155 inventus,capitur,
4261 3084 4595 3159 discerpi-

2894 3178 3008 3241 tur,
3042 3190 3108 3228 ac
3138 3173 3348 3228 misere
3377 3171 3710 3238 dilaniatur,
3726 3171 3967 3226 demum
3992 3186 4096 3242 per
4124 3188 4300 3227 suras
4330 3176 4397 3229 et
4425 3174 4593 3232 bra-

2896 3262 3028 3317 chia
3056 3278 3089 3316 a
3118 3276 3349 3316 summo
3379 3259 3450 3314 ad
3479 3259 3599 3313 ima
3628 3257 3999 3329 pertrahitur.
4034 3258 4145 3322 Qui
4187 3274 4329 3315 cum
4362 3265 4597 3321 staret

2896 3351 2956 3405 in
2985 3349 3228 3405 ecclesia
3259 3354 3415 3403 metu
3447 3346 3650 3402 mortis
3680 3345 3847 3402 altari
3875 3346 4596 3421 prostratus,clamante

2894 3438 3107 3511 populo
3137 3437 3196 3492 in
3230 3435 3519 3508 pulpitum
3551 3434 3832 3500 ascendit,
3864 3433 4086 3506 ibique,
4118 3434 4270 3490 facto
4323 3435 4393 3492 in
4426 3454 4596 3496 om-

2892 3527 3052 3582 nium
3087 3525 3327 3582 auribus
3356 3527 3742 3591 sacramento,
3775 3522 4213 3584 abrenuntiavit
4239 3523 4378 3579 sedi
4413 3528 4594 3586 Am-

2890 3615 3171 3670 brosianae
3229 3613 3290 3667 in
3348 3627 3601 3684 praesens
3646 3614 3702 3665 et
3749 3610 3809 3664 in
3866 3615 4238 3681 perpetuum.
4304 3613 4590 3675 Interea

2889 3703 3102 3775 quippe
3134 3703 3384 3757 fautores
3415 3700 3505 3755 sui
3546 3699 3803 3754 diversas
3848 3699 4048 3771 fugere
4084 3714 4190 3771 per
4231 3698 4584 3777 latebras;

2886 3791 3011 3863 ipse
3040 3805 3271 3861 quoque
3301 3789 3563 3846 Romnus
3609 3786 3837 3859 legatus
3865 3785 3978 3851 vix,
4011 3785 4331 3858 discerptis
4364 3794 4588 3849 vesti-

2886 3879 3017 3947 bus,
3049 3878 3336 3933 laceratus
3363 3875 3855 3933 evasit.Ca3terum
3886 3874 4282 3930 Gothofredus
4304 3880 4370 3933 et
4390 3881 4586 3940 Atho

2885 3971 3291 4022 remanserunt
3313 3963 3516 4036 privati
3542 3963 3760 4035 pariter
3788 3962 3982 4027 ambo,
4016 3962 4274 4034 propriis
4296 3968 4588 4029 tantum

2881 4053 3139 4110 contenti
3178 4053 3400 4109 laribus
3431 4055 3607 4124 atque
3653 4049 4023 4106 substantiis.
4060 4073 4088 4100 n
4121 4050 4260 4107 Post
4290 4051 4434 4111 haec
4493 4058 4589 4116 li-

2881 4143 3053 4197 brum
3086 4159 3141 4197 ιν
3170 4142 3254 4196 sic
3284 4140 3509 4195 orditur
3536 4137 3818 4193 Arnulfus
3854 4154 3866 4193 :
3900 4160 3928 4187 «
3965 4137 4150 4209 Igitur
4181 4139 4425 4198 auditis
4465 4144 4594 4206 his

2880 4247 3006 4302 quae
3026 4230 3233 4285 Athoni
3258 4227 3923 4300 contigerant,pra3fatus
3943 4224 4041 4281 ille
4068 4225 4589 4294 archidiaconus

2877 4318 3439 4389 Hildeprandus,sua
3466 4331 3599 4369 cum
3626 4312 3943 4369 cardinalis
3973 4317 4129 4369 esset
4149 4317 4583 4393 auctoritate,

2875 4406 3030 4461 illico
3053 4407 3459 4476 juramentum
3479 4401 3623 4457 illud
3653 4401 3959 4468 violentia,
3990 4401 4365 4460 omnimodis
4381 4406 4589 4477 judi-

2875 4493 3026 4550 cavit
3080 4493 3415 4549 habendum
3461 4488 3920 4545 invalidum......
3954 4489 4116 4545 Unde
4167 4490 4410 4549 factum
4464 4506 4588 4557 est

2874 4589 2939 4637 ut
2967 4581 3203 4638 collecto
3246 4581 3437 4635 Romae
3467 4583 3617 4634 cestu
3668 4577 4038 4650 pontificum,
4072 4577 4343 4635 instante
4381 4583 4575 4657 ipso,

2868 4671 3154 4726 Athonem
3177 4671 3337 4741 juste
3361 4667 3699 4740 praedicaret
3730 4665 4004 4733 electum,
4039 4671 4342 4737 prostrato
4399 4689 4582 4733 ann-

2867 4759 3121 4814 themate
3152 4756 3519 4813 Gothofredo.
3548 4756 3682 4818 Quae
3714 4753 3911 4809 omnia
3938 4752 4579 4825 Hildeprandussuis

2866 4846 3075 4901 litteris
3106 4862 3254 4916 saepe
3276 4847 3399 4915 jam
3432 4843 3585 4898 dicto
3617 4841 3815 4898 retulit
3843 4839 4400 4903 Herlembaldo.....

1117 4929 1424 4996 Athonem,
1454 4932 1641 4986 adhuc
1672 4932 2074 4987 tantummodo
2104 4930 2399 4997 clericum,
2446 4948 2510 4986 ac
2558 4936 2756 4988 tenera

1119 5021 1285 5072 astate
1307 5019 1705 5089 juvenculum,
1739 5020 1916 5075 invito
1947 5020 2098 5075 clero
2134 5026 2188 5074 et
2220 5019 2421 5075 multis
2466 5038 2533 5075 ex
2574 5038 2755 5093 popu-

1118 5105 1194 5174 lo,
1228 5106 1371 5159 adeo
1403 5111 1465 5158 ut
1487 5108 1828 5161 stomachati
1864 5108 2118 5161 redirent
2145 5109 2215 5163 ab
2244 5108 2504 5164 ecclesia.
2542 5131 2569 5157 »

1193 5195 1276 5248 10.
1307 5191 1407 5247 Hic
1439 5193 1643 5249 merito
1667 5194 1973 5249 interfatur
2003 5195 2325 5250 Puricellus
2369 5213 2500 5267 pag.
2544 5198 2670 5264 265,
2699 5201 2755 5252 et

1119 5298 1294 5354 quam
1328 5299 1524 5338 amaro
1555 5281 1858 5349 animo,ad
1885 5281 2161 5338 invidiam
2188 5283 2587 5339 Herlembaldo
2618 5302 2749 5340 con-

1118 5370 1452 5437 ciliandam,
1485 5370 1603 5425 haec
1636 5368 1934 5439 scripserit
1962 5370 2258 5435 Arnulfus,
2284 5372 2451 5439 jubet
2481 5372 2564 5427 vel
2597 5389 2664 5427 ex
2686 5391 2750 5429 eo

1118 5457 1425 5522 estimare,
1474 5459 1627 5528 quod
1674 5456 1958 5511 Athonem
2003 5455 2254 5525 appellat
2289 5482 2307 5504 ι
2344 5463 2542 5513 tenera
2588 5465 2752 5514 aetate

1112 5541 1511 5609 juvcnculum.
1547 5565 1574 5592 ››
1610 5542 1806 5598 Fuerit
1850 5541 1898 5594 is
1939 5540 2171 5607 juvenis
2220 5549 2478 5613 respectu
2538 5546 2749 5600 Gotho-

1117 5625 1286 5687 fredi,
1320 5627 1506 5682 forsan
1539 5630 1701 5684 valde
1732 5626 2043 5700 grandaevi,
2078 5643 2177 5695 pro
2209 5636 2361 5683 certo
2383 5636 2573 5685 tamen
2597 5636 2751 5687 tenet

1118 5712 1437 5771 Puricellus
1462 5715 1734 5774 habuisse
1755 5714 1920 5773 illum
1946 5714 2285 5785 requisitam
2317 5733 2350 5771 a
2380 5717 2560 5772 sacris
2582 5734 2746 5774 cano-

2943 4936 3026 4989 12.
3061 4958 3088 4985 ‹‹
3119 4935 3340 4989 Interea
3369 4929 3714 5003 sufl‘raganei
3733 4930 3890 4986 sedis
3921 4930 4338 4987 Ambrosionm
4392 4954 4578 5009 pou-

2863 5022 3311 5092 tiﬁces,accepto
3343 5037 3376 5074 a
3405 5035 3537 5091 rege
3566 5018 3864 5084 mandato,
3899 5018 4055 5089 apud
4080 5018 4295 5074 urbem
4317 5037 4584 5086 conve-

2865 5108 3088 5163 nientes
3119 5104 3802 5171 Novariam,Gothofredo
3834 5120 4077 5159 manum
4129 5114 4583 5173 consecratio-

2868 5197 2959 5252 nis
2989 5197 3317 5268 imponunt,
3350 5192 3538 5263 illum,
3574 5197 3748 5263 prout
3777 5192 4108 5263 quiverant,
4142 5192 4577 5262 roborantes.

2866 5284 3020 5339 Licet
3049 5285 3285 5356 [autem]
3315 5281 3617 5355 praeceptio
3647 5279 3805 5350 regia
3833 5278 4038 5335 multis
4069 5279 4308 5337 dicatur
4330 5283 4578 5361 impe-

2864 5376 3013 5426 trata
3041 5372 3403 5437 muneribus,
3435 5374 3662 5424 constat
3691 5371 3887 5424 tamen
3923 5384 4123 5440 regem
4153 5374 4382 5440 postea,
4420 5394 4575 5449 pa-

2863 5459 3108 5514 nituisse
3137 5465 3308 5530 atque
3354 5458 3800 5513 interventorem
3851 5456 4087 5528 penitus
4120 5456 4331 5515 odisse
4369 5461 4572 5540 lega-

2860 5551 3100 5602 tum.....
3153 5547 3301 5601 Dum
3374 5546 3493 5600 haec
3550 5544 3742 5599 taliter
3803 5550 4108 5617 geruntur,
4168 5545 4581 5625 defungitur

2863 5634 3219 5703 apostolicus
3251 5656 3279 5683 »
3313 5633 3632 5689 Alexander
3659 5633 3708 5687 II
3738 5649 3890 5689 anno
3923 5634 4081 5701 1073,
4110 5631 4211 5714 die,
4243 5635 4325 5690 20
4357 5641 4575 5714 Apri-

2858 5718 2949 5785 lis,
2974 5722 3063 5779 cui
3096 5738 3267 5794 parvo
3298 5720 3526 5777 dierum
3572 5720 3683 5793 (19)
3731 5718 4054 5792 intervallo,
4087 5713 4379 5799 succedit
4415 5713 4575 5791 Hi1-
