3952 6402
133 443 316 536 “97‘:
336 479 351 531 '5

1729 440 1957 508 ACTA.

3396 444 3600 515 “9.8!

130 582 368 655 na__se,_ut
393 577 498 658 qui
517 577 778 637 alienum
808 578 1186 652 praesumpsit
1206 579 1652 653 ofﬁcium,quod
1673 578 1779 635 ha-
1809 576 1866 643 Α
1896 572 2194 639 caelorum,
2227 571 2285 634 in
2321 593 2435 651 quo
2463 579 2691 640 decimo
2723 596 2876 639 anno
2907 581 3022 640 ista
3050 578 3269 653 scripta
3298 586 3442 638 sunt
3483 584 3554 640 ad
3604 586 3614 597 '

129 672 266 744 bere
294 669 624 745 videbatur,
657 670 967 726 amitteret.
989 671 1206 725 Eadem
1236 670 1538 742 hora,post
1559 670 1665 725 hoc
1691 669 1779 724 in-

131 761 298 834 signe
328 765 637 833 tropaeum,
672 759 828 815 cives
856 775 1062 814 omnes
1093 758 1436 831 trimphales
1467 763 1785 831 personant

131 835 404 924 hy'mnos,
437 851 554 906 Deo
613 854 670 904 et
724 853 971 920 patrono
1030 866 1136 903 suo
1194 849 1523 913 Ambrosio,
1574 848 1785 904 armati

132 940 416 1006 adeuntes
445 938 635 1011 ipsius
653 938 983 996 ecclesiam.
1008 942 1070 992 In
1105 937 1431 993 crastinum
1451 955 1584 993 vero
1609 936 1788 993 simul

133 1046 269 1086 cum
301 1028 456 1084 clero
488 1027 640 1095 laici,
665 1028 725 1082 in
753 1027 978 1082 litaniis
1007 1032 1064 1083 et
1092 1027 1391 1094 laudibus,
1411 1029 1480 1082 ad
1517 1033 1787 1082 sanctum

134 1119 327 1174 denuo
367 1118 751 1190 procedentes
799 1117 1201 1184 Ambrosium,
1235 1121 1430 1173 reatus
1472 1117 1790 1189 praeteritos

135 1209 494 1281 confitentur
519 1207 890 1273 alterutrum,
908 1206 1276 1262 absolutione
1299 1224 1433 1262 vero
1459 1224 1494 1262 a
1522 1207 1790 1263 sacerdo-

134 1297 426 1369 tibus,qui
459 1299 670 1368 praesto
701 1296 964 1362 aderant,
999 1297 1307 1365 celebrata,
1335 1312 1602 1352 reversus
1632 1295 1791 1352 estin

137 1404 278 1462 pace
310 1385 566 1460 populus
598 1386 909 1442 universus
940 1385 1012 1440 ad
1047 1385 1301 1456 propria.
1338 1407 1366 1434 ››

208 1478 298 1534 21.
355 1475 415 1538 Si
449 1480 646 1530 tamen
677 1491 789 1546 pax
836 1473 1034 1545 aliqua
1061 1477 1256 1546 potest
1283 1491 1411 1530 esse
1442 1473 1664 1546 impiis,
1695 1490 1798 1546 per

143 1564 564 1639 magisimpios
577 1564 911 1619 sacerdotes
924 1564 1114 1634 magis
1128 1563 1439 1636 magisque
1454 1565 1524 1618 ad
1540 1563 1798 1619 schisma

141 1655 457 1712 fovendum
489 1652 804 1725 obligatis;
835 1652 991 1707 unde
1020 1652 1238 1720 (verius
1273 1669 1451 1724 quam
1483 1652 1801 1709 intenderit

139 1743 422 1818 Arnulfus
444 1742 601 1815 apud
627 1740 984 1797 Puricellum
1009 1758 1138 1814 pag.
1163 1742 1291 1813 315)
1313 1743 1384 1797 ad
1409 1759 1579 1814 porro
1601 1745 1802 1797 secuta

140 1832 408 1907 progredi
442 1847 506 1888 se
538 1831 657 1898 ait;
695 1853 722 1879 ‹‹
755 1830 1033 1902 predictis
1067 1831 1263 1894 rebus,
1290 1848 1405 1887 non
1437 1831 1609 1903 plane
1642 1848 1800 1888 com-

1895 662 2130 722 laudem
2163 670 2263 725 Dei
2287 671 2336 741 ej
2351 688 2535 742 usque
2560 669 2768 727 famuli
2795 671 3040 728 Arialdi.
3075 693 3103 720 »
3133 671 3254 728 Non
3289 672 3560 758 inquam,

1895 757 2017 815 haec
2039 777 2132 816 me
2150 764 2418 816 movent:
2448 761 2590 832 quia
2612 761 2691 816 ibi
2709 761 2876 817 video
2896 761 3221 817 sollicitum
3246 757 3563 829 Andream,

1898 853 1964 904 ut
1986 849 2046 903 in
2069 849 2141 904 iis
2172 865 2298 919 quae
2320 849 2622 905 Arialdum
2650 854 2942 921 spectant,
2965 850 3226 906 inveniat
3247 851 3559 908 denarium

1900 954 2252 1006 numerum;
2287 956 2462 1010 quem
2526 943 2592 994 ut
2650 940 2932 1011 reperiret
2987 940 3048 995 in
3106 940 3279 996 annis
3327 940 3562 1012 utrique

1900 1029 2075 1083 morti
2102 1027 2333 1088 mediis,
2369 1028 2560 1098 potuit
2590 1028 2974 1100 incompletos
3004 1045 3102 1084 eos
3154 1046 3408 1094 sumere,
3442 1031 3561 1102 pri-

1901 1133 2186 1188 mumque
2207 1133 2517 1172 numerate
2555 1117 2751 1188 ipsum
2787 1133 2904 1188 quo
2927 1134 3112 1174 caesus
3149 1117 3344 1174 Ariald
3358 1136 3425 1174 us
3447 1124 3559 1188 est,

1903 1204 2038 1262 licet
2059 1206 2188 1276 jam
2219 1205 2414 1262 media
2454 1223 2523 1261 ex
2548 1211 2714 1278 parte
2739 1207 3076 1274 decursum,
3103 1211 3161 1263 et
3180 1207 3264 1263 sic
3293 1208 3563 1264 decimus

1904 1299 2056 1367 post,
2089 1294 2341 1366 eritipse
2371 1311 2546 1366 quem
2569 1296 2777 1351 statuit
2805 1296 3107 1362 Arnulfus,
3141 1313 3437 1369 quemque
3502 1297 3556 1354 ei

1905 1385 2210 1456 disputare
2240 1401 2485 1456 nequeo,
2512 1402 2702 1440 annus
2737 1387 2891 1440 1075.
2916 1386 3158 1442 Biennio
3177 1390 3372 1442 autem
3406 1391 3562 1458 post,

1910 1473 2153 1529 Henrico
2185 1491 2318 1546 rege
2349 1474 2420 1529 ad
2464 1474 2940 1530 communionem
2982 1475 3440 1532 ecclesiasticam
3472 1493 3561 1532 re-

1908 1568 2133 1634 cepto,«
2170 1563 2624 1619 Mediolanensis
2655 1563 3262 1635 populus,Theodaldi
3285 1565 3561 1621 societate

1909 1651 2240 1724 culpabilis,
2290 1652 2510 1723 (divina
2567 1653 2911 1724 prohibente
2958 1652 3084 1725 lege
3129 1653 3566 1711 communicare

1911 1758 2046 1796 cum
2079 1741 2850 1812 excommunicato,)missis
2875 1743 3113 1798 domino
3145 1760 3308 1815 papa
3332 1743 3564 1816 legatis,

1912 1830 2263 1886 solutionem
2296 1830 2646 1902 imploravit.
2680 1831 2783 1886 Cui
2831 1830 3132 1904 legationi,
3168 1853 3197 1882 »
3228 1832 3426 1904 inquit
3455 1838 3564 1888 Ar-

143 1921 370 1998 positis,
403 1921 506 1977 sed
537 1919 838 1978 involutis.
873 1941 901 1968 »
929 1921 1204 1985 Quaenam
1249 1925 1446 1977 autem
1495 1937 1668 1992 porro
1709 1937 1799 1976 se-
1827 1948 1874 2013 B
1913 1920 2135 1984 nult‘us,
2169 1943 2196 1969 «
2234 1920 2410 1976 etiam
2443 1920 2570 1992 ipse
2600 1920 2858 1984 interfui,
2894 1921 2965 1975 de
2996 1920 3304 1992 praeteritis
3336 1921 3566 1978 satisfa-

143 2011 317 2083 cuta?
340 2031 368 2062 «
412 2011 575 2082 Saepe
599 2009 726 2080 jam
749 2007 889 2063 dicti
923 2009 1409 2078 Mediolanenses,
1443 2009 1660 2082 inquit,
1697 2027 1800 2082 pro

141 2100 392 2172 petendo
414 2099 690 2171 episcopo
712 2096 866 2154 ultra
890 2101 1118 2153 montes
1139 2098 1388 2154 Henrico
1411 2097 1532 2170 regi
1555 2098 1802 2171 legatio-

142 2205 276 2246 nem
306 2187 592 2260 dirigunt,
625 2187 972 2244 mandantes
1005 2186 1501 2266 .Herlembaldicae
1563 2187 1799 2244 interfe-

143 2278 350 2350 ctignis
386 2276 783 2349 triumphum.
845 2279 967 2343 Quo
1016 2278 1268 2350 cognito,
1300 2276 1528 2334 letatus
1583 2281 1673 2332 est
1701 2293 1802 2333 rex

141 2366 450 2439 illesupra
480 2366 1164 2437 modum,quemcunque
1185 2365 1399 2422 vellent
1427 2383 1489 2422 se
1520 2367 1798 2421 daturum

144 2455 494 2528 promittens
525 2455 889 2527 episcopum.
923 2476 952 2504 »
982 2455 1054 2524 Et
1083 2454 1258 2526 paulo
1298 2459 1432 2526 post
1463 2471 1475 2508 :
1518 2478 1538 2504 α
1576 2457 1802 2511 Interea

144 2544 356 2618 legatis,
374 2541 907 2610 Modiolancnsium
932 2559 1000 2600 ex
1030 2542 1180 2599 clero
1203 2547 1258 2600 et
1290 2543 1506 2615 populo
1539 2561 1715 2615 super
1739 2560 1800 2600 re

145 2623 388 2708 praefata
405 2648 605 2706 regem
637 2633 1016 2700 adeuntibus,
1051 2632 1346 2689 Tedaldus
1375 2633 1640 2704 quidam,
1676 2634 1800 2689 Me-

145 2722 506 2795 dionalensis
534 2721 804 2780 Ecclesiae
826 2721 1483 2794 subdiaconus,capella
1511 2722 1802 2779 militabat

145 2813 206 2869 in
232 2799 430 2886 regia.
453 2810 558 2868 Cui
590 2829 712 2879 rex,
741 2811 929 2866 multa
953 2809 1191 2868 volvens
1223 2827 1287 2866 ac
1315 2811 1616 2869 revolvens
1661 2829 1798 2867 con-

148 2902 317 2975 silia,
355 2889 596 2974 proprio
623 2901 866 2958 tandem
897 2899 1215 2972 indulgens
1263 2900 1526 2968 arbitrio,
1552 2902 1799 2958 Ambro-

146 2990 650 3061 sianumltradidit
679 2989 1080 3061 prasulatum,
1103 2990 1439 3061 posthabita
1459 2989 1800 3046 Gothofredi

145 3071 517 3150 illius'adhuc
537 3079 784 3158 viventis
803 3079 1152 3157 investitura
1171 3083 1228 3134 et
1249 3079 1800 3148 unclione,Athonis

149 3186 380 3246 quoque
403 3169 608 3236 Romae
631 3171 773 3230 tunc
795 3167 1060 3238 degentis
1082 3167 1380 3224 electione.
1407 3168 1555 3232 Quid
1577 3166 1799 3240 pluraﬁ?

150 3257 470 3330 Susceptus
499 3260 588 3320 est
617 3256 832 3330 praesul
862 3255 961 3312 ille
1001 3274 1034 3312 a
1064 3256 1216 3312 clero
1249 3261 1306 3311 et
1335 3256 1668 3329 populo.....
1703 3257 1797 3312 cui

149 3321 1080 3418 eti@,-su3raganei,iidem.ipsi,
1103 3345 1204 3417 qui
1226 3321 1644 3402 Gothol‘redum
1666 3363 1800 3402 con-
1827 3321 1870 3388 (ἶ

150 3438 540 3504 sacraverant,
575 3451 789 3490 manus
821 3435 1156 3505 imponunt,
1192 3458 1213 3485 ³
1279 3433 1374 3490 die
1432 3435 1463 3488 4
1497 3435 1797 3490 Februarii

148 3522 289 3594 407$
317 3523 423 3596 (uti
456 3523 685 3584 ostendi
731 3523 791 3579 in
845 3523 1088 3595 Exegesi
1127 3524 1199 3579 de
1252 3522 1542 3596 episcopis
1573 3525 1797 3580 Medio-

147 3612 542 3685 lanensibus),
555 3630 670 3670 non
705 3613 973 3674 obstante
994 3613 1148 3684 quod
1172 3612 1486 3685 Gregorius
1518 3630 1800 3686 papa,per

148 3702 314 3758 datas
339 3720 422 3758 vn
453 3702 596 3766 ldus
625 3702 990 3773 Septembris
1014 3702 1324 3774 praegressi
1355 3702 1614 3759 Tedaldo
1637 3719 1824 3759 man-.

146 3791 344 3847 dasset
375 3795 442 3846 ut
470 3795 714 3847 Romam
741 3791 983 3858 veniret,
1017 3791 1320 3848 electionis
1355 3809 1477 3848 suae
1505 3791 1793 3860 rationem

145 3880 504 3948 redditurus,
544 3879 791 3946 interim
835 3897 969 3957 vero
1001 3897 1198 3940 sacros
1229 3880 1463 3938 ordines
1504 3898 1574 3937 ne
1607 3881 1796 3938 susci-

142 3973 304 4040 peret
329 3987 350 4039 ;_
387 3986 446 4024 vr
477 3984 710 4040 quoque
765 3969 905 4025 Idus
936 3969 1200 4029 Octobris
1228 3969 1509 4025 scribens
1565 3969 1795 4026 Vercel-

141 4055 312 4128 lensi,
340 4057 717 4124 Taurinensi,
736 4058 992 4135 Astansi,
1030 4058 1410 4130 Iporediensi,
1426 4059 1717 4116 Laudensi
1739 4063 1797 4116 et

139 4146 359 4203 caeteris
381 4147 771 4220 suﬂ'raganeis
789 4151 1003 4226 sanctae
1027 4147 1480 4204 Mediolanensis
1503 4148 1791 4218 Ecclesiae,

138 4235 576 4308 signiﬁcaverat,
598 4237 740 4309 quid
770 4236 1026 4300 Tedaldo
1056 4236 1396 4308 scripserit;
1426 4237 1628 4309 eisque
1648 4255 1793 4310 prae-

137 4330 368 4396 ceperat
395 4327 627 4389 eumad
660 4342 858 4386 sacros
887 4326 1122 4384 ordines
1154 4343 1225 4381 ne
1258 4331 1655 4398 promoveant.
1688 4329 1793 4384 Hic

134 4429 416 4482 vero,non
447 4431 524 4479 se,
541 4419 742 4494 potest.
763 4414 1061 4472 continere
1089 4414 1389 4482 Arnulfus,
1413 4417 1792 4488 quantumvis

132 4502 519 4577 parti8.regiea
546 4505 875 4585 studiosus,
909 4505 1051 4576 quin
1073 4504 1358 4562 exclamet
1386 4521 1398 4560 :
1425 4528 1453 4556 «
1482 4506 1591 4562 Res
1620 4507 1789 4576 mira,

135 4594 190 4646 et
243 4593 479 4652 cunctis
526 4597 679 4650 retro
738 4594 1106 4666 temporibus
1171 4593 1458 4661 inaudita,
1511 4598 1578 4650 ut
1626 4596 1790 4653 urbis

132 4679 310 4738 unius
370 4698 486 4746 uno
543 4681 1066 4752 electoantistite,
1121 4687 1349 4739 sacrato
1409 4683 1614 4752 altero,
1671 4702 1788 4742 uno
1817 4696 1886 4760 Ι),

130 4770 454 4842 eodemque
482 4775 744 4846 tempore
774 4773 986 4845 tertius.
1014 4777 1289 4844 erumpat
1314 4771 1327 4826 Ι
1363 4794 1391 4822 ››
1460 4830 1465 4838 ,

197 4861 294 4914 22.
321 4859 464 4924 Falli
495 4860 591 4916 hic
618 4861 930 4920 Arnulfum
960 4860 1634 4928 vultPuricellum,dum
1653 4862 1781 4935 ipso

125 4945 388 5026 incendii
415 4949 658 5012 secundi
689 4967 864 5018 anno,
898 4954 954 5006 et
983 4954 1118 5006 ante
1148 4949 1386 5006 Ledaldi
1437 4950 1781 5008 electionem

129 5038 303 5107 atque
317 5037 759 5100 ordinationem,
773 5039 1785 5107 schismaticam,interfectum,Her-

129 5121 496 5188 Munia-ldum
524 5128 688 5195 dicit,
720 5131 897 5200 atque
926 5129 984 5184 id
1020 5129 1240 5186 factum
1273 5129 1574 5186 contendit
1610 5130 1784 5203 paulo

130 5216 280 5281 post,
307 5214 514 5275 .Pacha
540 5217 681 5278 anni
721 5218 882 5285 1076,
905 5218 974 5274 «ἰὰ
1029 5222 1118 5274 est
1147 5234 1347 5275 mense
1391 5217 1630 5290 Aprilis.
1669 5220 1782 5276 Sed

132 5303 577 5382 quemodoialli
602 5306 793 5377 potuit
821 5307 872 5364 is
893 5307 994 5379 qui
1014 5311 1318 5376 tunc,cum
1349 5322 1444 5363 res
1475 5308 1780 5380 agebatur,

132 5390 442 5470 scribebat,
473 5397 532 5449 et
557 5395 854 5471 scribendi
907 5396 1095 5454 ﬁnem.
1115 5395 1250 5452 fecit
1301 5411 1455 5452 anno
1488 5401 1638 5469 post
1684 5412 1780 5454 se-

131 5478 334 5548 quenti
357 5480 846 5544 1077?,Mecerte
876 5486 1035 5544 adid
1067 5484 1381 5541 dicendum
1414 5502 1531 5542 non
1563 5491 1782 5558 cogunt

129 5567 304 5628 verba
331 5569 897 5641 Andrete,.dicentis,
947 5590 1114 5630 num.
1175 5574 1262 5639 80,
1297 5575 1452 5643 quod
1515 5576 1778 5648 martyrii

127 5655 388 5734 palmam
405 5661 950 5732 .assecutoArialdo,
969 5663 1146 5731 Deus,
1172 5685 1198 5712 «
1223 5660 1450 5720 decimo
1474 5668 1607 5736 post
1621 5682 1775 5721 anno

128 5744 608 5820 Herlembaldum
634 5750 866 5810 ﬁdelem
889 5752 1132 5826 socium
1149 5749 1463 5810 associavit
1491 5753 1552 5810 in
1593 5769 1778 5826 regno

1909 2010 2088 2077 ciens,
2111 2009 2170 2065 in
2195 2011 2389 2064 futuro
2419 2009 2695 2082 castigari
2727 2010 3112 2080 promittens;
3145 2032 3174 2060 »
3211 2011 3475 2082 adeoque
3497 2027 3568 2066 ea

1910 2116 2038 2172 quae
2068 2102 2270 2154 contra
2307 2118 2329 2146 α
2362 2103 2597 2155 sanctos
2619 2098 2919 2155 Arialdum
2942 2104 3001 2155 et
3021 2098 3502 2156 Herlembaldum
3534 2122 3562 2148 n

1911 2188 2179 2244 acerbius
2210 2188 2526 2260 scripserat
2555 2192 2944 2255 correcturus,
2977 2189 3026 2244 si
3059 2189 3251 2245 denuo
3310 2190 3566 2245 scribere

1910 2278 2179 2334 eamdem
2201 2277 2510 2332 historiam
2543 2277 2844 2333 debuisset
2862 2277 2950 2333 vel
2972 2277 3400 2350 potuisset,nisi
3419 2279 3566 2335 forte

1910 2365 2088 2422 etiam
2119 2369 2259 2421 tunc
2290 2365 2482 2421 adhuc
2515 2366 2866 2438 persistebat
2913 2366 2972 2422 in
3029 2366 3210 2439 priori
3267 2367 3562 2439 opinione,

1912 2455 2067 2528 quod
2094 2454 2431 2525 illijustum
2464 2455 2832 2527 quidem,sed
2867 2472 2983 2510 non
3007 2457 3170 2528 juste
3191 2455 3408 2514 fuerint
3428 2473 3565 2528 pro-

1912 2543 2120 2610 secuti,
2155 2544 2398 2600 modum
2427 2548 2484 2600 et
2513 2543 2797 2600 terminos
2853 2561 2994 2600 suos
3042 2545 3339 2617 cujusque
3367 2545 3560 2601 ordini

1910 2633 2176 2704 praﬁxos
2207 2633 2556 2689 excedendo.
2589 2633 2750 2688 Hanc
2798 2637 2952 2690 certe
2983 2633 3320 2706 opinionem
3352 2634 3565 2692 retine-

1911 2721 2030 2790 bat,
2079 2723 2205 2793 jam
2235 2723 2669 2793 quadamtenus
2699 2723 3066 2791 emendatus,
3102 2739 3238 2778 cum
3282 2722 3568 2780 scriberet

1909 2811 2066 2882 apud
2100 2809 2451 2866 Puricellum
2483 2827 2617 2884 pag.
2649 2811 2793 2867 32-9:
2827 2834 2856 2862 ‹‹
2889 2811 2949 2867 Si
2981 2829 3107 2883 quae
3138 2815 3281 2868 sunt
3303 2811 3571 2868 aliorum.

1910 2899 2056 2955 bene
2085 2899 2239 2956 dicta
2267 2899 2354 2955 vel
2395 2905 2544 2968 acta,
2599 2918 2716 2956 non
2775 2900 3205 2973 improbamus,
3257 2916 3364 2955 nec
3423 2899 3564 2958 ulllo

1911 2990 2084 3045 modo
2111 2990 2496 3045 dissentimus
2528 2991 2600 3046 ab
2628 2989 2906 3046 omnibus
2935 2988 3055 3045 illis
3089 2990 3188 3062 qui
3212 2989 3446 3046 venales
3476 3007 3568 3047 re-

1910 3079 2160 3150 probant
2191 3079 2658 3136 consecrationes
2680 3082 2738 3135 et
2775 3096 3074 3135 sacrorum
3109 3079 3568 3137 incontinentiae

1909 3169 2204 3235 ordinum,
2239 3185 2308 3224 ea
2338 3172 2535 3224 tamen
2567 3169 2795 3224 rationa
2821 3172 2887 3224 ut
2917 3186 2951 3224 a
2971 3167 3151 3224 Paulo
3177 3185 3291 3224 non
3343 3169 3568 3224 discre-

1912 3274 2120 3329 pcmus
2151 3261 2425 3326 auctore;
2459 3258 2541 3313 ait
2559 3257 2716 3313 enim
2752 3275 2765 3312 :
2801 3280 2829 3308 «
2864 3257 3074 3313 Omnia
3093 3261 3290 3313 autem
3323 3257 3568 3313 honeste

1907 3351 1964 3403 et
1994 3347 2318 3404 secundum
2352 3347 2615 3403 ordinem
2651 3347 2797 3402 fiant
2821 3347 2868 3418 (I
2896 3346 3016 3402 Cor.
3049 3361 3165 3413 xxv,
3198 3345 3309 3417 40).
3344 3367 3373 3394 ››

1979 3438 2063 3491 23.
2091 3435 2247 3491 Nihil
2278 3440 2484 3490 contra
2512 3435 2664 3490 hauc
2695 3434 2907 3506 legem,
2934 3451 3008 3490 ne
3045 3434 3118 3488 ab
3154 3432 3562 3490 Herlemdaldo

1909 3525 2149 3598 quidem
2173 3529 2478 3597 peccatum
2501 3523 2728 3582 censuit
2747 3523 3172 3589 Andreas,cum
3205 3544 3234 3572 «
3268 3523 3328 3577 in
3362 3522 3561 3579 defen-

1908 3614 2068 3670 sione
2093 3613 2338 3686 justitiaa
2372 3613 2652 3685 martyrio
2697 3614 3039 3667 coronatum
3076 3634 3098 3663 υ
3137 3611 3561 3683 pronuntiavit,

1907 3720 2071 3760 num.
2105 3704 2175 3758 34
2227 3721 2240 3772 ;
2301 3701 2447 3757 nihil
2477 3701 2652 3757 etiam
2693 3699 3010 3772 Gregorius
3069 3717 3242 3773 papa,
3299 3701 3564 3760 scribens

1908 3815 1935 3842 ‹‹
1970 3792 2231 3847 Wifredo
2264 3791 2574 3847 Mediolani
2605 3789 2816 3857 militi;
2851 3805 3049 3860 quem,
3075 3811 3102 3840 ››
3137 3789 3561 3861 post-Herlem-

1907 3880 2062 3937 baldi
2105 3881 2344 3945 cmdem,
2380 3901 2407 3930 «
2467 3880 2539 3935 ad
2598 3879 3014 3935 confortandos
3070 3878 3284 3935 Christi
3342 3878 3562 3934 milites

1905 3970 2170 4025 animum
2197 3973 2256 4025 et
2280 3969 2684 4026 fortitudinem
2705 3967 3098 4040 resumpsisse
3121 3990 3150 4017 »
3174 3966 3556 4030 intellexerat.

1908 4059 2160 4114 Mentem
2195 4063 2390 4114 autem
2451 4075 2626 4113 suam
2649 4057 3025 4114 manifestius
3081 4056 3562 4130 luculentiusque

1904 4147 2162 4204 declarat
2193 4148 2252 4202 in
2273 4146 2525 4219 epistola
2545 4148 2616 4202 ad
2641 4146 2947 4219 praefatum
2972 4145 3354 4219 Liprandum,
3375 4163 3562 4218 quam

1902 4253 1972 4293 ex
2001 4238 2128 4309 ejus
2159 4239 2368 4308 nepote
2400 4235 2700 4293 Landulﬁo
2729 4253 2764 4292 a
2793 4237 2852 4292 S.
2885 4235 3065 4292 Paulo
3096 4235 3181 4292 sic
3211 4236 3419 4292 recitat
3449 4237 3562 4293 Pu-

1903 4326 2138 4382 ricellus
2169 4342 2302 4398 pag.
2330 4327 2436 4381 327
2469 4342 2482 4380 :

1975 4439 2003 4466 «
2037 4419 2363 4473 GBEGORIUS
2390 4416 2703 4488 episcopus
2732 4431 2937 4471 servus
2986 4431 3286 4472 servorum
3320 4416 3444 4482 Dei,
3469 4417 3557 4495 Lr-

1902 4523 2130 4562 PRANDO
2161 4504 2472 4573 sacerdoti,
2502 4503 2754 4560 salutem
2807 4508 2866 4560 et
2898 4504 3281 4576 apostolicam
3321 4504 3558 4560 benedi-

1899 4595 2154 4652 ctionem
2167 4636 2180 4650 .

1970 4709 1996 4735 «
2022 4684 2081 4740 Si
2096 4687 2435 4740 sanctorum
2458 4683 2802 4740 memoriam
2828 4684 3282 4749 veneramur,de
3303 4699 3556 4755 quorum

1895 4774 2156 4848 legimus,
2181 4778 2369 4830 morte
2398 4778 2454 4830 et
2485 4772 2852 4829 abscissione
2885 4773 3322 4841 membrorum;
3356 4773 3404 4828 si
3446 4790 3553 4846 pa-

1890 4863 2157 4920 tientiam
2188 4863 2504 4919 laudamus
2535 4879 2764 4930 eorum,
2800 4879 2950 4934 quos
2995 4879 3029 4918 a
3058 4861 3276 4918 Christi
3309 4862 3422 4917 ﬁde
3451 4878 3557 4919 nec

1894 4953 2130 5026 gladius
2159 4969 2265 5008 nec
2297 4952 2418 5008 ulla
2447 4967 2613 5023 paena
2643 4951 2840 5007 divisit
2868 4970 2881 5020 ;
2914 4955 2975 5006 tu
3011 4967 3268 5023 quoque,
3293 4951 3556 5009 abscisso

1895 5059 2038 5098 naso
2064 5046 2121 5097 et
2145 5042 2387 5097 auribus
2418 5057 2522 5113 pro
2554 5039 2766 5097 Christi
2791 5041 3050 5107 nomine,
3077 5039 3438 5096 laudabilior
3494 5059 3556 5099 es

1895 5130 1995 5204 qui
2025 5132 2096 5187 ad
2129 5148 2258 5186 eam
2290 5130 2541 5203 gratiam
2586 5130 2919 5203 pertingere
2972 5131 3268 5199 meruisti,
3300 5147 3427 5202 quae
3482 5132 3554 5186 ab

1893 5219 2170 5276 omnibus
2191 5220 2580 5276 desideranda
2603 5227 2724 5288 est;
2752 5237 2870 5290 qua
2892 5237 2926 5276 a
2948 5220 3170 5276 sanctis
3193 5221 3266 5291 (si
3292 5236 3556 5292 perseve-

1891 5308 2108 5366 raveris
2139 5309 2198 5363 in
2233 5309 2411 5363 ﬁnem
2459 5325 2576 5364 non
2605 5308 2928 5383 discrepas.
2968 5307 3553 5383 Integritas-quidem

1891 5397 2152 5470 corporis
2184 5397 2270 5453 tui
2301 5397 2594 5453 diminuta
2621 5402 2744 5467 est;
2780 5400 2881 5455 sed
2936 5399 3179 5454 interior
3217 5397 3414 5461 homo,
3449 5395 3552 5466 qui

1889 5491 2202 5543 renovatur
2229 5487 2300 5541 de
2331 5487 2426 5542 die
2449 5487 2509 5542 in
2535 5487 2714 5554 diem,
2750 5505 3033 5561 magnum
3067 5484 3398 5542 sanctitatis
3422 5501 3552 5539 sus-

1887 5576 2029 5648 cipit
2055 5575 2536 5631 incrementum:
2593 5577 2782 5632 forma
2828 5575 3078 5632 visibilis
3138 5573 3383 5646 turpior,
3448 5573 3548 5628 sed

1885 5665 2080 5737 imago
2115 5665 2232 5729 Dei,
2267 5681 2394 5736 quae
2428 5670 2518 5726 est
2547 5668 2738 5723 forma
2759 5666 3028 5739 justitia,
3059 5665 3216 5719 facta
3236 5667 3326 5719 est
3354 5661 3416 5718 in
3455 5663 3550 5718 di-

1883 5752 2633 5826 minutionejucundior,in
2653 5755 3019 5831 turpitudine
3033 5751 3353 5826 pulchrior;
3384 5752 3560 5808 unde
