4822 6454
1147 445 1302 516 “99

2252 447 2361 512 SS.
2405 443 2719 510 ARIALDI
2763 439 2862 507 εει*
2904 437 3402 508 ERLEMBALDI

4369 439 4584 510 {300
4635 465 4638 468 ·

1141 581 1202 639 in
1231 580 1482 641 Canticis
1511 581 1867 640 canticorum
1904 579 2183 655 gloriatur
2210 579 2484 646 Ecclesia,
2519 580 2715 633 dicens
2751 595 2764 635 :
2798 578 2848 643 Α
2877 577 3026 632 bano
3058 594 3208 649 papa
3239 577 3306 644 II,
3340 576 3438 648 qui
3470 579 3669 650 postea
3697 575 3868 636 annis
3897 575 3956 636 il
3992 581 4050 636 et
4079 577 4406 636 mensibus
4443 575 4576 636 ali-

1145 691 1172 724 a
1205 672 1384 744 Nigra
1413 689 1566 738 sum,
1599 671 1697 726 sed
1729 668 2140 736 formosa,filiee
2160 667 2484 723 Jerusalem
2516 669 2696 737 (Cant.
2726 684 2763 735 ι,

1139 761 1250 832 54).
1287 784 1314 810 ››
1341 761 1497 824 Quod
1533 759 1580 814 si
1613 757 1847 814 interior
1871 757 2090 828 species
2123 754 2266 810 nihil
2291 772 2462 828 passa
2487 744 2765 810 estdetri-

1141 849 1318 904 menti
1350 848 1422 903 iis
1455 846 1930 908 abscissionibus,
1965 861 2078 898 non
2132 849 2220 898 est
2278 844 2604 898 abscissum
2637 861 2665 894 η
2711 847 2766 897 te

1139 936 1490 992 sacerdotale
1507 933 1962 1003 olﬁicium,quod
1987 933 2284 1004 proprium
2309 936 2396 986 est
2409 931 2762 996 sanctitatis;

1135 1031 1193 1079 et
1223 1042 1336 1080 non
1369 1029 1488 1078 tam
1514 1021 1986 1076 consideraturin
2017 1020 2347 1090 integritate
2370 1019 2762 1073 membrorum

1135 1129 1310 1185 quam
1341 1111 1398 1165 in
1423 1110 1749 1181 integritate
1769 1110 2070 1162 virtutum.
2097 1108 2255 1162 Unde
2288 1108 2601 1178 imperator
2624 1111 2764 1161 Con-

1132 1201 1425 1256 stantinus
1457 1197 1959 1268 Hierosolymitani
1993 1197 2246 1266 episc0pi
2279 1196 2585 1264 cujusdam
2627 1212 2761 1248 ocu-

1128 1289 1249 1343 lum
1275 1311 1302 1336 ››
1335 1289 1414 1358 (S.
1446 1287 1679 1341 Maximi
1711 1285 1948 1352 scilicet,
2008 1285 2077 1338 de
2117 1301 2230 1355 quo
2263 1289 2456 1338 actum
2512 1283 2548 1336 5
2607 1282 2762 1350 Maii)

1133 1402 1151 1425 ιι
1191 1393 1292 1448 pro
1323 1376 1535 1430 Christi
1567 1373 1800 1428 nomine
1829 1377 2059 1427 erutum
2091 1390 2240 1442 saepe
2272 1370 2646 1426 osculabatur
2671 1389 2682 1436 ;
2706 1375 2763 1424 et

1126 1463 1388 1533 exemplo
1420 1463 1652 1517 Patrum
1685 1467 1857 1531 atque
1888 1460 2233 1513 documento
2287 1459 2573 1528 majorum
2608 1458 2752 1511 didi-

1126 1553 1314 1607 cimus
1347 1567 1459 1605 non
1493 1551 1715 1604 auferre
1747 1565 1976 1603 sacrum
2001 1547 2255 1602 ofﬁcium
2275 1545 2759 1617 martyribus,pro

1125 1638 1465 1706 hujusmodi
1496 1654 1717 1693 caesura
1743 1637 2161 1691 membrorum.
2517 1679 2538 1700 ,

1192 1729 1284 1782 24.
1321 1749 1348 1774 ‹‹
1382 1726 1652 1792 Proinde,
1685 1729 1904 1794 martyr
1949 1722 2177 1788 Christi,
2212 1722 2531 1776 confortare
2558 1721 2615 1774 in
2649 1721 2760 1776 Do-

1127 1813 1304 1869 mino.
1337 1813 1520 1883 Magis
1552 1812 1751 1866 credas
1784 1812 1841 1864 in
1873 1815 1926 1864 te
1961 1827 2112 1864 nunc
2167 1826 2293 1864 esse
2325 1810 2758 1880 presbyteratus

1124 1901 1400 1968 ofﬁcium,
1457 1899 1608 1970 quod
1659 1898 1818 1968 prius
1849 1897 1956 1952 olei
2015 1897 2302 1963 unctione,
2338 1913 2493 1950 nunc
2523 1897 2606 1950 tui
2671 1899 2760 1951 est
2789 1930 2834 1994 B
2869 1919 2898 1946 ‹‹

1121 1989 1424 2061 sanguinis
1447 1988 1724 2042 tinctione
1753 1987 2171 2053 commissum;
2206 1991 2262 2040 et
2307 1991 2523 2056 quanto
2555 1986 2755 2039 minus

1121 2078 1299 2132 habes
1321 2077 1474 2147 quod
1510 2074 1696 2147 possit
1725 2074 1957 2140 auferri,
1981 2077 2140 2127 tanto
2165 2073 2359 2128 minus
2381 2073 2589 2127 timeas
2611 2089 2755 2142 pras-

1121 2164 1315 2219 dicare
1345 2181 1470 2235 qum
1501 2179 1634 2218 vera
1683 2166 1841 2228 sunt,
1876 2161 2165 2216 seminare
2213 2177 2337 2232 qua:
2369 2159 2758 2231 centuplicata

1124 2254 1458 2308 reddentur.
1519 2251 1750 2305 Scimus
1803 2250 2038 2320 quidem
2069 2253 2124 2304 te
2157 2250 2227 2304 ab
2259 2249 2513 2303 inimicis
2545 2253 2756 2302 sanctae

1125 2341 1385 2396 Ecclesiae
1418 2355 1648 2410 semper
1693 2337 1980 2392 inimicari
2035 2342 2091 2392 et
2120 2337 2320 2408 afﬂigi,
2379 2337 2476 2391 sed
2543 2353 2612 2391 ne
2659 2353 2758 2390 eos

1120 2428 1331 2483 timeas
1343 2444 1528 2497 neque
1548 2425 1939 2498 perterrearis,
1955 2425 2091 2495 quia
2107 2441 2220 2479 non
2243 2429 2364 2479 tam
2385 2430 2438 2478 te
2461 2441 2635 2495 quam
2659 2429 2759 2479 tua

1123 2516 1343 2580 omnia,
1375 2515 1485 2570 sub
1537 2518 1735 2569 nostra
1765 2517 1822 2568 et
1850 2513 2178 2584 apostolicae
2209 2513 2364 2568 sedis
2389 2513 2588 2578 tutela,
2623 2529 2756 2568 cum

1123 2620 1335 2676 magna
1366 2603 1645 2658 charitate
1697 2607 1980 2657 tenemus.
2015 2602 2083 2656 Et
2115 2600 2162 2655 si
2195 2600 2252 2654 in
2310 2599 2606 2672 aliquibus
2651 2602 2753 2656 tibi

1121 2691 1514 2747 necessarium
1545 2689 1716 2745 fuerit
1763 2689 2138 2761 apostolicam
2196 2690 2392 2744 sedem
2445 2688 2752 2760 appellare,

1124 2780 1532 2846 concedimus;
1568 2781 1625 2833 et
1654 2778 1702 2833 si
1729 2779 1801 2832 ad
1835 2795 1938 2832 nos
1977 2781 2033 2832 et
2083 2778 2131 2832 si
2163 2778 2231 2832 ad
2267 2782 2524 2832 nostram
2557 2778 2752 2832 sedem

1119 2868 1366 2938 veneris,
1398 2884 1530 2922 cum
1583 2867 1795 2940 gaudio
1824 2870 1881 2922 et
1924 2882 2134 2938 magno
2190 2866 2405 2922 honore
2461 2865 2754 2937 suscipere

1122 2955 1308 3027 parati
1337 2972 1564 3011 sumus.
1601 2977 1628 3004 »
1659 2955 1892 3010 Utinam
1925 2953 2008 3008 sic
2055 2954 2232 3009 etiam
2273 2953 2624 3009 haberentur
2654 2953 2752 3008 lit-

1117 3049 1274 3110 terae,
1306 3059 1472 3114 quas,
1505 3041 1794 3097 intellecta
1843 3041 2231 3096 Herlembaldi
2287 3046 2492 3110 morte,
2552 3043 2622 3096 ad
2655 3059 2753 3098 eos

1119 3132 1221 3201 qui
1243 3131 1433 3202 ipsam
1465 3129 1892 3202 signiﬁcabant,
1926 3129 2153 3184 dedisse
2201 3129 2539 3201 Gregorium
2575 3129 2754 3185 credi-

1118 3219 1232 3274 bile
1261 3223 1370 3286 est,
1405 3217 1605 3290 plenas
1636 3217 2041 3272 aestimationis
2101 3222 2156 3272 et
2186 3219 2445 3284 allectus,
2481 3235 2584 3272 nec
2633 3235 2746 3272 non

1117 3283 1609 3379 comprobationis
1633 3310 1891 3360 actorum
1919 3305 1991 3360 ab
2026 3322 2111 3372 eo,
2146 3306 2360 3377 quibus
2415 3283 2632 3362 obstrui
2677 3305 2748 3362 si-
2778 3283 2820 3350 (ἶ

1119 3395 1334 3450 militer
1363 3398 1604 3467 possent
1651 3411 1772 3459 ora,
1806 3394 1873 3448 de
1906 3410 1970 3448 eo
2020 3411 2182 3465 aeque
2213 3410 2278 3450 ac
2316 3394 2374 3450 S.
2404 3394 2636 3450 Arialdo
2665 3393 2749 3449 lo-

2877 671 3017 739 quot
3046 668 3234 722 tenuit
3265 666 3529 722 Ecclesia
3559 667 3854 725 catholicae
3913 669 4424 742 gubernaculum,
4499 671 4572 723 et

2875 759 3142 826 receptus
3170 756 3406 827 agnitus
3435 756 3544 810 fuit
3571 773 3741 812 verus
3773 759 3831 813 S.
3858 758 4152 814 Ambrosii
4185 773 4566 825 successor,

2874 843 3100 898 Etenim
3132 843 3290 899 illius
3330 846 3401 898 ad
3432 845 3587 899 hunc
3616 849 3771 900 extat
3794 847 3948 917 apud
3999 849 4234 902 Ivonem
4267 851 4458 918 parte
4494 862 4568 902 vx

2875 948 3000 1004 cap.
3035 933 3157 1001 406,
3189 938 3535 1003 rescriptum
3566 934 3943 1004 hujusmodi:
3983 957 4004 983 α
4039 935 4408 990 Discretioni
4447 950 4572 991 no-

2873 1025 3004 1075 stra:
3035 1022 3266 1076 videtur
3321 1025 3630 1092 quatenus,
3666 1023 3990 1078 secundum
4025 1022 4304 1095 praecepti
4338 1022 4566 1078 nostri

2871 1113 3152 1177 tenorem,
3177 1110 3409 1181 quando
3432 1111 3754 1164 secundum
3779 1110 4048 1166 Ecclesiae
4067 1115 4272 1166 vestris
4299 1127 4566 1166 morem

2873 1213 3068 1252 sacros
3099 1199 3342 1252 daturus
3365 1197 3723 1268 quibuslibet
3770 1197 3900 1253 aliis
3919 1198 4569 1268 ordines,benedicere

2872 1285 3260 1356 coeperis,eos,
3295 1302 3440 1357 quos
3471 1290 3572 1340 tua
3601 1286 3832 1340 duxerit
3868 1285 4108 1341 solertia
4138 1286 4562 1343 reconcilian-

2874 1373 3002 1440 dos,
3037 1373 3187 1427 inter
3209 1373 3670 1428 benedicendum
3729 1379 3786 1428 et
3833 1391 4047 1429 manus
4093 1374 4564 1446 imponendum

2871 1460 3364 1528 faciasinteresse;
3385 1461 3600 1532 quibus
3621 1465 3825 1516 caetera
3839 1462 4039 1516 omnia
4059 1462 4567 1520 consecrationis

2870 1547 3280 1614 instrumenta,
3311 1553 3517 1618 praeter
3576 1547 3886 1614 unctionis,
3927 1548 4208 1622 explebis,
4243 1553 4304 1605 et
4333 1550 4430 1606 sic
4469 1551 4560 1607 ad

2869 1640 3070 1690 sancta
3101 1636 3428 1691 ministeria
3449 1636 3874 1692 reconciliabis.
3919 1659 3940 1686 η

2937 1724 3026 1778 26.
3062 1727 3220 1778 Anno
3254 1724 3390 1777 1095
3417 1723 3720 1778 Placentiae
3752 1726 4041 1796 synodum
4093 1724 4422 1783 celebravit
4455 1728 4556 1787 Ur

2868 1811 3055 1865 banus
3089 1828 3101 1865 :
3138 1833 3164 1858 ‹‹
3216 1811 3379 1877 Huic,
3419 1833 3438 1858 ι
3500 1815 3645 1865 teste
3703 1811 4015 1868 Bertholdo
4077 1813 4551 1872 Constantiensi

2953 1897 3346 1952 interfuerunt
3401 1896 3869 1968 Saltzburgensis
3927 1899 4445 1973 archiepiscopus,
4483 1907 4556 1958 et

2869 1985 3219 2040 Pataviensis
3256 1985 3566 2056 episcopus
3597 1986 3667 2040 de
3695 1986 3979 2056 Bajoaria,
4038 1988 4108 2042 de
4167 1987 4554 2047 Alemannis.

2866 2090 2998 2129 vero
3027 2074 3512 2138 Constantiensis,
3545 2074 3646 2144 qui
3675 2077 3731 2129 et
3767 2074 4080 2130 Amulium
4113 2075 4550 2134 Mediolanen-

2866 2178 2988 2216 sem
3020 2161 3544 2234 archiepiscopum,
3577 2162 3676 2216 diu
3701 2162 3938 2233 quidem
3959 2162 4350 2232 electum,sed
4374 2183 4550 2224 non-

2869 2251 3007 2304 dum
3037 2254 3457 2318 consecratum,
3490 2249 3692 2304 eodem
3747 2253 4010 2321 tempore
4038 2267 4110 2306 ex
4139 2254 4554 2311 concessione

2866 2338 3084 2393 domini
3117 2355 3277 2409 papaa
3311 2336 3619 2392 Mediolani
3649 2353 4078 2394 consecravere.
4105 2360 4134 2388 ››
4157 2339 4545 2411 Supervenit

2865 2427 3073 2481 deinde
3104 2426 3242 2481 illuc
3271 2425 3527 2497 pontifex
3557 2425 3702 2496 ipso,
3727 2427 3825 2496 qui
3853 2426 3996 2496 quid
4020 2431 4162 2483 tunc
4193 2430 4388 2500 egerit
4409 2434 4554 2489 Me-

2865 2514 3104 2580 diolani,
3136 2513 3369 2585 collegit
3395 2511 3716 2568 Puricellus
3745 2529 3815 2568 ex
3843 2513 4106 2584 quadam
4137 2531 4250 2572 ms.
4295 2520 4550 2593 margi-

2865 2602 2982 2658 nali
3014 2602 3326 2668 additione,
3361 2602 3433 2656 ad
3491 2607 3663 2672 caput
3722 2600 3828 2657 ult.
3878 2601 4014 2657 libri
4043 2619 4132 2670 III,
4191 2605 4542 2665 Annalium

2863 2690 3126 2746 Landulfl
3148 2688 3574 2757 Senioris,nihil
3594 2705 3770 2761 quam
3791 2689 4078 2746 Arnultus
4099 2691 4212 2748 fuit
4229 2694 4545 2764 sequioris

2865 2781 2934 2836 ad
2969 2779 3311 2834 memoriam
3343 2777 3754 2835 Herlembaldi.
3788 2777 3870 2834 Ibi
3899 2783 4034 2850 post
4061 2778 4187 2836 hac
4207 2782 4444 2855 scripta
4469 2784 4548 2842 in

2863 2867 3372 2940 marginejverbam
3389 2867 3686 2922 Occiditur
3705 2865 4151 2923 Herlembaldus
4167 2867 4241 2924 ab
4253 2870 4546 2933 Arnaldo

2862 2955 2932 3010 de
2961 2955 3198 3021 Raude;
3230 2977 3256 3002 υ
3289 2954 3372 3008 sic
3410 2955 3650 3024 insuper
3702 2953 3915 3025 legitur
3946 2969 3959 3007 :
3995 2975 4024 3004 «
4055 2953 4280 3013 Versus
4337 2973 4552 3032 snper

2862 3043 3126 3115 sepulcro
3159 3041 3548 3098 Herlembaldi
3569 3041 3628 3095 in
3660 3042 3718 3097 S.
3751 3041 4048 3115 Dionysio,
4072 3059 4250 3115 quem
4283 3054 4550 3106 sancto-

2860 3149 2990 3187 rum
3024 3135 3344 3202 martyrum
3375 3128 3637 3202 catalogo
3668 3129 3962 3186 adnotavit
3993 3130 4269 3188 Urbanus
4291 3133 4343 3190 II
4373 3152 4390 3202 ;
4417 3138 4552 3208 qui

2861 3235 2993 3274 cum
3011 3216 3311 3289 Arnulpho
3327 3216 3759 3290 archiepiscOpo
3775 3216 4090 3274 millesimo
4121 3223 4546 3293 nonagesimo

2860 3307 3068 3379 primo,
3101 3322 3312 3376 corpus
3341 3307 3466 3375 ejus
3489 3304 3816 3372 tumulavit,
3840 3305 3963 3373 (ubi
3989 3329 4017 3356 ‹‹
4051 3309 4544 3380 nonagesimum

2855 3394 3177 3466 quintum»
3203 3409 3424 3447 annum
3445 3391 3757 3465 legendum
3781 3393 3986 3449 merito
4019 3401 4219 3451 censet
4235 3396 4544 3458 Puricel-

1117 3483 1422 3554 quentium
1448 3483 1668 3553 iniqua.
1692 3486 1857 3537 Nunc
1880 3482 2034 3554 quod
2057 3487 2342 3553 superest,
2375 3482 2660 3555 quidquid
2683 3498 2751 3538 ex
2854 3482 2992 3554 lus,)
3020 3481 3156 3553 quia
3185 3482 3310 3554 ipse
3339 3480 4108 3548 Herlembaldus,vexillifer
4135 3483 4428 3544 Ecclesiae
4457 3507 4540 3548 ac

1119 3571 1404 3627 Puricello
1421 3570 1690 3642 colligere
1708 3571 2120 3642 possumus,ad
2143 3570 2447 3641 utriusque
2467 3569 2748 3625 honorem

1119 3675 1434 3731 pergamus
1481 3659 1805 3730 decerpere,
1836 3658 2106 3714 adductis
2145 3662 2472 3724 auctorum,
2505 3674 2631 3729 quae
2663 3673 2750 3712 re-

1117 3751 1443 3818 praesentat,
1473 3747 1682 3802 verbis.

1754 3852 1982 3908 CAPUT
2023 3851 2112 3906 IV.

1115 3942 1212 3998 SS.
1245 3941 1624 3999 Herlembaldo
1679 3949 1730 3996 et
1778 3941 2006 3996 Arialdo
2056 3943 2232 3995 erecta
2275 3942 2334 3994 in
2391 3939 2446 3995 S.
2491 3941 2750 4012 Dionysio

1752 4015 2124 4067 monumenta.

1183 4102 1274 4155 25.
1307 4099 1462 4154 Obiit
1487 4099 1799 4170 Gregorius
1829 4115 1979 4170 papa
2019 4098 2120 4152 VII
2152 4113 2302 4153 anno
2341 4099 2493 4164 2075,
2525 4097 2750 4154 decimo

1116 4191 1248 4261 post
1275 4185 1666 4242 Herlembaldi
1724 4185 1936 4240 caadem
1969 4202 2120 4239 anno
2162 4203 2175 4252 ;
2235 4186 2402 4255 cujus
2462 4189 2527 4241 ut
2565 4186 2748 4242 sancti

1118 4277 1314 4332 Vitam
1345 4273 1658 4329 illustravit
1691 4273 2084 4329 llenschenius
2111 4275 2182 4329 25
2205 4273 2357 4328 Maii.
2390 4273 2545 4330 Obiit
2574 4275 2747 4330 etiam

1120 4365 1324 4422 eodem
1359 4379 1508 4418 anno
1556 4362 1874 4433 eodemque
1903 4362 2016 4427 die,
2068 4369 2170 4418 aut
2199 4362 2407 4418 saltem
2465 4363 2748 4436 sequenti,

1113 4455 1318 4509 Aronzs
1369 4449 1680 4518 Tedaldus,
1713 4451 2408 4523 pseudoarchiepiscopus
2476 4451 2748 4508 Mediola-

1118 4540 1340 4597 nensis.
1373 4540 1520 4594 Huic
1551 4539 1830 4594 sutl‘ectus
1863 4539 2174 4595 Anselmus
2205 4543 2312 4607 est,
2333 4539 2594 4594 Romana
2617 4541 2751 4596 sede

1117 4646 1217 4701 per
1243 4629 1392 4684 duos
1427 4629 1541 4684 fere
1573 4643 1757 4684 annos
1784 4631 2040 4682 vacante.
2075 4627 2198 4682 Non
2230 4628 2406 4682 audet
2426 4627 2747 4684 Puricellus
2775 4637 2824 4701 ι)

1117 4716 1362 4773 liberare
1391 4718 1517 4788 ejus
1549 4715 1974 4770 institutionem
2005 4731 2039 4769 a
2063 4714 2198 4770 vitio
2227 4715 2576 4772 electionum
2607 4734 2748 4788 prae-

1118 4807 1450 4862 cedentium
1477 4831 1492 4872 ;
1525 4822 1655 4861 cum
1691 4805 1818 4876 ipsa
1845 4804 1945 4860 illa
1974 4821 2150 4877 quam
2172 4804 2288 4858 dixi
2320 4804 2618 4876 apostolici
2641 4805 2754 4861 cul-

1121 4893 1303 4949 minis
1351 4895 1594 4958 vocatio,
1628 4893 1892 4961 Henrico,
1926 4893 2366 4948 manutenendae
2397 4893 2748 4948 investiturae

1119 4981 1576 5047 studiosissimo,
1639 4981 2004 5036 commodam
2059 4981 2421 5036 occasionem
2477 4982 2754 5052 praeberet

1121 5069 1442 5140 usurpandi
1461 5068 1960 5140 juris,aG1egorio
1975 5068 2073 5123 VII
2101 5068 2433 5139 abjudicati.
2454 5070 2752 5133 Quomodo

1119 5163 1316 5214 autem
1339 5155 1398 5211 in
1429 5156 1790 5212 ordinatione
1811 5155 2184 5226 suscipienda
2213 5173 2341 5214 sese
2363 5157 2611 5228 gesserit
2641 5165 2752 5211 An-

1122 5245 1343 5301 selmus
1373 5245 1502 5308 iste,
1536 5261 1570 5299 a
1603 5245 1840 5315 quibus,
1862 5249 1919 5299 et
1947 5244 2180 5313 quando
2219 5243 2378 5299 illam
2411 5246 2751 5317 susceperit,

1123 5331 1266 5386 nihil
1289 5332 1381 5387 hic
1410 5333 1614 5386 attinet
1644 5331 1932 5386 discutere
1977 5349 1990 5397 ;
2055 5331 2198 5386 satis
2229 5331 2306 5386 sit
2351 5333 2541 5388 dicere
2598 5335 2751 5404 quod

1127 5415 1434 5472 Bcrthcldo
1448 5415 1870 5470 Constantiensi
1883 5457 1893 5481 ,
1906 5415 2327 5484 pontiﬁciarum
2342 5419 2593 5488 partium
2613 5421 2752 5475 scri-

1128 5507 1310 5574 ptore,
1341 5503 1566 5557 dicatur
1587 5503 1798 5558 obiisse
1829 5517 1980 5554 anno
2005 5502 2141 5554 1093
2171 5525 2198 5550 ‹‹
2223 5501 2281 5556 in
2313 5520 2488 5560 causa
2509 5507 2566 5560 S.
2603 5507 2752 5562 Petri

1130 5587 1624 5654 studiosissimus,
1657 5611 1684 5638 ι)
1717 5589 1976 5658 adeoque
2005 5605 2038 5640 a
2065 5587 2294 5643 Victore
2337 5608 2485 5662 papa
2541 5593 2608 5660 Il,
2654 5595 2754 5664 qui

1133 5689 1286 5730 anno
1317 5674 1452 5730 4086
1483 5675 1539 5730 in
1579 5676 1910 5732 Pentecoste
1939 5674 2245 5730 ordinatus
2273 5681 2361 5732 est
2387 5677 2474 5734 vel
2521 5680 2591 5736 ab
2651 5679 2754 5736 Ur-

2857 3575 3032 3638 tutor,
3067 3570 3138 3625 ab
3171 3569 3519 3625 adversariis
3551 3568 3812 3624 Ecclesia;
3843 3569 4072 3626 occisus
4097 3575 4208 3628 est.

2927 3661 3034 3715 Hic
3061 3657 3486 3726 Hcrlembaldus,
3515 3658 3674 3713 miles
3705 3657 3911 3714 Christi
3937 3659 4296 3716 reverendus.

2859 3747 3074 3804 Occisus
3106 3749 3307 3817 legitur
3333 3747 3430 3817 qui
3457 3746 3576 3801 caeli
3603 3745 3728 3802 sedc
3750 3749 3985 3817 potitur.

2856 3837 3094 3892 Incestus
3123 3835 3391 3906 reprobat,
3423 3833 3697 3890 Simonias
3725 3842 3778 3891 et
3801 3837 3933 3906 quia
3955 3834 4204 3904 damnat,

2856 3925 3010 3980 Hunc
3041 3924 3254 3979 Veneris
3279 3923 3424 3978 servi
3449 3924 3726 3994 peri-munt
3753 3921 4100 3994 Simonisquc
4129 3923 4387 3995 maligni
4407 3946 4430 3982 :

2862 4013 3130 4078 Urbanus,
3160 4027 3406 4066 summus
3429 4011 3640 4082 pracsul
3665 4009 3950 4082 dictusque
3975 4013 4276 4080 secundus,

2859 4103 3050 4158 Noster
3077 4103 3126 4156 et
3155 4101 3443 4170 Amat/us,
3471 4107 3656 4171 pastor
3678 4102 3804 4172 plus
3823 4105 3987 4172 atque
4020 4101 4317 4172 benignus,

2825 4191 3038 4261 2Hujus
3059 4190 3300 4244 membra
3323 4191 3432 4242 viri
3460 4187 3736 4243 tumulant
3763 4189 4035 4244 translata
4065 4191 4230 4246 beati.

2929 4281 3017 4333 27.
3045 4277 3206 4341 Quod
3237 4281 3430 4332 autem
3464 4275 3662 4346 prima:
3693 4275 4014 4348 supultum
4043 4277 4209 4334 locus
4241 4295 4371 4337 non
4405 4283 4554 4342 fue-

2859 4367 2934 4422 rit
2961 4365 3314 4436 alius,quam
3338 4380 3453 4434 quo
3475 4364 3670 4435 ipsum
3703 4367 3904 4436 postea
3921 4365 4312 4436 papadetulit,
4338 4369 4552 4428 intel—

2859 4454 3159 4526 ligendum
3191 4452 3357 4508 nobis
3389 4453 3602 4524 praebet
3631 4456 3837 4509 Petrus
3870 4452 4111 4510 Azarius
4151 4447 4314 4525 apud
4353 4457 4554 4516 Puri-

2859 4541 3093 4608 cellum,
3127 4557 3259 4612 pag.
3293 4543 3382 4609 22,
3417 4539 3517 4594 ubi
3576 4540 3832 4611 primum
3889 4543 4110 4607 narrat,
4143 4542 4307 4612 quod
4353 4567 4384 4594 ‹‹
4427 4563 4556 4605 αα-

2853 4629 3076 4684 dientes
3101 4627 3324 4683 nobiles
3360 4626 3675 4694 milites,de
3693 4627 4002 4684 Mediolani
4039 4629 4396 4702 proscripti,
4437 4635 4560 4694 bo-

2861 4734 2936 4772 na
2949 4733 3094 4772 nova
3115 4716 3185 4770 de
3205 4716 3343 4772 dato
3367 4714 3476 4770 sibi
3500 4714 3995 4787 archiepiscopo,»
4007 4715 4142 4785 (etsi
4164 4731 4380 4776 revera
4401 4737 4568 4780 nec-

2862 4805 3001 4860 dum
3019 4804 3192 4859 datus
3214 4803 3498 4868 esset,sed
3525 4802 3715 4858 solum
3743 4803 4118 4875 promissus,)
4147 4822 4168 4852 ι
4201 4806 4566 4868 confortati

2861 4897 2998 4950 sunt
3015 4891 3212 4958 valde;
3241 4895 3296 4946 et
3319 4894 3742 4962 congregantes
3759 4891 3980 4946 amicos
4000 4907 4070 4946 ex
4092 4892 4384 4950 omnibus
4397 4913 4564 4968 par-

2859 4981 3016 5036 tibus
3047 4979 3298 5035 civitatis
3343 4977 3672 5046 Mediolani,
3707 4979 3896 5050 ipsam
3923 4978 4217 5035 civitatem
4249 4989 4562 5053 aggressi

2859 5073 3017 5124 sunt.
3051 5067 3213 5132 Quod
3245 5066 3504 5122 sentiens
3535 5065 3979 5123 Herlembaldus
4009 5066 4200 5133 Gotta,
4233 5067 4564 5133 dominus

2860 5155 3056 5229 populi
3087 5155 3335 5227 primus,
3368 5153 3540 5210 exivit
3561 5154 3790 5210 obviam
3837 5155 4220 5222 inimicis,cui
4253 5163 4564 5220 occurrit

2859 5245 2920 5301 in
2952 5260 3155 5316 campo
3187 5241 3628 5299 Herlembaldus
3679 5267 3700 5295 ι
3767 5243 3922 5312 (aliis
3969 5243 4266 5300 Arnaldus
4297 5243 4566 5325 dictus)

2867 5355 2894 5389 α
2925 5333 2997 5388 de
3017 5331 3235 5396 Raude,
3265 5329 3429 5386 miles
3449 5330 3838 5402 proscriptus,
3861 5331 4248 5403 atqueipsum
4271 5331 4350 5387 de
4372 5349 4566 5409 equo

2862 5421 3070 5493 dejecit
3099 5425 3155 5474 et
3181 5419 3545 5490 decapitavit.
3574 5441 3601 5468 »
3631 5419 3807 5475 Addit
3836 5419 4046 5476 deinde
4074 5419 4326 5476 Azarius
4363 5437 4382 5476 :
4412 5447 4450 5476 ‹‹
4477 5427 4574 5485 Et

2861 5506 2944 5562 sic
2972 5507 3032 5560 in
3063 5512 3264 5562 sancta
3309 5505 3674 5562 confessione
3709 5507 3967 5563 moriens
4013 5506 4286 5579 sepultus
4317 5507 4454 5568 fuit
4489 5515 4570 5573 in

2862 5593 3104 5650 ecclesia
3133 5595 3228 5649 SS.
3271 5592 3520 5650 Protasii
3548 5597 3606 5649 et
3629 5593 3873 5662 Aurelii,
3906 5595 3965 5649 id
4014 5599 4122 5662 est,
4153 5595 4212 5650 S.
4257 5595 4574 5674 Dionysii

2863 5681 3014 5736 inter
3053 5684 3355 5752 martyres.
3393 5703 3412 5730 η
3475 5681 3864 5754 Hieronymus
3923 5681 4178 5752 Monius,
4231 5681 4568 5748 Mediola-
