3922 6422
317 437 442 519 '283

325 589 353 647 1
469 587 862 664 Conﬁtebimur
889 590 1011 660 tibi,
1045 595 1208 662 Deus,
1231 590 1654 666 conﬁtebimur:
1739 655 1742 659 ,

471 681 538 737 Et
564 681 937 739 invocabimus
964 699 1161 740 nomen
1189 692 1360 740 tuum.

325 771 364 825 2
470 771 834 828 Narrabimus
861 774 1148 829 mirabilia
1177 778 1272 829 tua
1305 791 1318 830 :

471 862 611 917 Cum
637 877 890 934 accepero
918 867 1127 934 tempus
1153 879 1252 933 ego
1269 863 1520 936 justitias
1542 863 1820 936 judicabo.

401 949 443 1006 C
474 949 676 1023 Erupit
700 950 1242 1024 populusJudaicus
1271 953 1325 1008 in
1347 969 1546 1009 vocem
1574 953 1980 1010 confessionis.

331 1037 610 1112 Sequitur
637 1039 870 1096 iterum:
892 1041 1320 1111 conﬁtebimur,
1344 1042 1460 1098 ista
1489 1044 1757 1115 repetitio
1778 1041 1982 1098 solidi-

327 1130 512 1184 tatem
544 1129 950 1203 promissionis
982 1135 1246 1188 testatur.
1277 1131 1393 1188 Deo
1431 1132 1589 1188 enim
1621 1133 1986 1205 frequentata

331 1217 618 1274 confessio
671 1236 787 1276 non
850 1221 1101 1292 parturit
1149 1221 1497 1294 periculum,
1546 1223 1648 1280 sed
1709 1221 1982 1287 salutem,

331 1307 598 1380 quamvis
629 1311 857 1365 terreno
877 1309 1065 1380 judici
1099 1309 1183 1366 vel
1216 1311 1397 1367 semel
1419 1311 1680 1368 conﬁteri
1712 1312 1984 1379 erimina,

330 1395 679 1471 plerumque
727 1402 974 1455 mortem
1028 1405 1283 1474 generet.
1319 1403 1418 1458 Est
1470 1407 1668 1458 autem
1718 1403 1984 1460 conﬁteri

330 1485 651 1542 multorum
683 1489 1046 1544 confessione
1077 1489 1298 1562 aliquid
1330 1492 1612 1563 proﬁteri.

401 1575 444 1630 C
476 1575 810 1632 Introducta
839 1581 929 1632 est
969 1593 1076 1633 vox
1125 1577 1410 1647 ﬁdelium,
1445 1580 1546 1652 qui
1594 1599 1744 1654 pura
1794 1587 1989 1638 mente

331 1663 448 1722 Deo
479 1669 780 1721 merentur
809 1666 1301 1726 servire.Mutatio
1327 1686 1588 1742 personae
1619 1671 1828 1728 deinde
1857 1675 1947 1727 est
1972 1689 1986 1738 ;

331 1749 598 1826 loquitur
625 1752 781 1810 enim
813 1753 998 1810 Deus:
1033 1773 1167 1812 cum
1199 1773 1473 1832 accepero
1504 1760 1991 1833 tempus,scilicet

332 1857 438 1914 per
465 1841 522 1897 id
550 1843 705 1915 quod
738 1843 928 1900 factus
957 1849 1048 1901 est
1076 1844 1353 1916 bomo,se
1375 1849 1670 1920 justitiam
1695 1849 1990 1922 judicatu-

334 1947 489 1999 rum,
523 1934 590 1987 ut
629 1937 984 2006 compuncta
1031 1935 1207 1990 corda
1260 1937 1528 1993 mortalia
1574 1943 1710 2005 ante
1756 1943 1991 2013 tempus

326 2018 540 2092 judicii
570 2036 633 2076 se
665 2026 1043 2094 precarentur
1071 2023 1314 2095 absolvi,
1344 2043 1416 2082 ne
1447 2025 1505 2084 in
1551 2027 1751 2084 futuro
1779 2029 1990 2085 duram

335 2108 688 2165 sententiam
711 2109 934 2181 judicis
962 2097 1340 2170 sustinerent.
1371 2115 1415 2172 Η
1446 2115 1613 2173 Nunc
1643 2133 1758 2173 non
1789 2122 1877 2173 est
1898 2117 1995 2189 ju-

335 2197 465 2267 dex,
498 2198 601 2254 sed
631 2199 761 2257 erit.
795 2199 852 2256 Si
875 2200 1032 2258 enim
1061 2207 1218 2259 esset
1243 2221 1400 2262 nunc
1422 2205 1625 2278 judex,
1658 2211 1994 2280 peceatores

333 2303 452 2344 non
483 2287 864 2362 erigerentur,
897 2294 956 2348 et
985 2291 1044 2348 in
1076 2292 1287 2350 saeculo
1321 2312 1435 2352 non
1477 2295 1809 2354 obtinerent
1854 2296 1994 2353 divi-

339 2375 474 2435 tias.

332 2467 368 2522 3
479 2470 802 2544 Liquefacta
831 2477 912 2529 est
940 2482 1092 2531 terra
1120 2483 1172 2532 et
1199 2492 1384 2532 omnes
1412 2479 1511 2550 qui
1528 2477 1782 2535 habitant
1803 2479 1863 2534 in
1888 2492 1990 2534 ea:

325 2557 340 2571 ⁹
478 2561 596 2631 Ego
621 2562 946 2632 conﬁrmavi
971 2565 1255 2622 columnas
1281 2566 1417 2638 ejus.
1454 2568 1697 2639 Diapsal.

407 2648 450 2704 C
499 2648 785 2706 Dominus
833 2651 996 2719 dicit,
1056 2654 1373 2711 adventum
1427 2673 1626 2724 suum,
1685 2673 1818 2715 esse
1881 2663 1994 2716 ter-

336 2753 465 2793 ram
495 2736 894 2810 liquefactam.
925 2739 984 2796 id
1017 2746 1126 2808 est,
1157 2759 1344 2816 genus
1392 2743 1743 2815 humanum,
1774 2749 1848 2804 ab
1896 2749 1999 2806 illa

339 2824 635 2882 soliditate
663 2828 926 2886 veritatis
955 2829 1014 2885 in
1047 2837 1418 2904 peccatorum
1449 2835 1638 2892 labem
1673 2837 1996 2896 resolutum

339 2930 492 2981 esse,
522 2914 793 2973 nefandis
823 2917 1000 2976 Idolis
1033 2920 1682 2984 sewiendoﬂolumnas
1703 2928 1998 2999 apostolos

340 3003 483 3060 dicit
513 3003 614 3077 qui
640 3009 970 3064 conﬁrmati
1003 3015 1144 3066 sunt
1175 3010 1232 3066 in
1282 3015 1708 3072 resurrectione
1756 3015 1993 3086 Christi,

339 3093 620 3166 quoniam
652 3093 712 3151 in
737 3096 1010 3168 passione
1039 3100 1168 3170 ejus
1191 3106 1565 3160 nutaverant.

339 3183 372 3238 4
480 3185 612 3240 Dixi
638 3186 850 3258 iniquis
884 3204 896 3244 :
929 3189 1108 3245 Nolite
1140 3192 1326 3266 inique
1353 3209 1518 3262 agere
1547 3212 1566 3249 :

482 3275 558 3329 Et
583 3273 1028 3348 delinquentibus
1061 3297 1080 3334 :
1107 3280 1288 3338 Nolite
1313 3283 1562 3340 exaltare
1583 3301 1774 3342 cornu.

1241 456 1305 519 S.
1351 456 1748 522 BRUNONIS
1795 453 2418 519 HERBII’OLENSIS
2461 455 2841 520 EPISCUPI.

2007 592 2064 660 Α
2089 593 2124 647 7
2236 591 2389 650 Hunc
2417 590 2682 649 humiliat
2709 597 2764 648 et
2789 590 2940 648 hunc
2964 588 3211 648 exultat:

3629 453 3742 518 284

2235 683 2379 752 Quia
2407 683 2560 740 calix
2603 685 2663 739 in
2709 698 2886 738 manu
2931 682 3160 740 Domini
3207 681 3328 736 vini
3371 680 3517 736 meri
3556 678 3747 752 plenus

2303 774 2486 829 misto.

2164 860 2206 916 C
2235 860 2518 918 Humiliat
2548 860 2753 933 utique
2797 859 3144 934 superbum,
3179 857 3396 916 exultat
3439 856 3746 926 humilem,

2094 951 2236 1023 quia
2267 950 2362 1007 ille
2393 950 2453 1006 in
2486 967 2568 1017 se,
2598 952 2707 1008 iste
2736 951 2796 1008 in
2829 951 3014 1007 Deum
3044 947 3306 1005 conﬁdit.
3333 947 3381 1004 Η
3417 947 3577 1004 Calix
3617 965 3750 1004 vero

2094 1040 2401 1096 retributio
2427 1045 2544 1107 est;
2570 1039 2780 1114 plenus
2811 1039 2928 1095 vini
2959 1037 3190 1103 meri,id
3223 1041 3312 1092 est
3339 1035 3753 1109 veritate,un

2095 1130 2255 1186 niam
2287 1130 2347 1185 in
2379 1130 2472 1185 die
2509 1129 2718 1201 judicii
2771 1128 3089 1202 unicuique
3142 1126 3548 1200 propinabitur
3591 1126 3750 1198 quod

2097 1223 2391 1288 meretur;
2427 1220 2641 1276 mistus
2675 1224 2766 1276 est
2794 1223 2992 1275 autem
3013 1215 3415 1274 misericordia
3431 1219 3491 1271 et
3503 1214 3747 1287 judicio.

2094 1310 2129 1362 8
2237 1311 2303 1367 Et
2333 1310 2626 1366 inclinavit
2655 1326 2726 1365 ex
2750 1309 2850 1366 hoc
2873 1313 2930 1374 -ξ-
2977 1310 3038 1364 in
3067 1307 3166 1363 hoc
3208 1313 3222 1374 ζ

2245 1403 2634 1456 Verumtamen
2661 1401 2757 1471 fex
2783 1399 2902 1471 ejus
2929 1414 3042 1454 non
3068 1404 3149 1456 est
3173 1395 3500 1452 exinanita:

2241 1489 2436 1545 Bibent
2461 1504 2646 1545 omnes
2673 1493 2984 1560 peccatores
3014 1495 3200 1544 terra.

2169 1576 2211 1633 C
2241 1577 2344 1634 Hic
2373 1579 2523 1634 duos
2554 1578 2802 1651 populos
2830 1575 3492 1651 signiﬁcatﬂudmorum
3521 1577 3578 1630 et
3603 1589 3755 1647 gen-

2099 1667 2270 1734 tium,
2297 1669 2576 1740 quoniam
2609 1666 2746 1724 tulit
2766 1684 2838 1724 ex
2863 1683 2963 1722 ore
2988 1683 3106 1722 non
3135 1663 3501 1721 credentium
3528 1662 3759 1720 Judae-

2099 1773 2252 1812 rum.
2286 1757 2449 1823 Quod
2482 1758 2808 1829 potandum
2839 1754 3144 1812 inclinavit
3183 1751 3480 1813 conversis
3522 1750 3757 1825 populis

2098 1844 2402 1919 gentium;
2437 1847 2590 1904 feces
2619 1848 2776 1903 enim
2809 1845 2903 1902 hic
2934 1862 3050 1902 non
3079 1843 3304 1910 sordes,
3337 1841 3440 1898 sed
3484 1839 3756 1901 ultimam

2099 1935 2274 1991 ﬁdem
2305 1935 2590 1992 debemus
2622 1935 2902 2008 accipere,
2935 1934 3171 2008 quando
3209 1931 3397 1990 Judai
3442 1947 3575 1992 cum
3623 1929 3755 1988 aliis

2099 2025 2506 2097 peccatoribus
2535 2026 2770 2082 credere
2801 2023 3164 2090 meruerint;
3196 2021 3369 2081 multi
3397 2035 3530 2078 vero
3555 2036 3754 2093 pecca-

2101 2117 2256 2170 tores
2285 2113 2346 2170 in
2377 2132 2488 2171 sua
2515 2113 2910 2171 obstinatione
2934 2112 3199 2170 mansuri
3231 2114 3389 2168 sunt.

2100 2203 2138 2258 9
2242 2205 2354 2274 Ego
2381 2212 2568 2262 autem
2593 2205 2942 2261 annuntiabu
2971 2205 3032 2259 in
3058 2201 3365 2261 saeculum:

2247 2293 2484 2351 Cantabo
2513 2295 2620 2353 Deo
2643 2294 2840 2352 Jacob.

2173 2382 2216 2440 C
2244 2383 2368 2441 Vox
2396 2383 2662 2441 Ecclesiae
2693 2383 2766 2440 de
2795 2383 2992 2440 futuro
3035 2379 3263 2452 judicio
3307 2378 3366 2437 in
3414 2378 3600 2437 Deum
3629 2374 3757 2450 glo-

2104 2471 2332 2529 riantis.
2364 2473 2573 2530 Cantat
2601 2473 2719 2530 Deo
2746 2472 2952 2538 Jacob,
2979 2470 3127 2528 dum
3179 2465 3568 2541 psalmodiam
3615 2462 3760 2524 dicit

2105 2561 2386 2620 Ecclesia.

2107 2651 2177 2706 10
2247 2653 2312 2708 Et
2341 2655 2531 2710 omnia
2557 2669 2765 2709 cornua
2783 2659 3131 2725 peccatorum
3156 2647 3506 2718 confringant
3533 2661 3555 2698 :

2247 2744 2315 2800 Et
2342 2744 2741 2800 eaaltabuntur
2766 2757 2974 2798 cornua
2993 2741 3154 2813 justi.

2177 2835 2219 2890 C
2247 2833 2478 2890 Cornua
2507 2836 2878 2906 peccatorum
2907 2833 3049 2888 sunt
3079 2844 3259 2900 regna
3283 2823 3763 2898 superborum,et

2107 2923 2301 2981 omnis
2331 2939 2536 2979 eorum
2569 2924 2915 2995 potestas,et
2934 2916 3221 2992 jactantia
3248 2916 3307 2971 in
3327 2914 3522 2974 futuro
3541 2908 3758 2984 iudicio

2104 3012 2478 3070 conterenda.
2513 3011 2746 3068 Cornua
2774 3027 2908 3067 vero
2929 3006 3102 3081 justi,
3127 3020 3376 3064 munera
3407 3005 3546 3061 sunt
3573 2997 3760 3058 futuri

2096 3101 2330 3174 judicii,
2362 3119 2489 3175 quis
2519 3116 2720 3158 revera
2745 3099 2994 3158 ﬁrmiter
3015 3095 3344 3170 eriguntur,
3373 3090 3657 3166 quoniam
3697 3089 3757 3145 in

2104 3194 2322 3248 aeterna
2342 3189 2784 3263 pulchritudine
2809 3185 3258 3262 permanebunt.

2557 3294 2766 3337 οειΑτιο
2803 3293 2875 3335 ει
2911 3293 3074 3334 PSA!»
3117 3288 3303 3332 ιιχιν.

405 3362 450 3420 C
473 3362 634 3419 Dixit
683 3365 840 3421 enim
871 3383 976 3439 per
1005 3370 1320 3442 prophetas
1348 3377 1407 3427 et
1433 3373 1730 3446 apostolos
1769 3376 1994 3433 monita
2021 3350 2066 3418 θ
2177 3368 2383 3425 Pastor
2408 3367 2688 3450 δοῐιθιίίιιί
2711 3371 2949 3440 Propter
2963 3361 3304 3421 ωονιθλίυω
3323 3357 3523 3416 ("iam
3540 3354 3763 3450 regem-

335 3450 622 3520 veritatis,
653 3469 728 3509 ne
767 3455 1032 3513 scelerati
1083 3458 1236 3515 male
1286 3467 1542 3532 agerent.
1581 3462 2000 3536 Delinquentes

340 3542 503 3605 sunt,
533 3541 632 3612 qui
663 3540 737 3598 de
767 3545 1006 3615 propria
1025 3546 1263 3616 justitia
1293 3556 1736 3620 presumentes,
1755 3558 1814 3608 et
1842 3553 1997 3610 exal-

339 3629 536 3684 tantes
565 3644 628 3683 se
653 3628 711 3683 in
743 3632 1040 3702 superbia,
1072 3634 1288 3691 collum
1322 3653 1498 3694 suum
1548 3641 1818 3696 submitti
1859 3642 1999 3714 jugo

339 3714 560 3771 Christi
590 3723 996 3776 contemnunt.
1030 3723 1131 3778 Vel
1165 3739 1345 3780 cornu
1377 3726 1654 3796 exaltant,
1683 3730 1781 3802 qui
1835 3747 1908 3805 se.
1939 3732 2000 3790 in

345 3805 602 3876 peccatis
632 3811 1114 3876 exeusant,modo
1145 3811 1447 3872 diabolum
1479 3822 1809 3890 arguentes,
1828 3822 2000 3878 modo

345 3891 529 3948 alium
559 3893 898 3955 incusantes
923 3914 1248 3958 suasorem.

342 3980 380 4040 5
485 3983 665 4042 Nolite
691 3986 952 4043 extollere
979 3990 1040 4044 in
1063 3991 1238 4050 altum
1265 4008 1436 4050 cornu
1466 4004 1704 4054 vestrum
1731 4017 1752 4056 :

503 4079 560 4140 νέ-
584 4074 764 4132 Nolite
806 4081 822 4145 ξ
872 4077 1026 4151 loqui
1052 4080 1309 4140 adversus
1335 4088 1511 4142 Deum
1541 4088 1914 4161 iniquitatem.

416 4161 458 4218 C
487 4161 589 4222 Ille
614 4180 850 4240 quoque
874 4165 934 4224 in
967 4167 1154 4230 altum
1187 4172 1358 4248 erigit
1412 4192 1612 4245 cornu,
1648 4179 1748 4251 qui
1799 4185 2004 4238 contra
2067 4227 2079 4239 .

341 4251 531 4312 Deum
563 4253 868 4330 (consepta
899 4257 1226 4335 iniquitate)
1268 4272 1684 4324 remurmurat.
1719 4269 2006 4344 Loquitur

347 4345 545 4432 autem
570 4349 780 4432 contra
807 4345 990 4404 Deum
1023 4349 1659 4427 iniquitatem,quando
1691 4357 1910 4432 aliquis
1941 4376 2004 4416 se

347 4430 433 4487 sic
458 4431 711 4490 aestimat
735 4437 1118 4496 constitutum
1143 4458 1178 4498 a
1209 4441 1348 4510 Deo,
1375 4449 1440 4499 ut
1491 4449 1724 4517 peccata
1757 4430 2005 4506 minime

347 4518 640 4579 declinare
665 4524 972 4596 potuisset,
1005 4529 1210 4588 dicen
1240 4548 1358 4588 non
1391 4533 1566 4608 culpa
1605 4551 1734 4605 sua,
1767 4537 1870 4592 sed
1902 4553 2002 4593 ne-

347 4609 620 4668 cessitate
650 4614 721 4670 ad
755 4614 991 4689 aliquod
1022 4635 1085 4678 se
1124 4620 1414 4694 ﬂagitium
1462 4622 1800 4696 pervenisse
1845 4625 2002 4697 quod

346 4698 583 4772 propria
609 4700 909 4762 voluntate
938 4707 1217 4778 peccavit.

345 4789 381 4844 6
492 4789 633 4858 Quia
661 4808 836 4874 neque
861 4796 933 4851 ab
963 4797 1170 4852 oriente
1214 4813 1387 4869 neque
1413 4798 1484 4853 ab
1529 4799 1800 4858 occidente
1835 4819 2008 4876 neque

560 4896 595 4935 a
621 4881 848 4938 desertis
875 4883 1159 4940 montibus
1187 4903 1206 4940 :

489 4971 764 5040 Quoniam
799 4976 945 5029 Deus
961 4971 1138 5042 judea:
1167 4981 1264 5030 est.

419 5058 462 5116 C
491 5061 690 5133 Neque
719 5063 791 5117 ab
839 5060 1082 5128 oriente,
1111 5066 1247 5132 etc.,
1295 5066 1634 5124 addendum
1671 5084 1684 5125 :
1719 5068 2008 5128 Dominus

348 5149 537 5217 deest,
568 5152 636 5204 ut
663 5153 719 5204 te
751 5165 867 5205 non
913 5151 1102 5220 possit
1131 5168 1465 5226 agnoscere.
1499 5156 1795 5216 Orientem
1843 5159 2005 5229 dicit,

348 5237 620 5294 homines
651 5237 853 5292 divina
888 5237 1153 5298 claritate
1199 5245 1588 5317 conspicuos;
1619 5249 2005 5319 occidentem,

350 5329 687 5398 peccatores
716 5324 936 5397 quibus
967 5328 1160 5386 adhuc
1192 5329 1394 5389 lumen
1424 5335 1684 5393 veritatis
1705 5338 2008 5395 abscondi-

349 5419 480 5480 tur;
513 5411 777 5470 desertos
808 5420 1056 5484 montes,
1093 5417 1270 5477 falsos
1327 5423 1752 5494 praedicatores,
1786 5427 1844 5484 id
1895 5433 2006 5496 est,

349 5499 832 5574 haereticosErgo
849 5519 984 5560 cum
1003 5506 1095 5562 his
1123 5510 1401 5566 omnibus
1425 5511 1579 5569 Deus
1609 5532 1867 5586 praesens
1879 5533 2008 5574 esse

351 5593 408 5642 et
432 5586 698 5659 cognitor
713 5596 769 5644 et
789 5591 1177 5666 judexjustus
1201 5605 1661 5668 monstratur,ne
1690 5605 2006 5678 quisquam

352 5681 672 5822 sussemet
703 5677 889 5738 facere
923 5684 1076 5754 quod
1109 5701 1244 5742 cum
1277 5688 1464 5760 possit
1483 5688 1543 5746 in
1563 5691 1758 5750 futuro
1783 5677 2010 5765 judicio

394 5781 656 5822 amnare.

394 5781 656 5824 amnare.

2107 3459 2367 3531 ptionem
2399 3448 2651 3514 hausisti
2694 3455 2936 3514 calicem
2987 3450 3303 3526 passionis,
3336 3462 3547 3506 nomen
3593 3448 3764 3500 tuum

2109 3546 2408 3620 supplices
2439 3547 2806 3612 invocamus,
2839 3549 2908 3602 ut
2949 3559 3057 3602 nos
3100 3553 3281 3631 super
3316 3536 3631 3631 columnas
3671 3539 3770 3631 sa:

2109 3635 2341 3709 pientis!
2372 3633 2665 3692 stabiliter
2695 3631 3056 3707 septiformis
3078 3629 3335 3704 Spiritus
3360 3623 3775 3686 Sanctiﬁcatio-

2111 3741 2184 3782 ne
2210 3725 2543 3782 conﬁrmes.
2571 3723 2681 3789 Qui
2713 3740 2849 3781 cum
2879 3723 3070 3788 Patre,
3101 3724 3208 3776 etc.

2645 3829 2975 3888 PSALMUS
3025 3825 3234 3885 LXXV.

2524 3917 2938 3962 Λιιουκεκτυη
2979 3917 3139 3960 γελι-
3181 3913 3346 3956 ων.

2181 3994 2224 4052 C
2255 3995 2378 4051 Vox
2401 3991 2697 4062 Ecclesiae,
2728 3989 3020 4054 hortantis
3052 3992 3120 4047 ut
3149 3987 3268 4046 Deo
3312 3979 3533 4056 potenti
3580 3977 3770 4036 ﬁdelis

2109 4084 2313 4142 anima
2337 4100 2588 4140 munera
2617 4082 2841 4139 cierat.

2253 4173 2369 4230 TT.
2400 4176 2468 4230 In
2497 4174 2666 4244 ﬁnem
2691 4174 2752 4228 in
2780 4169 3036 4227 laudibus
3063 4167 3309 4240 psalmus
3359 4160 3540 4233 Δίαμὴ
3585 4157 3768 4214 canti-

2324 4261 3062 4334 came—edduyrin-
3153 4343 3182 4345 Α
3340 4341 3353 4345 _
3418 4339 3434 4345 _
3532 4337 3543 4345 _
3698 4331 3733 4345 ..

2181 4352 2226 4407 C
2257 4351 2405 4410 Nota
2435 4355 2576 4410 sunt
2603 4351 2784 4408 verba
2811 4348 2986 4407 istius
3031 4343 3210 4411 tituli,
3256 4341 3359 4400 sed
3401 4339 3477 4398 de
3515 4337 3771 4431 Assyriis

2113 4441 2401 4498 dicemus.
2435 4439 2546 4508 Qui
2591 4439 3053 4527 interpretantur
3097 4435 3396 4527 dirigentes
3613 4423 3774 4527 dies}:

2113 4535 2298 4604 gnant
2321 4531 2562 4588 Judaos
2601 4508 2841 4596 ﬁdeles;
2874 4525 2980 4600 qui
3001 4525 3130 4598 jam
3181 4519 3354 4612 docti

2115 4603 2290 4678 rectis
2315 4619 2550 4678 semitis
2578 4615 2886 4676 ambulans
2913 4608 3428 4673 contenduntﬂos
3452 4603 3773 4678 alloqqu

2035 4720 2083 4786 ι)
2109 4709 2332 4781 Assph,
2363 4708 2602 4766 laudem
2631 4706 2736 4766 Dei
2759 4703 3116 4764 mirabiliter
3141 4701 3482 4763 decantatis.

2117 4800 2147 4856 1
2253 4799 2427 4854 Notus
2453 4799 2519 4854 in
2537 4797 2735 4856 ludas
2757 4797 2905 4854 Dus
2935 4813 2955 4852 :

2255 4888 2322 4944 In
2351 4887 2520 4944 Israel
2544 4903 2820 4958 magnum
2844 4899 3047 4944 nomen
3071 4883 3212 4955 ejus.
3552 4959 3568 4966 _
3668 4941 3672 4944 ,
3713 4955 3725 4966 .

2187 4975 2230 5033 C
2257 4976 2465 5034 Judaaa
2491 4975 2651 5034 enim
2685 4976 2944 5048 confitens
2971 4971 3410 5059 interoretatur,
3440 4959 3680 5059 credens
3709 4959 3776 5012 in

2115 5065 2288 5123 illum
2319 5066 2659 5140 regem,qui
2690 5082 2798 5140 per
2823 5063 3071 5124 Mariam
3099 5058 3388 5134 νίτείιιεω
3406 5069 3477 5110 ⁸⁸
3504 5049 3664 5108 tribu
3682 5061 3780 5140 '37

2117 5156 2204 5212 nit
2229 5133 2420 5226 Judav;
2453 5133 2752 5224 Israelmir
2775 5153 2971 5214 uidens
3017 5133 3210 5210 Dem,
3237 5141 3674 5226 ίιιιθτρῑθιειωῖ·
3693 5133 3780 5226 ,Εἴ

2115 5245 2188 5301 ad
2220 5244 2358 5302 illos
2390 5223 2654 5320 loquitur
2683 5244 2785 5318 qui
2815 5259 2952 5302 vero
2979 5239 3204 5301 lumine
3223 5232 3447 5328 radiati
3467 5247 3505 5288 a
3531 5223 3782 5328 perﬁdo-

2117 5352 2250 5392 rum
2277 5334 2594 5407 iniquitate
2621 5333 2862 5393 discreti
2887 5337 3050 5400 sunt,
3075 5333 3135 5387 et
3162 5340 3382 5414 nomen
3408 5320 3782 5414 Domininpu-

2115 5441 2182 5481 ro
2227 5401 2403 5482 corde
2449 5425 2825 5490 conﬁtentur,
2869 5437 2982 5481 non
3021 5420 3098 5480 ad
3139 5432 3246 5476 eos
3284 5411 3388 5486 qui
3431 5409 3494 5471 in
3534 5401 3781 5482 perﬁdia

2117 5517 2382 5582 manent,
2411 5512 2538 5570 solo
2565 5513 2807 5572 nomine
2833 5511 3071 5572 Judoos
3096 5511 3159 5566 et
3185 5502 3386 5564 Israel.

2115 5608 2154 5660 2
2261 5605 2327 5660 Et
2353 5605 2534 5675 factus
2565 5612 2643 5660 est
2675 5605 2737 5660 in
2759 5619 2896 5676 pace
2921 5602 3070 5660 locus
3098 5599 3216 5672 ejus
3249 5612 3262 5651 :

2257 5695 2328 5751 Et
2353 5692 2626 5750 habitatio
2655 5693 2775 5765 ejus
2805 5683 2870 5748 ei
2897 5691 3051 5752 Sion.
3503 5765 3541 5772 _
3659 5759 3670 5772 .

2187 5785 2232 5842 ς.
2263 5782 2365 5844 Ille
2392 5782 2551 5842 enim
2577 5798 2790 5858 pacem
2819 5781 3036 5844 habete
3059 5776 3269 5858 probat
3315 5785 3456 5841 cum
3503 5765 3781 5830 Domino.
