4822 6398
461 462 615 539 {NH

2054 466 2281 535 ACTA.

3716 464 3921 537 lﬁﬂ‘

459 608 663 666 nensis
684 602 1149 679 jurisconsultus
1170 610 1658 677 etorator,postea
1675 605 1846 662 etiam
1871 611 2110 661 senator
2139 607 2184 671 Α
2222 620 2449 676 corpus,
2483 621 2596 660 non
2644 604 2829 661 fuisse
2875 620 3080 662 verum
3128 620 3344 679 corpus
3390 602 3582 664 sancti
3630 606 3874 664 Arialdi.

460 703 519 755 et
550 714 763 770 praeses
794 698 1090 761 sanitatis,
1123 696 1181 751 in
1220 696 1566 767 panegyrico
1620 714 1793 767 quem
1849 696 2112 751 recitavit

458 803 616 844 anno
650 788 807 852 4547,
833 802 967 841 eum
1002 785 1478 840 Herlembaldum
1511 803 1741 856 quoque
1772 803 1837 839 ex
1868 802 1935 840 eo
1984 786 2110 840 lau-

454 876 676 939 dasset,
710 875 865 947 quod
897 900 923 923 «
962 874 1146 941 legem
1169 875 1224 929 in
1261 873 1516 928 Ecclesia
1540 874 1961 929 Mediolanensi
1987 892 2112 943 pro-

457 964 712 1035 mulgari
747 966 1096 1036 procuravit,
1133 980 1202 1017 ne
1234 963 1423 1017 clerici
1459 980 1667 1018 uxores
1707 964 1935 1029 ducere,
1972 979 2113 1018 neve

461 1054 819 1109 matrimonio
846 1054 1014 1121 jungi
1053 1052 1393 1123 possint...”
1430 1053 1509 1106 Ea
1539 1068 1740 1117 causa,
1773 1053 1990 1122 inquit,
2023 1052 2114 1106 of-

460 1141 661 1197 fensos
711 1140 973 1205 clericos,
1012 1164 1037 1188 ιο
1070 1141 1304 1207 (melius
1336 1142 1579 1194 dixisset
1609 1158 1811 1194 eorum
1855 1142 2115 1194 fautores

460 1230 735 1299 nobiles,)
764 1253 784 1278 ι
814 1246 1012 1283 necem
1043 1229 1263 1282 homini
1292 1230 1558 1282 intulisse
1592 1230 1811 1298 reperio
1834 1229 1988 1299 apud
2010 1245 2112 1283 au-

459 1324 685 1383 ctores;
719 1336 750 1372 a
778 1318 990 1389 populo
1022 1335 1152 1371 vero
1183 1318 1409 1371 divinos
1442 1318 1523 1371 illi
1559 1318 1829 1379 honores,
1861 1319 1934 1371 ob
1994 1322 2113 1371 tam

461 1407 711 1464 celebris
745 1406 877 1462 facti
938 1409 1278 1461 memoriam
1334 1406 1645 1471 exhibitos,
1704 1406 2116 1477 inclusumque

465 1498 653 1553 ferrea
684 1512 817 1551 arca
846 1497 1111 1563 cadaver,
1144 1496 1261 1549 dixi
1324 1496 1581 1567 Dionysii
1645 1498 1884 1568 templo,
1921 1496 1979 1550 in
2014 1513 2113 1550 no-

462 1590 651 1642 stram
686 1602 872 1656 usque
903 1586 1054 1639 diem
1080 1591 1373 1639 servatum
1407 1584 1696 1639 novimus.
1733 1608 1760 1634 »ι

536 1676 625 1729 28.
661 1675 1058 1731 Bernardinus
1107 1675 1338 1739 Corius,
1380 1692 1507 1745 cap.
1550 1675 1603 1739 9,
1643 1700 1662 1722 ι
1707 1691 1903 1730 arcam
1950 1700 1976 1723 »ι
2009 1693 2115 1747 ap-

461 1764 663 1838 pellat,
697 1790 723 1814 «
747 1765 948 1819 ferreis
971 1764 1207 1818 laminis
1229 1765 1675 1818 circumdatam.
1706 1788 1731 1811 ν
1759 1764 1973 1819 Paulus
1996 1766 2116 1819 Mo-

464 1855 636 1925 rigia,
669 1854 728 1909 in
780 1870 886 1909 suo
945 1853 1288 1908 Sanctiiario
1350 1853 1763 1907 Mediolanensi
1790 1855 1927 1908 anni
1962 1854 2115 1920 l603,

2287 694 2372 747 30.
2406 695 2514 749 Sed
2546 695 2604 750 in
2636 694 2742 750 hoc
2784 719 2804 745 ι
2841 694 3149 767 splendide
3180 696 3420 751 mentiri
3459 720 3479 745 υ
3518 696 3873 753 Landult‘um

2220 788 2417 837 censet
2444 784 2766 841 Puricellus
2790 801 2956 857 aeque
2986 802 3051 840 ac
3083 784 3181 840 ubi
3203 785 3353 841 dixit
3406 787 3585 858 quod,
3624 807 3652 836 ιι
3683 790 3879 842 trans-

2221 870 2364 925 actis
2394 872 2709 943 aliquantis
2736 897 2762 922 ››
2796 891 2828 927 a
2854 873 3046 946 prima
3076 897 3103 923 «ι
3136 874 3194 929 in
3226 889 3359 929 arce
3403 873 3638 930 Travali
3661 875 3878 947 depor-

2220 960 2437 1015 tatione
2467 962 2832 1031 diebus,ejus
2861 962 3156 1019 cadaveris
3175 963 3319 1018 fetor
3337 962 3651 1019 castellum
3683 980 3882 1031 omne,

2224 1049 2301 1103 ita
2335 1055 2610 1106 utomnes
2631 1058 2983 1107 nausearent
3006 1052 3643 1125 fugientes,occupavit.
3670 1074 3698 1102 ››
3727 1053 3881 1109 Sane

2223 1155 2398 1209 quam
2434 1140 2538 1194 hoc
2570 1146 2724 1195 certo
2760 1140 2970 1196 falsum
3015 1145 3124 1210 est,
3154 1145 3217 1196 ut
3271 1157 3452 1212 supra
3494 1140 3752 1196 vidimus
3811 1158 3882 1197 ex

2222 1228 2499 1282 veraciori
2530 1233 2673 1283 teste
2706 1230 2768 1284 Β.
2800 1231 3051 1297 Andrea,
3085 1235 3201 1284 tam
3284 1228 3430 1285 illud
3488 1246 3741 1302 quoque,
3804 1231 3876 1286 de

2224 1315 2435 1371 ablatis
2464 1316 2615 1371 clam
2647 1334 2716 1372 ex
2738 1335 2867 1373 arce
2898 1318 3173 1389 przedicta
3201 1318 3457 1388 ossibus,
3490 1320 3662 1374 debet
3691 1320 3872 1375 conﬁ-

2222 1408 2383 1459 ctum
2415 1406 2486 1459 ab
2513 1406 2769 1461 inimicis
2798 1407 3035 1462 censeri.
3095 1406 3417 1479 Utrumque
3472 1407 3740 1463 fortassis
3772 1423 3871 1479 pe-

2224 1494 2381 1563 dem,
2408 1500 2638 1550 mortuo
2669 1496 2999 1551 abscissum
3032 1512 3195 1551 num.
3224 1497 3317 1563 74,
3347 1512 3417 1552 ex
3446 1496 3719 1568 praedicto
3747 1496 3871 1553 loco

2225 1584 2537 1654 requisivit
2586 1584 3090 1657 archiepiscopus,
3122 1584 3306 1641 velex
3349 1584 3475 1640 loco
3527 1585 3872 1641 carniﬁcinas

2225 1674 2520 1729 dexteram
2541 1692 2833 1747 auresque
2854 1680 2911 1731 et
2933 1680 3141 1731 caetera
3157 1675 3425 1731 membra
3445 1675 3659 1731 viventi
3680 1692 3877 1747 ampu-

2224 1768 2368 1831 tata,
2401 1780 2581 1835 eaque
2604 1766 2870 1835 junxerit
2898 1764 3123 1837 reliquo
3144 1765 3301 1837 apud
3332 1766 3391 1820 S.
3424 1763 3658 1820 Celsum
3690 1769 3882 1821 tumu-

2226 1853 2345 1907 lato
2394 1855 2613 1924 copori,
2645 1871 2709 1909 ac
2772 1854 2991 1926 pariter
3035 1854 3109 1910 ad
3166 1852 3429 1927 Dionysii
3486 1853 3882 1920 transtulerit.

462 1943 620 1999 inter
640 1960 902 2014 corpora,
928 1949 1065 1997 tunc
1085 1942 1274 1995 adhuc
1302 1941 1737 2013 quiescentiain
1762 1943 1879 1996 aede
1903 1943 1960 1997 S.
1983 1942 2115 1997 Dio-
2152 1977 2199 2042 Β
2228 1949 2679 1998 monumentum
2710 1944 2793 1999 eis
2824 1944 3071 1999 daturus
3096 1959 3276 2015 prope
3330 1946 3787 1999 monumentum
3820 1944 3879 2000 S.

460 2034 639 2104 nysii,
672 2037 933 2087 recenset
990 2031 1227 2101 quidem
1255 2054 1279 2077 ‹‹
1342 2048 1553 2101 corpus
1612 2030 1671 2084 S.
1730 2030 2120 2085 Herlembaldi

465 2122 783 2193 martyris;
828 2143 854 2167 υ
890 2121 989 2174 sed
1024 2138 1090 2174 ex
1123 2121 1234 2173 tide
1280 2120 1658 2189 antiquorum
1712 2120 2120 2175 cbronicorum

468 2212 668 2282 potius
695 2225 871 2280 quam
905 2225 970 2263 ex
1004 2209 1271 2279 praesenti
1313 2214 1623 2277 conspectu
1678 2226 1689 2271 ;
1750 2209 1926 2279 idque
1982 2209 2121 2280 quia

469 2320 501 2348 α
532 2315 684 2354 anno
720 2299 856 2352 1559
889 2297 1291 2352 Ferdinandus
1322 2298 1633 2365 Gonzagua
1668 2296 2120 2353 Mediolanensis

465 2388 847 2460 gubernator,
867 2386 1065 2440 volens
1084 2385 1372 2439 civitatem
1392 2386 1620 2439 mmniis
1640 2386 1871 2454 cingere
1892 2403 1959 2439 ex
1977 2386 2120 2441 artis

464 2476 741 2532 militaris
758 2491 937 2545 prazsc
949 2476 1383 2545 ripto,cwpitab
1406 2476 1759 2529 exstruendo
1774 2476 1831 2529 S.
1857 2475 2117 2547 Dionysii

467 2564 930 2638 propugnaculo,
965 2566 1135 2633 cujus
1166 2564 1297 2617 licet
1330 2564 1551 2618 noviter
1599 2568 1885 2618 structam
1938 2564 2117 2618 eccle-

465 2655 639 2719 siam,
673 2654 826 2707 bona
856 2658 1046 2707 tamen
1082 2653 1171 2706 sui
1207 2659 1368 2722 parte
1400 2652 1714 2718 truncavit,
1748 2658 1867 2708 tota
1898 2652 2120 2707 scilicet

462 2744 705 2800 tribuna
735 2759 868 2797 cum
902 2742 1235 2797 sanctuario
1259 2742 1378 2795 sive
1402 2748 1603 2814 crypta
1626 2759 1811 2796 sacra.
1842 2766 1868 2789 »ι
1902 2743 1979 2796 Ex
2001 2758 2120 2813 qua

466 2832 774 2890 occasione
806 2831 1020 2886 abolita
1054 2832 1233 2885 fuisse
1267 2858 1291 2877 α
1348 2832 1444 2885 SS.
1480 2831 1698 2885 Arialdi
1757 2837 1811 2886 et
1861 2831 2119 2886 Herlem-

463 2921 624 2979 baldi
655 2941 682 2972 ι
716 2925 1120 2985 monumenta,
1152 2920 1381 2973 videtur
1438 2936 1751 2989 agnoscere
1802 2919 2120 2976 Puricellus

464 3026 597 3084 pag.
629 3011 773 3075 381s;
808 3010 890 3064 sic
922 3008 1077 3063 enim
1107 3007 1407 3079 loquitur:
1443 3032 1468 3055 ‹‹
1498 3009 1556 3063 Si
1590 3009 1724 3079 quis
1756 3009 1993 3064 tandem
2024 3026 2120 3064 re-

464 3100 664 3173 quirat
686 3104 884 3154 utrum
920 3104 1259 3152 sanctorum
1293 3114 1536 3169 corpora
1566 3100 1892 3154 etiamnum
1925 3099 1982 3153 in
2016 3099 2121 3154 hac

462 3189 523 3246 8.
552 3187 833 3260 Dionysii,
857 3188 903 3241 si
935 3204 1047 3241 non
1080 3185 1323 3241 radicula
1352 3188 1729 3241 subterranea
1758 3192 1960 3258 (quam
2008 3188 2123 3243 uti-

463 3293 579 3351 que
608 3277 865 3332 dirutam
900 3276 1039 3330 fassi
1074 3280 1305 3341 sumus)
1336 3280 1489 3330 certe
1521 3275 1728 3331 saltem
1762 3276 2005 3331 ecclesia
2036 3281 2124 3331 ut-

2232 2030 2644 2087 Herlembaldi.
2677 2032 2783 2095 Qui
2816 2031 3083 2088 Landulﬁ
3115 2032 3287 2087 istius
3318 2047 3385 2087 ac
3413 2031 3622 2087 deinde
3652 2030 3878 2087 Arnulli

2231 2118 2509 2176 historias
2549 2120 2920 2198 transcripsit
2963 2120 3258 2187 librarius,
3307 2120 3462 2191 apud
3520 2119 3877 2177 Puricellum

2232 2224 2363 2280 pag.
2398 2208 2482 2274 lt,
2517 2209 2599 2264 sic
2630 2211 2848 2265 notavit
2867 2209 2928 2265 in
2949 2209 3210 2282 margine
3235 2226 3247 2263 :
3273 2231 3302 2257 «
3328 2212 3443 2264 Nec
3465 2208 3877 2276 mirandum,si

2231 2298 2341 2352 iste
2371 2297 2901 2371 historiographus,
2920 2303 2977 2353 et
3002 2313 3406 2370 sequens,non
3436 2296 3678 2353 laudent
3695 2296 3877 2354 istum

2229 2385 2559 2455 Arialdum,
2612 2388 2750 2459 quia
2799 2387 2912 2459 ipsi
2978 2392 3146 2443 erant
3199 2386 3455 2441 fautores
3512 2386 3881 2441 sacerdotum

2231 2480 2627 2541 uxoratorum,
2652 2476 3205 2532 concubinariorum
3236 2480 3294 2530 et
3342 2474 3832 2541 Simoniacorum,
3856 2492 3890 2530 τι

2230 2564 2449 2634 quibus
2484 2565 2545 2619 Β.
2577 2565 2850 2621 Arialdus
2879 2582 3089 2639 passus
3134 2568 3242 2620 est.
3281 2587 3302 2613 ι
3338 2563 3559 2619 Deinde
3590 2564 3650 2619 in
3681 2565 3884 2621 eodem

2230 2654 2496 2725 margine
2518 2654 2797 2709 describit
2819 2671 3025 2710 versus
3056 2677 3085 2704 «
3121 2670 3299 2724 super
3318 2652 3588 2725 sepulcro
3609 2653 3669 2709 S.
3702 2652 3887 2708 Arial-

2228 2739 2288 2795 di
2321 2762 2348 2789 ››
2381 2748 2666 2813 repertos,
2696 2743 2796 2797 sed
2829 2741 3009 2797 veluti
3048 2746 3475 2813 consequenter
3500 2740 3779 2813 legendos
3820 2747 3884 2797 ut

2228 2827 2402 2897 infra,
2434 2847 2567 2885 cum
2616 2830 2949 2887 verosimile
3002 2829 3147 2885 mihi
3178 2830 3273 2896 sit,
3305 2828 3537 2901 duplex,
3570 2833 3674 2885 aut
3699 2829 3876 2886 etiam

2228 2918 2439 2990 triplex
2451 2919 2815 2991 epigramma
2831 2919 2923 2975 hic
2939 2919 3418 2992 baberi,quorum
3436 2916 3685 2975 alterum
3707 2935 3876 2989 arcas,

2230 3008 2479 3063 alterum
2512 3008 2717 3065 lavello
2739 3026 2842 3065 seu
2875 3008 3062 3065 absidi
3086 3008 3385 3081 appictum
3404 3007 3496 3064 vel
3516 3007 3881 3081 insculptum

2232 3097 2407 3153 fuerit
2429 3115 2443 3165 ;
2475 3098 3077 3165 tertium,communis
3103 3096 3365 3166 fuerit,et
3387 3097 3542 3152 inter
3569 3100 3886 3170 utrumque

2232 3186 2486 3242 duorum
2519 3191 2971 3243 monumentum
3002 3186 3261 3259 scriptus
3292 3183 3528 3242 titulus.

2303 3276 2728 3332 31.1ndicasse
2759 3276 2868 3331 hoc
2912 3276 3142 3332 videtur
3184 3275 3438 3348 scriptor
3490 3290 3625 3329 cum
3673 3275 3882 3331 addit:

461 3345 698 3438 cunque
728 3370 1116 3437 perseverent,
1143 3381 1245 3419 nec
1270 3364 1380 3419 alio
1407 3364 1689 3419 translata
1712 3381 1972 3435 unquam
2002 3363 2121 3420 fue-
2151 3345 2194 3411 (ἶ
2232 3386 2261 3414 κ
2295 3364 2436 3420 Tres
2461 3364 2558 3419 isti
2588 3381 2795 3420 versus
2825 3364 3149 3436 loquuntur
3175 3364 3248 3419 de
3270 3345 3507 3419 arialdo
3539 3366 3595 3418 et
3622 3361 3882 3419 Herlem-

462 3455 624 3523 rint;
657 3469 763 3525 ego
795 3454 1032 3525 quidem
1056 3453 1247 3507 adhuc
1281 3452 1423 3506 nihil
1457 3454 1642 3507 habeo
1672 3470 1883 3521 caussa,
1916 3470 2021 3508 cur
2049 3454 2121 3508 de

461 3559 706 3615 corpore
736 3543 1016 3615 quiddam
1052 3541 1442 3597 Herlembaldi
1477 3543 1794 3613 ambigam.
1831 3564 1859 3591 ››

534 3632 627 3689 29.
661 3632 746 3687 Ad
779 3632 838 3688 S.
870 3630 1173 3686 Arialdum
1206 3637 1401 3686 autem
1429 3633 1581 3703 quod
1618 3633 1846 3699 attinet,
1874 3632 2121 3689 Landul-

458 3722 559 3779 fns
587 3722 799 3787 senior,
833 3737 1058 3776 coaevus
1091 3720 1197 3787 illi,
1231 3722 1331 3775 sed
1363 3722 1559 3778 studio
1578 3722 1833 3793 partium
1857 3722 2119 3780 infensus

457 3811 803 3877 historicus,
834 3810 990 3881 apud
1022 3810 1395 3877 Puricellum,
1457 3827 1586 3882 pag.
1645 3811 1730 3876 l2,
1765 3816 1897 3883 post
1922 3812 2118 3867 nescio

456 3917 591 3973 qua!
622 3901 841 3972 scripta
871 3899 941 3953 de
971 3900 1232 3971 corporis
1283 3900 1617 3956 inventione
1646 3900 1733 3956 vel
1784 3903 2118 3958 ostensione

452 3992 589 4059 (nec
620 3988 777 4043 enim
808 3987 1029 4059 placuit
1076 3988 1361 4043 Puricello
1420 4004 1487 4043 ea
1537 3989 1859 4060 publicare)
1907 3990 2117 4045 deinde

454 4101 486 4128 ‹‹
517 4076 746 4144 multis,
780 4076 992 4149 inquit,
1054 4076 1463 4131 dubitantibus
1496 4076 1817 4148 multisque
1856 4094 2117 4150 congau-

450 4165 753 4233 dentibus,
786 4164 1179 4237 plurimisque
1218 4167 1613 4231 credentibus,
1646 4167 1882 4221 tandem
1938 4167 2115 4238 pallio

448 4254 1147 4328 superimposito,lectica
1163 4256 1525 4327 compositus
1544 4260 1649 4310 est.
1666 4256 1789 4319 Quo
1808 4261 2114 4329 assumpto

448 4347 514 4401 et
540 4343 713 4414 quasi
746 4342 940 4398 Levita
978 4358 1117 4397 cum
1177 4342 1328 4397 stola
1385 4347 1610 4407 ornato,
1669 4344 1923 4398 summis
1978 4360 2110 4399 cum

445 4430 676 4488 litaniis
693 4431 1043 4503 magnisque
1058 4430 1569 4487 exsulltationibus
1584 4430 1972 4503 plurimisque
1984 4448 2115 4488 con-

448 4520 1132 4592 frequentationibus,in
1166 4520 1521 4575 monasterio
1541 4520 1598 4575 S.
1621 4519 1768 4575 Celsi
1801 4519 2111 4578 humatum

446 4613 561 4666 est.
581 4607 683 4664 His
712 4608 911 4680 itaque
936 4607 1661 4680 peractis,Herlembaldus
1684 4609 1810 4664 suis
1840 4626 1973 4665 cum
1995 4627 2114 4666 om-

2225 3451 2423 3518 baldo,
2456 3473 2484 3502 ι»
2518 3452 2744 3508 scilicet
2772 3457 2891 3508 tres
2920 3450 3133 3521 ultimi,
3166 3452 3250 3507 sic
3279 3449 3557 3523 descripti
3593 3466 3607 3507 :

2298 3542 2520 3597 Sanctos
2547 3540 2834 3597 thesauros
2861 3556 3121 3596 venerare
3144 3555 3245 3611 per
3270 3540 3457 3594 omnia
3485 3538 3700 3606 charos,

2299 3632 2401 3685 Hos
2426 3632 2639 3703 pugiles
2670 3630 2895 3696 Christi,
2926 3645 3056 3701 gens
3086 3628 3294 3701 inclyta
3324 3628 3651 3697 Mediolani,

2298 3720 2372 3775 De
2401 3721 2559 3791 oujus
2578 3721 2757 3775 sancti
2774 3726 2903 3774 sunt
2931 3719 3029 3773 isti
3048 3718 3318 3789 sanguine
3355 3718 3499 3771 nati.

2296 3812 2456 3864 Area
2494 3809 2608 3881 ipsi
2638 3813 2756 3865 tres
2785 3808 3007 3881 primos
3029 3824 3233 3862 versus
3260 3806 3346 3863 sic
3373 3806 3772 3878 ascripserim,
3812 3811 3877 3862 ut

2223 3898 2310 3953 eis
2340 3899 2554 3953 addere
2582 3897 2756 3953 velim
2788 3913 2974 3952 unum
3024 3912 3093 3952 ex
3143 3893 3535 3951 Herlembaldi
3582 3894 3878 3967 epitaphio

2221 3990 2687 4058 assumptum,et
2714 3987 2786 4041 ad
2808 3986 3180 4058 suppendum
3201 3984 3606 4041 defectuosum
3625 3999 3866 4040 sensum

2222 4092 2505 4148 perquam
2537 4075 2765 4131 utilem.

2292 4169 2509 4235 Martyr
2530 4165 2725 4219 Levita
2756 4166 2895 4234 iacet
2926 4163 3026 4219 hac
3054 4161 3308 4220 Arioldus
3338 4163 3398 4217 in
3428 4177 3592 4218 urna.

2296 4255 2594 4309 Truncatus
2623 4255 2896 4322 moritur;
2925 4254 3025 4310 sed
3054 4254 3187 4309 vita
3213 4251 3358 4308 dona
3384 4256 3665 4314 meretur;

2293 4347 2410 4400 Hoc
2438 4342 2719 4398 mausoleo
2751 4350 3063 4399 reverenter
3091 4342 3317 4398 condita
3342 4340 3512 4411 digno
3540 4362 3561 4409 ;

2293 4434 2531 4488 Incestus
2561 4431 2832 4504 reprobat.
2867 4432 3142 4488 Simonias
3169 4438 3223 4487 et
3246 4432 3387 4502 quia
3412 4431 3665 4486 damnat.

2292 4520 2574 4578 Similiter
2604 4520 2791 4577 tribus
2822 4520 2955 4577 aliis
2984 4519 3251 4576 versibus
3304 4533 3485 4591 super
3539 4517 3748 4575 lavello
3791 4517 3874 4574 lo-

2219 4610 2426 4666 candis
2472 4611 2674 4667 deesse
2728 4610 2957 4666 videtur
3023 4611 3199 4681 caput
3248 4625 3261 4675 ;
3339 4606 3497 4678 quod
3555 4609 3613 4663 et
3666 4607 3868 4663 eodem

449 4697 635 4754 nibus
665 4698 1021 4769 magnisque
1050 4696 1615 4769 caeremoniis,quasi
1648 4715 1863 4754 novum
1895 4704 2113 4773 marty-
2142 4715 2189 4781 υ
2219 4699 2444 4754 Arialdi
2473 4699 2771 4772 epitaphio
2800 4698 2886 4755 sic
2915 4698 3230 4754 mutuabor
3258 4713 3273 4751 :

447 4800 577 4843 rem
608 4784 992 4853 celebrantes,
1034 4788 1408 4859 phantastica
1457 4786 1649 4842 delusi
1707 4788 1964 4859 imagine
2023 4792 2113 4861 (ut
2218 4789 2360 4844 Dum
2388 4790 2606 4845 veneris
2635 4804 2814 4844 servos
2842 4787 3095 4859 reprimit
3118 4786 3466 4857 Simonisque
3492 4782 3737 4855 maligni
3756 4801 3776 4847 ,ο

445 4877 657 4948 postea
684 4873 743 4930 in
776 4878 1036 4947 tempore
1053 4876 1247 4947 quarti
1274 4875 1535 4931 Anselmi
1565 4875 1988 4948 archiepiscopi
2010 4895 2108 4949 ap-

443 4962 664 5036 paruit)
693 4964 897 5020 sedulo
926 4981 995 5021 ac
1026 4965 1226 5020 devote
1256 4963 1543 5020 colebant.
1606 4965 1747 5021 Cum
1785 4967 1941 5021 enim
1974 4972 2107 5039 post

443 5051 749 5109 biennium
780 5071 898 5109 suae
930 5054 1392 5109 consecrationis
1432 5078 1452 5103 ι
1492 5055 1571 5124 (id
1605 5060 1695 5110 est
1752 5072 1907 5111 anno
1970 5057 2107 5111 1099

441 5141 773 5198 secundum
805 5158 1004 5198 meum
1036 5142 1177 5198 alibi
1214 5142 1531 5212 calculum,
1562 5144 1739 5198 etiam
1763 5161 1797 5199 a
1818 5145 2105 5202 Puricello

444 5244 582 5302 pag.
613 5230 1110 5303 382,probatum,)
1145 5253 1173 5281 «
1204 5248 1362 5298 cum,
1395 5232 1662 5304 inquam,
1685 5234 1965 5290 dominus
1986 5238 2101 5289 An-

442 5317 668 5375 selmus
697 5319 918 5376 Arialdi
940 5338 1077 5377 ossa
1097 5337 1163 5377 ac
1189 5321 1686 5394 corpus,qualiter
1706 5321 1858 5378 male
1879 5322 2021 5378 olim
2045 5324 2103 5379 in

441 5406 688 5463 veritate
705 5407 1947 5482 fuissenthumata,comperisset,curialiter
1966 5428 2102 5468 cum

441 5495 652 5570 paucis
678 5495 906 5554 clericis
934 5499 1005 5554 ad
1036 5497 1232 5554 locum
1263 5500 1512 5555 tendens
1543 5516 1680 5556 ossa
1720 5516 1849 5572 quas
1888 5500 2104 5558 habere

439 5583 638 5658 potuit
672 5582 977 5658 colligens,
1009 5588 1067 5642 in
1097 5586 1344 5643 ecclesia
1369 5588 1426 5643 S.
1463 5588 1721 5661 Dionysii
1754 5588 2035 5645 humavit.
2072 5613 2099 5639 η

438 5672 671 5739 Quibus
690 5674 903 5731 verbus
922 5675 1157 5731 videtur
1183 5675 1622 5747 indicari,istud
1648 5678 1803 5751 quod
1836 5677 2097 5735 Herlem-

436 5761 658 5822 baldus
671 5764 1056 5832 transtulit,et
1067 5764 1221 5839 apud
1240 5765 1520 5823 Sanctum
1537 5767 1771 5825 Celsum
1784 5766 2097 5824 tumulavit

2215 4876 2433 4933 Deinde
2454 4877 3078 4949 subjungam,sensum
3097 4877 3391 4946 utcunque
3406 4872 3713 4930 habituros
3727 4877 3864 4930 tres.

2287 4968 2385 5023 llis
2403 4969 2640 5038 geminis
2668 4967 2852 5022 causis
2882 4964 3138 5020 Arialdus
3157 4979 3350 5035 passus
3379 4963 3447 5018 ab
3476 4963 3617 5030 istis,

2286 5056 2495 5127 Martyr
2522 5058 2581 5111 in
2612 5057 2846 5111 ecclesia
2872 5056 3059 5110 Levita
3086 5052 3399 5109 reconditus
3426 5053 3560 5109 ista.

2287 5146 2590 5201 Transtulit
2620 5145 2908 5199 Anselmus
2932 5146 3124 5216 pastor
3148 5143 3468 5199 venerabile
3497 5145 3715 5213 corpus.

2285 5235 2379 5291 32.
2426 5235 2589 5290 Istaec
2637 5239 2936 5306 utcunque
2993 5232 3339 5301 sehabeant,
3373 5230 3603 5304 allegat,
3659 5246 3719 5302 p.
3785 5232 3867 5297 14,

2213 5323 3005 5392 Puricellus,commodatum
3036 5322 3152 5378 sibi
3184 5338 3296 5378 ms.
3332 5344 3362 5373 «
3394 5321 3467 5377 de
3485 5318 3867 5391 archiepisco-

2211 5414 2301 5486 pis
2334 5411 2890 5478 Mediolanensibus,
2917 5428 2953 5467 a
2979 5415 3036 5467 8.
3072 5411 3341 5468 Barnaha
3370 5425 3555 5480 usque
3582 5407 3655 5462 ad
3685 5406 3862 5462 Joan-

2212 5518 2345 5557 nem
2377 5500 2840 5567 Arcimboldum,
2876 5522 2904 5550 »
2935 5499 2994 5556 id
3025 5504 3115 5556 est
3143 5515 3331 5572 usque
3346 5498 3416 5554 ad
3446 5510 3667 5550 annum
3702 5494 3860 5561 1550,

2210 5613 2238 5642 ‹‹
2272 5590 2488 5662 quibus
2540 5590 2740 5646 addita
2770 5593 2912 5645 sunt
2959 5589 3228 5662 quaedam
3258 5603 3325 5643 ex
3372 5582 3629 5641 collectis
3658 5598 3765 5657 per
3792 5584 3859 5640 N.

2210 5679 2532 5735 Fontanam
2568 5697 2580 5734 :
2619 5701 2646 5728 ››
2678 5678 2773 5735 hic
2796 5695 2931 5734 vero
2970 5702 2991 5728 ε
3017 5694 3085 5735 ex
3132 5676 3369 5732 Andreae
3417 5670 3632 5728 Alciati
3691 5673 3858 5729 Anti-

2207 5767 2433 5841 quario,
2480 5791 2506 5817 ››
2557 5769 2628 5826 ad
2683 5784 2897 5824 nomen
2955 5765 3237 5825 Guidonis
3293 5761 3740 5836 archiepiscopi,
3773 5762 3855 5818 sic
