4822 6444
1233 423 1406 502 ιεοθ.

2333 429 2442 495 SS.
2487 431 2802 496 ARIALDI
2843 429 3493 498 ETIEBLEMBALDI

4485 417 4720 489 ιω*-

1228 569 1430 628 notat:
1472 585 1494 617 ι
1527 563 1650 622 Sub
1676 559 1785 622 hoc
1816 561 2074 620 Guidone
2128 561 2200 618 de
2225 559 2422 618 Velate
2466 563 2852 630 Valvassorio,
2885 565 2937 629 Α
2967 580 3203 635 corpore
3235 566 3292 621 S.
3314 563 3534 620 Arialdi
3563 563 3872 620 contentus
3897 557 4144 630 abierit;
4173 555 4290 618 hoc
4305 572 4462 618 vero
4495 555 4670 630 quid

1227 654 1444 710 Arialdi
1475 671 1546 710 ex
1588 654 1808 710 Alciata
1850 656 2018 724 gente
2067 651 2418 722 sepulcrum.
2481 651 2716 707 Relatus
2764 658 2851 706 est

1225 743 1376 800 inter
1405 744 1568 798 divos
1598 743 1668 798 ab
1698 740 2018 796 Alexandro
2045 738 2388 809 II,sepultus
2409 739 2464 794 in
2494 740 2558 794 D.
2593 740 2848 812 Dionysii

1223 832 1450 888 tumulo
1481 845 1834 894 marmoreo;
1869 829 1966 881 sed
2001 826 2344 882 millessimo
2381 828 2848 899 quingentesimo

1221 927 1441 987 octavo,
1475 936 1508 973 a
1557 915 1834 972 Ludovico
1892 916 2230 970 duodecimo
2285 916 2658 972 Francorum'
2691 934 2844 988 rege,

1223 1007 1468 1063 Parisios
1503 1022 1601 1076 pro
1652 1020 1886 1074 corpore
1917 1004 1974 1058 S.
2007 1002 2248 1058 Dionisii
2299 1003 2645 1058 translatum
2676 1009 2782 1060 est.
2820 1027 2844 1052 ››

1219 1095 1422 1150 Melius
1438 1099 1628 1148 tamen
1650 1093 1911 1146 fortassis
1931 1097 2227 1145 notaretur
2241 1108 2432 1146 annus
2453 1093 2847 1162 1509,quando

1218 1185 1275 1238 in
1309 1183 1574 1238 lnsubria
1602 1197 1796 1250 regem
1819 1180 1998 1234 fuisse
2029 1185 2276 1244 constat,
2311 1180 2705 1234 Maximiliano
2736 1180 2848 1236 im-

1217 1271 1462 1342 peratori
1494 1269 1864 1340 pontificique
1893 1267 2047 1322 Julio
2081 1271 2279 1322 contra
2325 1267 2572 1322 Venetos
2605 1269 2846 1324 foedera-

1216 1365 1370 1425 tum;
1413 1357 1510 1412 ubi
1533 1357 1674 1410 inito
1697 1357 1766 1410 ad
1806 1356 2308 1410 flumen-Adduam
2331 1355 2846 1426 prazlio,victoriam

1214 1447 1508 1517 ingentem
1540 1443 1754 1499 retulit.
1779 1444 2020 1498 Videtur
2037 1449 2234 1497 autem
2266 1459 2362 1497 rex
2387 1443 2620 1514 petiisse
2639 1460 2848 1515 corpus

1214 1539 1268 1588 S.
1299 1534 1558 1605 Dionysii
1587 1532 2052 1595 Medionalensis,
2085 1536 2148 1586 ut
2189 1531 2382 1601 ipsum
2403 1532 2676 1602 jungeret
2706 1533 2848 1587 duo-

1216 1623 1328 1676 bus
1359 1621 1486 1676 aliis
1528 1622 1622 1676 SS.
1657 1619 1966 1689 Dionysiis,
2023 1618 2330 1674 Parisiensi
2373 1619 2613 1684 scilicet,
2673 1637 2846 1690 quem

1215 1708 1619 1780 Areopagitam
1649 1707 1857 1778 vulgus
1887 1707 2239 1772 credebat,et
2265 1706 2696 1762 Corinthiorum
2727 1710 2847 1779 epi-

1217 1814 1410 1869 scopo,
1437 1798 1505 1851 de
1525 1797 1693 1864 cujus
1715 1809 1950 1866 corpore
1977 1793 2113 1852 illuc
2136 1795 2244 1849 sub
2263 1811 2479 1850 annum
2501 1795 2637 1850 l2l5
2657 1801 2847 1852 trans-

1215 1887 1329 1942 lato
1359 1886 1476 1956 egit
1497 1883 1903 1940 Henschenius
1931 1885 1964 1936 8
1995 1883 2230 1954 Aprilis,
2265 1885 2363 1939 sed
2398 1884 2846 1956 deprecantibus

1216 1991 1287 2030 ne
1317 1974 1413 2028 illo
1445 1972 1678 2030 tutelari
1725 1989 1830 2028 suo
1873 1970 2236 2042 privarentur
2293 1972 2844 2040 Mediolanensibus,

2959 669 3129 723 porro
3163 655 3378 708 factum
3407 653 3501 720 sit,
3534 653 3819 708 hactenus
3849 669 3966 708 non
3995 649 4188 723 potuit
4213 647 4528 706 invenire.

3029 742 3116 796 33.
3149 742 3320 796 Aliud
3351 741 3693 813 epitabium,
3729 741 3829 798 sed
3884 739 4080 796 nescio
4113 755 4188 794 an
4249 754 4372 794 non
4403 787 4406 790 .
4442 735 4529 792 ab
4569 733 4672 806 ip-

2959 833 3146 884 somet
3162 829 3380 886 Alciato
3397 830 3968 900 compositum,certe
3985 828 4043 882 in
4069 825 4450 900 praelaudato
4471 822 4666 878 illius

2962 917 3302 989 Antiquario
3333 936 3367 973 a
3396 920 3656 974 Fontana
3683 917 4130 989 transcriptum,
4171 919 4228 970 et
4271 915 4456 970 forte:
4501 927 4665 970 nus-

2959 1023 3134 1076 quam
3168 1007 3448 1076 positum,
3479 1005 3563 1062 sic
3589 1006 3792 1060 recitat
3821 1003 4168 1071 Puricellus,
4198 1018 4334 1076 pag.
4373 1003 4475 1058 15.

3484 1110 3726 1150 ΑΒΙΑΒΠΟ
3765 1109 4030 1148 DIACONO.

2961 1182 3084 1248 Qui,
3115 1197 3272 1236 nemo
3293 1191 3352 1236 ut
3381 1182 3600 1249 melius,
3631 1182 3813 1236 divini
3831 1182 4066 1252 mystica
4091 1180 4302 1236 verbis.

3030 1271 3289 1334 Tradidit,
3321 1274 3370 1325 et
3391 1271 3584 1340 populi
3611 1271 3755 1326 solus
3784 1271 3846 1324 in
3876 1285 3968 1324 ore
3991 1270 4146 1339 fuit;

2959 1359 3060 1425 Qui
3085 1359 3230 1428 lapso
3259 1373 3438 1412 mores
3453 1358 3884 1429 diciplinamque
3903 1357 4174 1412 cadente»

3030 1449 3100 1500 Et
3133 1446 3323 1517 Thyasi
3347 1462 3558 1501 errores
3587 1448 3856 1515 corrigere
3883 1448 4015 1501 erat
4035 1463 4058 1510 ;

2957 1536 3052 1589 Hic
3081 1535 3336 1589 Arialdus
3361 1535 3536 1590 adest.
3564 1535 3678 1590 Heu
3705 1535 3886 1588 noxia
3906 1535 4018 1589 vita
4041 1537 4368 1598 nocentum,

3030 1624 3462 1691 Quaecusorem
3499 1624 3677 1678 ullum
3702 1625 3848 1693 ferre
3873 1622 4104 1676 molesto
4127 1623 4362 1691 nequit!

2959 1711 3110 1765 Clam
3137 1719 3380 1782 raptum,
3409 1727 3814 1782 appensumque
3843 1709 4293 1780 molae,projecit
4319 1709 4396 1764 in
4437 1708 4664 1766 undas

3030 1799 3277 1865 Verbani,
3310 1804 3369 1854 ut
3399 1800 3612 1867 rapidis
3642 1799 3877 1870 piscibus
3899 1813 4036 1853 esca
4062 1799 4206 1867 foret
4239 1815 4253 1852 :
4539 1859 4544 1864 ,

2963 1887 3167 1944 Dei-nde
3195 1888 3286 1942 sed
3307 1890 3606 1955 inventum,
3632 1892 3793 1958 atque
3822 1887 4000 1943 illaesa
4030 1901 4282 1956 corpore,
4311 1886 4564 1957 templis

3025 1975 3117 2028 Est
3143 1976 3372 2045 dignata
3400 1991 3600 2030 novum
3622 1979 3872 2046 martyre
3889 1976 4202 2045 posteritas.

2403 2229 3401 2368 APPENDIX.

1919 2549 2009 2604 DE
2046 2547 2472 2604 VENERABILI
2513 2548 2865 2606 LIPRANDO
2905 2549 3364 2607 PRESBYTERO
3407 2549 3884 2608 CONFESSORE.

1206 2842 1234 2908 §
1265 2841 1304 2895 Ι.
1340 2838 1698 2896 Grossulanu:
1726 2837 1972 2894 Anselmi
1997 2851 2280 2908 successor
2309 2835 2566 2890 Simonis:
2621 2837 2842 2889 convin-

1747 2909 1890 2962 citur
1906 2907 2114 2978 judicio
2141 2908 2302 2976 ignis.

1280 3018 1330 3069 1.
1363 3019 1506 3072 Cum
1548 3014 1741 3070 senior
1799 3011 2120 3068 Landulfus
2173 3035 2200 3061 ‹‹
2256 3012 2592 3082 Leoprando
2649 3027 2840 3066 sacer-

2952 2835 3172 2908 absque
3200 2835 3318 2894 ullo
3351 2853 3589 2893 rancore
3643 2837 3704 2894 in
3744 2836 4109 2908 beneplacito
4140 2837 4244 2895 Dei
4300 2843 4360 2896 et
4411 2839 4638 2914 ipsius

2952 2925 3104 2997 regis
3134 2926 3455 2998 respondit.
3491 2948 3518 2974 »
4379 3009 4382 3012 ἠ

3018 3015 3069 3067 2.
3106 3013 3166 3068 In
3200 3014 3413 3085 quibus
3467 3012 3659 3070 verbis
3690 3015 3823 3069 ante
3872 3013 4073 3070 omnia
4120 3015 4480 3084 notandum,
4551 3035 4636 3076 ex

1209 3103 1348 3168 doti,
1375 3125 1402 3151 ››
1435 3100 1903 3158 Herlembaldum
1948 3105 2201 3156 extremo
2223 3099 2548 3154 discrimini
2571 3115 2630 3154 se
2655 3121 2682 3149 «
2705 3115 2838 3154 cum
2873 3159 2910 3176 η
2951 3100 3187 3172 Hugone
3217 3099 3566 3156 Flaviacensi
3625 3101 3780 3172 apud
3819 3099 4108 3174 Cangium
4155 3101 4220 3158 in
4275 3101 4632 3176 Glossario,

1206 3192 1408 3264 paucis
1433 3189 1680 3246 armatis
1715 3211 1740 3237 »
1769 3188 2136 3259 objicientem
2160 3189 2450 3255 comitate,
2476 3187 2704 3242 crimini
2737 3188 2838 3242 du-
2870 3159 2911 3224 Ο
2951 3189 3125 3260 quod,
3151 3212 3178 3238 «
3211 3189 3258 3244 si
3281 3190 3415 3260 quis
3445 3193 3617 3259 esset,
3653 3189 3754 3261 qui
3773 3189 4048 3262 Gregorio
4071 3191 4632 3264 communicaret,»

1206 3285 1298 3334 cat
1328 3280 1482 3352 apud
1505 3277 2278 3349 Puricellum,pag.i3,quod
2312 3299 2338 3326 ‹‹
2364 3283 2419 3331 et
2449 3276 2572 3346 ipse
2603 3292 2836 3331 crucem

1203 3385 1377 3424 manu
1408 3365 1672 3440 gestabat
1702 3365 1954 3439 propria,
1988 3382 2100 3420 non
2159 3370 2222 3420 ut
2250 3363 2533 3420 bellantes
2585 3365 2833 3432 sedaret,

1205 3457 1306 3512 sed
1334 3461 1397 3512 ut
1425 3455 1705 3514 bellantes
1737 3472 1873 3512 suos
1931 3456 2121 3526 potius
2151 3453 2438 3520 incitaret,
2479 3452 2747 3508 hostibus
2778 3457 2836 3508 et

1199 3545 1323 3616 ipse
1351 3545 1574 3611 hostis;
1609 3565 1636 3591 »
1659 3559 1830 3614 quem
1864 3547 2163 3614 propterea
2193 3541 2436 3598 naribus
2473 3539 2842 3611 auribusque-

1201 3632 1540 3688 mutilatum
1572 3630 1846 3697 vidimus,
1879 3635 1936 3686 et
1964 3630 2316 3702 martyribus
2378 3646 2412 3684 a
2467 3629 2524 3684 S.
2559 3627 2834 3700 Gregorio

1201 3737 1350 3793 papa
1375 3720 1476 3776 VlI
1523 3724 1944 3791 comparatum,
1978 3719 2164 3789 placet
2193 3718 2457 3789 ejusdem
2489 3721 2658 3781 acta,
2689 3733 2830 3787 qua-

1197 3807 1586 3880 tenus-colligi
1619 3824 1686 3864 ex
1718 3805 1996 3866 Puricello
2049 3811 2335 3878 poterunt,
2387 3805 2460 3860 ad
2509 3809 2828 3862 extremum

1197 3897 1494 3969 prosequi,
1528 3901 1584 3960 et
1612 3894 1880 3954 Landulfi
1909 3894 2081 3951 istius
2139 3893 2604 3950 maledicentiam
2657 3893 2829 3948 rebus

1197 3985 1308 4055 ipsi
1340 4001 1684 4054 coarguere;
1718 3985 1788 4039 ob
1821 3999 1966 4054 quas
2010 3985 2066 4038 et
2096 3983 2166 4036 ob
2223 3981 2602 4037 confessionis
2633 3981 2828 4036 catho-

1196 4071 1318 4127 licae
1349 4071 1644 4134 meritum,
1676 4071 1895 4142 primas
1927 4069 2034 4126 fuit
2079 4070 2150 4124 in
2208 4068 2614 4134 aestimatione,
2673 4069 2827 4140 apud

1195 4175 1398 4215 omnes
1421 4158 1746 4230 apostolicae
1769 4159 1926 4213 sedis
1947 4157 2146 4214 fideles
2169 4174 2182 4224 ;
2218 4157 2370 4228 quod
2403 4155 2830 4227 Landulfusju-

1193 4247 1322 4302 nior
1351 4262 1481 4318 pag.
1516 4245 1619 4300 388
1651 4246 1806 4317 apud
1837 4244 2186 4302 Puricellum
2230 4245 2397 4302 nobis
2427 4249 2694 4312 testatur,
2728 4245 2828 4300 ubi

1193 4335 1275 4390 ita
1304 4333 1508 4390 scribit
1539 4350 1552 4388 :
1590 4355 1616 4384 ‹‹
1647 4340 1798 4390 Cono
1852 4350 1969 4400 rex,
2020 4333 2120 4406 qui
2150 4335 2288 4390 dum
2347 4335 2628 4390 Henricus
2665 4337 2828 4405 pater

1191 4423 1342 4494 ejus,
1373 4443 1402 4474 »ι
1436 4421 1697 4478 Ecclesiae
1727 4421 1958 4478 rebellis
1988 4427 2044 4478 et
2094 4421 2648 4490 excommunicatus,
2685 4443 2714 4472 «
2743 4421 2825 4476 vi-

2944 3278 3236 3349 (idemque
3267 3278 3337 3332 de
3367 3277 3598 3334 Urbano
3629 3277 3910 3350 intellige,
3967 3279 4096 3350 ejus
4129 3283 4262 3352 post
4299 3279 4636 3342 Victorem

2942 3367 3316 3436 successore,)
3348 3388 3376 3416 «
3426 3365 3520 3422 hic
3551 3366 3876 3434 haereticus,
3914 3366 4248 3424 destructor
4293 3369 4502 3440 regni,
4555 3375 4636 3430 ,εἰ
4683 3409 4688 3416 .-

2941 3454 3195 3524 quodam
3227 3453 3603 3510 adinventitio
3633 3453 3868 3510 nomine
3893 3455 4201 3510 Paterinus
4231 3455 4630 3515 dicebatur.»

2940 3542 3056 3598 Hoc
3087 3541 3293 3598 deinde
3323 3541 3556 3598 nomine
3586 3541 3658 3597 ad
3721 3541 4064 3599 Waldenses
4095 3543 4366 3614 aliosque
4411 3544 4652 3604 harem.

2938 3631 3086 3686 ticos
3115 3630 3345 3698 transit,
3395 3631 3466 3686 de
3496 3629 3710 3702 quibus
3739 3630 3869 3686 vide
3901 3630 4048 3686 loco-
4071 3631 4246 3688 citato
4278 3631 4629 3705 Cangium,

2938 3718 3296 3791 opinantem,
3329 3722 3410 3774 ita
3439 3723 3578 3774 tunc
3637 3719 3826 3790 primo
3877 3719 4063 3775 dictos
4109 3713 4338 3788 ﬁdeles,
4373 3742 4405 3772 ‹‹
4440 3724 4628 3794 quod
4675 3763 4684 3768 -

2938 3824 3120 3879 papae,
3153 3823 3327 3878 quem
3358 3811 3582 3880 patrem
3615 3807 4006 3880 appellabant,
4039 3805 4431 3864 adhare‘rent.
4473 3831 4506 3860 ››
4547 3815 4630 3868 Et
4675 3805 4708 3810 ”

2937 3894 3134 3950 hocin
3165 3911 3343 3950 sensu
3373 3911 3505 3966 pag.
3557 3895 3680 3962 300,
3739 3893 4213 3952 Herlembaldum
4261 3895 4626 3957 Landuli’us

2937 3983 3130 4040 senior
3154 3983 3512 4055 inculpabat,
3539 3983 3696 4054 quod
3725 3999 3834 4055 per
3857 3984 3984 4054 ejus
4015 3981 4362 4056 potentiam,
4393 3985 4624 4044 schis-

2937 4071 3164 4127 maticis
3195 4072 3316 4144 regi
3346 4071 3776 4128 adhaerentibus
3803 4088 4070 4145 exesam,
4119 4092 4148 4124 ››
4172 4071 4624 4134 Patarinorum

2936 4161 2995 4216 in
3025 4164 3254 4216 tantum
3277 4159 3528 4216 excrevit
3557 4175 3838 4214 numerus
3873 4163 4048 4231 atque
4076 4159 4378 4227 virtus,in
4424 4164 4628 4236 pagi;

2934 4252 2990 4304 et
3017 4248 3266 4320 oppidis,
3299 4264 3362 4304 ac
3393 4247 3750 4318 quibusdam
3779 4247 3926 4304 duce
3953 4247 4081 4319 ipso
4112 4247 4173 4303 in
4203 4247 4496 4320 urbibus,
4542 4258 4624 4310 ut
4693 4247 4696 4252 ’

2932 4353 3172 4392 suorum
3203 4337 3494 4392 videretur
3521 4335 3786 4392 omnium
3829 4335 4121 4392 dominus
4163 4335 4624 4396 conciviumm»

2935 4427 3050 4497 Ego
3083 4425 3369 4480 seniorem
3403 4423 3756 4480 Landulfum
3778 4425 3861 4480 ita
3887 4423 4192 4498 loqui-non
4223 4423 4458 4494 miror;
4500 4429 4626 4486 sed
4677 4423 4680 4426 ’

1188 4515 1402 4580 ver-et,»
1427 4513 1708 4568 suadente
1729 4510 1959 4568 Urbano
1996 4512 2266 4584 papall,«
2295 4527 2398 4583 per
2419 4509 2821 4568 contractatio-
2856 4519 2902 4582 Ι)
2923 4511 3242 4584 juniorem,
3275 4511 3616 4581 scriptorem
3647 4509 4024 4576 catholicum,
4072 4515 4131 4567 et
4160 4509 4450 4586 Liprandi
4509 4532 4631 4572 ne-

1191 4617 1324 4656 nem
1357 4599 1654 4656 Mathildis
1684 4599 2012 4666 comitissaz,
2067 4604 2123 4655 et
2153 4599 2411 4656 officium
2441 4599 2696 4655 Anselmi
2755 4599 2826 4654 de

1189 4689 1381 4744 Cbode
1409 4711 1438 4737 »
1469 4687 1915 4750 Mediolanensis
1945 4687 2382 4760 archiepiscopi,
2417 4711 2444 4738 «
2505 4691 2560 4743 et
2587 4688 2824 4744 Armani

1189 4777 1523 4845 Briviensis,
1559 4777 1666 4832 fuit
1693 4785 2003 4834 coronatus
2031 4777 2327 4834 Modestiae
2358 4776 2414 4832 in
2474 4776 2716 4833 ecclesia
2762 4778 2819 4832 S.
2847 4815 2852 4818 -

1187 4864 1478 4920 Ambrosii
1516 4881 1667 4922 anno
1703 4865 1862 4933 1093,
1881 4865 1952 4920 ad
1984 4863 2194 4920 horum
2223 4865 2564 4936 pontificum
2587 4865 2836 4922 ordine--

1187 4953 1408 5007 tionem
1443 4969 1558 5006 non
1581 4954 1864 5023 respexit;
1898 4955 1996 5009 sed
2031 4970 2281 5026 regnans
2303 4953 2359 5007 in
2386 4952 2533 5019 loco,
2556 4953 2655 5026 qui
2687 4955 2826 5010 Bur-

1190 5057 1300 5114 gus
1323 5038 1658 5094 S.Domnini
1682 5039 1944 5108 dicitur,»
1971 5041 2270 5112 (oppidum
2292 5047 2381 5096 est
2399 5043 2653 5098 medium
2674 5043 2825 5098 inter

1189 5125 1544 5182 Placentiam
1605 5129 1659 5179 et
1688 5125 2002 5196 Parmam,)
2035 5149 2064 5177 ‹‹
2103 5129 2246 5184 vidit
2301 5130 2699 5201 presbyterum
2733 5129 2821 5184 Li-

1189 5214 1501 5287 prandum,
1533 5218 1767 5284 propter
1797 5213 2084 5270 Pataris-tn
2115 5232 2255 5273 naso
2286 5221 2342 5272 et
2388 5219 2628 5274 auribus
2657 5223 2822 5274 trun-

1191 5307 1408 5366 catum,
1440 5305 1674 5358 euntem
1696 5301 1764 5356 ad
1802 5301 2094 5360 Urbanum
2118 5321 2420 5360 romanum
2453 5306 2821 5376 pontiﬁcem;

1191 5389 1284 5443 cui
1314 5389 1634 5460 presbitero
1665 5405 1760 5444 rex
1791 5389 1915 5460 ipse
1946 5406 2077 5446 cum
2103 5391 2401 5446 devotione
2431 5393 2621 5465 inquit
2644 5412 2656 5448 :
2677 5395 2820 5450 Cum

1194 5477 1276 5530 sis
1309 5477 1586 5546 magister
1615 5477 2040 5542 Patarinorum,
2075 5477 2212 5547 quid
2271 5480 2452 5534 sentis
2485 5483 2554 5536 de
2595 5483 2824 5552 pontifi-

1195 5561 1364 5616 cibus
1391 5565 1448 5616 et
1473 5563 1890 5630 sacerdotibus,
1919 5565 2076 5634 regia
2097 5565 2234 5634 jura
2281 5567 2736 5636 possidentibus,
2767 5573 2824 5626 et

1199 5648 1316 5719 regi
1331 5645 1500 5704 nulla
1521 5647 1792 5708 alimenta
1813 5649 2224 5725 praestantibus
2243 5649 2270 5704 ?
2293 5651 2357 5706 Et
2383 5654 2679 5726 presbyter
2700 5656 2823 5727 ipse

2933 4603 3126 4672 potem
3145 4598 3226 4653 uti
3259 4599 3497 4654 Patariee
3528 4595 3806 4654 vocabulo
3836 4616 3848 4654 :
3873 4615 3973 4654 rex
4003 4614 4159 4668 vero,
4182 4598 4337 4656 inter
4357 4615 4628 4660 excom-

2934 4685 3300 4743 municatum
3321 4691 3543 4757 patrem
3565 4703 3740 4742 suum
3769 4689 3826 4744 et
3847 4685 4152 4744 Urbanum
4173 4703 4392 4759 papam
4419 4693 4628 4761 quasi

2933 4773 3180 4843 medias,
3205 4775 3434 4830 videtur
3463 4779 3768 4846 suspectos
3789 4773 4069 4832 habuisse
4088 4775 4276 4832 dictos
4305 4775 4368 4830 in
4401 4779 4625 4850 patris
4701 4777 4704 4780 ’

2933 4864 3068 4920 aula
3097 4863 3436 4932 Patarinos;
3469 4861 3687 4934 illoque
3720 4863 3956 4920 nomine
3978 4865 4158 4919 etiam
4181 4879 4329 4920 usus
4359 4863 4426 4919 in
4463 4883 4624 4936 sua,
4685 4923 4688 4926 ,

2933 4957 3222 5025 quatenus
3249 4968 3351 5023 per
3375 4967 3474 5008 eos
3535 4951 3840 5008 videbatur
3900 4951 4060 5025 regia
4089 4955 4354 5024 potestas
4399 4954 4630 5014 immi-
4659 5011 4662 5014 ,

2933 5041 3056 5109 nui,
3090 5045 3264 5112 atque
3293 5057 3396 5112 pro
3428 5043 3590 5112 parte
3628 5041 3688 5096 in
3735 5057 3948 5114 papam
3975 5075 3982 5080 -
4005 5039 4334 5097 transferri.
4397 5043 4477 5098 Et
4505 5045 4626 5102 .Li?

2933 5130 3191 5201 prandus
3223 5129 3462 5202 quidem
3483 5129 3862 5202 interroganti
3883 5128 4004 5201 regi
4035 5145 4394 5202 responsum
4423 5129 4620 5190 haud
4699 5127 4706 5132 ’

2933 5218 3230 5290 ingratum
3247 5217 3408 5274 visus
3437 5221 3568 5272 erat.
3589 5217 3914 5276 reddidisse
3939 5235 3952 5286 ;
3987 5240 4015 5268 «
4039 5219 4454 5275 verumtamen
4510 5221 4618 5278 al-

2931 5311 3056 5362 tera
3077 5306 3169 5362 die
3191 5305 3411 5362 faciens
3459 5306 3570 5362 iter
3591 5323 3934 5374 su-um,cum
3955 5306 4295 5378 presbytero
4318 5307 4638 5368 Arnaldo.

2933 5395 3209 5466 magistro
3231 5393 3566 5452 scholarum
3587 5395 4196 5462 Mediolanensium,et
4218 5398 4360 5465 Syro
4401 5411 4625 5456 sacer-

2931 5483 3062 5537 dote
3092 5482 3348 5538 ecclesize
3372 5483 3428 5538 S.
3465 5483 3658 5540 Mariae
3690 5483 4146 5555 Podoni,captus
4167 5481 4352 5538 estab
4383 5477 4622 5544 hemi—

2933 5569 3106 5626 nibus
3137 5571 3468 5626 Parmensis
3519 5573 3776 5644 episqui
3815 5590 3830 5640 ;
3877 5593 3905 5623 »
3939 5587 4136 5644 quem-
4171 5570 4308 5626 hinc
4339 5583 4650 5650 apparet

2933 5656 3374 5716 Schismaticum
3403 5653 3584 5718 fuisse
3622 5663 3685 5716 ut
3714 5657 4298 5734 dolere‘magnopere
4325 5674 4452 5716 non
4475 5663 4622 5722 —de-
4665 5699 4668 5702 -
