3952 6388
157 379 339 446 »1509

1732 421 1736 426 -
1765 376 2003 450 ACTA.

3441 382 3601 463 1510

180 515 629 586 accendebatur,
661 516 809 574 dixit
840 536 854 574 :
888 517 1004 575 Vos
1063 500 1270 592 praeter
1313 537 1405 577 me
1438 537 1554 576 non
1601 521 1841 576 cernitis
1871 529 1923 588 Α
1954 519 2250 576 dotalibus
2283 519 2542 576 vestibus
2577 514 2750 577 lineis
2807 537 2873 576 ac
2928 519 3150 587 sericis,
3203 521 3418 593 quibus
3479 527 3603 578 erat

177 604 566 671 sacerdotem,
588 607 689 678 qui
712 608 868 664 hunc
890 609 1086 682 ignem
1110 610 1450 677 benedicat;
1479 611 1580 666 sed
1603 609 1841 666 cernitis

177 695 442 750 chartam
473 695 624 751 hanc
647 714 824 770 quam
857 703 1046 765 teneo,
1079 699 1138 753 in
1171 716 1288 771 qua
1317 705 1522 755 saneta
1563 700 1740 754 verba
1786 703 1843 754 et

178 782 352 854 signa
382 788 596 840 sanctae
629 787 819 842 crucis
877 787 1276 843 continentur.
1316 789 1384 843 Et
1411 805 1517 861 ego
1577 787 1844 843 minister

177 870 304 928 haec
336 873 506 945 signa
534 872 782 932 inferius
831 876 1023 932 dicam
1057 881 1115 931 et
1164 877 1397 946 faciam,
1429 881 1487 933 et
1533 878 1706 946 Deus,
1740 877 1839 948 qui

176 964 270 1017 est
327 961 614 1018 Dominus
649 980 838 1032 meus,
875 966 1130 1038 desuper
1161 966 1357 1038 ignem
1397 966 1720 1022 benedicat.
1771 967 1842 1021 Et

178 1048 488 1106 audientes
518 1056 574 1107 et
604 1053 751 1108 bene
781 1052 1178 1126 intelligentes
1201 1054 1508 1111 dixerunt:
1541 1057 1744 1110 Amen.

256 1138 346 1192 11.
378 1161 406 1188 ‹‹
439 1143 634 1212 Atque
674 1159 808 1196 cum
858 1142 918 1197 in
969 1143 1216 1198 circuitu
1276 1144 1430 1216 ignis
1488 1145 1610 1200 hac
1667 1145 1842 1200 verba

175 1226 426 1283 dixisset
454 1233 511 1283 et
539 1229 709 1302 signa
737 1231 988 1300 fecisset,
1022 1237 1079 1288 et
1127 1250 1341 1304 aquam
1389 1233 1755 1289 benedictam
1787 1251 1817 1289 e

175 1315 486 1372 incensum
526 1335 704 1391 super
761 1320 982 1392 ignem,
1035 1326 1265 1378 astante
1318 1323 1399 1377 ibi
1459 1322 1837 1390 Grossulano,

177 1403 552 1477 aspersisset,
585 1408 970 1465 dubitabatur
1011 1411 1081 1466 de
1115 1411 1442 1467 ordinando
1474 1416 1840 1467 sacramento

175 1495 333 1566 apud
361 1495 784 1552 Grossulanum
837 1504 893 1553 et
930 1499 1234 1555 Arialdum
1259 1501 1328 1555 de
1358 1502 1707 1574 Meregnano
1739 1501 1840 1572 qui

176 1584 486 1655 eratquasi
511 1587 960 1657 potentissimus
983 1589 1253 1662 princeps
1274 1590 1612 1646 Grossulani
1638 1596 1693 1645 et
1715 1607 1842 1661 pro-

175 1677 412 1728 curator
469 1674 704 1744 judicii,
753 1680 810 1731 et
863 1682 1210 1750 exspectans
1272 1679 1680 1752 presbyterum
1741 1697 1844 1752 per

176 1762 373 1834 ignem
407 1766 592 1818 morte
622 1764 799 1832 ﬁniri,
833 1765 920 1821 vel
978 1783 1079 1838 per
1130 1767 1380 1823 nimium
1430 1774 1710 1824 terrorem
1769 1769 1839 1823 ad

178 1849 494 1906 Dominum
548 1869 726 1909 suum
785 1855 1062 1910 converti.
1116 1857 1246 1928 Ipse
1303 1874 1559 1929 namque
1590 1857 1919 1954 BerardoB

165 1939 359 2011 judici
391 1941 649 2009 Astensi,
684 1942 835 1998 hanc
863 1943 1051 2016 legem
1105 1963 1221 2001 non
1271 1945 1463 2001 solum
1522 1964 1624 2018 per
1681 1963 1840 2001 mor-

171 2032 315 2096 tem,
369 2030 470 2085 sed
523 2031 699 2087 etiam
761 2050 864 2105 per
912 2034 1241 2104 quamlibet
1283 2035 1530 2107 ignitam
1563 2035 1836 2091 laeseram

174 2117 235 2172 in
267 2118 610 2190 presbytero
643 2119 858 2176 factam
917 2123 1355 2190 condemnanti,
1415 2125 1638 2180 dixerat
1672 2143 1684 2179 :
1721 2125 1835 2180 Ab-

176 2207 255 2262 sit
313 2208 472 2278 quod
530 2207 776 2265 laesura:
821 2211 920 2266 sed
972 2211 1164 2284 ignem
1225 2213 1366 2269 adeo
1424 2213 1836 2285 magniﬁcabo,

178 2295 334 2367 quod
369 2295 571 2368 procul
627 2298 828 2354 oculos
880 2299 1034 2370 ignis
1091 2301 1162 2356 de
1219 2301 1407 2374 capite
1464 2303 1592 2372 ejus
1651 2307 1834 2370 eruet,

176 2389 234 2440 et
262 2385 394 2457 ipse
424 2385 558 2458 igne
588 2388 800 2442 ardens
841 2388 988 2444 cinis
1021 2391 1316 2462 putreﬁat.
1377 2394 1646 2447 Attamen
1707 2408 1836 2463 pre-

177 2474 398 2546 sbyter,
457 2491 592 2530 cum
647 2475 892 2532 vidisset
947 2494 1048 2534 eos
1129 2480 1198 2534 de
1255 2480 1582 2536 ordinando
1641 2497 1837 2536 sacra-

177 2567 380 2618 mento
410 2563 704 2631 dubitare,
735 2565 879 2621 dixit
913 2568 986 2622 ad
1017 2584 1116 2624 eos
1149 2586 1162 2623 :
1192 2567 1371 2624 Sinite
1405 2586 1518 2638 me,
1541 2571 1697 2641 quod
1732 2587 1836 2643 ego

177 2652 328 2707 bene
357 2651 679 2709 ordinabo:
712 2671 818 2710 nec
870 2655 1074 2712 ﬁniam
1133 2662 1594 2723 sacramentum,
1653 2659 1837 2715 donec

175 2741 377 2796 dixero
408 2746 640 2798 tantum
673 2748 962 2816 quantum
991 2746 1156 2802 vobis
1187 2747 1554 2803 satisfecerit.
1590 2748 1653 2803 Et
1682 2747 1836 2804 illico

176 2847 468 2888 consensu
530 2848 731 2888 eorum
773 2835 1161 2908 apprehendit
1210 2853 1456 2908 capparn
1506 2837 1837 2893 Grossulari

178 2920 487 2993 ipsamque
521 2923 1101 2993 quassavit,dicens:
1137 2925 1250 2981 Iste
1285 2925 1700 2991 Grossulanus,
1735 2927 1834 2997 qui

178 3013 267 3064 est
293 3010 408 3066 sub
436 3009 549 3065 ista
579 3026 784 3084 cappa,
818 3015 876 3067 et
905 3030 1020 3068 non
1069 3015 1139 3069 de
1173 3014 1286 3070 alio
1317 3014 1465 3084 dico,
1525 3020 1613 3072 est
1643 3015 1837 3071 Simo-

180 3097 390 3154 niacus
419 3099 490 3154 de
523 3099 1026 3174 archiepiscopatu
1061 3103 1394 3169 Mediolani,
1428 3122 1529 3176 per
1559 3122 1776 3160 munus
1807 3123 1841 3160 a

180 3204 494 3260 manu,per
525 3205 743 3246 munus
774 3209 809 3246 a
836 3191 1171 3264 lingua,per
1191 3211 1408 3249 munus
1430 3196 1502 3250 ab
1534 3195 1835 3266 obsequio.

1953 608 2214 675 indutus,
2241 609 2359 665 sive
2383 610 2441 664 in
2475 610 2984 678 cilicio,laesianem
3024 609 3203 665 ullam
3231 611 3604 667 sensit.Tunc

1952 698 2204 770 populus
2234 698 2419 770 plene,
2451 700 2618 771 quasi
2641 717 2708 756 ex
2727 718 2842 754 uno
2866 700 3222 766 ore,laudcm
3253 700 3368 756 Deo
3394 704 3452 755 et
3470 700 3607 756 huic

1950 789 2306 859 presbytero,
2336 794 2498 844 extra
2523 794 2578 844 et
2609 789 2761 844 infra
2793 788 3364 854 civitatem,contulit
3393 805 3407 843 :
3439 789 3610 846 Gros-

1951 875 2196 932 sulanus
2236 893 2369 932 vero
2426 877 2756 950 intrepidus
2807 879 3006 933 sedem
3066 877 3609 951 archiepiscopatus

1951 965 2276 1020 deseruitet
2297 966 2592 1022 civitatem
2618 985 2631 1035 ;
2659 967 2798 1038 quia
2818 971 3016 1038 aperto
3035 965 3337 1021 communi
3378 967 3612 1023 civtatis

1951 1055 2328 1124 orejuratum
2363 1061 2506 1124 erat,
2540 1057 2691 1127 quod
2742 1055 2952 1110 mentri
3005 1072 3229 1119 eorum,
3294 1073 3399 1111 nec
3432 1055 3608 1112 alicui

1951 1146 2022 1199 de
2049 1148 2213 1216 parte
2237 1143 2497 1210 illorum,
2530 1161 2634 1216 pro
2668 1145 3018 1200 hacactione
3051 1145 3271 1200 malum
3306 1145 3613 1213 ﬁeret,nisi

1951 1233 2106 1304 quod
2139 1231 2424 1287 Dominus
2455 1234 2566 1289 sibi
2621 1235 2849 1290 faceret.
2902 1256 2928 1283 »
2964 1234 3258 1288 Hactenus
3294 1235 3612 1291 Purieellus

1951 1338 2082 1392 pag.
2117 1321 2222 1374 399
2253 1326 2309 1376 et
2340 1338 2501 1394 seqq.

1953 1409 2067 1481 §ll.
2095 1411 2322 1482 Reliqua
2342 1411 2612 1482 Liprandi
2634 1414 2742 1466 vita
2767 1415 2818 1465 et
2839 1428 2984 1466 mers
3005 1413 3290 1466 miraculis
3311 1413 3609 1468 illustrem.

2024 1499 2109 1553 13.
2145 1500 2289 1553 Tam
2323 1498 2688 1554 luculentum
2723 1499 3071 1555 miraculum
3103 1518 3219 1554 non
3251 1500 3457 1555 habuit
3479 1518 3613 1556 con-

1951 1588 2115 1642 tinuo
2149 1604 2384 1642 omnem
2409 1589 2510 1659 qui
2549 1589 2900 1660 sperabatur
2925 1589 3194 1643 effectum
3231 1605 3242 1643 :
3279 1611 3305 1638 «
3339 1590 3439 1644 sed
3473 1590 3614 1660 quia

1951 1676 2261 1747 praesentia
2290 1677 2700 1748 episcoporum
2728 1678 3237 1749 suﬁ‘raganeorum
3262 1677 3401 1731 huic
3422 1677 3536 1748 legi
3559 1683 3617 1734 et

1951 1763 2250 1836 triumpho
2274 1765 2527 1820 favorem
2552 1766 2778 1838 integre
2801 1783 2917 1821 non
2942 1765 3225 1837 praebuit;
3258 1771 3314 1822 et
3343 1767 3443 1838 qui
3461 1766 3616 1839 ignis

1953 1871 2192 1909 manum
2226 1853 2568 1926 presbyteri,
2603 1855 2661 1909 in
2696 1855 3033 1927 projieendo
3065 1872 3280 1926 aquam
3315 1860 3373 1910 et
3404 1855 3612 1911 incen-

1951 1959 2083 1998 sum
2122 1960 2300 2014 super
2329 1943 2545 2013 ignem,
2583 1943 2768 2011 laesit;
2801 1949 2878 2010 et,
2901 1944 3042 2015 quia
3073 1960 3175 2015 per
3199 1943 3335 2015 equi
3363 1945 3614 2001 Joannis

1949 2031 2020 2086 de
2045 2032 2203 2086 Rode
2237 2032 2465 2086 nudum
2499 2031 2822 2104 presbyteri
2847 2033 3075 2105 pedem,
3097 2032 3166 2088 de
3188 2031 3322 2105 igne
3347 2035 3615 2090 exeuntis

1949 2121 2092 2175 dure
2124 2119 2369 2174 calcavit
2398 2139 2410 2187 ;
2446 2121 2641 2186 turba,
2675 2121 2862 2176 tristis
2892 2121 2962 2176 de
2985 2138 3124 2176 casu
3158 2125 3214 2176 et
3246 2122 3415 2176 ruina
3445 2122 3616 2179 Gros-

1948 2208 2161 2273 sulani,
2197 2209 2255 2262 in
2290 2211 2697 2282 presbyterum
2729 2214 2785 2265 et
2841 2209 2970 2280 ejus
3019 2209 3204 2281 legem
3265 2215 3394 2282 post
3425 2228 3614 2282 pauca

1949 2297 2450 2365 scandalizav.it,et
2477 2298 3193 2363 scandalizando,hortatu
3219 2301 3612 2372 quorumdam

1947 2387 2338 2452 sacerdotum,
2376 2388 2572 2459 prmlia
2601 2394 2658 2443 et
2702 2387 3021 2444 homicidia
3054 2389 3240 2443 multa
3272 2391 3594 2446 commisit.

1950 2477 2177 2532 Interea
2208 2477 2603 2532 Grossulanus
2636 2476 2942 2532 dominum
3006 2495 3215 2550 papam
3265 2478 3605 2535 Paschalem

1944 2571 2176 2638 gratum
2203 2566 2317 2621 sibi
2339 2566 2966 2638 invenit.Landulphus
2992 2584 3122 2623 vero
3146 2568 3216 2623 de
3237 2568 3602 2640 Vareglate,»

1949 2673 2102 2711 unus
2134 2659 2204 2710 de
2235 2655 2590 2726 supradictis
2621 2655 2842 2722 electis,
2867 2657 2966 2711 sed
2991 2656 3220 2726 rejectis
3245 2663 3485 2729 propter
3505 2658 3606 2713 ab-

1948 2743 2495 2806 sentiam,«rediens
2516 2743 2588 2798 ab
2608 2742 3022 2814 Hierosolymis
3047 2749 3288 2800 Romam
3317 2745 3608 2817 pervenit;

1948 2838 2124 2904 atque
2151 2833 2222 2887 de
2252 2831 2608 2887 Grossulano
2660 2834 2786 2903 jam
2820 2833 2955 2888 inde
3015 2849 3279 2905 regresso
3340 2833 3547 2888 didicit
3581 2856 3608 2882 ››

1948 2921 2054 2992 (uti
2077 2919 2267 2993 legere
2289 2925 2377 2976 est
2397 2922 2455 2975 in
2479 2921 2876 2976 Monumentis
2898 2921 3302 2976 Ambrosianis
3326 2938 3457 2994 pag.
3479 2922 3608 2993 596)

1951 3033 1978 3060 ‹‹
2012 3027 2126 3065 non
2153 3009 2346 3066 solum
2379 3011 2531 3082 quod
2577 3015 2772 3065 actum
2809 3010 2994 3064 fuerat
3021 3009 3334 3064 Mediolani
3371 3015 3607 3082 propter

1948 3100 2438 3154 concertationem
2497 3098 2819 3172 presbyteri
2877 3102 2934 3152 et
2990 3097 3375 3154 Grossulani:
3412 3099 3516 3154 sed
3548 3105 3605 3155 et

1950 3205 2128 3260 quam
2162 3189 2502 3244 solemniter
2535 3193 2831 3243 Romanus
2863 3187 3121 3259 pontifex
3153 3191 3287 3259 post
3317 3187 3432 3242 alia
3456 3187 3607 3242 facta

180 3277 248 3332 Et
272 3293 408 3332 cum
438 3275 554 3333 illis
606 3279 914 3336 Videbatur
938 3261 1251 3350 sufficere,
1293 3284 1522 3338 addidit
1554 3301 1566 3338 :
1603 3261 1729 3356 ego,
1764 3285 1834 3339 ad
1868 3261 1910 3327 (ἶ
1945 3277 2371 3334 Grossulanum
2397 3281 2900 3348 susceperat.......
2925 3276 3034 3330 Sed
3059 3279 3256 3331 tamen
3283 3275 3611 3332 Landulfus

183 3365 462 3440 ﬁduciam
497 3368 766 3424 maleﬁcii
824 3375 926 3425 aut
956 3371 1376 3429 incantationis
1405 3373 1492 3429 vel
1537 3373 1842 3440 carminis,

182 3473 296 3512 non
324 3431 486 3511 intro
517 3457 626 3513 hoc
650 3458 970 3530 judicium.

250 3547 339 3600 12.
369 3567 397 3595 ‹‹
434 3545 607 3602 Facto
639 3547 748 3602 hoc
770 3555 1159 3618 sacramento,
1187 3551 1585 3608 Grossulanus
1613 3570 1844 3608 concor-

187 3634 339 3690 diter
397 3651 616 3706 equum
667 3639 950 3706 ascendit,
1012 3640 1081 3694 ad
1141 3639 1449 3696 ecclesiam
1508 3641 1566 3696 S.
1597 3642 1845 3698 Joannis

181 3739 308 3796 qua:
341 3722 560 3779 dicitur
588 3726 660 3780 ad
693 3727 984 3784 Concbam
1017 3729 1212 3797 venit;
1237 3729 1508 3786 Arialdus
1539 3747 1670 3786 vero
1700 3749 1843 3803 pra:-

182 3812 375 3868 diclus
405 3813 477 3868 de
511 3813 878 3888 Meregrano,
912 3817 1218 3889 inquirens
1249 3822 1305 3874 et
1342 3824 1688 3891 exspectans
1722 3820 1846 3890 ple-

182 3900 513 3957 nitudinem
542 3901 717 3975 ignis,
778 3906 1184 3979 presbyterum
1220 3907 1447 3976 tenuit;
1476 3913 1534 3963 et
1569 3911 1842 3980 tenendo,

184 4007 426 4046 manum
461 4009 632 4048 suam
667 3992 867 4050 laesam
894 3997 963 4051 ab
997 3996 1122 4068 ipso
1156 3995 1344 4052 calore
1371 3997 1524 4069 ignis
1548 3998 1762 4064 sensit;
1791 4003 1848 4054 et

181 4083 377 4135 tamen
410 4081 482 4135 ad
515 4083 925 4155 presbyterum
956 4085 1184 4156 inquit:
1210 4085 1515 4157 Presbyter
1535 4087 1842 4158 Liprande,

173 4167 292 4224 vidi
329 4175 578 4225 mortem
602 4176 764 4228 tuam
790 4173 846 4227 in
871 4173 1002 4245 igne
1031 4193 1042 4243 ;
1076 4179 1420 4230 convertere
1442 4175 1513 4231 ad
1538 4176 1846 4232 dominum

178 4272 380 4313 meum
409 4259 1150 4334 archiepiscopum,habita
1179 4264 1503 4320 sucuritate
1548 4265 1678 4319 vita:
1710 4268 1845 4333 tuae,

173 4343 399 4418 alioqui
420 4349 563 4404 vade
585 4355 642 4406 et
657 4351 855 4407 ardeto
872 4369 1007 4407 cum
1031 4351 1132 4410 Dei
1158 4353 1670 4409 maledictione.Et
1691 4371 1846 4426 pres-

176 4433 346 4506 byter
361 4437 433 4492 ad
459 4436 625 4494 illum
654 4441 1088 4512 :Satana,retro
1118 4442 1392 4499 vade.Illo
1425 4444 1841 4512 retrocedente,

172 4525 480 4598 presbyter
509 4534 840 4600 prostratus
865 4548 899 4586 a
922 4535 1080 4587 terra
1101 4548 1164 4587 se
1184 4531 1394 4588 levavit
1417 4550 1428 4600 ;
1456 4535 1513 4588 et
1531 4532 1700 4605 signo
1718 4549 1845 4588 cru-

1953 3368 2050 3424 ille
2072 3366 2376 3438 Vareglate
2394 3366 2632 3421 veniens
2646 3363 3184 3435 Mediolanum,non
3207 3364 3608 3436 presbyterum

1955 3475 2059 3513 nec
2086 3457 2214 3526 ejus
2265 3455 2452 3526 legem
2487 3454 2701 3508 directe
2747 3452 3278 3525 comtempsit;sed
3340 3452 3495 3509 clero
3554 3459 3612 3509 et

1954 3545 2168 3620 populo
2188 3543 2602 3600 Mediolancnsi
2628 3543 2977 3614 promittens
2996 3543 3284 3614 deponere
3306 3541 3612 3598 Grossula-

1957 3652 2097 3690 num
2135 3635 2207 3689 ab
2249 3632 2410 3689 omni
2449 3631 2840 3688 ecclesiastico
2872 3629 3085 3699 ofﬁcio,
3115 3631 3286 3702 juxta
3317 3648 3610 3687 canonum

1955 3725 2262 3787 rationem,
2297 3723 2489 3794 inquit
2523 3741 2534 3777 :
2570 3723 2683 3777 Cur
2715 3722 2787 3776 de
2817 3720 2942 3792 lege
2969 3719 3299 3793 presbyteri
3332 3719 3611 3792 Liprandi

1955 3818 2014 3869 et
2043 3811 2385 3869 Grossulani
2418 3810 2791 3872 contenditis,
2811 3814 2868 3864 et
2899 3808 3100 3881 praelia
3122 3814 3177 3864 et
3208 3808 3524 3864 homicidia
3552 3810 3610 3864 in

1956 3902 2120 3958 vobis
2154 3901 2342 3957 facitis
2363 3901 2390 3954 Ἰ
2417 3902 2483 3955 Et
2506 3899 2668 3955 vobis
2691 3898 3014 3954 certissime
3039 3898 3191 3965 dico,
3226 3903 3282 3952 et
3304 3915 3406 3969 per
3433 3899 3610 3954 Joan-

1957 4008 2090 4046 nem
2105 3991 2672 4046 Vicomercatensem
2691 3985 3047 4044 Grossulano
3071 3987 3307 4055 mando,
3324 3987 3480 4057 quod
3506 4004 3612 4058 ego

1957 4081 2112 4152 apud
2146 4080 2431 4134 domuum
2465 4095 2677 4151 papam
2705 4075 3062 4142 Paschalem,
3099 4077 3357 4148 ejusque
3386 4075 3610 4131 curiam

1956 4169 2044 4225 vel
2075 4169 2387 4241 synodum,
2411 4168 2584 4223 certis
2607 4184 2737 4222 cum
2771 4165 3094 4221 rationibus
3121 4170 3178 4220 et
3200 4165 3386 4235 justis
3408 4168 3464 4220 et
3481 4181 3612 4220 san-

1958 4257 2066 4314 ctis
2123 4257 2448 4313 canonibus
2481 4257 2873 4328 comprobabo
2925 4253 3094 4309 illum
3131 4271 3244 4310 non
3277 4270 3451 4326 posse
3479 4253 3614 4309 sub-

1957 4347 2163 4404 sistere
2193 4347 2251 4401 in
2276 4362 2520 4401 numero
2539 4344 2949 4416 episcoporum
2978 4342 3069 4398 vel
3113 4344 3614 4416 presbyterorum,

1954 4441 2056 4492 aut
2085 4435 2260 4492 etiam
2293 4435 2347 4488 in
2383 4433 2579 4505 aliquo
2610 4433 2814 4488 ordine
2844 4431 3216 4487 clericorum.
3251 4431 3452 4488 Clerus
3479 4448 3612 4487 vero

1953 4533 2009 4584 et
2037 4525 2290 4600 populus
2311 4523 2447 4579 huic
2469 4520 2825 4590 authentico,
2852 4525 2909 4576 et
2932 4521 3259 4576 secundum
3293 4521 3610 4592 quamdam

170 4611 255 4668 eis
289 4614 402 4669 sibi
434 4619 724 4689 apposito,
759 4620 966 4693 ingens
1001 4621 1240 4677 ﬂamma
1261 4621 1414 4693 ignis
1439 4621 1496 4675 in
1534 4621 1837 4678 meridiem
1869 4637 1913 4700 ι)
1952 4617 2267 4672 novitatem
2300 4611 2577 4669 canonice
2599 4611 2659 4700 S.
2695 4608 3611 4700 Nazarii_PP$PQSi_t0-“majoris

176 4705 234 4756 et
265 4706 723 4775 septentrionem
760 4726 822 4764 se
851 4709 1070 4778 divisit,
1102 4715 1158 4765 et
1205 4711 1296 4766 via
1359 4711 1632 4783 apparuit
1657 4728 1835 4784 quam

176 4791 485 4864 presbyter
513 4794 771 4854 intravit.
806 4799 875 4854 Et
903 4798 1197 4856 transiens
1229 4817 1334 4872 per
1357 4800 1516 4872 ipsos
1550 4801 1835 4858 carbones

169 4877 351 4951 ignis,
385 4898 488 4938 ceu
521 4879 760 4942 arenam
810 4888 1078 4957 calcaret,
1109 4889 1296 4945 sensit
1342 4907 1355 4958 ;
1417 4894 1474 4945 et
1531 4891 1670 4946 dum
1734 4907 1836 4962 per

170 4965 364 5039 ipsam
412 4972 565 5029 viam
597 4976 907 5044 transibat,
941 4978 1181 5033 ﬂamma
1229 4984 1361 5050 post
1393 4979 1586 5050 ipsum
1619 4979 1831 5036 coibat.

170 5054 236 5110 Et
268 5055 397 5128 ipse
428 5061 572 5116 mihi
626 5065 794 5132 dixit,
830 5070 886 5121 et
916 5066 1065 5123 bene
1115 5066 1367 5122 intellexi
1403 5068 1587 5124 donec
1637 5068 1694 5123 in
1741 5068 1834 5124 via

171 5142 354 5216 hujus
386 5147 507 5220 igni
539 5152 642 5220 fui,
670 5152 820 5210 hanc
843 5155 1169 5212 orationem
1198 5157 1313 5212 Deo
1338 5155 1555 5228 protuli
1591 5175 1603 5212 :
1645 5158 1835 5213 «Deus

171 5230 232 5286 in
265 5236 504 5295 nomine
530 5244 629 5297 tuo
652 5243 876 5298 salvum
899 5260 992 5299 me
1019 5245 1194 5310 fac,et
1215 5245 1275 5299 in
1298 5244 1509 5300 virtute
1531 5251 1632 5301 tua
1655 5246 1838 5302 libera

174 5336 306 5390 me;
345 5322 500 5382 Deus
533 5328 592 5384 in
628 5333 864 5387 nomine
920 5337 1021 5388 tuo
1078 5333 1305 5388 salvum
1366 5350 1459 5388 me
1507 5333 1618 5398 fac,
1680 5339 1735 5389 et
1775 5336 1834 5390 in

174 5407 390 5466 virtute
421 5418 524 5470 tua
545 5416 728 5474 libera
758 5437 888 5476 me:
924 5420 1077 5476 Deus
1107 5421 1167 5476 in
1201 5420 1439 5477 nomine
1480 5427 1577 5476 tuo
1607 5422 1834 5478 salvum

177 5512 268 5553 me
297 5499 410 5567 fac,
441 5507 499 5559 et
529 5504 587 5561 in
619 5507 831 5564 virtute
859 5513 962 5565 tua
985 5509 1172 5566 libera
1204 5526 1299 5565 me
1328 5509 1504 5582 (Psal.
1550 5526 1670 5579 Lm,
1699 5513 1778 5581 3).
1805 5533 1834 5561 »

176 5585 246 5642 Et
304 5588 448 5646 dum
505 5595 675 5652 tertio
733 5598 1020 5671 proferret
1069 5597 1178 5655 hoc
1231 5599 1475 5656 verbum
1531 5601 1621 5674 [ac
1672 5618 1686 5668 ;
1772 5618 1854 5657 se-

177 5678 340 5751 βκῐτθο
367 5677 564 5752 ignem
622 5685 805 5760 vidit;
839 5703 944 5747 nec
973 5687 1035 5748 in
1065 5702 1151 5762 se,
1185 5702 1291 5752 nec
1345 5687 1407 5748 in
1452 5688 1579 5749 suis
1637 5703 1832 5749 sacer-

1949 4705 2210 4762 ecclesice
2238 4699 2660 4759 Mediolanensi
2684 4697 2979 4754 ordinario
3007 4697 3302 4764 credulus,
3328 4714 3445 4752 una
3473 4714 3607 4753 cum

1947 4793 2307 4852 Grossulano
2323 4799 2394 4848 ad
2411 4797 2736 4847 Romanam
2751 4787 3042 4860 synodum
3067 4786 3366 4858 pervenire
3389 4787 3606 4842 studet.

1947 4885 2107 4942 Unde
2137 4884 2364 4956 rigidus
2389 4880 2694 4952 etsapiens
2711 4875 3595 4950 capitaneusMediolanensium
3640 4870 3642 4872 ’

1944 4974 2145 5029 Amizo
2192 4972 2263 5027 de
2296 4969 2646 5035 Landriano,
2682 4967 2764 5022 ait
2795 4983 2808 5020 :
2845 4969 2961 5022 Vos
2992 4964 3270 5020 ludriam.
3327 4988 3347 5014 ι»
3383 4964 3464 5037 (id
3518 4968 3608 5020 est

1944 5062 2186 5126 lutram,
2237 5059 2610 5131 amphibium
2660 5055 2927 5126 animal,)
2979 5079 3006 5105 «
3059 5055 3117 5108 in
3149 5072 3302 5126 aqua
3335 5070 3547 5127 negare
3577 5077 3605 5103 »

1947 5153 2071 5224 (seu
2105 5149 2387 5222 mergere)
2423 5170 2451 5197 ‹‹
2483 5147 2681 5212 vultis,
2721 5169 2740 5194 ι
2777 5145 2838 5200 id
2861 5150 2968 5212 est,
3004 5145 3220 5200 frustra
3264 5143 3566 5200 laboratis.

1931 5265 1941 5282 ι
2021 5241 2106 5294 14.
2155 5261 2183 5289 ‹‹
2213 5240 2326 5294 Sed
2358 5236 2778 5302 Grossulanus,
2814 5235 2882 5290 ad
2918 5236 3092 5307 pedes
3134 5233 3434 5306 apostolici
3467 5248 3600 5303 pro-

1946 5327 2199 5397 volutus,
2234 5327 2349 5382 sibi
2371 5331 2427 5381 et
2449 5326 2572 5380 suis
2605 5326 2817 5380 iterum
2843 5324 3134 5396 refugium
3159 5321 3437 5390 suscepit.
3466 5323 3600 5374 Pre-

1947 5420 2145 5490 sbyter
2173 5433 2306 5472 vero
2339 5415 2689 5486 Liprandus,
2710 5413 2987 5483 cumjam
3010 5428 3184 5467 senex
3207 5413 3380 5474 esset,
3407 5413 3461 5464 et
3483 5408 3599 5462 duo

1947 5507 2081 5564 anni
2105 5511 2240 5578 post
2261 5505 2448 5576 legem
2475 5504 2547 5559 ab
2573 5502 2697 5574 ipso
2721 5503 2930 5557 factam
2964 5500 3336 5567 transissent,
3364 5519 3392 5545 ››
3423 5497 3593 5553 adeo-

1945 5610 2058 5668 que
2087 5611 2241 5651 anno
2276 5593 2436 5661 1103,
2469 5614 2498 5640 ‹‹
2552 5593 2898 5664 provocatus
2943 5596 2998 5645 et
3028 5588 3198 5660 quasi
3251 5585 3596 5657 compulsus

1943 5686 2190 5751 Romam
2213 5684 2284 5744 ad
2315 5681 2607 5761 synodum
2639 5679 2830 5755 venit;
2863 5678 2925 5739 in
2956 5693 3074 5755 qua
3102 5675 3422 5756 pradictus
3451 5674 3596 5736 Lan-
