4822 6458
1203 399 1380 463 ’ἕδη

2333 403 2442 466 ss.
2489 383 2826 466 ARIALDI'
2849 399 2951 461 ET
2990 395 3500 465 ERLEMBALDI

4439 357 4674 457 fisi:

1226 533 1484 614 dulphus
1514 533 1586 590 de
1612 532 1932 608 Vareglate,
1953 533 2053 606 qui
2079 534 2408 607 postipsam
2430 531 2714 605 synodum
2748 529 2858 586 fuit
2881 529 2940 598 Α
2967 538 3024 594 S.
3055 531 3368 600 Ambrosii,
3391 537 3450 590 et
3463 527 3702 589 Andreze
3715 507 4669 614 Mediolanensis‘primicerii,'et

1225 622 1487 680 Astensis
1523 623 1852 695 episcopus,
1887 646 1913 672 ››
1945 639 2110 694 prece
2139 621 2402 678 fortassis
2443 620 2529 676 vel
2579 618 2760 692 pretio
2790 619 2848 674 in

1201 713 1478 768 'favorem
1502 712 1581 766 rei
1602 715 1929 782 corruptus,
1954 731 1982 759 »
2008 727 2192 782 neque
2223 714 2354 765 ante
2374 725 2585 782 papam
2615 707 2703 762 vel
2725 709 2854 778 ejus

1227 801 1448 857 curiam
1466 815 1567 855 seu
1582 799 1862 870 synodum
1877 800 2154 856 adversus
2173 797 2596 855 Grossulanum
2612 797 2852 852 verbum

1226 889 1411 945 ullum
1441 887 1894 961 ignominiosum
1918 887 2160 958 protulit
2187 905 2199 942 :
2237 909 2266 936 »
2297 890 2498 942 contra
2527 901 2703 958 quam
2733 884 2852 939 Me-

1225 976 1440 1032 diolani
1465 975 1836 1046 promiserat;
1864 996 1891 1023 «
1915 975 2013 1030 sed
2037 975 2336 1046 presbyter
2357 973 2684 1044 Liprandus
2715 987 2850 1026 cau-

1227 1082 1372 1132 sam,
1397 1079 1571 1135 quam
1593 1063 1870 1118 adversus
1894 1062 2315 1118 Grossulanum
2340 1061 2565 1129 habuit,
2591 1077 2732 1132 pure
2756 1076 2850 1114 no-

1224 1152 1462 1208 tificavit
1485 1169 1498 1218 ;
1524 1154 1580 1205 et
1609 1150 1960 1222 apostolicus
1982 1167 2096 1206 non
2127 1150 2334 1222 legem,
2366 1165 2470 1222 per
2494 1149 2687 1220 ipsum
2717 1163 2850 1220 pre-

1223 1243 1516 1312 sbyterum
1548 1239 1766 1304 datam,
1799 1243 1856 1294 et
1901 1243 2261 1294 sacramento
2310 1243 2366 1292 et
2409 1238 2539 1308 igne
2569 1240 2847 1302 notatam,

1221 1327 1493 1396 laudavit,
1527 1327 1627 1381 sed
1659 1326 1904 1398 gratiam
1931 1331 1989 1382 et
2017 1327 2275 1382 officium
2319 1326 2750 1398 presbyteratus
2789 1323 2847 1377 in

1220 1415 1320 1470 illo
1347 1412 1603 1470 firmavit
1648 1419 1705 1468 et
1744 1414 1888 1468 dixit
1920 1431 1933 1470 :
1977 1414 2036 1469 Si
2067 1414 2158 1469 hic
2208 1414 2506 1486 presbyter
2538 1413 2764 1482 juraret
2791 1414 2849 1466 et

1219 1503 1524 1559 duodecim
1558 1503 1885 1558 sacerdotes
1908 1519 2041 1557 cum
2071 1501 2170 1556 illo
2193 1500 2577 1572 jurejurando
2599 1499 2848 1554 afﬁrma-

1221 1596 1367 1658 rent,
1401 1591 1554 1663 quod
1570 1589 1962 1646 Grossulanus
1987 1590 2174 1662 coegit
2213 1589 2408 1660 ipsum
2443 1587 2845 1660 presbyterum

1222 1680 1304 1735 ire
1317 1679 1642 1752 perignem,
1668 1678 1981 1734 sustineret
1997 1677 2388 1734 Grossulanus
2401 1675 2597 1748 deposi
2607 1675 2843 1731 tionem:

1221 1774 1396 1840 atque
1442 1784 1617 1839 super
1673 1767 1779 1822 hoc
1819 1767 2072 1838 spatium
2120 1764 2458 1821 consulendi
2509 1780 2610 1836 per
2667 1779 2843 1818 unam

1221 1860 1446 1912 noctem
1477 1854 1655 1910 dedit.
1677 1855 1850 1910 Nocte
1871 1859 2062 1910 autem
2093 1853 2197 1908 illa
2223 1855 2534 1919 transacta,
2578 1849 2848 1922 apostoli-

1221 1959 1324 2000 cus
1353 1958 1544 1998 coram
1566 1943 1784 2015 synodo
1811 1959 1845 1996 a
1868 1941 2224 1998 Grossulano
2245 1939 2502 2012 suscepit
2521 1955 2848 1994 sacramen-

1221 2037 1370 2096 tum,
1401 2030 1459 2085 in
1492 2046 1606 2102 quo
1639 2035 2002 2086 sacramento
2039 2029 2432 2084 Grossulanus
2466 2028 2550 2083 sic
2583 2027 2698 2082 ait:
2731 2027 2850 2097 Ego

1204 2119 1610 2176 'Grossulanus
1639 2118 1828 2190 gratia
1865 2116 1962 2173 Dei
2000 2117 2493 2188 archiepiscOpus,
2526 2133 2640 2172 non
2690 2115 2847 2186 coegi

1221 2209 1441 2264 dictum
1501 2207 1852 2278 Liprandum
1913 2206 2314 2278 presbyterum
2373 2204 2456 2260 ire
2514 2204 2584 2258 ad
2629 2203 2847 2276 ignem.

1219 2294 2118 2361 TuncetArdericus,Laudensis
2135 2291 2848 2365 episcopus,jurcjurando

1220 2383 1471 2439 firmavit
1513 2381 1571 2437 id
1620 2381 1846 2453 ipsum;
1876 2382 2051 2437 Azoni
2087 2399 2220 2436 vero
2268 2380 2524 2453 Aquensi
2555 2381 2844 2452 episcopo,

1220 2471 1533 2542 proferenti
1562 2469 1619 2524 id
1650 2469 1843 2542 ipsum
1867 2471 2067 2541 jurare
2096 2487 2164 2524 ex
2195 2475 2352 2540 parte
2383 2469 2745 2534 Grossulani,
2775 2469 2846 2523 ab

1213 2558 1536 2632 apostolico
1561 2557 1668 2613 fuit
1691 2559 2101 2614 condonatum.
2123 2557 2514 2614 Grossulanus
2532 2559 2724 2628 itaque
2755 2572 2846 2612 ac-

1221 2647 1395 2704 cessit
1423 2652 1486 2702 ut
1518 2646 1798 2719 acciperet
1817 2647 2062 2718 gratiam
2087 2646 2500 2713 restitutionis;
2533 2650 2590 2700 et
2617 2661 2748 2700 cum
2773 2646 2843 2701 ad

1219 2735 1613 2808 accipiendam
1673 2735 2104 2790 restitutionem
2153 2735 2468 2800 accederet,
2528 2733 2742 2806 gabuta
2789 2737 2846 2789 et

1219 2823 1522 2894 pastoralis
1550 2823 1730 2896 virga,
1749 2840 1924 2896 quam
1949 2823 2100 2878 idem
2123 2822 2515 2878 Grossulanus
2547 2840 2653 2878 sua
2681 2826 2842 2878 tene-

1215 2913 1314 2967 bat
1343 2925 1542 2980 manu,
1574 2927 1766 2966 coram
1799 2912 2016 2984 synodo
2047 2912 2120 2966 ad
2151 2917 2363 2967 terram
2389 2912 2610 2967 corruit
2635 2929 2653 2965 :
2687 2911 2840 2982 quod

1217 2999 1450 3072 signum
1481 2999 1930 3072 quampluribus
1960 3001 2069 3055 fuit
2107 2999 2386 3056 indicium
2444 3001 2595 3071 quod
2656 3016 2844 3055 sacra-

1217 3092 1478 3144 mentum
1491 3088 1618 3158 ejus
1631 3087 2180 3144 fuitsacramentum
2195 3088 2839 3144 mortis.Verumtamen

1221 3194 1327 3232 nec
1359 3192 1529 3248 papa,
1562 3191 1666 3230 nec
1697 3177 1822 3246 ejus
1853 3177 2109 3248 synodus
2141 3177 2212 3232 ad
2243 3176 2350 3232 hoc
2379 3182 2518 3232 tunc
2551 3177 2840 3248 respexit;

2962 627 3210 684 aliorum
3229 621 3546 678 multorum
3562 621 3916 694 prudentum
3931 621 4050 677 tam
4064 605 4526 690 clericorum'qu
4536 629 4663 698 am

2960 715 3263 778 laicorum,
3317 726 3422 766 nec
3465 711 3684 776 sedem,
3739 725 3843 765 nec
3902 707 4161 781 aliquam
4213 707 4661 763 munitionem

2961 801 3517 873 archiepiscopatus,
3553 802 3683 870 post
3702 797 3889 868 legem
3921 797 4175 868 primam
4205 813 4238 851 a
4264 795 4660 869 presbytero

2961 891 3193 958 factam,
3243 887 3362 943 sive
3407 885 3839 942 restitutionem
3891 901 3926 940 a
3965 883 4188 957 synodo
4227 880 4658 950 celebratam,

2961 979 3184 1035 habuit.
3246 977 3410 1032 Meus
3451 991 3584 1031 vero
3638 991 3788 1046 saepe
3847 973 4042 1029 dictus
4073 971 4431 1039 avunCulu's,
4464 969 4658 1051 infra

2959 1069 3136 1124 unius
3165 1065 3298 1121 anni
3333 1070 3389 1120 et
3421 1063 3647 1118 dimidii
3678 1062 3965 1135 spatium,
4011 1060 4308 1128 homines,
4356 1059 4470 1132 qui
4505 1049 4654 1116 adn

2959 1173 3062 1228 pro
3093 1169 3288 1210 amore
3319 1149 3522 1205 divinae
3556 1147 3700 1221 legis
3739 1152 3796 1203 et
3827 1145 4232 1204 ecclesiasticae
4279 1145 4650 1222 dissiplinaa

2958 1238 3546 1315 litigabant,dimisit,
3575 1243 3844 1292 eteorum
3867 1236 4160 1292 civitatem
4207 1232 4404 1318 exivit,
4436 1237 4655 1306 atque

2955 1329 3326 1386 Valtellinam
3357 1326 3588 1392 vallem,
3621 1343 3654 1380 a
3675 1323 4023 1381 Mediollano
4049 1322 4206 1380 ultra
4227 1321 4652 1396 septuaginta

2957 1418 3230 1475 milliaria
3260 1415 3595 1480 distantem,
3628 1412 3932 1468 habitavit.
3983 1433 4011 1462 ››
4048 1411 4201 1479 Quid
4220 1415 4436 1468 ‘autem
4474 1411 4648 1468 hinc

2957 1512 3086 1580 post
3116 1505 3485 1576 aliquantum
3529 1507 3760 1572 tempus
3802 1500 4110 1556 revertenti
4147 1499 4642 1573 acciderit'pag.

2955 1595 3058 1652 417
3096 1594 3179 1651 sic
3226 1595 3423 1648 narrat
3453 1590 3606 1662 apud
3637 1587 3987 1644 Puricellum
4035 1587 4386 1644 Landulfus.
4430 1611 4454 1637 ι
4507 1589 4644 1644 As-

2954 1688 3190 1755 sumpto
3207 1697 3354 1754 equo
3379 1678 3636 1735 Anselmi
3674 1701 3694 1727 ι
3732 1675 3928 1732 fratris
3957 1699 3984 1727 ‹‹
4010 1681 4066 1734 et
4086 1689 4238 1742 meo,
4266 1693 4388 1732 una
4411 1686 4574 1755 curn
4601 1691 4637 1729 ο

2954 1751 3111 1828 dicto
3138 1795 3164 1820 «
3200 1751 3372 1826 fratre
3403 1784 3529 1822 meo
3560 1767 3630 1822 ad
3661 1765 3853 1838 ipsum
3887 1763 4086 1821 meum
4137 1769 4463 1838 patronum
4503 1751 4646 1820 fes-

2956 1859 3157 1916 tinavi.
3187 1860 3257 1914 Et
3285 1873 3417 1912 cum
3437 1855 3852 1928 processissem
3881 1847 4646 1928 viginti'quihquemlllia-

2960 1949 3086 2018 riis,
3121 1947 3264 2004 mihi
3295 1943 3539 2017 angelus
3569 1933 4087 2010 occurrit,idicen's
4119 1956 4133 1997 :
4167 1929 4507 2018 Presbyter,
4541 1940 4654 1996 Li-

2958 2037 3220 2109 prandus
3249 2031 3478 2088 rediens
3511 2021 4340 2102 aValtellina,inﬂrmdsjacet
4371 2028 4454 2082 ad
4495 2017 4649 2085 ino-

2959 2123 3280 2181 nasterium
3301 2123 3372 2176 de
3394 2120 3627 2176 Clivate.
3649 2113 3834 2174 Citius
3843 2109 4214 2191 igi‘turquain
4235 2129 4642 2188 Sperassem,

2957 2212 3148 2268 inveni
3181 2209 3344 2266 illum
3377 2209 3437 2262 in
3468 2207 3616 2262 lecto
3641 2207 3937 2262 sedentem
3961 2208 4018 2260 et
4037 2203 4136 2260 ‘lac
4157 2201 4641 2261 'eomeden'tetn.

2956 2299 3062 2366 Qui
3095 2316 3226 2356 cum
3259 2314 3351 2353 me
3369 2296 3534 2362 vidit,
3566 2294 3770 2350 ambas
3799 2292 4006 2349 levavit
4025 2307 4256 2355 manus,
4290 2296 4348 2347 et
4375 2279 4642 2364 gratias

2956 2387 3071 2442 Deo
3099 2386 3262 2441 dixit.
3308 2381 3580 2438 Arialdus
3626 2397 3758 2436 vero
3808 2379 3967 2436 illius
4018 2378 4363 2436 monasterii
4393 2376 4641 2446 abbas,

2956 2481 3262 2548 postquam
3299 2471 3520 2528 audivit
3549 2487 3642 2526 me
3666 2469 3992 2536 advenisse,
4017 2467 4644 2548 conso’lationemque

2954 2545 3064 2636 ipsi
3109 2545 3320 2635 aegroto
3363 2560 3622 2627 dedisse;
3661 2573 3754 2613 me
3797 2574 4112 2630 meumque
4143 2557 4388 2613 fratrem
4443 2545 4644 2614 citra

2954 2667 3242 2708 cameram
3275 2649 3539 2714 vocavit;
3565 2652 3622 2704 et
3650 2664 3751 2719 per
3787 2645 3956 2720 plura
3986 2646 4165 2702 verba
4211 2659 4274 2702 se
4301 2645 4643 2717 trepidare

2955 2739 3314 2804 fidelitatem,
3347 2754 3522 2810 quam
3547 2738 3846 2807 juraverat
3875 2735 4255 2801 Grossulano,
4289 2728 4640 2791 nobisno-

2951 2829 3093 2884 tavit
3123 2845 3136 2883 :
3161 2832 3331 2899 atque
3364 2823 3756 2880 nescientibus
3788 2819 4114 2890 monachis,
4146 2837 4254 2879 nos
4285 2821 4644 2880 admonuit

2952 2921 3018 2972 ut
3073 2916 3268 2988 ipsum
3331 2915 3772 2986 deportaremus
3803 2915 4082 2983 agrotu‘m
4131 2927 4166 2966 a
4213 2911 4637 2968 monasterio.

2951 3004 3154 3060 saltem
3179 3003 3409 3058 duobus
3433 2999 3804 3056 milliaribus.

3021 3093 3106 3147 17.
3143 3114 3169 3140 ‹‹
3204 3091 3477 3146 Infirmus
3497 3095 3692 3145 autem
3718 3093 3782 3144 ut
3813 3089 4014 3156 sensit,
4033 3105 4124 3144 me
4150 3077 4485 3159 menmqfu'e
4505 3079 4644 3146 ira-

2953 3186 3097 3236 trem
3131 3178 3432 3236 sollicitari
3463 3195 3639 3250 super
3667 3193 3774 3234 sua
3801 3175 4145 3233 infirmitate
4175 3180 4234 3232 et
4263 3165 4642 3248 portatione

1214 3265 1314 3321 sed
1347 3245 1540 3336 ipsum
1561 3245 1981 3320 Grossulanum
2013 3265 2187 3322 Azoni
2209 3265 2465 3338 Aquensi
2498 3269 2554 3319 et
2575 3245 2843 3320 Arderico
2874 3245 2916 3311 (ἶ
2954 3269 3034 3324 ait
3065 3284 3076 3322 ε
3105 3267 3289 3323 Nolite
3319 3245 3562 3334 turbari,
3587 3265 3724 3337 quia
3744 3281 3846 3336 per
3864 3264 4113 3337 gratiam
4131 3261 4234 3320 Dei
4258 3245 4419 3320 nunc
4449 3265 4639 3322 mihi

1217 3353 1531 3420 Laudensi,
1552 3357 1724 3426 atque
1742 3353 1994 3409 Jordano
2027 3354 2097 3410 de
2125 3353 2286 3420 Clivi,
2319 3359 2374 3409 et
2391 3353 2610 3408 caeteris
2633 3353 2844 3408 Medio-

1215 3441 1552 3497 lanensibus
1575 3445 1693 3496 tam
1723 3440 1947 3498 clericis
1979 3459 2156 3514 quam
2197 3441 2381 3507 laicis,
2429 3458 2630 3496 verum
2661 3442 2840 3498 etiam

1213 3529 1500 3602 episcopis
1515 3529 1775 3600 ejusdem
1795 3529 2062 3585 Ecclesia:
2076 3529 2480 3602 suﬂ‘raganeis,
2513 3529 2841 3585 volentibus

1213 3635 1344 3673 eum
1363 3617 1646 3673 haberein
1665 3617 2191 3689 archiepiscopum,
2205 3617 2339 3672 licet
2355 3617 2817 3684 otiose,restituit

1288 3707 1368 3761 15.
1405 3727 1432 3755 ‹‹
1463 3705 1884 3778 Presbyterille
1900 3704 2246 3773 Landulfus,
2269 3704 2404 3760 licet
2421 3704 2718 3760 occasione
2741 3705 2840 3760 hu.

1209 3796 1308 3866 jus
1331 3793 1714 3850 restitutionis
1737 3791 2560 3865 foretsuspectusGrossulano
2579 3793 2842 3850 restituto

1215 3887 1270 3938 et
1299 3881 1632 3938 restitutum
1663 3881 2138 3954 suscipientibus,
2169 3885 2364 3936 tamen
2406 3881 2463 3934 in
2509 3880 2752 3937 ecclesia
2783 3881 2840 3936 S.

1215 3969 1376 4026 Pauli
1405 3986 1626 4042 suaque
1655 3969 1850 4037 domo,
1892 3969 2000 4024 fuit
2055 3970 2324 4025 sacerdos
2355 3969 2600 4024 idoneus
2630 3969 2688 4025 in
2736 3987 2842 4025 suo

1212 4058 1402 4114 ofﬁcio
1437 4074 1537 4130 per
1565 4061 1783 4130 septem
1817 4073 2004 4112 annos
2034 4061 2162 4128 post
2192 4057 2380 4128 ipsam
2414 4055 2840 4114 restitutionem

1215 4161 1402 4216 usque
1418 4148 1550 4216 post
1569 4161 1786 4199 annum
1820 4141 1979 4200 4115.
2015 4166 2042 4192 ‹‹
2074 4146 2271 4200 Cum»
2299 4148 2492 4200 autem
2521 4145 2604 4200 sic
2638 4169 2664 4194 ε(
2698 4145 2844 4200 alter

1219 4231 1462 4288 alterum
1478 4236 1813 4302 suspectum
1827 4231 2330 4304 haberet,contigit
2343 4233 2494 4304 quod
2510 4234 2843 4289 Heribertus

1213 4320 1286 4375 de
1316 4319 1598 4386 Bruzano,
1619 4317 1784 4374 valds
1813 4325 2162 4392 aggravatus
2184 4321 2637 4386 febribus,venit
2666 4322 2737 4376 ad
2764 4322 2842 4376 di-

1213 4412 1373 4463 ctum
1405 4408 1829 4480 presbyterum,
1869 4408 2251 4480 supplicando
2284 4413 2347 4464 ut
2375 4410 2652 4465 adversus
2684 4409 2843 4464 infir-

1215 4495 1474 4552 mitatem
1496 4495 1787 4551 daretsibi
1807 4496 2148 4552 remedium.
2174 4497 2422 4552 Ministri
2441 4514 2576 4553 vero
2605 4497 2842 4570 presby-

2951 3356 3134 3412 multo
3165 3361 3252 3412 est
3276 3353 3506 3423 melius,
3537 3357 3595 3410 et
3631 3353 3689 3408 in
3721 3353 3995 3422 crastino,
4029 3352 4144 3408 Deo
4177 3356 4521 3424 annuente,
4559 3353 4644 3411 in

2950 3445 3240 3501 civitatem
3287 3443 3398 3498 iter
3431 3441 3800 3498 habebimus.
3853 3441 3923 3496 Et
3951 3457 4124 3498 mane
4155 3441 4304 3497 facto
4342 3441 4639 3501 ocrud'a-

2952 3538 3041 3589 tas
3071 3531 3354 3606 quasdam
3369 3547 3508 3587 suas
3525 3535 3712 3586 vestes
3733 3530 3926 3586 induit
3943 3535 4000 3585 et
4023 3529 4219 3586 cibum
4239 3531 4555 3602 sumpsit;
4568 3537 4648 3590 et

2953 3621 3119 3694 quasi
3151 3637 3330 3676 sanus
3359 3619 3547 3674 factus
3594 3634 3770 3690 super
3796 3617 4012 3673 mulam
4055 3617 4228 3674 sedit.
4265 3609 4424 3673 Puer
4460 3635 4648 3692 quo-

2952 3727 3062 3782 que
3092 3709 3242 3780 ejus,
3266 3708 3487 3763 habens
3513 3723 3687 3764 suum
3719 3707 3952 3762 asinum
3971 3699 4278 3762 oneratum
4310 3705 4650 3778 pellibus,

2950 3799 3084 3853 licet
3114 3799 3182 3852 de
3213 3795 3382 3852 solito
3415 3795 3505 3850 bis
3537 3798 3637 3851 aut
3665 3799 3752 3850 ter
3779 3795 3836 3850 in
3857 3794 3948 3849 die
3979 3795 4354 3866 torqueretur
4381 3797 4654 3856 ca‘duco

2951 3887 3175 3954 morbo,
3205 3891 3397 3940 tamen
3448 3884 3783 3956 presbytero
3831 3885 4066 3939 sedente
4111 3899 4290 3956 super
4347 3885 4652 3958 mulam,

2950 3992 3094 4048 puer
3123 3975 3276 4030 idem
3301 3972 3457 4028 venit
3495 3972 3800 4028 nobiscum
3849 3971 3910 4028 in
3937 3989 4060 4028 una
4088 3973 4184 4028 die
4211 3987 4408 4044 usque
4446 3975 4542 4031 ad
4581 3977 4656 4034 S.

2952 4063 3299 4119 Damianum
3333 4061 3402 4116 de
3432 4061 3666 4128 Baraza,
3697 4061 3920 4132 absque
3959 4059 4078 4116 ullo
4108 4059 4270 4116 illius
4289 4061 4663 4122 infirmita-

2953 4151 3030 4207 tis
3060 4150 3499 4222 impedimento.
3525 4147 3609 4203 lbi
3656 4147 3844 4221 gratia
3873 4148 3973 4204 Dei
4004 4153 4062 4203 et
4099 4147 4455 4206 beatissimi
4493 4155 4664 4212 Arn.

2952 4238 3150 4307 brosii,
3185 4238 3354 4309 cujus
3384 4237 3546 4293 locus
3576 4236 3687 4292 iste
3717 4235 3863 4292 cella
3891 4241 4003 4304 est,
4035 4237 4182 4292 bene
4213 4240 4452 4310 recepti
4498 4249 4660 4314 per-

2953 4326 3347 4394 noctavimus;
3398 4329 3454 4380 et
3504 4323 3746 4380 alteram
3793 4325 3951 4382 diem
4003 4322 4515 4398 dimidiavimus;
4593 4335 4663 4389 et

2954 4421 3085 4470 ante
3115 4414 3255 4471 solis
3281 4430 3553 4470 occasum
3585 4411 3888 4469 ecclesiam
3927 4408 3986 4468 S.
4022 4412 4186 4469 Pauli
4235 4411 4660 4492 domumque

2953 4508 3213 4560 nostram
3265 4501 3633 4567 intravimus,
3659 4506 3834 4574 atque
3855 4501 4164 4569 familiam,
4199 4517 4328 4574 quas
4353 4503 4451 4560 ibi
4492 4508 4662 4566 ade-

1210 4584 1316 4640 teri
1353 4583 1826 4640 ministraverunt
1855 4583 2050 4640 cibum
2081 4590 2138 4641 et
2168 4585 2380 4641 lectum
2406 4585 2843 4642 convenientem
2878 4603 2922 4669 Ι)
2953 4595 3042 4648 rat
3069 4595 3351 4657 nostram,
3385 4589 3576 4645 laetam
3607 4589 3872 4645 fecimus.
3905 4612 3934 4640 »
3969 4588 4194 4646 Bellum
4227 4595 4374 4646 tunc
4403 4599 4662 4654 contra

1211 4672 1294 4728 illi
1345 4671 1666 4746 aegrotanti,
1697 4673 1882 4728 donec
1903 4671 2185 4728 Dominus
2207 4673 2507 4739 virtutum,
2535 4690 2634 4745 per
2661 4673 2844 4746 impo-

1209 4761 1478 4817 sitionem
1503 4776 1788 4816 manuum
1820 4761 1946 4831 ejus
1985 4761 2324 4833 presbyteri,
2368 4762 2616 4832 przebuit
2645 4761 2844 4817 saluti-

1211 4850 1398 4904 ferum
1427 4848 1752 4904 remedium
1775 4850 2096 4921 aegrotanti.
2129 4849 2290 4906 Unde
2319 4849 2712 4905 Grossulanus
2741 4851 2840 4906 sti-

1211 4936 1490 5002 mulatus,
1540 4935 1620 4990 ait
1659 4936 1732 4991 ad
1779 4937 2180 5010 presbyterum
2231 4955 2244 4993 :
2287 4938 2433 5002 Quia
2477 4938 2838 5010 participasti

1213 5023 1532 5090 Heriberto,
1581 5037 1710 5079 meo
1765 5027 2284 5093 excommunicato,
2323 5025 2590 5098 praecipio
2633 5026 2738 5082 tibi
2778 5031 2843 5082 ut

1217 5111 1458 5168 missam
1475 5126 1588 5166 non
1601 5113 2540 5184 cantes,quousquepaenitentiam
2566 5113 2698 5168 inde
2712 5131 2840 5170 sus-

1217 5199 1457 5270 ceperis,
1475 5197 1734 5269 mihique
1753 5199 2125 5256 satisfeceris.
2150 5201 2217 5254 Et
2231 5201 2527 5272 presbyter
2543 5203 2615 5256 ad
2642 5201 2810 5258 illum
2826 5220 2838 5258 :

1218 5285 1376 5348 Quod
1410 5285 1516 5340 feci
1546 5285 1604 5340 in
1632 5286 1948 5351 Hcriberto,
1971 5287 2188 5341 bonum
2220 5289 2348 5354 fuit,
2373 5293 2430 5343 et
2459 5305 2494 5343 a
2523 5289 2638 5344 Deo
2668 5291 2842 5358 venit;

1219 5377 1390 5444 atque
1412 5373 1482 5428 de
1509 5373 1661 5428 bono
1690 5376 1747 5428 et
1775 5372 1876 5427 Dei
1897 5389 2066 5444 opere
2096 5389 2211 5428 non
2237 5375 2369 5430 novi
2393 5379 2690 5446 poenitere.
2723 5379 2844 5435 Etsi

1219 5469 1336 5514 non
1375 5457 1556 5513 habes
1613 5473 1788 5528 super
1834 5473 1927 5514 me
1975 5463 2343 5529 potestatem,
2393 5467 2582 5518 tamen
2615 5470 2850 5538 propter

1221 5543 1562 5602 scandalum
1591 5544 1914 5612 vitandum,
1947 5545 2051 5600 tibi
2082 5549 2507 5619 optemperabo.
2547 5572 2567 5599 ι

2955 4679 3286 4734 Laudenscs
3300 4677 3829 4733 Mediolanensibus
3847 4681 3999 4745 erat;
4018 4678 4088 4733 de
4111 4691 4228 4751 quo
4248 4691 4450 4750 agens
4478 4683 4660 4748 Lan-

2951 4767 3148 4822 dulfus
3178 4765 3332 4838 apud
3365 4764 3712 4820 Puricellum
3743 4765 3804 4820 in
3836 4765 4233 4822 Monumentis
4283 4779 4430 4840 p‘ag.
4492 4761 4662 4842 528,

2949 4855 3302 4910 «innumera
3317 4851 3470 4909 mala
3487 4870 3613 4925 quae
3632 4857 3870 4926 operata
3881 4859 4137 4927 suntper
4149 4843 4416 4927 quatuor
4430 4875 4518 4916 an
4533 4875 4666 4921 n‘o's

2948 4943 3148 5016 inipsa
3162 4957 3371 5015 guerra
3391 4959 3505 4998 non
3522 4957 3820 5009 enumero,
3837 4941 4054 5014 inquit,
4077 4943 4179 4999 sed
4205 4947 4485 5004 mortem
4516 4951 4661 5008 An-

2951 5031 3114 5087 selmi
3135 5031 3394 5102 germani
3420 5030 3552 5101 mei,
3567 5035 3623 5086 et
3635 5029 3882 5085 aliorum
3903 5031 4223 5088 multorum
4243 5035 4666 5112 prepinq'uo-

2951 5135 3080 5175 rum
3115 5135 3374 5174 meorum
3407 5133 3472 5174 ac
3503 5118 3747 5184 civium,
3781 5133 3884 5190 per
3916 5119 4076 5175 illam
4105 5133 4388 5193 guerram
4433 5129 4665 5186 mani-

2953 5209 3218 5263 festatam
3236 5206 3538 5279 lugeo;nec
3550 5207 3804 5279 emptum
3825 5206 3933 5262 iter
3950 5207 4186 5278 penitus
4201 5209 4422 5268 desero
4435 5256 4450 5268 .
4478 5217 4664 5281 Quia

2955 5296 3093 5350 dum
3117 5295 3318 5350 civitas
3340 5293 3440 5348 illa
3471 5294 3790 5350 Laudensis
3817 5294 4008 5350 adhuc
4049 5301 4250 5366 staret,
4275 5303 4337 5354 et
4369 5290 4661 5364 resiste-

2953 5387 3064 5450 ret,
3107 5381 3637 5438 Mediolanensibus
3695 5383 4042 5439 conantibus
4094 5396 4223 5440 eam
4273 5386 4662 5466 destruere,

2955 5469 3348 5526 Grossulanus
3410 5486 3445 5524 a
3513 5467 3838 5526 Mediolano
3910 5471 4236 5542 exsulabat,
4319 5469 4384 5531 et
4470 5479 4661 5542 Lat-

2959 5557 3156 5614 densis
3186 5557 3280 5614 ille
3310 5555 3626 5614 Ardericus
3665 5573 3834 5615 suam
3885 5560 4177 5618 civitatem
4227 5560 4664 5637 perraiodn-

1243 5640 1246 5642 '
1293 5629 1384 5690 16.
1411 5627 1588 5690 Pet-ro
1615 5649 1638 5683 α
1663 5629 2074 5705 Groesulanns,
2097 5634 2282 5716 gratia
2311 5635 2604 5700 Guillelmi
2623 5639 2852 5702 abbatis
2959 5645 3172 5721 trahat,
3215 5645 3317 5706 sed
3366 5640 3760 5708 Mediolanum
3801 5627 4249 5726 frequentabat;
4301 5627 4670 5745 presbyter
