4822 6450
487 450 678 547 ιίὲίδ

2116 452 2342 552 ACTA.

3750 451 3940 551 εἱὲἰι

522 630 659 671 vero
692 610 1045 689 Liprandus,
1082 610 1140 673 in
1174 634 1280 673 sua
1310 612 1483 675 domo
1522 635 1742 694 suaque
1784 621 2034 678 ecclesia
2082 598 2263 694 [vi-1A
2293 621 2515 677 litatem
2548 637 2673 695 quze
2704 618 3029 691 videbatur,
3080 615 3139 677 in
3180 600 3521 677 animarum
3551 623 3606 676 et
3633 600 3942 694 corporum

521 704 764 777 cina]S.
826 705 991 761 Pauli
1052 708 1328 777 ecclesiis,
1388 710 1843 766 consolationem
1900 712 2063 782 regni
2120 715 2178 766 et

518 792 787 849 Ecclesia
816 798 1206 867 exspectabat.
1244 822 1271 846 ››

596 884 680 938 18.
712 886 825 938 Nec
855 884 1069 937 frustra
1100 886 1492 956 exspectavit:
1528 904 1679 942 anno
1713 888 2003 959 siquidem
2039 889 2171 942 1111

520 970 751 1027 Octobri
793 984 989 1027 mense
1010 975 1313 1030 occasione
1336 977 1417 1031 sic
1441 978 1896 1031 excrescentium
1922 994 2023 1048 per
2043 993 2179 1032 con-

518 1060 747 1117 tinuam
784 1062 1039 1133 pluviam
1078 1063 1413 1129 fluminum,
1449 1090 1475 1113 «ι
1511 1067 1664 1137 quod
1701 1083 1815 1120 non
1847 1066 2038 1121 solum
2068 1063 2175 1120 vil-

517 1148 627 1215 las,
663 1153 763 1205 sed
797 1157 853 1206 et
884 1152 1065 1223 ipsam
1100 1153 1391 1208 civitatem
1426 1154 1640 1209 mirum
1677 1154 1733 1209 in
1769 1155 2007 1209 modum
2041 1172 2175 1227 per-

516 1238 862 1305 turbarent;
896 1264 920 1287 ››
952 1246 1009 1296 et
1041 1244 1281 1313 quidam
1334 1242 1616 1309 dicerent,
1662 1268 1687 1291 ‹‹
1721 1243 2073 1299 discordiam
2107 1244 2176 1299 de

516 1325 878 1384 Grossulauo
911 1347 1037 1385 esse
1074 1330 1355 1386 malitiam
1390 1332 1573 1387 altero
1596 1333 1814 1387 diluvio
1847 1333 2118 1403 dignam;
2147 1356 2172 1380 η

516 1417 587 1472 ad
622 1433 750 1473 eam
789 1418 1103 1473 tiniendam
1138 1419 1303 1475 electi
1336 1423 1656 1475 octodecim
1692 1422 1818 1486 viri,
1854 1438 2058 1476 omnes
2089 1421 2173 1476 sic

505 1508 815 1579 jurarunt:
851 1532 875 1553 ‹‹
900 1506 1093 1580 [Τρηυο
1121 1510 1189 1561 ad
1217 1509 1365 1564 istas
1392 1509 1674 1565 Kalendas
1694 1510 1938 1582 proximi
1960 1514 2177 1565 Janua-

516 1596 585 1651 rii
618 1598 983 1651 concorditer
1015 1598 1290 1653 dabimus
1316 1599 1540 1668 justam
1576 1605 1631 1654 et
1670 1604 1885 1655 rectam
1937 1605 2174 1656 senten-

514 1685 659 1739 tiam
692 1687 1016 1741 secundum
1045 1704 1318 1751 canones,
1348 1688 1416 1742 de
1440 1689 1732 1743 discordia
1761 1688 2101 1743 Grossulani
2124 1689 2171 1746 si

512 1774 702 1846 possit
731 1791 859 1829 esse
901 1775 1381 1848 archiepiscopus
1412 1777 1744 1841 Mediolani,
1778 1779 1897 1833 sive
1929 1795 2041 1832 non
2070 1796 2083 1843 ;
2117 1782 2173 1833 et

512 1863 561 1919 si
599 1880 712 1918 non
749 1865 959 1935 poterit
992 1882 1139 1929 esse,
1172 1866 1243 1919 de
1276 1866 1389 1921 alia
1430 1883 1676 1937 persona
1724 1867 2005 1921 faciemus
2036 1883 2169 1921 con-

512 1953 772 2007 corditer
791 1952 1137 2007 catholicam
1159 1953 1499 2009 electionem
1526 1954 1583 2008 in
1608 1956 1809 2009 eodem
1825 1956 1946 2009 die:
1972 1979 1991 2003 ι
2019 1971 2172 2010 eam-

513 2058 629 2112 que
661 2066 685 2089 «
724 2042 1079 2096 sententiam
1112 2048 1306 2097 tenere
1338 2068 1363 2089 ››
1400 2043 1673 2097 similiter
1713 2044 2015 2113 jurarunt,
2066 2044 2167 2116 qui

512 2130 753 2185 fuerunt
784 2132 855 2184 ab
895 2132 978 2185 eis
1008 2133 1354 2185 nominatim
1381 2134 1450 2186 ad
1475 2132 1578 2186 hoc
1605 2132 1791 2203 petiti,
1815 2133 2167 2200 sacerdotes,

512 2219 752 2273 milites.
791 2242 817 2265 ‹‹
845 2220 952 2273 Sed
990 2234 1120 2273 cum
1158 2219 1213 2273 in
1249 2220 1455 2273 ultimo
1486 2220 1579 2274 die
1614 2220 1970 2285 Decembris,
2010 2244 2035 2268 »ι
2080 2221 2167 2275 in-

513 2307 645 2380 quit
678 2308 998 2362 Landulfus
1032 2308 1086 2361 in
1124 2309 1383 2363 Monum.
1413 2327 1466 2380 p.
1491 2309 1617 2375 541,
1645 2334 1669 2357 ‹‹
1695 2310 2005 2364 Ardericus
2039 2310 2167 2365 ille»

511 2395 1220 2461 relictusaGrossulano,
1274 2397 1733 2468 Hierosolymam
1786 2399 2060 2469 profecto,
2108 2398 2165 2453 in

509 2486 741 2541 civitate
786 2486 1061 2550 vicarius,
1122 2510 1147 2533 ‹‹
1185 2492 1239 2539 et
1271 2487 1689 2557 septemdecim
1735 2486 1830 2541 alii
1879 2493 2075 2542 essent
2107 2488 2166 2542 in

507 2575 819 2629 concordia
850 2574 1100 2643 eligendi
1133 2575 1493 2639 Jordanum;
1525 2590 1631 2646 ego
1674 2576 1848 2645 jussu
1900 2576 2164 2643 Andreas,

508 2662 829 2735 primicerii
858 2665 1327 2734 presbyterorum
1363 2668 1827 2718 Decumanorum
1861 2670 1917 2719 et
1938 2664 2169 2720 clerico-

504 2768 643 2806 rum
676 2751 1224 2815 Mediolanensium,
1248 2752 1317 2805 ad
1344 2769 1440 2805 eos
1461 2753 1586 2806 veni
1621 2757 1713 2815 ;et
1736 2758 1797 2806 ut
1820 2754 1942 2823 ipse
1967 2754 2166 2825 primi-

502 2841 702 2896 cerius
735 2840 876 2894 mihi
913 2840 1199 2911 praecepit,
1229 2841 1313 2894 eis
1348 2840 1491 2906 dixi,
1517 2841 1668 2911 quod
1707 2840 1854 2897 male
1876 2842 2164 2897 consiliati

504 2933 695 2984 erant.
722 2927 1135 2982 Verumtamen
1163 2928 1271 2997 ipsi
1298 2929 1607 2982 consilium
1634 2946 1745 2982 non
1770 2935 2162 2997 mutaverunt;

505 3016 614 3072 sed
648 3033 817 3071 mane
858 3016 1027 3081 facto,
1064 3015 1333 3070 videlicet
1365 3015 1637 3071 Kalendis
1666 3015 1975 3071 Januarii»
2025 3017 2163 3072 anni

509 3106 674 3169 1112,
714 3105 797 3158 uti
833 3122 1001 3176 porro
1038 3104 1248 3173 legitur
1307 3105 1459 3174 apud
1512 3104 1862 3159 Puricellum
1898 3122 1965 3160 ex
2014 3106 2165 3161 Lau-

504 3192 673 3248 dulfo
706 3194 762 3247 in
820 3194 953 3247 Vita
1012 3192 1401 3247 llerlembaldi
1452 3209 1583 3264 pag.
1638 3194 1763 3246 412.
1797 3217 1824 3242 ‹‹
1857 3196 2167 3250 Ardericus

503 3282 663 3337 idem
697 3298 829 3337 cum
864 3281 1226 3336 vicedomino
1257 3286 1313 3336 et
1361 3283 1581 3337 ueteris
1626 3283 1741 3335 sibi
1774 3283 2162 3351 conjuratis...

2284 711 2499 766 damna
2527 729 2944 767 conversam.»
2997 711 3237 766 Peracta
3276 710 3462 783 igitur
3511 710 3946 785 consecratione

2283 799 2540 869 Jordani,
2565 824 2592 850 ‹‹
2617 800 2957 856 Mamardus
2974 800 3359 855 Taurinensis
3382 799 3541 857 illico
3570 799 3817 856 Romam
3850 801 3947 856 ad-

2289 888 2405 955 ivit,
2430 894 2485 944 et
2508 890 2714 945 stolam
2746 890 2915 962 petiit
2937 907 2951 958 ;
2971 893 3026 944 et
3042 890 3282 946 rediens
3304 889 3445 945 inde
3468 887 3682 944 stolam
3705 893 3763 945 et
3786 888 3951 945 char-

2287 982 2427 1045 tam,
2454 979 2844 1034 continentem
2870 982 3299 1034 sacramentum
3319 979 3478 1050 quod
3498 995 3652 1055 papa
3665 979 3948 1051 poscebat

2287 1066 2622 1133 aJordano,
2683 1068 2922 1135 attulit;
2977 1067 3193 1139 alioqui
3241 1066 3450 1123 stolam
3499 1067 3626 1123 dari
3682 1067 3945 1124 Jordano

2286 1171 2433 1226 papa
2464 1155 2783 1226 prohibuit,
2817 1157 2971 1211 sicut
3000 1156 3154 1211 idem
3203 1155 3541 1212 Mamardus
3591 1156 3835 1211 notavit.
3871 1157 3945 1213 At

2283 1243 2579 1300 Jordanus
2612 1262 2712 1315 per
2742 1262 2840 1299 sex
2868 1261 3100 1300 menses
3156 1246 3392 1316 jejunus
3441 1244 3571 1314 fuit,
3619 1248 3677 1300 et
3720 1243 3937 1301 stolam

2286 1348 2399 1387 non
2434 1332 2661 1387 habuit.
2694 1356 2722 1381 »

2354 1422 2443 1475 ‘20.
2478 1422 2663 1490 Tunc,
2695 1426 2758 1476 ut
2790 1422 3039 1477 refertur
3076 1438 3208 1495 pag.
3264 1424 3382 1487 145,
3431 1444 3459 1472 ‹‹
3493 1422 3790 1495 presbyter
3840 1423 3934 1478 Li-

2285 1511 2567 1580 prandus,
2595 1512 2649 1564 in
2684 1528 2920 1566 summa
2939 1528 3049 1566 sua
3068 1515 3365 1567 senectute
3394 1510 3702 1583 positus,»
3741 1510 3937 1584 inquit

2284 1599 2411 1668 ejus
2444 1616 2623 1670 nepos
2653 1598 2998 1668 Landulfus,
3030 1620 3057 1652 α
3079 1600 3224 1655 mihi
3249 1600 3364 1655 ait:
3394 1599 3573 1655 Video
3602 1608 3655 1655 te
3677 1599 3939 1672 aliquan-

2286 1686 2473 1742 tulum
2509 1705 2687 1759 super
2713 1706 2806 1745 me
2836 1689 3181 1745 erubescere
3211 1692 3451 1763 propter
3483 1704 3551 1744 ea
3578 1706 3705 1760 quas
3738 1689 3936 1746 adver-

2284 1793 2415 1831 sum
2450 1776 2871 1833 Grossulanum
2905 1778 3021 1833 dixi
3044 1783 3101 1834 et
3144 1778 3272 1834 feci.
3321 1778 3430 1834 Sed
3461 1782 3524 1833 ut
3554 1777 3755 1834 minus
3784 1777 3938 1835 idem

2282 1866 2614 1935 erubescas,
2646 1884 2777 1922 vere
2827 1868 2956 1921 dico
2984 1866 3112 1933 tibi,
3145 1866 3297 1939 quod
3333 1883 3439 1939 ego
3490 1863 3658 1923 illam
3699 1880 3940 1924 causam

2283 1969 2510 2009 reservo
2534 1953 2643 2009 soli
2666 1953 2780 2009 Deo
2805 1955 3211 2027 omnipotenti,
3234 1954 3445 2010 etdum
3471 1958 3743 2027 superest
3771 1971 3935 2028 spes,

2282 2041 2535 2098 multum
2569 2043 2832 2099 desidero
2866 2042 3044 2116 hujus
3075 2044 3282 2099 mundi
3310 2043 3487 2099 vitam
3519 2060 3712 2099 meam
3762 2043 3933 2101 ﬁnire

2278 2129 2337 2185 in
2372 2131 2643 2186 manibus
2673 2148 2895 2201 eorum,
2930 2148 3181 2203 quorum
3213 2132 3567 2203 protectione
3612 2148 3828 2206 corpus
3876 2130 3933 2189 et

2280 2221 2495 2287 anima,
2530 2227 2839 2293 praestante
2868 2222 3066 2276 divina
3096 2222 3301 2293 gratia,
3325 2225 3711 2294 protegatura
3741 2221 3930 2277 mani-

2279 2307 2388 2361 bus
2421 2324 2644 2377 eorum,
2679 2308 2776 2379 qui
2808 2309 3163 2380 protegendo
3187 2307 3636 2375 Grossulanum,
3667 2307 3930 2364 volunta-

2277 2400 2394 2450 tem
2428 2396 2526 2449 Dei
2560 2397 2851 2451 occultare
2880 2397 3192 2452 voluerunt
3221 2402 3277 2453 et
3304 2396 3527 2454 volunt.
3563 2398 3641 2453 De
3689 2387 3935 2453 ecclesia

2279 2489 2473 2539 autem
2500 2485 2611 2539 ista
2630 2486 3067 2553 Mediolanensi,
3108 2486 3167 2540 in
3192 2503 3307 2558 qua
3339 2485 3601 2541 consulis
3632 2483 3779 2541 mihi
3809 2502 3936 2542 ma-

2279 2589 2416 2628 nere
2447 2578 2503 2628 et
2535 2574 2713 2629 vitam
2766 2575 2953 2645 finire,
2984 2574 3135 2641 dico,
3171 2575 3325 2646 quod
3356 2574 3459 2630 illa
3487 2578 3577 2631 est
3613 2573 3781 2642 mihi,
3830 2591 3937 2631 cu-

2278 2662 2458 2732 pienti
2488 2663 2949 2735 Hierosolymam
2981 2664 3163 2730 adire,
3199 2679 3302 2718 ceu
3334 2662 3500 2718 navis
3529 2663 3657 2719 sine
3680 2667 3862 2719 nauta
3880 2667 3938 2718 et

2277 2751 2495 2823 remige
2526 2752 2584 2806 in
2620 2758 2788 2822 portu
2820 2759 3159 2823 pulrescens
3184 2770 3197 2819 ;
3223 2752 3376 2823 quod
3408 2750 3457 2806 si
3478 2751 3687 2807 vixeris
3716 2768 3926 2807 secun-

2273 2839 2414 2894 dum
2446 2844 2671 2895 aetatem
2707 2845 2889 2906 tuam,
2938 2856 3066 2895 eam
3117 2839 3292 2895 talem
3341 2840 3672 2911 experieris.
3734 2839 3926 2911 Huius

2274 2927 2387 2982 mei
2419 2928 2683 2999 magistri
2714 2928 3024 2983 consilium
3057 2945 3330 3000 sequens,
3355 2945 3489 2984 cum
3516 2927 3723 2984 vellem
3755 2944 3929 3001 pror-

2274 3034 2378 3073 sus
2409 3017 2709 3072 dimittere
2726 3016 2969 3073 Jordani
2992 3012 3560 3073 administrationem
3588 3015 3820 3073 delatus
3840 3022 3930 3075 est

2274 3107 2398 3177 ipse
2426 3105 2725 3178 presbyter
2767 3107 2840 3161 ad
2884 3106 3135 3161 Pontidii
3179 3105 3628 3173 monasterium,
3678 3122 3775 3161 me
3829 3122 3931 3163 ne-

2276 3196 2511 3250 seiente.
2548 3218 2575 3244 »
2610 3200 2708 3250 Est
2739 3194 2907 3261 illud,
2934 3199 3081 3251 teste
3112 3194 3397 3251 Puricelio
3429 3192 3562 3267 pag.
3608 3196 3733 3261 419,
3765 3198 3929 3251 trans

2272 3285 2540 3339 Adduam
2602 3283 2868 3351 fluvium,
2920 3284 2978 3339 S.
3021 3283 3238 3339 Jacobo
3284 3288 3706 3355 nuncupatum,
3756 3284 3926 3353 cujus

502 3369 802 3444 pulpitum
832 3371 1191 3433 ascendit;et
1210 3370 1358 3425 facto
1381 3370 1612 3425 silentio
1637 3371 1691 3424 in
1711 3371 1944 3443 populo,
1965 3388 2160 3427 coram
2192 3360 2235 3427 C
2273 3371 2455 3428 solius
2483 3372 2721 3427 nomine
2753 3375 2990 3426 notatur
3032 3371 3088 3425 in
3133 3371 3363 3443 mappis
3395 3372 3463 3425 ad
3495 3372 3566 3425 30
3594 3387 3673 3425 m.
3705 3387 3763 3442 p.
3798 3370 3919 3426 Me-

500 3460 608 3514 illa
640 3460 894 3514 maxima
916 3459 1291 3514 multitudine
1314 3459 1578 3530 loquens,
1612 3459 1793 3514 dixit:
1827 3460 1961 3522 Nos.
1996 3459 2156 3515 salva

500 3549 828 3603 reverentia
854 3565 1036 3619 papas,
1070 3549 1395 3601 secundum
1447 3548 1851 3602 auctoritatem
1884 3553 1941 3603 et
1975 3547 2156 3619 justi-

497 3637 647 3693 tiam
680 3653 991 3699 canonum,
1025 3636 1279 3691 dicimus
1310 3637 1463 3708 quod
1496 3636 1887 3692 Grossulanus
1910 3654 2021 3692 non
2054 3654 2156 3709 po-

498 3730 622 3781 test
641 3741 769 3781 esse
791 3725 1268 3797 archiepiscopus
1291 3725 1619 3781 Mediolani.
1644 3725 1760 3781 Isto
1782 3726 1935 3779 dicto
1955 3730 2011 3780 et
2030 3742 2161 3780 con-

500 3814 760 3877 ﬁrmato,
785 3813 938 3868 illico
962 3815 1365 3886 presbyterum
1386 3814 1709 3869 Jordanum
1734 3813 1804 3868 de
1825 3813 1963 3868 Clivi
1985 3814 2162 3887 elegit

500 3903 566 3957 in
599 3901 1124 3975 archiepiscopum.

579 3990 670 4046 49.
734 4014 761 4041 ‹‹
802 3995 919 4046 Hoc
978 4008 1111 4046 cum
1174 3991 1476 4064 presbyter
1532 3991 1864 4063 Liprandus
1919 3991 2164 4060 audivit,

502 4085 762 4153 aegrotus
793 4097 824 4136 e
855 4079 1002 4136 lecto
1025 4082 1298 4147 surrexit,
1331 4085 1387 4135 et
1436 4081 1493 4135 in
1528 4081 1708 4137 altera
1739 4082 1832 4137 die
1864 4081 1948 4137 illi
1982 4078 2164 4137 electo

503 4170 734 4243 piscem
786 4170 1019 4236 obtulit,
1073 4169 1572 4225 dicens:Gratias
1625 4174 1761 4235 Deo,
1821 4170 1975 4242 quod
2008 4186 2167 4226 nunc

508 4257 660 4313 mihi
678 4257 1437 4329 testimoniumperhibetis.
1461 4258 1571 4313 Sed
1591 4258 1647 4312 hi
1673 4260 1774 4329 qui
1793 4263 1848 4314 te
1869 4258 2169 4330 elegerunt

504 4346 572 4403 in
598 4346 1128 4420 archiepiscopum,
1154 4346 1305 4401 male
1329 4347 1605 4413 fecerunt,
1629 4351 1686 4403 et
1714 4348 1868 4402 Deus
1907 4347 2026 4402 illis
2058 4347 2170 4402 mi-

506 4440 798 4504 sereatur;
817 4437 956 4508 quia
977 4441 1038 4491 tu
1058 4452 1261 4508 posses
1274 4452 1401 4491 esse
1417 4453 1570 4491 unus
1584 4436 1775 4491 bonus
1789 4437 2088 4509 presbyter
2099 4437 2172 4497 de

503 4524 953 4591 claustro,nunc
971 4530 1165 4580 autem
1190 4524 1490 4579 masculus
1508 4526 1784 4595 (sic)esto.
1809 4524 1954 4580 Cum
1976 4518 2171 4581 autem

509 4614 741 4671 electus
765 4612 883 4681 ille,
906 4631 1010 4670 nec
1042 4612 1258 4685 aliquis
1278 4629 1346 4669 ex
1377 4618 1461 4669 tot
1482 4614 2024 4681 circumstantibus,
2057 4613 2170 4686 ipsi

505 4700 855 4791 presbytero
880 4704 1299 4791 respondisset,
1323 4700 1625 4791 presbyter
1641 4702 1764 4775 ipse
1786 4703 2171 4782 prepinquius
2200 4724 2248 4791 Β

506 4790 788 4857 accessit,
820 4795 878 4845 et
908 4789 1209 4845 osculatus
1250 4789 1600 4856 Jordanum,
1649 4792 1801 4846 sicut
1856 4808 2040 4846 unum
2100 4793 2170 4847 de

509 4877 748 4935 cceteris
776 4878 1202 4943 sacerdotibus,
1237 4878 1494 4949 reliquit.
1525 4900 1553 4926 ››
1603 4877 1917 4935 Februario
1965 4880 2176 4936 deinde

516 4984 746 5035 mense,
768 4967 1063 5024 Jordanus
1087 4984 1120 5023 a
1146 4968 1532 5039 suffraganeis
1558 4967 1901 5040 Landulpho
1921 4968 2177 5039 Astensi,

518 5056 761 5117 Arialdo
791 5055 1075 5113 Januensi
1109 5061 1166 5111 et
1194 5056 1493 5111 Mamardo
1514 5057 1860 5112 Taurinensi
1882 5073 2184 5113 consecra-

514 5152 626 5203 tus
647 5145 776 5212 fuit,
809 5146 1009 5218 utique
1030 5146 1380 5201 assentiente
1399 5145 1658 5200 Paschale
1679 5163 1849 5217 papa,
1868 5150 1925 5201 et
1943 5145 2181 5202 tandem

516 5234 587 5290 in
620 5232 938 5289 (ἐνοικειιίαηί
965 5232 1389 5304 depositionem
1446 5234 1846 5289 consentiente
1894 5250 1997 5306 per
2052 5252 2184 5290 sen-

520 5322 795 5389 tentiam,
825 5336 944 5393 qua
967 5343 994 5370 «
1019 5320 1319 5393 prohibuit
1338 5320 1765 5378 Grossulanum
1797 5322 2187 5379 Mediolanen-

520 5426 655 5467 sem
688 5409 1004 5466 Ecclesium
1037 5408 1385 5480 inquietare,
1420 5415 1476 5467 et
1506 5411 1578 5467 ad
1610 5410 1952 5484 episcopum
1986 5433 2014 5461 »
2046 5413 2186 5469 Sao-

526 5516 795 5567 nensem,
821 5501 990 5571 cujus
1008 5498 1147 5554 olim
1168 5504 1506 5571 sumpserat
1525 5501 1984 5572 possessionem,
1999 5524 2025 5550 «
2042 5500 2191 5556 dixit

522 5605 665 5644 cum
700 5589 925 5656 redire;
961 5610 990 5638 ι)
1025 5590 1227 5644 addita
1257 5589 1503 5653 ratione,
1531 5590 1684 5660 quod
1710 5606 1843 5643 cum
1879 5612 1905 5639 «
1937 5589 2188 5645 transla-

524 5678 722 5734 tiones
754 5676 1165 5750 episcoporum
1196 5678 1430 5735 duobus
1478 5678 1604 5735 fieri
1638 5678 1827 5733 modis
1858 5700 1885 5728 »
1940 5679 2188 5751 possint,

521 5769 844 5844 appareret
872 5767 1183 5826 manifeste
1212 5766 1558 5827 Grossulani
1587 5789 1616 5822 α
1648 5766 2051 5828 translationis
2079 5768 2191 5826 uti-

854 5894 1122 5961 Paraos.
1165 5895 1429 5964 CXLIII.

2264 3459 2517 3515 diolano.
2562 3459 2858 3514 Fundator
2876 3460 3003 3531 ejus
3030 3458 3297 3514 Albertus
3328 3459 3636 3514 ann01095
3663 3458 3913 3529 obierat,

2266 3546 2526 3620 adeoque
2557 3564 2755 3603 recens
2785 3547 2866 3603 ibi
2888 3547 3080 3603 adhuc
3100 3545 3411 3618 disciplina
3439 3551 3580 3603 erat.
3605 3569 3635 3597 «
3666 3546 3912 3620 Presby-

2265 3643 2387 3691 tero
2419 3642 2614 3692 autem
2640 3636 2931 3707 Liprando
2967 3636 3153 3707 posito
3175 3635 3235 3689 in
3256 3634 3511 3690 Pontidii
3533 3634 3912 3705 monasterio,

2269 3728 2424 3782 fama
2444 3726 2515 3781 de
2532 3724 3194 3792 Grossulano,redeunte
3210 3724 3282 3779 ab
3300 3723 3917 3797 Hierosolymis,aures

2267 3815 2507 3870 Jordani
2526 3819 2584 3869 et
2613 3814 3040 3869 ordinariorum
3075 3813 3203 3884 ejus
3233 3810 3535 3885 implevit;
3580 3817 3638 3869 et
3667 3813 3917 3869 Mamar-

2271 3903 2384 3959 dus
2408 3902 2790 3959 Taurinensis
2812 3902 3125 3974 episcopus
3146 3900 3357 3956 iterum
3398 3899 3792 3957 Mediolanum
3822 3917 3917 3957 ve-

2274 3993 2397 4060 nit;
2445 3995 2620 4063 atque
2670 3989 2905 4057 stolam,
2958 4006 3135 4062 quam
3184 3989 3242 4044 in
3292 3989 3636 4062 praecedenti
3679 3989 3856 4046 Junio
3889 4011 3917 4040 ι)

2275 4081 2378 4152 (ita
2408 4080 2742 4152 legendum,
2774 4096 2890 4134 non
2908 4084 3115 4137 autem
3163 4082 3229 4134 ut
3273 4078 3450 4134 habet
3496 4096 3608 4134 ms.
3655 4095 3748 4135 res
3791 4078 3922 4152 ipsa

2276 4168 2556 4241 loquitur)
2589 4190 2610 4216 ι
2647 4168 2773 4224 sine
2805 4171 3173 4237 sacramento
3221 4167 3478 4224 Jordano
3527 4168 3666 4224 dare
3711 4166 3924 4237 noluit,

2276 4275 2465 4330 neque
2495 4258 2688 4325 dedit:
2736 4274 2916 4324 nunc,
2969 4256 3241 4313 videlicet
3283 4257 3346 4312 in
3399 4257 3546 4313 festo
3593 4257 3653 4314 S.
3685 4255 3926 4325 Nicolai,

2278 4347 2512 4420 quando
2559 4346 2866 4418 presbyter
2914 4345 3244 4418 Liprandus
3288 4345 3624 4402 Pontidium
3671 4345 3926 4415 intravit,

2278 4452 2456 4508 super
2484 4434 2663 4490 altare
2686 4434 2745 4489 S.
2776 4434 3069 4490 Ambrosii
3094 4434 3329 4507 posuit:
3363 4458 3391 4484 ‹‹
3420 4438 3477 4491 et
3504 4434 3823 4503 Jordanus,
3845 4450 3934 4491 os-

2279 4525 2485 4580 cnlans
2528 4539 2658 4579 eam
2689 4523 2760 4577 de
2788 4521 2916 4594 ipso
2945 4520 3119 4578 altari
3149 4521 3440 4595 sumpsit:
3474 4538 3602 4594 qua
3632 4522 3842 4595 positio
3871 4526 3931 4578 et

2279 4612 2633 4684 assumptio,
2688 4610 3031 4666 absentibus
3088 4610 3399 4667 ordinariis
3454 4616 3512 4667 et
3554 4608 3926 4682 primiceriis,

2282 4701 2433 4756 facta
2463 4699 2595 4754 fuit.

2350 4790 2441 4845 21.
2477 4812 2505 4838 ‹‹
2541 4788 2903 4862 Presbyter»
2948 4791 3140 4843 autem
3199 4809 3226 4837 «
3261 4787 3603 4860 Liprandus,
3653 4786 3712 4842 in
3744 4809 3773 4837 »
3816 4786 3931 4844 isto

2294 4900 2320 4932 α
2349 4877 2727 4945 monasterio,
2747 4893 2939 4932 coram
2970 4876 3270 4933 monachis
3300 4881 3356 4932 et
3384 4877 3685 4945 fratribus,
3716 4894 3751 4934 a
3786 4878 3933 4934 festo

2285 4972 2345 5022 8.
2374 4966 2599 5022 Nicolal
2632 4982 2820 5037 usque
2866 4966 2937 5020 ad
2988 4965 3203 5021 festum
3251 4964 3589 5038 Epiphania:
3618 4965 3875 5031 Domini,
3906 4987 3934 5017 η

2290 5073 2445 5112 anno
2475 5056 2632 5120 1113,
2666 5077 2692 5103 ‹‹
2717 5053 3040 5127 splendide,
3065 5074 3093 5104 »
3116 5054 3173 5108 id
3192 5058 3282 5110 est
3301 5070 3433 5109 cum
3458 5070 3677 5127 magna
3696 5055 3939 5111 aediﬁca-

2294 5144 2471 5213 tione,
2510 5163 2538 5196 α
2567 5143 2729 5211 vixit,
2763 5147 2937 5214 atque
2968 5143 3024 5197 in
3055 5142 3321 5214 ejusdem
3370 5142 3706 5200 festivitatis
3753 5148 3939 5215 nocte,

2293 5234 2530 5307 quando
2560 5230 2835 5305 spiritum
2858 5229 3075 5299 emisit,
3100 5246 3355 5303 magnus
3376 5236 3434 5288 et
3453 5232 3651 5290 suavis
3671 5232 3943 5306 splendor

2294 5322 2535 5378 domum
2571 5320 2631 5376 in
2654 5319 3036 5393 quajacehat,
3054 5319 3490 5377 admirantibus
3510 5319 3940 5377 circumstanti-

2296 5411 2431 5479 bus,
2452 5409 2784 5478 illustravit,
2832 5411 2888 5465 et
2907 5409 2994 5465 sic
3025 5408 3152 5479 ipse
3176 5410 3520 5482 praedixerat
3549 5407 3843 5465 fratribus.
3880 5409 3945 5465 In

2298 5500 2397 5554 illa
2426 5499 2587 5565 hora,
2623 5499 2857 5569 quando
2890 5515 3103 5570 corpus
3135 5500 3263 5569 ejus
3294 5499 3637 5554 efferebatur
3656 5497 3724 5552 ad
3752 5496 3945 5569 sepul-

2298 5606 2483 5651 crum,
2518 5587 2659 5641 solis
2694 5587 2971 5658 splendor
3001 5602 3193 5642 aerem
3241 5586 3620 5654 illuminavit;
3665 5589 3722 5641 et
3758 5586 3947 5642 nubes

2300 5694 2428 5733 cum
2454 5678 2581 5731 nive
2611 5675 2881 5730 cessavit.
2907 5675 3039 5747 Ipso
3061 5692 3289 5747 quoque
3305 5674 3645 5747 presbytero
3666 5674 3950 5731 existente

2297 5767 2357 5829 in
2385 5765 2524 5836 vita,
2557 5779 2693 5823 cum
2729 5761 3128 5825 Grossulanus
3169 5767 3226 5827 et
3269 5762 3459 5821 ceteri
3500 5762 3947 5827 Grossulanista

3546 5890 3625 5973 48
