4822 6454
1295 429 1454 494 1ιὸίὸ
2521 435 2562 498 S
2575 480 2588 496 .
2619 433 2938 499 ARIALDI
2980 435 3199 499 CONC]

2814 433 2938 498 LDI
2980 433 3432 500 CONCIONES.
4544 425 4718 492 1816

1291 565 1806 625 calumniabantur
1831 582 1964 626 eum
1995 572 2052 624 et
2075 583 2238 625 suam
2261 568 2446 641 legem
2471 586 2484 636 ;
2518 569 2727 624 nobilis
2751 570 2918 626 miles
2947 574 3000 640 Α
3029 571 3264 641 quidem
3293 573 3350 626 et
3377 569 3492 624 luci
3525 571 3756 641 paratae,
3790 567 3894 624 sed
3922 583 4228 640 nunquam
4270 564 4484 632 edite,
4546 565 4720 636 quod

1295 653 1664 712 Placentinus
1695 657 1766 714 de
1803 657 2068 714 faucibus
2116 656 2340 724 mortis,
2391 657 2460 712 ad
2503 656 2736 712 laudem
2797 658 2922 728 ejus
3028 658 3298 730 equidem
3331 658 3532 713 sciam.
3565 657 3846 713 Caeterum
3879 673 3984 713 nec
4013 656 4140 729 ipse
4181 671 4286 712 nec
4317 653 4495 710 alius
4532 651 4721 725 quis-

1293 748 1528 817 ereptus
1557 748 1664 802 est.
1697 746 1862 813 Quia,
1893 762 2024 800 cum
2085 744 2254 800 miles
2309 743 2407 800 ille
2462 749 2616 800 esset
2664 745 2828 816 quasi
2861 745 2920 799 in
3030 763 3206 816 quam
3239 745 3505 801 meminit
3530 745 3706 800 ullius
3729 744 3922 801 cultus
3945 745 4236 817 Liprando
4261 747 4328 800 ut
4348 744 4552 798 beato
4577 744 4724 814 post

1295 847 1522 900 somno,
1555 833 1738 890 sensit
1777 833 1933 888 hunc
1979 833 2379 905 presbyterum
2437 833 2671 905 palpare
2723 837 2924 904 guttur
3030 837 3273 888 mortem
3305 834 3592 904 impensi;
3625 835 3724 888 sed
3774 850 3961 903 neque
4007 849 4317 904 superesse
4347 831 4625 886 videtur
4657 829 4719 884 in

1295 937 1470 976 suum
1499 939 1512 988 ;
1543 925 1599 976 et
1623 921 1818 976 statim
1839 921 2094 976 evomuit
2113 937 2177 976 os
2207 921 2403 992 piscis,
2428 921 2582 993 quod
2605 921 2924 976 suil‘ocabat
3031 921 3272 988 ecclesia
3294 921 3651 976 Pontidiensi
3683 922 3835 976 intra
3861 921 3946 976 vel
3965 922 4138 992 juxta
4157 937 4339 992 quam
4371 917 4720 990 sepultum

1294 1025 1450 1065 eum.
1483 1009 1695 1063 Eodem
1716 1008 1888 1063 etiam
1915 1012 2178 1080 tempore
2207 1025 2337 1064 cum
2373 1009 2582 1064 domus
2614 1009 2920 1079 cujusdam
3029 1009 3250 1080 opinari
3279 1008 3432 1070 licet,
3453 1013 3892 1063 monumentum
3912 1007 4169 1064 defuncti
4188 1007 4417 1073 ullum;
4448 1005 4723 1078 quando

1295 1095 1486 1151 afﬁnis
1515 1101 1570 1150 et
1598 1095 1709 1150 sibi
1752 1095 2112 1167 attingentis,
2159 1097 2407 1162 arderet,
2455 1101 2687 1168 repente
2735 1097 2923 1150 imber
3029 1095 3174 1151 nihil
3207 1093 4563 1167 hujusmodiadducitPuricellus,omniahuc
4589 1109 4726 1165 spe-

1293 1183 1421 1254 fuit,
1455 1187 1509 1238 et
1538 1181 1765 1254 paleam
1795 1188 1852 1238 et
1879 1184 2120 1239 domum
2149 1184 2334 1256 ipsius
2356 1184 2673 1257 presbyteri
2703 1185 2922 1256 integre
3029 1185 3246 1240 ctantia
3265 1183 3692 1241 studiosissime
3709 1187 4024 1239 scrutatus.
4044 1182 4406 1238 Mihitamen
4427 1182 4513 1237 ad
4543 1181 4721 1237 diem

1292 1271 1558 1328 servavit.
1591 1271 1753 1336 Quod
1785 1271 1834 1326 si
1868 1288 2160 1328 currerem
2191 1289 2294 1344 per
2341 1271 2573 1344 singula
2609 1289 2734 1344 quae
2767 1273 2918 1338 fecit,
3028 1273 3464 1344 praecedentem,
3527 1273 3625 1328 ubi
3683 1275 3876 1328 actum
3927 1272 3997 1328 de
4052 1272 4110 1326 S.
4145 1271 4366 1326 Davide
4417 1269 4722 1326 solitario

1291 1359 1362 1414 ad
1385 1358 1614 1415 laudem
1637 1361 1788 1430 ejus,
1813 1359 2082 1416 deficeret
2103 1360 2342 1432 spiritus
2365 1377 2598 1417 meus...
2617 1362 2722 1416 Sed
2747 1362 2918 1428 Deus,
3027 1360 3932 1432 Thessalonicensi,Papiamvero
3944 1358 4726 1427 similitertranslato,con-

1291 1446 1390 1518 qui
1421 1461 1524 1518 per
1551 1447 1749 1502 omnia
1775 1447 1984 1504 saecula
2011 1447 2150 1503 vivit
2177 1451 2234 1503 et
2262 1451 2484 1520 regnat,
2516 1465 2670 1504 nunc
2700 1454 2756 1505 et
2775 1467 2922 1505 sem-
3021 1448 3587 1520 jecturavenit,illuc
3603 1447 4236 1504 Pontidiotranslatum
4254 1447 4444 1502 etiam
4471 1463 4723 1519 corpus

1289 1551 1412 1606 per,
1444 1534 1650 1590 animas
1679 1536 1806 1607 ejus
1833 1536 2154 1592 benedicat.
2186 1541 2390 1592 Amen.
2425 1559 2454 1588 »
3028 1543 3128 1594 aut
3147 1555 3281 1593 ossa
3299 1538 3562 1609 quaedam
3589 1560 3616 1587 «
3641 1536 3917 1608 Liprandi
3939 1534 4302 1609 presbyteri;
4329 1556 4359 1584 »
4379 1535 4721 1607 siquidem

1360 1626 1448 1678 22.
1482 1623 1773 1679 Hactenus
1805 1623 2120 1679 Landulfus
2170 1647 2197 1674 «
2226 1625 2501 1696 Liprandi
2540 1627 2856 1698 presbyteri
2890 1651 2911 1679 ι
3027 1625 3177 1681 inter
3205 1625 3500 1696 reliquias,
3526 1625 3655 1680 istic
3685 1629 3940 1696 repertas
3970 1623 4126 1695 apud
4156 1621 4516 1696 sepulcrum
4546 1624 4724 1696 regis

1289 1728 1359 1768 ex
1388 1727 1583 1768 sorore
1614 1729 1812 1784 nepos,
1835 1731 1868 1768 a
1888 1711 2168 1768 Puricello
2190 1713 2596 1785 transcriptus,
2628 1715 2836 1785 partim
2860 1715 2917 1768 in
3026 1713 3386 1785 Luitprandi,
3421 1730 3570 1768 anno
3600 1714 3734 1768 1514
3764 1713 3857 1767 die
3884 1713 3954 1766 24
3997 1711 4164 1778 Julii,
4214 1715 4435 1784 praeter
4485 1734 4525 1762 ‹‹
4572 1729 4726 1769 ossa

1289 1799 1682 1856 Monumentis
1709 1801 2100 1855 Ambrosianus
2129 1799 2403 1869 basilicae,
2437 1802 2647 1872 partim
2681 1819 2744 1858 ac
2775 1819 2915 1873 prae-
3027 1807 3080 1856 et
3111 1802 3333 1857 cineres
3363 1801 3548 1872 ipsius
3579 1802 3636 1856 S.
3669 1800 3868 1868 David,
3904 1822 3931 1849 ››
3964 1802 4237 1854 censetur
4265 1798 4454 1855 etiam
4487 1799 4724 1872 aliqua

1287 1887 1453 1958 cipue
1482 1886 1541 1942 in
1573 1886 1674 1943 lib.
1727 1904 1784 1942 1v
1813 1888 1890 1943 De
1949 1889 2047 1944 SS.
2105 1887 2336 1944 Arialdo
2375 1894 2431 1944 et
2485 1889 2912 1958 Herlembaldo,
2943 1946 2987 1960 ἢ
3030 1913 3056 1940 α
3089 1891 3146 1945 S.
3181 1890 3416 1944 Thomas
3449 1888 3720 1960 martyris
3749 1891 3806 1943 et
3832 1888 3889 1942 S.
3924 1887 4221 1960 Liprandi,
4257 1909 4286 1937 »
4343 1903 4461 1944 nec
4521 1888 4722 1944 facile

1285 1991 1535 2046 quorum
1563 1974 1843 2030 librorum
1875 1975 2044 2031 citavi
2073 1976 2338 2049 paginas,
2362 1979 2638 2049 quoniam
2664 1977 2788 2050 ipse
2818 1996 2914 2033 au-
2943 1946 2990 2010 B
3021 1982 3106 2033 est
3129 1977 3306 2032 alium
3328 1977 3502 2049 hujus
3526 1975 3782 2032 nominis
3803 1975 4080 2044 invenire,
4101 1975 4195 2032 cui
4211 1976 4484 2048 potuerit
4507 1976 4717 2032 datus

1284 2067 1408 2118 ctor
1434 2063 1715 2120 hactenus
1741 2063 1994 2120 ineditus
2043 2068 2258 2131 manet,
2317 2081 2478 2136 aeque
2527 2083 2592 2121 ac
2646 2065 2914 2123 Historias
3021 2067 3202 2121 fuisse
3228 2065 3434 2121 titulus
3465 2065 3670 2121 sancti.

1279 2151 1534 2208 Senioris
1567 2152 1830 2208 Landulﬁ
1859 2156 1916 2208 et
1944 2152 2189 2220 Arnulﬁ,
2226 2169 2261 2208 a
2303 2153 2583 2211 Puricello
2613 2155 2912 2226 promissae

2249 2499 2856 2602 SANGTI
2967 2503 3674 2603 ΔιιπΑιυι

2519 2723 3232 2818 CONCIONES
3327 2724 3415 2816 II

1939 2963 2098 3068 AD
2207 2961 2810 3070 CLEBICOS
2903 2962 3980 3069 MEDIOLANENSES.

2501 3181 2592 3243 De
2635 3182 2987 3243 continentia
3030 3181 3418 3244 sacerdotum.

2731 3347 3146 3360 ἡ

2659 3493 3125 3587 CONGIO
3196 3495 3264 3585 Ι.

2191 3669 2402 3740 (Exstat
2429 3685 2545 3742 cap.
2579 3669 2602 3725 4
2617 3710 2632 3738 ,
2661 3687 2816 3726 num.
2839 3673 2893 3740 8,
2933 3671 3065 3728 Vitae
3098 3671 3326 3728 Arialdi
3351 3687 3522 3743 supra
3547 3671 3732 3728 editae.

2640 3953 3104 4051 CONCIO
3155 3955 3272 4048 II.

1843 4129 1999 4202 (Vide
2028 4131 2088 4186 in
2113 4129 2372 4188 Chronico
2401 4131 2654 4202 Landulﬁ
2682 4131 2947 4204 Senioris,
2974 4133 3296 4204 Patrologias
3322 4133 3451 4188 tom.
3487 4131 3724 4203 CXLVII,
3752 4132 3854 4188 col.
3886 4131 4032 4204 935).

2698 4415 3163 4512 CONCIO

1323 4581 1432 4650 Ad
1459 4583 1952 4660 Alexandrum
1982 4610 2275 4681 papam,
2311 4592 2606 4662 natione
2651 4593 3292 4674 Mediolanensem,
3327 4594 3406 4660 ut
3445 4591 4038 4662 Herlembaldum
4078 4595 4642 4676 Vexilliferum

2592 4721 2599 4732 '
2634 4708 2976 4778 Ecclesiae
3024 4708 3266 4777 faciat.

2548 4904 2714 4978 (Vide
2743 4905 2840 4962 ubi
2866 4919 3053 4977 supra,
3082 4904 3183 4961 col.
3213 4901 3362 4974 917).
