1949 3280
107 336 156 369 285
709 334 912 366 EXPOSl'l‘lO
934 334 1177 365 PSALMORUM
1185 357 1191 364 .
1759 335 1799 365 86

105 402 149 446 qui
163 400 298 439 sequitur
309 402 397 439 jussa
421 400 599 430 dominantis
611 409 680 438 ;pax
700 401 779 430 enim
794 402 861 430 vera
876 403 921 430 est
935 402 962 436 Α
994 401 1012 428 9
1048 401 1115 430 Cum
1129 404 1287 437 exsurgeret
1303 403 1331 429 in
1341 402 1483 438 judicium
1496 405 1563 430 Deus
1577 410 1586 429 :

104 446 282 477 concordiam
294 447 402 475 habere
415 455 481 474 cum
492 446 623 474 moribus
636 446 760 483 propriis
773 448 801 475 et
809 446 924 488 litigare

103 500 161 521 cum
176 490 268 519 vitiis.
286 490 356 519 Sion
371 491 521 527 speculatio
535 491 752 527 interpretatur,
769 499 819 527 per
834 498 923 526 quam

103 537 171 565 Deus
185 535 320 563 ﬁdelium
333 536 421 563 corda
438 534 623 571 prospicitur.
631 535 703 563 Nam
718 537 747 562 et
761 535 823 571 ipse
839 543 923 562 mons

101 581 129 609 ﬁt
142 580 207 608 Sion
231 580 281 616 qui
298 588 368 608 eum
383 579 523 607 meruerit
547 579 661 607 sincera
684 581 780 614 mente
807 579 923 615 conspi-

104 633 170 653 cere.

115 670 130 697 3
163 668 204 696 lbi
217 668 358 706 confregit
371 669 503 704 potentias
516 676 634 695 arcuum
649 678 658 695 .-

162 712 275 740 Srutum
289 716 315 740 et
329 712 454 746 gladium
468 716 493 740 et
509 713 617 740 bellum.
638 713 807 748 Diapsalma.

133 757 152 785 C
164 756 216 790 lbi,
238 756 268 783 in
284 756 335 784 illa
351 756 461 784 scilicet
476 756 611 792 pace,ubi
627 756 768 784 Dominus
781 757 861 792 pacis
872 756 923 783 ha-

98 802 184 830 bitare
199 800 360 837 dignatur;
378 801 443 828 istic
457 800 498 828 ita
523 801 707 837 franguntur.
729 801 861 828 Potentia
875 808 922 829 ar‘
964 823 972 829 .

97 844 344 882 cuum,signiﬁcat
361 844 501 872 malitiam
519 845 859 881 superborum.Scutum,
875 845 922 873 hic

96 889 237 926 signiﬁcat
253 888 485 917 concertationes
501 889 645 916 diabolica
664 889 765 917 fraude
780 897 907 926 praesum

95 937 174 971 ptas;
191 933 321 970 gladius,
339 933 495 961 manifesta
507 932 638 966 vulnera,
649 933 759 961 bellum
775 935 922 962 monstra‘

93 981 139 1006 tur
151 985 215 1006 esse
231 977 295 1013 paci
312 977 502 1005 contrarium.
521 978 586 1006 Haec
601 978 699 1006 omnia
719 978 808 1006 fracta
824 980 920 1012 erunt,

92 1022 219 1051 veniente
235 1024 356 1050 auctore
370 1021 460 1058 pacis.

109 1076 124 1103 4
160 1075 326 1103 Itluminans
340 1079 369 1102 tu
383 1076 552 1104 mirabiliter
562 1085 578 1103 a
593 1075 729 1103 montibus
744 1076 855 1104 (z'tcrnis
872 1085 881 1103 .-

161 1119 274 1146 Turbati
287 1123 353 1146 sunt
364 1123 391 1152 ιθ·
401 1127 492 1147 omnes
513 1123 520 1153 ζ
542 1121 700 1156 insipientes
714 1120 801 1147 corde.

126 1163 145 1191 C
161 1163 332 1191 llluminare
343 1164 416 1191 dixit
427 1164 582 1192 Dominum
598 1173 650 1200 per
659 1166 781 1192 mternos
791 1166 916 1197 montes,

92 1207 160 1243 quia
175 1207 239 1243 ipse
255 1216 307 1244 per
324 1208 482 1244 prophetas
495 1210 583 1244 atque
590 1208 736 1244 apostolos
748 1209 827 1236 dedit
841 1208 921 1236 Chri‘

96 1251 222 1279 stianum
241 1251 384 1288 populum
402 1260 502 1280 eorum
518 1253 721 1289 praedicatione
747 1252 917 1281 illuminari.

94 1296 235 1323 Dicuntur
251 1299 350 1324 autem
366 1296 408 1323 illi
426 1299 539 1325 montes
549 1296 733 1332 aeterni,quia
747 1300 919 1333 perpetuast

93 1341 314 1368 incommutabili
325 1341 833 1370 sublimitateconsistunt.Turhatos
848 1342 919 1370 dicit

91 1384 275 1421 insipientes,
292 1385 433 1421 quoniam
450 1386 617 1413 recedentes
632 1394 649 1413 a
668 1394 733 1414 vero
749 1386 860 1414 lumine
877 1390 917 1414 te-

88 1429 213 1456 nebrosa
227 1429 333 1457 mundi
344 1429 488 1457 desideria
502 1430 593 1457 secuti
618 1432 696 1462 sunt,
713 1432 741 1458 et
756 1431 832 1458 unde
844 1430 918 1466 justi

87 1475 155 1500 sunt
170 1473 346 1507 illuminati,
363 1473 431 1501 inde
446 1473 494 1502 isti
510 1476 579 1501 sunt
593 1475 713 1502 turbati.

103 1527 120 1553 33
156 1528 339 1555 Dormiernnt
351 1528 489 1555 somnium
502 1536 583 1555 suum
598 1537 607 1554 :
622 1532 647 1555 et
660 1528 732 1555 nihil
756 1529 918 1556 invenerunt

192 1579 288 1598 omnes
303 1572 369 1598 viri.

154 1616 332 1643 Diuitiarum
347 1617 378 1643 in
392 1616 519 1643 manibus
533 1617 601 1643 suis.

119 1658 139 1686 Ο
155 1658 348 1688 Dormierunt
362 1662 503 1695 tanquam
518 1660 671 1696 vigilantes
686 1660 826 1689 habentes
841 1670 916 1689 som-

81 1702 165 1729 nium
180 1702 211 1730 in
227 1703 316 1732 bonis
332 1704 456 1731 actibus.
473 1704 609 1740 Nihilque
620 1705 649 1732 in
662 1705 914 1734 manibussuisin-

79 1747 242 1796 veIniuntur
259 1747 399 1776 habuisse
418 1748 448 1775 in
464 1748 573 1781 futuro,
589 1749 639 1785 qui
650 1749 765 1778 divitias
780 1759 849 1785 suae
863 1751 909 1778 hic
925 1764 946 1796 ρ

77 1790 264 1827 relinquunt,
279 1800 354 1828 quas
368 1800 486 1829 erogare
502 1801 553 1829 pro
566 1801 598 1821 se
613 1794 785 1822 debuerunt.

93 1844 111 1871 6
147 1845 189 1872 Ab
204 1845 396 1881 increpatione
410 1846 539 1878 tua,Deus
551 1847 632 1874 Iacob
649 1856 658 1874 :

145 1889 377 1917 Dormitaverunt
393 1890 441 1926 qui
454 1890 633 1919 ascenderunt
647 1900 737 1927 equos.

110 1933 130 1960 C
146 1933 333 1962 Dormitasse
348 1934 420 1961 dicit
435 1934 611 1968 incredulos,
628 1936 679 1971 qui
691 1938 790 1964 sancta
799 1937 910 1965 monita

73 1976 194 2004 Domini
210 1977 278 2013 (qui
295 1980 339 2005 est
353 1978 430 2005 Dens
440 1978 541 2013 Jacob)
550 1979 651 2007 audire
661 1982 907 2016 contempserunt.

72 2020 130 2055 lpsi
145 2022 351 2049 ascenderunt
366 2029 467 2057 equos,
483 2022 588 2058 quiain
599 2024 737 2059 superbia
750 2025 909 2062 alevatiper

70 2064 229 2093 illecebras
244 2066 335 2093 istius
345 2066 447 2094 mundi
465 2069 617 2102 vagantur,
640 2069 724 2104 quasi
740 2069 824 2105 equis
840 2078 907 2098 cur-

69 2109 210 2138 rentibus
226 2110 405 2155 insiderent.

84 2163 102 2188 7
142 2163 181 2190 Tu
196 2163 339 2191 terribilis
351 2170 379 2191 es
393 2167 419 2191 et
430 2164 491 2199 quis
506 2165 611 2192 resistet
627 2166 704 2193 tibi?

143 2208 261 2234 Extunc
275 2208 322 2235 ira
337 2209 401 2235 tua,

103 2251 290 2279 Terribilem
320 2251 392 2279 dicit
420 2259 484 2280 esse
499 2252 646 2281 Christum
673 2254 701 2281 in
724 2254 772 2283 illo
784 2255 906 2290 judicio,

66 2295 188 2330 quando
205 2294 238 2322 in
256 2295 327 2323 sede
336 2304 400 2330 suae
416 2296 579 2333 majestatis
593 2298 806 2334 apparebit,ubi
822 2308 907 2329 nemo

64 2340 164 2374 potest
177 2339 381 2376 reproborum
396 2341 596 2375 resistere,ubi
613 2346 793 2379 cognoscunt
809 2344 905 2372 Domi-

64 2391 137 2411 num
155 2384 266 2412 omnia
282 2383 423 2412 scelerata
437 2385 706 2414 damnare.Extunc
721 2387 800 2422 dicit,
817 2388 845 2416 id
862 2392 907 2417 est

1051 447 1082 475 Ut
1108 447 1195 474 salvos
1223 448 1324 482 faceret
1354 454 1444 474 omnes
1470 450 1624 474 mansuetos
1654 449 1743 476 terrae.
1762 451 1788 481 {-

1084 491 1195 527 Diapsal
1218 495 1224 524 ζ
1247 513 1253 518 .

1014 535 1033 562 C
1048 535 1207 571 Exsurgere
1221 537 1346 563 tractum
1363 537 1407 563 est
1423 535 1599 571 ajudicibus
1615 535 1795 571 mundi,qui,

979 580 1094 615 quando
1109 580 1218 616 aliquid
1235 588 1299 607 cum
1317 579 1467 608 severitate
1482 579 1798 613 consuerint,dicuntur

977 631 1140 659 exsurgere,
1157 623 1226 659 quia
1248 623 1384 651 commoti
1409 623 1544 651 videntur
1561 623 1719 651 commissa
1742 623 1796 651 cri-

978 666 1058 694 mina
1083 667 1239 695 vindicare.
1266 668 1408 694 Mansueti
1432 669 1524 701 terrae,
1552 670 1621 694 sunt
1642 668 1690 703 qui
1709 668 1796 695 nullis

977 710 1054 738 vitiis
1069 711 1154 739 istius
1168 712 1266 739 mundi
1285 712 1513 739 inflammantur.

979 755 1012 782 10
1048 756 1181 789 Quoniam
1196 757 1320 791 cogitatio
1336 757 1454 783 hominis
1467 756 1639 791 conﬁtebitur
1654 757 1705 784 tibi
1721 765 1727 783 :

1047 800 1079 826 Et
1094 800 1220 836 reliquid?
1234 802 1406 835 cogitationis
1417 801 1488 828 diem
1500 802 1600 836 festum
1608 805 1689 835 agent
1704 801 1753 828 tibi
1767 811 1777 828 ,η

1012 843 1188 880 CCogitatio
1216 847 1315 871 nostra
1340 845 1493 872 conﬁtetur
1522 844 1651 878 Domino,
1679 845 1794 880 quando

977 890 1092 924 peccata
1107 889 1250 924 praeterita
1261 889 1456 917 satisfactione
1467 888 1794 924 damnaveritlleliquiae

976 932 1185 968 cogitationum
1201 934 1353 968 sunt,post
1375 934 1481 960 etlusas
1497 933 1649 968 lacrymas,
1667 933 1794 968 praeteri-

975 978 1071 1003 torum
1087 976 1242 1005 criminum
1257 978 1406 1004 recordata
1423 976 1564 1013 pernicies
1572 979 1600 1005 et
1615 977 1793 1004 lamentatio.

975 1020 1039 1048 Hmc
1054 1021 1113 1057 agit
1128 1020 1203 1048 diem
1220 1021 1325 1049 festum
1342 1021 1409 1054 Dco,
1427 1021 1542 1057 quando
1558 1029 1589 1048 se
1604 1021 1640 1049 ab
1656 1020 1704 1049 illo
1719 1021 1794 1048 inte-

974 1064 1033 1092 ritu
1048 1067 1231 1101 peccatorum
1248 1066 1335 1093 sentit
1350 1074 1413 1093 esse
1428 1065 1593 1094 liberatum.

975 1109 1004 1136 11
1046 1111 1142 1137 Vol-cie
1155 1114 1181 1137 et
1194 1110 1296 1137 reddite
1311 1111 1425 1138 Domino
1442 1111 1492 1138 Deo
1509 1114 1592 1137 vestro
1609 1119 1618 1137 .-

1042 1154 1142 1182 Omnes
1155 1155 1205 1190 qui
1214 1155 1243 1181 in
1257 1155 1376 1182 circuitu
1391 1155 1448 1190 ejus
1462 1159 1535 1187 sunt,
1543 1155 1654 1189 offerent
1670 1162 1791 1181 munera.

974 1197 1007 1224 12
1043 1198 1170 1225 Terribili
1183 1202 1208 1226 et
1222 1200 1249 1226 ei
1261 1200 1310 1234 qui
1324 1200 1415 1234 aufert
1429 1200 1558 1235 spiritum
1571 1199 1739 1234 principum.

1046 1243 1172 1270 Teriibiti
1185 1243 1257 1278 apud
1272 1251 1345 1278 reges
1360 1248 1450 1271 terrai.

1007 1285 1028 1313 C
1044 1286 1118 1313 Sunt
1128 1287 1259 1322 quaedam
1271 1287 1404 1323 quac,nisi
1413 1286 1702 1322 vovcamus,implere
1711 1286 1792 1315 nulla

972 1330 1034 1366 lego
1050 1331 1521 1368 constringimur,utvirginitatom
1535 1339 1791 1364 servare,eremum

972 1375 1350 1411 petere,quotidiejcjunare
1362 1385 1367 1409 ;
1381 1376 1431 1403 sed
1443 1384 1508 1403 cum
1519 1376 1662 1411 promissa
1673 1376 1789 1407 fuerint,

967 1419 1052 1454 jubet
1066 1427 1129 1446 esse
1142 1420 1286 1448 reddenda
1298 1421 1399 1447 Doo.ln
1416 1420 1537 1447 circuitu
1554 1420 1661 1456 quippe
1677 1428 1721 1447 res
1731 1420 1791 1455 agi-

970 1465 1028 1496 tur,
1045 1472 1111 1491 cum
1138 1472 1260 1492 munera
1286 1464 1414 1491 lidelium
1442 1464 1532 1492 sacris
1555 1464 1696 1492 altaribus
1722 1464 1790 1491 olfe-

971 1508 1143 1542 runtur,hoc
1157 1511 1202 1536 est
1214 1509 1421 1537 circumeundo
1437 1509 1526 1537 altare
1541 1509 1711 1536 offeruntur.

1006 1551 1026 1578 C
1038 1552 1199 1588 Terribilis,
1217 1553 1321 1580 dicitur
1350 1554 1426 1581 Deus
1451 1562 1507 1581 non
1525 1553 1663 1589 reprobis,
1681 1561 1748 1580 nam
1765 1553 1790 1581 si

970 1598 1059 1623 Deum
1077 1599 1239 1625 metuerent
1259 1598 1346 1625 vitam
1363 1598 1613 1630 emendarent,sed
1625 1597 1734 1625 devotis
1745 1599 1790 1624 est

970 1640 1106 1668 terribilis
1130 1643 1158 1669 et
1187 1641 1292 1670 suavis.
1316 1642 1367 1674 Qui
1393 1642 1486 1669 aufert
1507 1642 1653 1678 spiritum,
1679 1640 1789 1669 scilicet

969 1685 1110 1719 superbiae
1125 1685 1167 1712 vel
1183 1686 1317 1717 tumoris,
1335 1686 1435 1722 utique
1450 1686 1485 1713 ab
1502 1685 1561 1714 illis
1585 1685 1712 1721 regibus,
1738 1686 1787 1721 qui

967 1735 1072 1764 corpus
1087 1737 1173 1757 suum
1190 1738 1287 1766 regere
1300 1739 1332 1758 ac
1344 1730 1485 1767 moderari
1496 1729 1545 1757 Dei
1553 1737 1672 1757 munere
1679 1737 1787 1757 merue-

965 1774 1044 1806 runt,
1060 1772 1088 1800 id
1104 1775 1148 1800 est
1164 1773 1205 1801 illi
1221 1776 1317 1802 vovetc
1333 1776 1361 1802 et
1373 1773 1545 1809 reddite,qui
1558 1773 1786 1809 principumspi-

964 1816 1053 1844 ritum
1068 1817 1212 1851 auferens,
1230 1818 1338 1846 scilicet
1353 1818 1505 1855 superbiae,
1522 1818 1571 1845 dat
1582 1817 1640 1845 illis
1652 1816 1786 1853 principi-

964 1861 1019 1888 bus
1035 1861 1118 1889 elatis
1133 1861 1274 1890 humilem
1300 1863 1446 1898 spiritum,
1472 1864 1503 1889 ut
1519 1861 1655 1897 deinceps
1673 1863 1783 1888 contre-

964 1905 1089 1933 miscunt
1103 1906 1138 1933 ad
1155 1914 1302 1939 sermones
1318 1907 1379 1940 Dei,
1393 1908 1421 1934 et
1444 1906 1503 1934 sint
1515 1914 1580 1934 vere
1596 1914 1677 1942 reges
1692 1907 1784 1940 terrae,

964 1949 992 1976 id
1008 1952 1052 1977 est
1067 1950 1195 1986 corporis
1211 1951 1255 1978 sui
1272 1954 1299 1979 et
1315 1951 1436 1980 aliorum
1451 1961 1457 1985 ;
1482 1951 1525 1979 vel
1551 1951 1638 1979 etiam
1655 1950 1785 1986 reprobis

964 1993 1102 2036 terribilis
1117 1995 1145 2022 in
1158 1995 1281 2031 judicio,
1298 1996 1414 2031 quando
1428 1996 1483 2032 piis
1499 1996 1593 2024 dulcis
1613 1996 1677 2025 erit.

1202 2062 1302 2082 ORATIO
1318 2063 1351 2082 ET
1366 2063 1443 2082 PSAL.
1463 2063 1544 2082 LXXV.

997 2109 1228 2145 ﬂagitationibus
1244 2113 1271 2138 te
1284 2110 1491 2139 conﬁtentibus
1505 2111 1640 2139 effectum
1667 2111 1783 2148 largire,

962 2152 1100 2180 terribilis
1117 2153 1203 2187 Deus,
1220 2156 1252 2181 ut
1267 2163 1284 2181 a
1299 2155 1449 2182 montibus
1469 2154 1583 2182 aeternis
1613 2154 1781 2188 illuminati,

962 2196 1031 2224 dum
1047 2197 1268 2226 resurrectionis
1282 2201 1338 2225 tua;
1351 2198 1474 2234 gloriam
1490 2198 1677 2234 suscipimus,
1692 2199 1781 2226 futuri

957 2239 1061 2275 judicii
1077 2240 1237 2276 ignominia
1252 2249 1413 2270 careamus.
1430 2243 1482 2275 Qui
1497 2251 1564 2270 cum
1581 2242 1673 2276 Patre,
1689 2245 1744 2271 etc.

1221 2321 1383 2350 PSALMUS
1403 2322 1520 2351 LXXVI.

1168 2373 1367 2394 ARGUMENTUM
1383 2375 1461 2395 PSAL.
1478 2376 1569 2395 LXXVI.

61 2429 200 2477 tempore
213 2427 419 2477 judiciiiqu-aa
435 2429 522 2457 etiam
537 2429 599 2477 dics
618 2430 667 2477 iraa
690 2431 795 2477 dicitur
809 2433 900 2469 (Soph.
920 2441 940 2472 [)
995 2437 1015 2462 C
1030 2434 1163 2463 Psalmus
1178 2436 1224 2463 hic
1235 2437 1270 2464 ad
1288 2437 1415 2465 fidelium
1431 2439 1682 2475 congregationem
1695 2441 1780 2477 perti-

63 2472 102 2505 i):
121 2472 196 2508 quia
212 2472 293 2500 nihil
310 2471 433 2501 ulterius
448 2481 499 2509 per
514 2474 683 2509 patientiam
704 2475 903 2506 dissimulabi-

62 2516 121 2550 tur,
139 2516 270 2552 quando
284 2517 348 2552 jam
364 2517 392 2544 in
409 2517 516 2553 impios
530 2517 703 2547 vindicatur.

79 2569 96 2596 8
133 2569 174 2598 De
189 2570 265 2598 εαιο
281 2569 409 2598 auditum
423 2571 512 2606 fecisti
520 2571 659 2607 judicium
676 2582 684 2599 :

135 2614 224 2642 Terra
242 2615 361 2642 tremuit
374 2619 399 2643 et
412 2616 526 2651 quievit.

96 2658 138 2686 De
144 2658 221 2686 ccelo
231 2658 315 2686 Deus
321 2658 554 2694 Paterjudicium
565 2660 698 2689 auditum
706 2661 901 2698 fecit,quando

59 2701 167 2731 Filium
185 2710 284 2730 suum
293 2704 411 2739 propter
421 2703 651 2739 redemptionem
657 2705 778 2733 humani
785 2708 901 2743 generis

60 2745 89 2773 in
105 2747 263 2775 mundum
284 2746 377 2774 misit.
395 2747 484 2775 Terra
505 2748 634 2782 tremuit,
651 2750 721 2785 quia
735 2753 914 2786 peccatores

58 2789 88 2818 in
104 2791 239 2819 adventu
257 2790 327 2826 eius
343 2791 499 2827 perterriti,
520 2800 572 2828 pro
597 2793 721 2828 peccatis
736 2795 798 2823 suis
810 2796 898 2831 paeni-

59 2834 183 2863 tentiam
202 2836 347 2872 egerunt,
365 2837 393 2862 et
412 2835 447 2863 de
477 2836 575 2863 futuro
600 2845 617 2864 a
645 2838 741 2873 pravis
762 2840 899 2875 operibus

60 2878 252 2914 quieverunt.
282 2878 305 2906 C
334 2878 397 2912 Vel,
424 2878 453 2906 in
481 2882 608 2908 extremo
632 2882 743 2916 judicio
772 2883 806 2910 de
828 2884 898 2912 casto

60 2921 196 2951 Christus
213 2922 343 2951 veniens
359 2922 491 2951 auditum
517 2924 592 2957 fecit,
610 2924 637 2952 id
656 2927 700 2954 est
723 2926 896 2963 facietjudi-

60 2973 149 2995 cium.

959 2481 1017 2513 nct,
1030 2488 1094 2515 quas
1109 2480 1178 2507 vitia
1192 2480 1282 2516 hujus
1302 2481 1397 2509 saeculi
1427 2483 1605 2518 transiliens,
1631 2485 1666 2512 ad
1694 2485 1777 2514 illum

959 2524 1047 2551 ﬁnem
1060 2524 1189 2559 pervenit
1203 2525 1249 2552 cui
1265 2525 1336 2552 nihil
1354 2528 1448 2561 potest
1462 2527 1557 2556 simile
1577 2529 1705 2565 reperiri.

1027 2568 1083 2595 T'l‘.
1100 2568 1131 2595 In
1143 2569 1226 2603 finem
1238 2577 1287 2605 pro
1303 2570 1414 2598 Idithun
1426 2575 1454 2604 ἐκ
1462 2573 1584 2608 psalmus
1597 2573 1685 2610 Asaph
1708 2577 1714 2609 ζ
1738 2596 1743 2602 .

976 2613 988 2639 1
1030 2613 1093 2641 Voce
1106 2621 1166 2641 mea
1181 2613 1216 2641 ad
1229 2614 1375 2643 Dominum
1386 2616 1504 2645 clamvi
1515 2626 1521 2645 :

1029 2658 1093 2686 Voce
1106 2666 1167 2685 mea
1180 2658 1215 2686 ad
1228 2660 1309 2687 Deum
1323 2664 1348 2687 et
1363 2660 1479 2689 intendit
1491 2663 1570 2690 mihi.

991 2702 1011 2730 C
1026 2701 1076 2731 Ille
1087 2702 1165 2730 enim
1180 2705 1293 2731 tantum
1311 2704 1417 2733 clamat
1438 2706 1473 2733 ad
1499 2707 1601 2743 Deum,
1629 2709 1677 2745 qui
1706 2710 1775 2738 talia

955 2753 1022 2774 cum
1038 2746 1109 2782 petit
1123 2746 1222 2783 qualia
1237 2756 1268 2775 se
1283 2748 1420 2777 ﬁdelibus
1444 2751 1582 2780 daturum
1610 2753 1771 2789 pollicetur.

954 2790 1030 2817 Nam
1043 2790 1092 2827 qui
1107 2799 1174 2819 eum
1189 2800 1241 2828 pro
1257 2792 1344 2821 rebus
1359 2795 1535 2824 transitoriis
1555 2800 1647 2833 rogat,
1663 2807 1720 2825 non
1737 2799 1772 2826 ad

953 2833 1043 2862 Deum
1059 2835 1183 2864 clamare
1197 2838 1391 2873 cognoscitur,
1408 2841 1541 2875 quamvis
1555 2842 1651 2878 ipsum
1679 2844 1773 2878 petere

951 2878 1094 2922 videatur.
1115 2880 1149 2907 Et
1164 2880 1286 2909 intendit
1300 2882 1382 2916 mihi,
1398 2883 1479 2913 illius
1490 2885 1597 2922 quippe
1612 2885 1768 2917 intendere,

952 2921 1076 2952 liberare
1086 2926 1141 2959 est,
1157 2927 1185 2952 et
1200 2928 1368 2961 tammagna
1382 2927 1511 2956 conferre
1527 2921 1684 2965 qiualianon
1702 2936 1769 2964 prie-

952 2971 1029 3001 valet
1043 2972 1144 3002 avidus
1158 2974 1434 3010 precatorexpetere.

1948 1472 1949 1490 1

1948 1592 1949 1622 1

1948 1649 1949 1693 1

1948 1700 1949 1736 1

1948 1737 1949 1773 1

1948 1778 1949 1799 1

1948 1907 1949 1938 1

1948 2065 1949 2091 1

1948 2482 1949 2498 1

1948 2562 1949 2598 1

1948 2665 1949 2701 1

1948 2707 1949 2737 1

1948 1472 1949 1490 1

1948 1592 1949 1622 1

1948 1649 1949 1693 1

1948 1700 1949 1736 1

1948 1737 1949 1773 1

1948 1778 1949 1799 1

1948 1907 1949 1938 1

1948 2065 1949 2091 1

1948 2482 1949 2498 1

1948 2562 1949 2598 1

1948 2665 1949 2701 1

1948 2707 1949 2737 1

1948 1472 1949 1490 1

1948 1592 1949 1622 1

1948 1649 1949 1693 1

1948 1700 1949 1736 1

1948 1737 1949 1773 1

1948 1778 1949 1799 1

1948 1907 1949 1938 1

1948 2065 1949 2091 1

1948 2562 1949 2598 1

1948 2665 1949 2701 1

1948 2707 1949 2737 1

1943 2871 1947 2905 1

1901 2783 1949 3048 ἐ
