3922 6430
212 782 245 807 δ

278 481 286 485 -
315 433 434 518 Ξεγ

1243 459 1308 522 S.
1341 457 1736 526 BRUNONIS
1781 462 2404 533 HERBIPOLENSIS
2450 469 2822 537 EPISCOPI.

3630 480 3740 546 288

313 588 351 642 2
456 591 526 647 In
553 587 644 646 die
671 589 1048 652 tribulationis
1066 609 1203 654 meat
1233 597 1403 653 Deum
1430 598 1726 671 exquisivi,
1785 600 1970 657 mani-
2000 599 2058 670 Α
2086 602 2123 656 7
2227 602 2492 678 Nunquid
2511 607 2573 664 in
2599 617 2875 669 ater-num
2898 611 3156 686 proficiet
3179 613 3320 672 Deus
3351 631 3371 673 :

537 679 635 736 bus
656 683 768 738 mei
794 687 950 740 nocte
973 692 1158 743 contra
1185 701 1311 744 eum
1342 703 1356 744 :

462 769 542 847 Et
567 785 678 828 non
703 787 824 828 sum
854 773 1119 849 deceptus.

393 875 440 932 Η
472 876 592 934 Ista
619 881 911 938 sententia
933 881 1070 940 talis
1099 888 1209 952 est,
1251 902 1318 943 ac
1365 885 1415 944 si
1460 883 1678 945 diéeret
1709 906 1724 945 :
1757 891 1971 948 Filium

321 963 547 1038 perdidi
576 983 798 1041 pauper
827 969 1014 1028 factus
1035 973 1438 1042 sum,incensa
1460 982 1549 1034 est
1579 979 1790 1036 domus
1821 997 1972 1050 mea,

322 1069 451 1142 non?
471 1070 666 1126 quiero
697 1055 841 1113 illud
865 1061 1016 1132 quod
1043 1063 1398 1134 perdidi,sed
1413 1065 1730 1124 Dominum
1744 1086 1973 1142 quaero;

317 1139 369 1198 si
397 1140 566 1200 illum
597 1143 844 1216 invenio,
874 1147 932 1204 in
979 1149 1105 1223 ipso
1135 1152 1335 1210 omnia
1366 1153 1570 1212 habeo.
1600 1157 1642 1214 C
1674 1139 1970 1226 Manibus,

321 1232 596 1320 operibus
624 1233 766 1291 dicit
788 1237 958 1294 bonis
989 1256 1004 1306 ;
1039 1247 1226 1309 nocte,
1251 1244 1457 1300 mundi
1483 1244 1660 1319 hujus
1681 1247 1977 1320 signiﬁcat

322 1319 519 1378 vitam.
551 1322 652 1381 llle
683 1341 883 1383 revera
912 1345 1028 1385 non
1060 1329 1368 1404 decipitur,
1401 1333 1495 1390 cui
1544 1319 1836 1409 promissa
1873 1339 1976 1396 Dei

321 1411 707 1484 complentur.
740 1415 786 1472 Η
818 1415 943 1484 Vel,
979 1436 1093 1474 non
1121 1437 1256 1478 sum
1289 1422 1568 1497 deceptus
1627 1427 1702 1481 ab
1744 1426 1979 1486 insidiis

320 1497 575 1570 diaboli;
610 1508 668 1559 et.
693 1503 842 1560 vide.
879 1505 993 1562 Isto
1024 1506 1084 1563 in
1117 1509 1688 1571 tribulationeDeum
1704 1517 1980 1575 manibus

320 1588 564 1659 quaerit;
601 1608 728 1659 nos,
763 1595 999 1665 quando
1037 1597 1412 1669 tribulamur,
1443 1601 1591 1658 nihil
1646 1603 1804 1662 aliud
1865 1607 1979 1664 nisi

321 1676 395 1734 de
413 1678 793 1738 tribulatione
822 1683 1151 1757 cogitamus
1180 1692 1237 1746 et
1265 1692 1701 1764 conquerimur.

321 1800 358 1856 3
463 1805 956 1866 Renuitconsolari
977 1813 1167 1870 anima
1194 1830 1360 1871 mea:
1419 1833 1627 1874 mmor
1660 1823 1750 1893 fui
1795 1823 1896 1878 Dei
1931 1831 1984 1880 et

535 1893 832 1954 delectatus
859 1915 1015 1956 sum:

467 1984 535 2039 Et
561 1987 891 2044 exercitatus
917 2005 1038 2046 sum
1067 1996 1120 2048 et
1147 1992 1342 2066 defecit
1364 1999 1598 2069 spiritus
1632 2005 1802 2058 'meus.

464 2073 806 2145 Diapsalma.

395 2180 436 2234 C
465 2180 760 2239 Consolari
791 2184 979 2244 noluit
1009 2187 1069 2244 in
1101 2193 1368 2263 praesenti
1393 2195 1463 2251 de
1495 2197 1669 2254 rebus
1699 2197 2002 2256 transito-‘

325 2265 430 2324 riis
459 2271 517 2324 et
545 2270 804 2340 caducis,
819 2278 884 2330 ut
911 2280 1188 2336 aeternam
1209 2282 1667 2342 consolationem
1693 2287 1984 2360 acciperet

323 2353 384 2412 in
417 2357 634 2415 futuro.
667 2359 998 2422 Delectatus
1026 2383 1182 2425 sum.
1213 2370 1360 2428 Nam
1391 2389 1526 2429 cum
1555 2374 1660 2432 Dei
1687 2353 1983 2435 memores

325 2461 558 2516 sumus,
588 2449 1090 2513 totiussuavitatis
1121 2474 1365 2516 munere
1422 2462 1721 2536 replemur
1751 2482 1766 2522 :
1815 2467 1980 2532 Quod

323 2533 418 2591 his
447 2536 638 2594 evenit
665 2540 766 2612 qui
789 2542 1147 2603 transitoriis
1178 2547 1386 2606 nolunt
1417 2533 1726 2610 consolari.
1750 2556 1980 2612 Exerci-

323 2627 516 2682 tntum
546 2641 608 2683 se
637 2628 779 2685 dicit
806 2629 866 2686 in
898 2631 998 2688 illa
1025 2637 1517 2710 contemplatione
1567 2642 1765 2699 divina
1798 2662 1812 2700 :
1845 2661 1981 2701 cum

324 2717 602 2804 tractaret
631 2718 790 2790 quali
821 2720 1111 2794 sapientia
1136 2724 1237 2782 Dei
1268 2733 1481 2786 cuncta
1507 2729 1801 2804 disponat,
1833 2734 1986 2790 defe-

325 2802 404 2859 cit
431 2803 678 2878 spiritus
707 2806 768 2864 in
790 2808 920 2882 ipsa
947 2813 1413 2874 consideratione
1429 2817 1552 2886 tali,
1573 2802 1692 2878 tam
1719 2821 1986 2881 innume-

325 2892 536 3041 rﬂiilia
564 2911 739 2969 opera
767 2897 890 2969 Dei,
922 2904 1041 2958 tam
1075 2901 1338 2977 ingentia
1359 2910 1851 2982 comprehendere
1867 2930 1984 2971 non

325 2997 358 3038 v
418 2999 545 3041 ens.

321 2997 524 3042 νωθηε
533 3026 545 3040 .

325 3091 357 3147 4
464 3091 912 3168 Auticipaverunt
940 3101 1164 3172 vigilias
1193 3105 1342 3162 oculi
1367 3109 1478 3162 mei
1501 3125 1522 3164 :

469 3184 738 3243 Turbatus
766 3204 889 3245 sum
925 3194 979 3248 et
1007 3207 1119 3248 non
1147 3209 1271 3249 sum
1299 3195 1532 3252 locutus.

392 3288 440 3347 H
469 3291 968 3366 Anticipaverunt,
1001 3297 1061 3354 id
1092 3304 1183 3356 est
1210 3305 1526 3376 antequam
1542 3303 1758 3378 aliquis
1787 3306 1988 3381 vigila-

320 3382 410 3470 ret
431 3395 538 3454 ego
566 3381 900 3456 vigilabam.
934 3387 1086 3460 Ergo
1117 3391 1444 3448 monachus
1477 3393 1577 3466 qui
1620 3411 1735 3452 non
1782 3395 1988 3470 vigilat

319 3467 480 3526 hunc
507 3486 744 3528 versum
793 3490 913 3531 non
973 3481 1169 3548 potest
1223 3479 1463 3536 dicere:
1521 3483 1795 3540 turbatus
1848 3467 1986 3542 sum

322 3557 494 3629 quasi
525 3556 701 3614 homo
725 3577 738 3627 ;
763 3577 880 3617 non
909 3579 1045 3620 sum
1077 3563 1334 3632 locutus,
1367 3573 1436 3625 ut
1459 3568 1863 3629 Christianum
1893 3574 1989 3630 de-

324 3648 454 3713 cet;
486 3644 852 3704 iracundiam
884 3649 942 3705 in
975 3653 1149 3709 corde
1173 3653 1378 3722 habui,
1429 3659 1530 3714 sed
1564 3675 1691 3715 eam
1724 3660 1784 3716 in
1814 3663 1988 3718 verbo

325 3749 443 3788 non
479 3733 712 3806 protuli.
747 3733 793 3792 Η
819 3736 947 3804 Vel,
967 3740 1244 3798 turbatus
1257 3759 1414 3815 sum,
1442 3747 1840 3805 recordatione
1862 3767 1990 3824 pec-

324 3820 591 3878 cantium
621 3839 726 3896 pro
749 3824 966 3898 quibus
996 3828 1226 3887 crucior
1253 3832 1592 3890 condolens.
1610 3835 1678 3892 Et
1697 3835 1828 3896 ideo
1859 3820 1991 3896 cau-

327 3926 457 3968 sam
482 3911 840 3972 turbationis
871 3917 1183 3993 subjungit
1217 3939 1235 3975 :

323 4017 362 4074 5
471 4018 718 4092 Cogitavi
742 4020 858 4080 dies
873 4025 1126 4100 antiquos

467 4107 536 4164 Et
565 4125 740 4168 annos
769 4112 1003 4171 avlernos
1037 4123 1094 4182 τι·
1142 4117 1203 4180 in
1231 4129 1410 4178 mente
1431 4122 1604 4180 habui
1646 4127 1660 4193 ζ
1707 4169 1718 4182 .

397 4213 439 4269 C
467 4214 727 4290 Cogitavi
758 4218 884 4278 dies
915 4222 1214 4297 antiquos,
1245 4227 1380 4284 Adae
1421 4228 1709 4302 videlicet,
1771 4234 1990 4308 quibus

323 4301 658 4362 humanum
684 4323 872 4381 genus
900 4313 1156 4384 peccatis
1186 4317 1500 4376 tenebatur
1542 4301 1884 4381 obnoxium.
1920 4325 1992 4383 Et

324 4407 512 4450 annos
531 4397 799 4464 aeternos,
828 4401 969 4474 quia
998 4402 1154 4460 sicut
1181 4403 1278 4463 isti
1314 4407 1440 4466 dies
1470 4411 1722 4486 antiqui,
1765 4413 1825 4470 in
1856 4415 1990 4488 qui-

325 4479 439 4538 bus
458 4499 688 4553 sumus,
719 4495 1018 4548 momento
1069 4500 1334 4567 pereunt,
1386 4498 1472 4555 sic
1520 4479 1716 4558 futuri
1752 4479 1892 4561 dies.
1934 4508 1993 4562 et

325 4570 464 4627 anni
495 4572 555 4628 in
586 4573 728 4633 ccelo
757 4579 1000 4650 perenni
1032 4580 1397 4658 longaevitate
1427 4589 1780 4649 consistunt.
1822 4593 1885 4649 In
1915 4592 1992 4650 is-

324 4659 402 4716 tis
450 4677 612 4721 mors
642 4664 1022 4739 dominatur;
1076 4671 1136 4728 in
1179 4672 1300 4730 illis
1346 4675 1466 4733 vita
1527 4683 1730 4752 regnat
1784 4697 1988 4757 perpe-

321 4752 445 4807 tua.

323 4859 360 4914 6
465 4860 532 4916 Et
555 4859 848 4920 meditatus
872 4881 996 4922 sum
1026 4875 1178 4924 nocte
1204 4885 1330 4926 cum
1352 4872 1510 4931 corde
1531 4891 1650 4934 meo
1681 4894 1702 4934 :

465 4956 521 5018 ἐς
565 4951 632 5007 Et
672 4957 693 5022 ξ
757 4953 1102 5012 exercitabar
1127 4964 1179 5013 et
1205 4960 1487 5019 scobebam
1521 4967 1989 5038 spiritummeum.

397 5055 440 5112 C
471 5055 783 5146 Meditatur
811 5059 990 5116 etiam
1023 5078 1158 5118 cum
1193 5066 1366 5124 corde
1397 5085 1524 5138 suo,
1579 5073 1680 5146 qui
1732 5073 1990 5132 animam

329 5142 471 5200 facit
501 5161 671 5201 suam
701 5145 924 5220 aliquid
947 5166 1082 5207 cum
1109 5151 1333 5212 ratione
1357 5142 1628 5220 tractare.
1645 5163 1996 5222 Exercemur

327 5248 483 5302 vero,
499 5236 737 5305 quando
760 5253 865 5309 per
884 5237 1266 5312 cogitationes
1289 5243 1635 5308 innumeras
1648 5255 1990 5313 aestuamus.

327 5321 374 5377 H
423 5321 766 5417 Scobebam
804 5326 1104 5417 spiritum,
1159 5331 1269 5390 hoc
1321 5339 1412 5392 est
1462 5339 1758 5399 fodiebam
1811 5344 1986 5417 quasi

329 5425 561 5483 agrum,
595 5415 660 5467 ut
691 5413 768 5470 ibi
801 5415 1096 5475 mitterem
1131 5437 1330 5479 semen
1364 5425 1641 5486 doctrinae
1661 5431 1786 5488 Dei.
1820 5413 1888 5489 Et
1908 5434 1992 5490 ita

326 5497 468 5554 dicit
495 5499 672 5557 etiam
705 5502 763 5558 in
796 5504 1129 5577 epistolaad
1157 5510 1442 5570 Sunniam
1465 5521 1523 5572 et
1547 5518 1842 5578 Fretulam
1865 5522 1995 5579 Hie-

330 5604 632 5662 ronymus,
666 5589 981 5650 dicendum
1013 5612 1142 5653 esse
1173 5603 1230 5656 et
1261 5601 1639 5664 scribendum
1659 5625 1808 5680 esse,
1842 5611 1995 5667 scili-

327 5681 426 5772 cet.
448 5679 780 5759 scobebam,
815 5680 870 5738 id
904 5687 995 5740 est
1025 5689 1332 5746 scrutabar
1361 5696 1418 5748 et
1473 5679 1992 5772 fodiebam,quasi

327 5765 428 5840 qui
460 5767 518 5828 in
549 5785 690 5844 agro
720 5769 932 5833 herbas
965 5776 1196 5848 quaerit.

2225 701 2282 766 -ξ-
2321 699 2416 769 εις
2485 718 2598 759 non
2625 711 2858 776 apponet
2883 709 2949 760 ut
2992 705 3366 778 complacitior
3419 708 3495 764 sit
3518 705 3742 764 adhuc?

2158 789 2199 842 C
2225 788 2504 864 Nunquid
2533 791 2818 866 proﬁciet,
2851 794 3072 852 scilicet
3097 811 3284 869 genus
3313 795 3744 864 bumanum,ut

2084 889 2203 932 non
2224 877 2508 938 adventus
2538 882 2632 939 sui
2665 883 3042 950 miseratione
3063 884 3260 958 ipsum
3291 886 3545 958 adjuvet.
3577 887 3742 944 Istud

2086 969 2357 1040 nunquid
2388 986 2503 1026 non
2541 977 2632 1027 est
2675 973 2943 1045 negantis
2976 973 3076 1032 sed
3121 975 3430 1032 afﬁrmatis
3453 993 3467 1044 ;
3493 983 3746 1050 apponet

2085 1053 2265 1123 enim,
2298 1056 2355 1114 id
2386 1063 2476 1115 est
2505 1061 2881 1133 praastabitut
2907 1062 3400 1137 eibeneplacitum
3431 1064 3511 1121 sit
3539 1064 3747 1121 huma-

2087 1161 2230 1202 num
2260 1163 2468 1220 genus.
2500 1150 2706 1207 Adhuc
2735 1151 3129 1224 exspectantis
3161 1157 3252 1210 est
3299 1169 3415 1210 non
3469 1152 3743 1220 dolentis.

2087 1233 2134 1291 Η
2165 1235 2296 1291 Haec
2326 1241 2450 1292 erat
2483 1239 2602 1294 tota
2629 1237 2901 1312 cogitatio
2932 1256 3100 1296 mea:
3133 1240 3289 1298 Deus
3327 1240 3627 1300 hominem
3656 1241 3745 1298 fe-

2085 1323 2186 1391 cit,
2219 1329 2277 1381 et
2305 1323 2483 1382 vitam
2515 1327 2789 1400 promisit
2816 1327 2868 1384 ei
2914 1333 3230 1398 aeternam;
3283 1331 3577 1404 quomodo
3605 1347 3746 1402 ergo

2087 1413 2160 1470 de
2187 1414 2460 1486 paradiso
2493 1421 2582 1473 est
2613 1417 2857 1487 eiectus,
2890 1422 2958 1475 ut
2987 1435 3100 1475 non
3153 1419 3391 1492 adjiciat
3437 1424 3502 1476 ut
3537 1420 3587 1477 ei
3621 1419 3746 1493 pla-

2088 1507 2216 1559 ceat
2243 1503 2437 1561 adhuc
2456 1505 2486 1561 ‘l

2089 1612 2125 1667 8
2233 1616 2352 1669 Aut
2385 1614 2442 1668 in
2471 1613 2638 1685 ﬁnem
2664 1615 3114 1672 misnrieordiam
3139 1633 3300 1674 suam
3325 1617 3562 1674 abseidet
3591 1636 3610 1672 :

2233 1701 2272 1757 Α
2303 1705 2656 1771 generatione
2685 1705 2746 1760 in
2773 1706 3179 1776 generationem
3200 1710 3227 1762 .'

2162 1789 2205 1846 C
2262 1789 2665 1848 Misericordia
2695 1792 2796 1850 Dei
2846 1797 2937 1851 est
2990 1795 3148 1867 quod
3204 1795 3276 1852 de
3307 1795 3489 1852 Maria
3523 1793 3750 1870 virgine

2093 1878 2254 1937 nasci
2284 1880 2562 1954 dignatus
2590 1885 2699 1938 est.
2724 1882 2884 1939 Hanc
2910 1883 3195 1941 Dominus
3210 1884 3584 1942 nonabscidit
3611 1901 3754 1959 age-

2011 1977 2061 2042 B
2092 1969 2412 2036 neratione,
2439 1970 2692 2027 Judaica
2719 1971 3005 2042 videlicet,
3037 1973 3099 2030 in
3129 1974 3560 2047 generationem
3605 1990 3748 2048 gen-

2089 2058 2262 2114 tium.
2295 2058 2342 2115 Η
2372 2057 2431 2114 id
2463 2064 2572 2127 est,
2606 2075 2710 2116 nec
2723 2059 3009 2130 aJudsais,
3027 2079 3131 2120 nec
3148 2063 3466 2136 agentibus
3477 2062 3744 2120 abscidit.

2090 2150 2132 2204 Ο
2161 2147 2224 2204 In
2256 2147 2436 2204 ﬁnem
2465 2165 2600 2205 vero
2630 2148 2925 2222 signiﬁcat
2973 2150 3398 2224 plenitudinem
3446 2153 3746 2226 temporis,

2090 2237 2162 2294 de
2193 2253 2310 2310 quo
2364 2237 2623 2294 Joannes
2681 2238 2766 2295 ait
2798 2256 2811 2296 :
2873 2239 3085 2309 Filioli,
3117 2240 3439 2300 novissima
3481 2241 3625 2299 hora
3659 2244 3752 2300 est

2091 2327 2277 2396 (Joan.
2313 2327 2398 2398 ιι).

2087 2415 2125 2470 9
2233 2417 2340 2472 Aut
2364 2416 2712 2475 obltviseelur
2737 2419 2989 2477 misereri
3014 2420 3156 2477 Deus
3177 2424 3203 2475 .9

2231 2507 2340 2564 Aut
2362 2509 2661 2565 continebit
2683 2509 2744 2564 in
2773 2510 2863 2565 ira
2881 2525 2986 2566 sua
3003 2511 3409 2568 misericordias
3434 2528 3563 2569 suos
3582 2515 3608 2567 Ρ

2235 2598 2580 2670 Diapsalma.

2163 2689 2204 2742 C
2231 2685 2377 2743 Hinc
2407 2687 2829 2760 pronuntiabat
2865 2689 3130 2746 misereri
3190 2695 3395 2760 Deum,
3453 2690 3593 2764 quia
3620 2692 3750 2762 ejus

2093 2775 2451 2849 prta-videbat
2476 2777 2816 2834 adventum.
2850 2778 2976 2836 Non
3026 2779 3201 2836 etiam
3231 2779 3291 2836 in
3323 2779 3410 2836 ira
3428 2781 3756 2838 continebit

2094 2865 2249 2923 Deus
2278 2864 2744 2924 misericordiam
2766 2884 2958 2938 suam,
2993 2869 3092 2926 sed
3129 2869 3186 2926 in
3217 2869 3619 2927 misericordia
3647 2887 3757 2928 sua

2094 2956 2168 3014 ab
2200 2955 2286 3012 ira
2315 2971 2378 3012 se
2408 2955 2608 3029 potius
2634 2955 2975 3014 abstinebit.

2096 3065 2166 3120 10
2241 3065 2305 3122 Ut
2333 3063 2458 3120 dixi
2488 3082 2506 3119 :
2537 3063 2696 3120 Nunc
2721 3067 2861 3137 εωρί
2879 3083 2899 3120 :

2235 3155 2365 3212 Haec
2389 3154 2620 3211 mutatio
2647 3152 2890 3213 dextere
2916 3155 3152 3213 Excelsi.

2163 3247 2206 3300 c
2229 3242 2381 3300 Dicit
2403 3242 2612 3300 etiam:
2644 3259 2801 3301 nunc
2831 3243 3001 3318 ccepi,
3028 3244 3252 3303 scilicet
3297 3262 3501 3321 sapere
3546 3245 3636 3304 vel
3667 3247 3756 3304 in-

2016 3351 2060 3419 c
2095 3331 2380 3406 telligere,
2411 3335 2469 3388 et
2498 3329 2641 3404 quid
2670 3331 2750 3388 sit
2779 3331 2926 3390 illud
2955 3333 3114 3407 quod
3162 3351 3320 3391 nunc
3364 3335 3538 3410 capit
3583 3353 3760 3410 expo-

2096 3420 2204 3488 nit,
2237 3419 2377 3493 quia
2405 3419 2516 3477 hoc
2546 3420 2694 3494 οωρὶ
2724 3419 3051 3497 intelligere
3077 3424 3238 3497 quod
3286 3429 3551 3482 sanctam
3593 3442 3762 3484 com-

2097 3508 2484 3566 mutationem
2515 3509 2752 3566 dextera
2779 3511 3036 3582 Domini,
3063 3511 3123 3568 id
3169 3517 3260 3570 est
3317 3513 3584 3572 Christus
3621 3531 3760 3572 con-

2097 3597 2287 3655 suevit
2332 3595 2394 3654 in
2424 3597 2596 3655 nobis
2651 3599 2902 3673 operari,
2943 3605 3009 3657 ut
3063 3601 3136 3659 de
3183 3602 3512 3660 conditione
3560 3604 3758 3661 saculi

2097 3687 2465 3753 commutati,
2498 3705 2832 3746 mereamur
2858 3689 2990 3762 ejus
3027 3689 3132 3748 ﬁlii
3165 3693 3510 3767 nuncupari.
3549 3692 3598 3750 H
3651 3691 3757 3750 Vel

2097 3776 2220 3834 huic
2253 3775 2524 3843 mutatio,
2556 3777 2713 3852 quod
2734 3778 2896 3851 juste
2921 3779 3171 3854 perditio
3191 3781 3288 3856 pie
3317 3782 3647 3841 miseretur.

2099 3883 2157 3942 ll
2240 3888 2450 3944 Memor
2474 3885 2566 3957 [ui
2591 3901 2819 3958 operum
2837 3888 3065 3944 Domini
3095 3906 3113 3943 :

2242 3974 2386 4044 Quia
2413 3989 2624 4030 memor
2651 3990 2742 4032 ero
2770 3974 2840 4031 ab
2869 3976 3035 4034 initio
3066 3976 3416 4036 mirabilium
3445 3984 3684 4037 tuorum.

2170 4062 2217 4119 II
2247 4062 2471 4118 Memor
2501 4062 2583 4119 fui
2617 4079 2861 4137 operum
2888 4064 2988 4121 Dei
3023 4081 3152 4138 qua
3182 4066 3396 4124 fecerat
3441 4067 3645 4141 Moysi,
3671 4069 3759 4127 vel

2099 4151 2234 4209 aliis
2261 4151 2500 4209 sanctis.
2535 4151 2577 4208 C
2609 4151 2939 4210 Memorem
2958 4155 3031 4210 ab
3058 4155 3228 4214 initio
3245 4157 3401 4230 quod
3415 4157 3550 4214 fecit
3573 4158 3761 4216 Adam

2099 4240 2172 4298 ad
2229 4239 2546 4314 imaginem
2583 4257 2776 4311 suam,
2808 4241 3020 4299 deinde
3053 4245 3209 4319 quod
3241 4244 3592 4304 oblationem
3621 4247 3764 4304 Abel

2090 4329 2242 4403 justi
2273 4334 2678 4403 susceperat,et
2708 4331 2864 4404 quod
2897 4331 2958 4388 in
2991 4349 3129 4390 arca
3155 4335 3276 4392 Noe
3294 4335 3508 4394 diversi
3529 4335 3760 4410 generis

2099 4420 2380 4479 animalia
2406 4419 2467 4477 in
2499 4421 2776 4495 mysterio
2808 4420 3077 4480 Ecclesiae
3077 4423 3357 4494 salvavit,
3373 4427 3528 4498 quod
3557 4431 3762 4500 typum

2097 4511 2386 4568 adventus
2416 4509 2583 4566 suiin
2615 4509 3084 4569 Isaacoblatione
3101 4511 3319 4570 caelesti
3346 4513 3767 4588 pietatemons-

2099 4597 2292 4666 travit,
2325 4601 2382 4656 et
2421 4597 2641 4656 similia
2669 4615 2799 4672 qua:
2847 4600 2920 4656 ab
2969 4599 3138 4659 initio
3183 4603 3478 4661 mirabilia
3505 4603 3763 4675 fuerunt,

2020 4729 2068 4796 Β
2100 4687 2162 4744 in
2183 4687 2403 4761 quibus
2435 4691 2634 4745 tamen
2656 4688 2938 4746 omnibus
2959 4688 3062 4748 Dei
3091 4691 3495 4750 misericordia
3539 4692 3768 4752 homini

2109 4793 2125 4796 -
2143 4781 2185 4796 _.
2204 4793 2217 4796 _
2231 4793 2257 4796 _
2278 4775 2394 4796 ,ειη
2408 4793 2431 4796 _

2099 4775 2451 4835 ostenditur.

2107 4885 2178 4940 12
2255 4889 2321 4944 Et
2344 4881 2652 4942 meditabor
2679 4886 2742 4941 in
2769 4887 3024 4944 omuibus
3051 4889 3308 4962 operibus
3335 4891 3443 4947 luis
3469 4907 3482 4945 :

2249 4974 2315 5029 Et
2336 4970 2824 5032 adinventionibus
2847 4977 2959 5032 tuis
2986 4979 3296 5036 exercebar.

2173 5061 2221 5119 Η
2253 5062 2404 5119 Tota
2433 5077 2565 5120 mea
2591 5063 2866 5138 cogitatio
2895 5065 2969 5123 de
3017 5067 3336 5126 virtutibus
3389 5069 3508 5126 tuis
3565 5073 3676 5139 est,
3710 5075 3774 5128 et

2101 5151 2430 5219 exercebor,
2465 5150 2507 5208 G
2531 5150 2590 5208 id
2620 5154 2800 5223 est,in
2829 5155 3268 5230 praceptistuis
3295 5157 3774 5218 salutaribushu°

2103 5240 2230 5298 mili
2256 5241 2559 5298 devotione
2588 5243 2888 5312 versabar,
2917 5245 3005 5302 vel
3039 5245 3368 5306 meditabor
3402 5247 3462 5306 in
3492 5247 3772 5308 omnibus

2104 5330 2403 5406 operibus,
2434 5330 2495 5388 id
2523 5336 2614 5389 est
2643 5332 2964 5406 Scripturis
2997 5335 3231 5395 divinis.

2104 5439 2174 5496 12
2245 5441 2392 5496 Deus
2422 5439 2486 5494 in
2511 5447 2698 5498 sancto
2721 5443 2838 5498 vita
2869 5449 2964 5500 tua
2983 5461 3001 5498 :
3035 5446 3160 5517 quis
3185 5447 3326 5504 Deus
3349 5461 3581 5518 magnus
3633 5447 3775 5505 sicut

2313 5530 2526 5594 Βαιθᾷ
2572 5537 2756 5588 noster
2797 5536 2812 5601 ζ
2877 5537 2902 5590 Ρ

2251 5617 2326 5672 Tu
2353 5632 2410 5672 es
2441 5623 2584 5675 Deus
2611 5622 2711 5692 qui
2734 5624 2876 5694 facis
2905 5623 3215 5681 mirabilia.
3341 5679 3347 5686 .

2104 5705 2171 5762 14
2245 5709 2444 5764 Notam
2473 5705 2664 5782 fecisti
2691 5713 2752 5767 in
2775 5713 2997 5786 populis
3026 5715 3285 5772 virtutem
3313 5720 3468 5770 tuam
3485 5731 3506 5770 :
3535 5713 3776 5773 redemi-

2320 5794 2392 5850 sti
2417 5795 2479 5851 in
2509 5795 2730 5856 brachio
2760 5806 2816 5869 σξ-
2863 5807 2952 5858 tuo
2974 5801 3244 5876 populum
3271 5809 3423 5860 mum
3463 5807 3480 5874 ζ
3524 5844 3540 5862 .
