3898 6518
126 542 248 606 289

216 638 410 733 ‘Filios
437 676 604 733 Iacob
629 684 682 734 et
707 673 915 749 Ioseph.

196 780 241 837 C
268 784 549 850 Sanctus,
582 781 849 839 Christus
874 785 965 838 est
993 781 1295 850 Dominus,
1346 781 1501 838 idem
1544 783 1669 855 ipse
1697 787 1788 839 est

123 869 249 939 via;
278 870 384 942 qui
418 870 587 942 juste
637 870 852 927 dicitur
892 870 986 927 via
1023 870 1231 939 Patris,
1261 870 1399 944 quia
1445 888 1550 944 per
1590 871 1786 945 ipsum

125 959 637 1031 quemadmodum
683 958 939 1016 Trinitas
982 959 1193 1016 colitur
1238 959 1578 1033 accipimus.
1637 960 1790 1016 Dicit

122 1048 284 1104 enim
317 1065 331 1103 :
366 1046 767 1120 Ite,baptisate
798 1063 1003 1104 omnes
1033 1050 1235 1119 gentes
1264 1048 1323 1102 in
1346 1047 1581 1103 nomine
1603 1048 1789 1103 Patris

124 1140 181 1191 et
207 1132 341 1191 Filii
373 1139 432 1191 et
458 1135 715 1207 Spiritus
748 1136 935 1192 sancti
967 1136 1185 1208 (Matth.
1236 1135 1453 1208 xxvm).
1488 1136 1534 1191 H
1567 1136 1654 1192 Dii
1701 1135 1787 1193 di-

126 1226 351 1280 cuntur
382 1224 574 1280 sancti
604 1222 931 1280 secundum
962 1224 1234 1298 gratiam,
1264 1229 1325 1279 tu
1368 1241 1503 1281 vero
1552 1228 1787 1282 natura-

127 1311 261 1368 liter
290 1312 453 1369 Deus
483 1328 567 1381 es,
599 1316 659 1368 et
688 1316 753 1367 tu
782 1312 958 1368 etiam
988 1329 1056 1369 ex
1086 1315 1295 1368 natura
1324 1311 1485 1368 solus
1511 1313 1653 1369 facis
1680 1312 1788 1368 mi-

129 1399 344 1456 rabilia
375 1400 822 1473 quotidie.Deus
851 1394 989 1456 facit
1018 1399 1403 1468 mirabilia,ut
1434 1400 1492 1455 in
1524 1399 1745 1456 latrone
1774 1418 1787 1469 ;

131 1489 259 1544 heri
289 1487 465 1555 latro,
497 1487 673 1544 hodie
698 1487 1085 1545 Christianus.
1104 1487 1267 1543 Alius
1298 1487 1423 1544 heri
1454 1488 1789 1555 fornicator,

133 1577 306 1633 hodie
357 1576 705 1646 continens;
760 1576 884 1633 heri
934 1577 1198 1650 rapiehas
1241 1576 1450 1644 aliena,
1483 1577 1654 1633 hodie
1691 1581 1794 1633 tua

134 1664 413 1738 porrigis.

201 1754 246 1810 C
275 1754 492 1810 Notam
522 1753 731 1823 fecisti,
765 1752 988 1810 scilicet
1017 1770 1153 1809 cum
1172 1810 1179 1811 ,
1200 1752 1260 1809 in
1309 1753 1465 1810 hunc
1507 1755 1792 1810 mundum

138 1842 351 1899 misisti
374 1842 697 1899 Dominum
726 1841 1213 1915 Salvatorem,qui
1246 1842 1346 1899 Dei
1378 1842 1564 1898 virtus
1593 1847 1651 1898 et
1691 1842 1793 1898 Dei

134 1930 558 2003 sapientia'est
603 1931 653 2000 (I
680 1930 802 1988 Cor.
838 1930 917 2001 1);
949 1934 1007 1986 et
1054 1935 1230 1987 notus
1276 1934 1504 1986 tantum
1555 1946 1793 2003 corpore

134 2017 477 2076 inﬁdelibus
506 2017 762 2092 populis,
791 2018 1064 2075 fidelibus
1090 2023 1285 2075 autem
1317 2024 1374 2075 et
1402 2020 1795 2087 divinitate,ut
1824 2041 1870 2107 Β

135 2112 250 2175 est;
283 2108 450 2163 Beati
484 2107 707 2162 mundo
738 2108 930 2163 corde.
966 2108 1007 2163 ll
1053 2107 1094 2163 C
1147 2107 1411 2164 Redemit
1442 2108 1499 2163 in
1532 2107 1790 2175 brachio,

140 2195 194 2249 id
223 2199 314 2251 est
342 2195 402 2250 in
438 2194 605 2251 Filio.
643 2194 819 2251 Filios
862 2194 1062 2263 Jacob,
1095 2194 1402 2252 Judaicam
1446 2194 1711 2268 plebem:
1738 2200 1796 2251 et

139 2283 667 2356 Joseph,gentilem
698 2282 1017 2356 populum;
1050 2283 1149 2354 qui
1180 2284 1231 2339 ei
1261 2284 1493 2339 credere
1514 2300 1657 2355 puro
1679 2299 1800 2339 cor-

142 2372 211 2426 de
251 2369 615 2426 maluerunt.
644 2370 863 2443 Joseph
896 2371 1053 2426 enim
1085 2380 1433 2443 augmentum
1464 2372 1798 2443 interpreta-

143 2466 256 2526 tur,
285 2459 477 2516 Judasi
507 2474 645 2531 ergo
676 2462 1117 2531 praecesserunt,
1150 2463 1205 2513 et
1234 2475 1341 2514 nos
1371 2459 1628 2530 adjuncti
1665 2459 1798 2515 lide-

144 2548 297 2605 libus
317 2563 553 2605 sumus.

148 2657 213 2711 15
290 2655 565 2711 Viderunt
592 2662 642 2710 te
670 2669 851 2728 aquae,
884 2659 1045 2723 Deus,
1076 2653 1333 2711 viderunt
1358 2662 1409 2711 te
1437 2670 1599 2728 aqua?
1645 2663 1696 2711 et
1720 2657 1795 2711 ti-

352 2746 620 2799 muerunt
641 2762 660 2797 :

284 2833 350 2889 Et
378 2832 623 2889 turbatae
649 2839 780 2889 sunt
804 2831 1009 2905 abyssi.

132 2916 137 2921 ’
215 2920 844 2993 νὶάθισιιηιιθαᾳυωρᾶ
876 2920 1190 2993 est,populi
1215 2921 1479 2994 gentium
1510 2921 1798 2977 credendo

150 3012 503 3078 timuerunt;
537 3008 895 3066 conturbata:
927 3012 1067 3064 sunt
1094 3009 1310 3082 abyssi,
1343 3009 1383 3065 C
1432 3010 1540 3066 hoc
1570 3015 1659 3066 est
1687 3009 1795 3065 bu-

151 3116 320 3156 mana
347 3098 531 3155 corda
562 3098 871 3154 tenebrosa
901 3114 1027 3169 quae
1053 3097 1167 3154 ista
1218 3097 1437 3154 salubri
1471 3098 1799 3153 turbatione

152 3204 422 3251 conversa
444 3191 609 3243 sunt.
643 3186 691 3241 H
721 3185 825 3241 Vel
859 3202 1043 3258 aquae,
1076 3190 1299 3242 mentes
1345 3190 1401 3242 et
1453 3187 1659 3242 animae
1692 3203 1798 3258 pu-

155 3292 226 3331 ra:
257 3279 395 3332 sunt
423 3280 482 3332 et
510 3276 871 3342 timuerunt;
917 3275 1017 3331 sed
1050 3275 1228 3331 timor
1260 3291 1373 3330 non
1406 3275 1514 3331 fuit
1545 3276 1615 3330 de
1645 3275 1795 3330 odio.

156 3365 253 3420 sed
284 3365 415 3421 fide.

162 3455 224 3510 16
294 3452 588 3509 Multitudo
616 3454 826 3508 sonitus
856 3468 1126 3525 aquarum
1147 3471 1165 3507 :

296 3542 484 3599 Vocem
509 3541 779 3598 dederunt
807 3543 994 3597 nubes.

223 3631 265 3687 Ο
295 3629 611 3686 Multitudo
633 3634 724 3685 est
739 3630 968 3685 sonitus
989 3629 1536 3701 aquarum,quando
1554 3627 1804 3701 psalmo-

160 3720 251 3775 dia
280 3718 470 3776 dulcis
499 3718 741 3775 etl'ertur
770 3717 1281 3789 Domino,quando
1308 3717 1626 3789 gemitibus
1651 3721 1707 3772 et
1725 3717 1805 3772 la-

162 3809 366 3880 crymis
391 3807 569 3880 culpa
597 3805 1064 3863 diluitur.Nubes
1086 3805 1374 3879 signiﬁcat
1402 3806 1805 3879 praedicatores

162 3898 256 3968 qui
285 3913 485 3953 vocem
515 3895 807 3952 dederunt
832 3911 968 3950 cum
999 3899 1285 3967 praecepta
1305 3894 1404 3950 Dei
1426 3894 1808 3967 vulgaverunt

162 4001 259 4057 per
285 3989 473 4041 totum
505 3984 902 4053 mundum,ex
933 4000 1050 4056 qua
1077 3982 1408 4056 vulgatione
1439 3984 1667 4039 sonitus
1698 3983 1807 4040 iste

161 4090 442 4146 aquarum
474 4072 763 4147 provenit.

162 4180 225 4233 17
298 4180 514 4235 Etenim
538 4180 756 4250 sagitta?
785 4186 899 4235 tua:
920 4182 1207 4234 transeunt
1234 4194 1248 4233 :

299 4273 418 4325 Vox
447 4269 689 4324 tonitrui
715 4268 801 4323 tui
828 4268 890 4321 in
918 4273 1057 4331 rota,

227 4356 267 4411 C
312 4356 569 4429 Sagittae
600 4354 698 4411 hic
736 4353 1122 4428 evangelistas
1169 4352 1330 4421 dicit,
1381 4354 1481 4426 qui
1533 4352 1808 4427 pradica-

161 4443 414 4501 tionihus
444 4443 573 4501 suis
605 4444 848 4500 devotos
875 4460 1061 4515 usque
1084 4443 1155 4498 ad
1179 4441 1371 4498 cordis
1396 4440 1604 4497 intima
1633 4442 1812 4497 medi-

163 4530 419 4587 cinaliter
437 4531 1021 4597 transfoderunt,non
1047 4528 1267 4586 inﬂicto
1286 4529 1523 4585 vulnere
1544 4530 1643 4585 sed
1657 4529 1811 4586 salu-

166 4620 346 4676 te.Per
369 4624 559 4677 rotam
588 4620 791 4676 orbem
831 4623 1121 4677 terrarum
1151 4617 1311 4685 dicit,
1337 4617 1438 4691 qui
1463 4618 1521 4673 in
1557 4618 1808 4690 speciem

167 4713 296 4764 rotae
323 4709 686 4765 rotunditate
715 4707 1104 4776 concluditur,
1124 4706 1222 4762 ubi
1251 4724 1359 4762 vox
1388 4705 1811 4778 praedicationis

169 4797 704 4871 conspergitur.Sed
738 4796 849 4853 illa:
894 4796 1081 4853 nubes
1134 4793 1235 4851 illa
1272 4794 1531 4850 tonitrua
1560 4794 1700 4882 quid
1731 4795 1810 4850 fe-

170 4885 345 4941 cerint
374 4885 671 4942 subditur.

173 4990 235 5044 18
304 4992 622 5048 "luxerunt
648 4992 1046 5049 coruscationes
1076 4997 1188 5048 tua:
1216 4989 1338 5046 orbi
1366 4996 1529 5046 terra!
1560 5005 1573 5043 :

304 5080 595 5147 Commota
609 5084 689 5137 est
716 5084 771 5136 et
797 5080 1124 5136 contremuit
1153 5086 1316 5135 terra.

237 5166 277 5222 C
305 5166 630 5224 Illuxerunt
657 5167 1115 5235 coruscaticnes,
1166 5165 1226 5221 id
1273 5169 1382 5234 est,
1428 5164 1625 5221 divina
1668 5180 1812 5237 prae-

174 5259 330 5327 cepta
354 5255 621 5315 veritatis
649 5255 874 5313 lumine
903 5254 1211 5313 radiantia.
1243 5258 1573 5310 Commotos
1600 5257 1659 5308 et
1698 5257 1817 5310 tre-

177 5341 443 5401 mefactae
474 5342 610 5402 illos
638 5344 906 5418 dicit,qui
927 5343 1170 5401 verbum
1194 5341 1287 5399 Dei
1314 5340 1561 5397 ﬁdeliter
1581 5341 1819 5397 audien-

180 5434 278 5499 tes,
309 5433 378 5489 ad
404 5433 851 5491 emendationis.
871 5432 1137 5491 studium
1167 5429 1380 5487 Christi
1410 5446 1649 5486 munere
1689 5445 1816 5504 per-

181 5526 466 5578 venerunt.

185 5626 246 5679 19
310 5630 368 5686 In
395 5633 544 5687 mari
569 5632 665 5689 via
693 5639 791 5689 tua
819 5638 873 5688 et
895 5630 1112 5687 semita
1150 5635 1262 5685 tuae
1290 5628 1352 5684 in
1381 5628 1539 5699 aquis
1581 5626 1769 5683 multis
1800 5641 1814 5680 :

313 5719 374 5774 Et
401 5722 636 5792 vestigia
664 5728 760 5777 tua
788 5736 895 5777 non
922 5723 1327 5788 cognoscentur.

250 5803 288 5863 C
317 5806 374 5864 In
404 5808 640 5879 mari,id
671 5809 847 5878 est,in
878 5804 1331 5884 cogitationibus
1361 5803 1819 5885 hominumque

1358 538 1768 607 EXPOSITIO
1812 540 2315 607 PSALMORUM.

1446 677 1785 750 Diapsalma.
1816 677 1871 744 Α
1898 675 2055 732 velut
2079 691 2239 733 mare
2255 676 2659 745 fluctuant,ubi
2676 674 2941 733 Christus
2957 675 3131 734 habet
3147 679 3529 752 vias,quando

3408 550 3528 610 290

1895 780 1995 820 eos
2019 764 2207 837 gratia
2236 781 2342 821 sua
2372 764 2482 822 sibi
2515 765 3043 839 subdiderit.Aqua:
3068 767 3263 823 multa:
3294 786 3527 825 conver-

1897 869 2096 908 sarum
2120 853 2293 909 turba
2320 853 2601 926 gentium,
2619 854 2718 909 ubi
2748 857 2888 909 sunt
2915 855 3135 911 semita:
3166 854 3435 923 Dei,dum
3458 857 3529 911 ad

1896 956 1996 997 eos
2024 939 2218 996 venire
2243 939 2697 1013 dignaturzqirod
2737 940 2879 996 dicit
2906 941 3151 1014 vestigia
3178 946 3280 998 tua
3307 959 3423 998 non
3444 959 3535 998 co-

1895 1029 2567 1102 gnoscentur,signiﬁcat
2585 1028 2952 1101 praesentiam
2977 1030 3334 1102 corporalem
3356 1046 3534 1103 quam

1897 1116 2150 1189 populus
2178 1116 2458 1172 Judaicus
2487 1120 2801 1190 agnoscere
2826 1116 3031 1173 noluit.

1896 1206 1967 1261 20
2039 1205 2323 1263 Deduxisti
2348 1207 2488 1262 sicut
2513 1222 2634 1262 oves
2659 1206 2922 1278 populum
2950 1214 3107 1263 tuum
3140 1224 3153 1262 :

2038 1295 2100 1349 In
2129 1310 2297 1349 manu
2327 1295 2496 1367 Moysi
2521 1302 2575 1350 et
2602 1300 2812 1351 Aaron.

1969 1382 2010 1438 C
2039 1383 2279 1439 Deducti
2309 1387 2448 1439 sunt
2475 1382 2631 1440 enim
2663 1382 2859 1455 populi
2881 1384 3254 1440 Hebraeorum
3278 1383 3334 1438 in
3358 1398 3537 1439 manu

1901 1471 2083 1545 Moysi
2107 1474 2165 1527 et
2190 1471 2464 1539 Aaron,id
2490 1476 2581 1527 est
2609 1472 3145 1545 operatione,quam
3176 1472 3538 1529 diversorum

1900 1560 2315 1616 miraculorum
2347 1560 2599 1616 novitate
2631 1559 2936 1617 faciebant.
2969 1562 3039 1615 Et
3068 1560 3367 1617 benedixit
3387 1559 3542 1617 sicut

1899 1664 2032 1705 oves
2063 1652 2119 1704 et
2149 1665 2263 1703 non
2296 1647 2580 1719 absolute,
2607 1664 2761 1718 oves,
2796 1649 2894 1703 sed
2928 1650 3080 1703 sicut
3107 1665 3262 1715 oves,
3292 1647 3393 1720 qui
3423 1663 3539 1703 non

1901 1736 2186 1792 credendo
2213 1736 2348 1792 facti
2374 1740 2513 1792 sunt
2540 1734 2710 1791 hzedi.
2745 1736 2972 1808 Moyses
3009 1734 3421 1807 interpretatur
3447 1751 3540 1790 as-

1902 1829 2191 1897 sumptus.
2225 1828 2412 1880 Aaron
2446 1822 2803 1880 fortitudinis
2833 1840 3022 1890 mons,
3055 1840 3182 1896 quaa
3204 1824 3442 1880 nomina
3464 1823 3545 1895 ip—

1902 1930 2103 1969 sorum
2132 1912 2378 1969 virtutes
2409 1927 2558 1984 quas
2589 1912 2842 1968 fecerant
2870 1912 3222 1985 exprimunt.

2331 2035 2533 2074 ORATIO
2571 2035 2641 2073 EX
2681 2034 2838 2073 PSAL.
2880 2035 3063 2074 LXXVI.

1975 2124 2331 2180 Mirabilium
2387 2124 2651 2180 omnium
2720 2129 2988 2197 operator
3062 2123 3372 2193 immense,
3443 2123 3543 2194 qui

1903 2214 2201 2285 quondam
2234 2229 2417 2285 aquas
2450 2212 2507 2267 in
2541 2216 2779 2285 aspectu
2809 2218 2909 2268 tuo
2940 2213 3232 2279 sistentes,
3272 2211 3543 2283 deinceps

1904 2302 1962 2357 in
1985 2302 2121 2368 vina
2152 2302 2391 2357 mutasti
2425 2318 2437 2358 :
2475 2306 2529 2356 te
2559 2300 2861 2356 humiliter
2892 2299 3293 2372 imploramus,
3328 2304 3393 2355 ut
3413 2315 3543 2355 sus-

1904 2393 2069 2462 cepta
2126 2406 2257 2445 voce
2310 2388 2581 2445 clamoris
2638 2389 2843 2454 nostri,
2886 2387 3343 2443 misericordiam
3376 2386 3544 2443 nobis

1903 2482 2102 2550 (quam
2130 2494 2431 2549 nunquam
2462 2475 3249 2549 Oblivisceris}!argiaris.Qui
3282 2492 3415 2531 cum
3438 2476 3543 2531 Pa-

1904 2572 1992 2622 tre
2023 2570 2077 2621 et
2106 2566 2269 2633 Filio,
2304 2571 2411 2621 etc.

2416 2680 2742 2736 PSALMUS
2779 2679 3039 2736 LXXVII.

2305 2785 2706 2825 ARGUMENTUM
2749 2786 2906 2825 PSAL.
2948 2782 3156 2825 LXXVII.

1975 2885 2015 2939 C
2046 2887 2167 2939 Vox
2196 2883 2488 2957 propheta;
2521 2884 2593 2939 ad
2622 2883 2873 2951 Judaeos,
2906 2882 3303 2940 enumerantis
3331 2886 3549 2954 quanta

1907 2988 2148 3027 munera
2177 2972 2327 3028 Deus
2359 2972 2442 3028 eis
2472 2971 2854 3040 tribuerit,vel
2885 2971 3178 3027 mirabilia
3206 2970 3544 3037 ostenderit,

1907 3059 2211 3133 qualisque
2241 3061 2301 3115 in
2332 3060 2416 3116 eis
2444 3060 2702 3116 vindicta
2730 3060 3075 3132 provenerit.

2380 3149 2496 3205 TT.
2530 3149 2842 3205 Intellectus
2870 3149 3065 3220 Asaph.

1977 3240 2017 3293 ι]
2048 3237 2262 3310 Asaph,
2294 3241 2361 3293 ut
2389 3236 2609 3292 dictum
2637 3240 2745 3303 est,
2782 3236 3015 3293 Hebraea
3063 3236 3264 3309 lingua
3309 3251 3553 3308 synago-

1907 3326 2267 3399 gam,Latine
2288 3324 2682 3402 collectionem
2715 3324 3036 3397 significat;
3071 3326 3170 3380 sed
3203 3324 3344 3397 quia
3390 3323 3554 3379 intel-

1828 3400 1871 3466 C
1910 3415 2121 3470 lectum
2154 3400 2689 3487 praemisitﬁdelem
2708 3413 2800 3469 hic
2816 3429 3171 3486 synogagam
3196 3411 3354 3484 loqui
3375 3427 3550 3484 posse

1908 3503 2241 3559 declaravit.

1911 3594 1935 3646 1
2049 3591 2321 3647 Attendite
2343 3592 2541 3663 popule
2569 3607 2719 3647 meus
2749 3591 2918 3661 legem
2946 3606 3124 3647 meam
3156 3604 3169 3644 :

1988 3732 1996 3738 .
2052 3680 2317 3736 Inclinate
2343 3696 2534 3735 aurem
2559 3687 2789 3735 vestram
2820 3681 2878 3733 in
2906 3678 3069 3734 verba
3098 3679 3208 3733 oris
3236 3679 3364 3733 mei.

1981 3774 2021 3824 Ο
2050 3769 2113 3824 In
2140 3769 2250 3825 hoc
2280 3768 2565 3840 principio
2596 3767 2855 3840 loquitur
2879 3766 3158 3840 Deus,qui
3190 3782 3292 3839 per
3320 3766 3555 3839 Moysen

1910 3858 2099 3931 legem
2129 3856 2289 3913 dedit
2316 3856 2865 3913 HebraeisAttendit
2894 3859 3086 3912 autem
3119 3855 3442 3927 audita,qui
3466 3872 3558 3911 res

1913 3947 2099 4002 dictas
2130 3946 2337 4001 devota
2384 3949 2575 4001 mente
2623 3943 2998 4017 perspexerit.
3031 3943 3291 4016 Populus
3342 3960 3508 3999 meus
3542 3961 3555 3998 :

1913 4034 2044 4091 illos
2075 4033 2215 4089 dicit
2244 4033 2344 4105 qui
2375 4034 2502 4105 ejus
2536 4032 2829 4089 mandatis
2876 4032 3243 4088 obediebant.
3276 4030 3560 4087 Inclinare

1914 4122 2287 4196 cognoscitur
2315 4138 2516 4178 aurem
2548 4121 2844 4193 suam,qui
2874 4125 2994 4177 toto
3025 4121 3193 4176 corde
3215 4118 3338 4175 vult
3361 4118 3562 4175 audita

1916 4210 2207 4284 percipere
2240 4226 2254 4265 :
2290 4210 2443 4265 unde
2468 4209 2621 4265 sicut
2648 4225 2751 4282 per
2779 4209 2888 4265 hoc
2910 4209 3065 4280 quod
3090 4207 3237 4264 dixit
3258 4206 3560 4274 attendite,

1915 4298 2273 4355 intellectum
2294 4297 2466 4369 jubet
2495 4313 2806 4369 apponere,
2836 4297 2918 4353 ita
2948 4313 3050 4369 per
3078 4295 3187 4352 hoc
3219 4295 3372 4365 quod
3400 4294 3561 4361 dicit,

1917 4386 2191 4443 inclinate
2235 4402 2457 4452 aurem,
2510 4385 2782 4441 affectum
2834 4384 3106 4441 audiendi
3158 4384 3411 4456 praecipit
3456 4382 3560 4441 ha-

1916 4476 2073 4532 bere.
2105 4475 2152 4530 H
2181 4473 2280 4531 Vel
2313 4474 2444 4541 ista,
2477 4478 2533 4529 et
2580 4474 2879 4545 sequentis
2928 4489 3152 4540 versus,
3200 4472 3377 4527 verba
3421 4474 3563 4528 sunt

1917 4563 2151 4620 Christi.

1918 4656 1953 4707 2
2059 4652 2311 4724 Aperiam
2333 4652 2395 4706 in
2418 4650 2699 4722 parabolis
2724 4666 2782 4707 os
2809 4667 2984 4707 meam
3016 4669 3034 4705 :

2059 4741 2273 4813 Loquar
2294 4740 2687 4811 propositiones
2715 4740 2784 4795 ab
2812 4740 2996 4795 initio.
3502 4774 3505 4777 ‹

1990 4830 2032 4885 C
2061 4827 2339 4885 Parabola
2367 4827 2522 4884 enim
2551 4827 2746 4884 Graeco
2777 4826 3055 4884 vocabulo
3085 4826 3301 4882 dicitur
3350 4822 3560 4880 simili-

1917 4919 2059 4975 tudo
2091 4936 2105 4974 :
2137 4917 2372 4990 quando
2419 4915 2561 4972 illud
2610 4916 2765 4988 quod
2811 4915 3057 4989 intelligi
3105 4913 3400 4980 volumus,
3456 4926 3561 4985 per

1920 5007 2146 5079 aliquas
2176 5004 2637 5077 comparationes
2668 5003 3017 5060 indicamus.
3052 5001 3498 5076 Praepositiones
3548 5015 3563 5055 :

1921 5095 2200 5152 obscuras
2232 5097 2288 5150 et
2315 5093 2543 5149 abditas
2572 5091 2866 5165 signiﬁcat
2894 5090 3264 5164 quaestiones,
3296 5105 3423 5162 quae
3462 5086 3566 5143 ad-

1921 5182 2108 5239 hibita
2135 5181 2527 5254 disputatione
2556 5179 2841 5237 solvenda:
2873 5182 3030 5235 sunt.
3063 5178 3226 5244 Quod
3256 5192 3389 5233 vero
3419 5174 3567 5231 dicit

1924 5271 1995 5327 ab
2027 5270 2213 5338 initio,
2242 5268 2509 5325 videlicet
2535 5267 2762 5325 Veteris
2793 5265 3152 5324 Testamenti
3183 5263 3459 5338 intellige.

1922 5361 1957 5415 3
2067 5360 2281 5429 Quanta
2303 5358 2614 5414 audivimus
2641 5365 2693 5412 et
2719 5358 3065 5426 cognovimus
3082 5361 3138 5421 -Ξ-
3165 5371 3229 5411 ea
3258 5360 3284 5437 Δξ

2066 5450 2133 5504 Et
2156 5456 2336 5520 patres
2363 5448 2537 5502 nostri
2564 5453 2929 5502 narraverunt
2949 5445 3126 5501 nobis.

1998 5537 2046 5593 H
2075 5537 2303 5601 Quanta
2328 5534 2662 5592 audivimus
2696 5552 2709 5591 :
2741 5534 2850 5590 hoc
2880 5533 3129 5607 pertinet
3156 5532 3228 5588 ad
3256 5526 3565 5602 apostolos.

1926 5626 1996 5681 Et
2045 5623 2423 5699 cognovimus
2452 5638 2521 5679 ea
2552 5638 2565 5678 :
2599 5640 2635 5679 a
2676 5621 3023 5695 patriarchis
3071 5625 3130 5677 et
3175 5612 3567 5699 prephetissC

1926 5698 2141 5771 Patres,
2172 5730 2310 5771 suos
2342 5730 2356 5768 :
2383 5711 2617 5784 Moysen
2667 5715 2726 5767 et
2772 5709 2917 5767 alios
2967 5707 3298 5782 prophetas,
3350 5701 3449 5774 qui
3497 5698 3568 5755 de

1932 5802 2159 5859 Domini
2190 5802 2439 5871 adventu
2471 5797 2659 5858 multa
2687 5797 2863 5863 locuti
2896 5800 3052 5869 sunt,
3079 5793 3239 5851 dicit.
