4822 6416
520 414 671 480 1561

1938 418 2145 487 νιτΑ.
2176 458 2255 473 --
2286 415 2431 487 LIB.
2478 416 2554 487 ll.

3772 419 3933 492 {369

518 552 1599 639 ctisquecervicibusinterlieiunt,hoc
1617 552 1911 639 eicrimi‘ni
1933 558 2159 624 dantes,
2192 565 2244 630 Α
2276 563 2485 639 tneque
2510 560 2661 629 quod
2685 560 2901 639 tradita
2926 558 3183 639 civitate,
3213 552 3302 613 vis
3334 558 3630 639 concitatas
3658 559 3925 639 multitu-

518 628 675 695 quod
696 625 959 677 homines
978 628 1317 693 plerumque
1334 628 1571 689 magicis
1591 628 1809 681 artibus
1824 630 2163 685 dementare

520 698 805 749 infamata
831 698 1053 748 fuisset.
1091 698 1197 747 Sed
1236 704 1337 748 nec
1371 699 1561 749 secius
1614 702 1994 754 commodiori
2030 710 2167 755 tem-

520 786 679 839 pore.
715 776 769 821 et
817 776 1103 837 pacatiore
1136 768 1332 820 anima
1364 772 1651 822 vindicare
1703 772 2047 826 debuerant.
2086 775 2168 826 ln-

521 842 811 893 duxerant
855 842 1027 892 etiam
1078 839 1131 890 in
1188 856 1449 892 animum
1504 842 1552 894 si
1607 858 1718 895 non
1755 844 1890 911 fuga
1922 845 2011 897 vix
2043 861 2169 897 eva-

519 913 715 973 sisset,
753 912 1120 963 .\bbatis-am
1179 912 1458 979 perimere
1514 913 1582 964 de
1616 922 1668 965 δ.
1704 915 1947 975 (LL-cilia,
1984 916 2167 969 Solam

522 985 730 1036 mortis
758 984 883 1047 ejus
916 1000 1152 1034 causam
1190 988 1492 1043 habentes,
1547 985 1698 1051 quod
1730 987 2169 1055 archiepiscopo

520 1054 1031 1119 Consanguuiitate
1057 1056 1457 1119 juugebatur:
1492 1056 1680 1107 adhuc
1712 1063 1767 1109 et
1802 1054 2171 1112 sceleratiora

519 1127 760 1193 aggredi
791 1126 1252 1181 Sltlltli'lilPSJlisl
1283 1132 1429 1177 licus
1451 1128 1699 1179 Coloniie
1723 1129 2022 1189 misertus,
2043 1132 2167 1182 bre-

518 1204 735 1249 vmsset
767 1198 890 1248 dies
924 1205 1187 1248 amentur
1220 1213 1441 1249 eorum.
1472 1198 1750 1251 l’rreterca
1775 1202 2023 1267 juvenes
2062 1201 2169 1253 im-

523 1286 722 1347 pigros
756 1272 949 1325 citato,
986 1276 1269 1347 quantum
1308 1277 1563 1338 possent,
1624 1273 1805 1336 gradu
1858 1272 1927 1324 ad
1977 1288 2168 1339 regem

523 1340 856 1407 irojubent.
893 1342 1160 1392 nuntiare
1212 1340 1259 1391 ei
1307 1358 1431 1408 qum
1466 1348 1627 1407 gesta
1656 1344 1908 1401 fuerant,
1941 1351 1995 1395 et
2028 1360 2167 1411 sug-

522 1429 723 1479 gerere
749 1418 809 1463 ut
835 1420 1184 1481 quantocius
1230 1418 1439 1469 veniat.
1478 1420 1771 1465 vacantem
1807 1415 2044 1484 expulso
2079 1432 2167 1467 ar-

520 1482 1212 1553 chiepisCopoa-ivitatu-in
1239 1500 1557 1552 occupare:
1588 1486 1729 1537 ineo
1756 1482 1893 1538 verti
1920 1487 2169 1539 salutem

520 1555 799 1617 civitatis,
830 1560 883 1606 et
911 1556 1094 1623 ipsius
1120 1555 1424 1607 utilitatem
1463 1573 1801 1613 maxunam.
1836 1566 1894 1608 ut
1928 1560 2172 1625 grandia

523 1627 862 1679 molientem
898 1628 965 1677 de
999 1627 1346 1678 vindicanda
1408 1632 1622 1692 injuria
1665 1629 2170 1698 archiepiscopum

522 1698 845 1767 anticipare
869 1704 1127 1750 conetur.
1152 1698 1391 1749 Talibus
1428 1699 1591 1749 furiis
1624 1706 1739 1752 toto
1766 1701 1954 1753 triduo
1982 1710 2170 1767 agita-

525 1771 757 1822 bantur.
796 1769 1104 1837 Postquam
1154 1770 1416 1821 aulitum
1448 1776 1533 1821 est
1569 1787 1667 1839 per
1700 1772 2078 1839 provinciam,
2116 1777 2171 1825 et

523 1842 736 1893 celebri
765 1857 993 1893 rumore
1018 1841 1509 1909 vulgatum,un
1535 1842 1907 1893 Coloniensos
1940 1861 2046 1897 sua
2076 1861 2165 1896 ar-

2277 632 2428 684 dinis
2452 632 2695 683 inhiberi
2723 648 2835 684 non
2863 632 3185 703 posset,sed
3213 632 3429 702 partim
3456 632 3689 700 injuria,
3714 634 3927 702 partim

2278 702 2545 771 cupidine
2578 704 2779 771 prmda)
2814 704 3061 767 accensi,
3114 704 3391 757 acerbius
3438 703 3708 757 saevirent
3740 704 3797 756 in
3832 721 3930 775 po-

2280 778 2505 844 pulum,
2533 776 2742 828 obnixe.
2765 781 2929 845 rogat
2952 774 3478 846 provinciales,qui
3511 790 3712 828 secum
3746 774 3931 842 erant,

2281 852 2341 897 ut
2372 846 2586 913 singuli
2621 846 2675 898 in
2709 863 2816 899 sua
2864 863 2994 900 cum
3048 862 3186 916 pace
3240 847 3613 899 recederent:
3673 846 3818 901 satis
3877 862 3938 901 se

2279 934 2451 985 opera
2472 932 2669 970 eorum
2698 925 2952 977 usum,et
2986 919 3221 971 evidens
3249 917 3455 970 tulisse
3482 917 3933 985 documentum,

2280 989 2419 1057 quid
2470 989 2646 1040 animi
2703 1005 2837 1042 oves
2867 1006 3003 1059 erga
3050 998 3359 1059 pastorem,
3398 988 3498 1040 lilii
3533 1005 3674 1059 erga
3708 993 3935 1059 patrem

2281 1066 2578 1129 gererent:
2606 1060 2987 1129 asperrimam
3024 1066 3242 1130 partem
3269 1060 3482 1131 negotii
3507 1060 3695 1113 multa
3724 1077 3935 1114 eorum

2284 1131 2489 1183 virtute
2519 1138 2777 1183 exactam
2828 1148 2989 1185 esse:
3026 1137 3231 1185 Caetera
3284 1130 3410 1201 qna:
3471 1136 3711 1195 restent,
3765 1130 3938 1187 facile

2273 1202 2396 1269 jam
2417 1203 2633 1271 privata
2647 1219 2708 1254 ac
2724 1203 3039 1256 domestica
3059 1220 3230 1256 manu
3252 1219 3419 1273 posse
3442 1202 3934 1258 contici.Proinde

2280 1274 2434 1342 quod
2495 1274 2709 1326 bonum
2771 1274 2905 1327 felix
2965 1277 3341 1343 faustumque
3393 1278 3565 1338 esset,
3602 1274 3838 1329 abirent
3870 1275 3930 1329 in

2281 1348 2483 1395 domos
2509 1345 2826 1406 suas,hanc
2853 1351 3211 1415 reportantes
3236 1344 3590 1415 spem,quod
3616 1344 3795 1415 hujus
3830 1345 3933 1399 be-

2283 1416 2468 1468 nelicii
2496 1417 2682 1481 gratia
2710 1419 2859 1485 apud
2882 1434 3039 1481 eum,
3074 1435 3175 1469 seu
3210 1418 3402 1469 vivum
3429 1434 3531 1470 seu
3556 1416 3930 1485 defunctum,

2284 1494 2559 1557 perpetuo
2582 1504 2860 1539 mansura
2895 1490 3054 1540 foret.
3092 1488 3206 1541 lloc
3231 1488 3319 1540 vix
3346 1488 3674 1556 impetrato,
3707 1488 3928 1543 milites

2282 1576 2439 1617 suos.
2476 1565 2726 1627 quantos
2759 1559 2828 1612 ad
2855 1559 3327 1629 comprimendos
3352 1560 3604 1612 urbanos
3629 1563 3841 1626 motus,
3878 1559 3927 1614 si

2283 1630 2378 1699 qui
2405 1630 2546 1683 forte
2570 1630 2799 1683 levitate
2824 1631 2977 1701 vulgi
3006 1631 3495 1695 instaurarentur,
3532 1631 3934 1702 sufﬂcereipu-

2284 1706 2461 1757 tabat.
2488 1702 2813 1770 praecedere
2846 1702 2899 1754 in
2928 1702 3432 1771 civitatemjubet,
3468 1705 3778 1755 secuturus
3808 1701 3935 1771 ipse

2285 1773 2547 1843 proxima
2581 1773 2725 1837 luce,
2760 1789 2892 1825 cum
2926 1789 3151 1834 eorum,
3185 1774 3284 1843 qui
3320 1773 3776 1843 prazcessissent,
3811 1772 3938 1827 dili-

2287 1845 2503 1913 gentia,
2540 1861 2609 1896 ne
2642 1843 2777 1913 quid
2814 1846 2951 1898 forte
2987 1844 3333 1897 insidiarum
3357 1843 3564 1897 lateret
3594 1844 3650 1897 in
3683 1844 3932 1910 civitate,

523 1913 967 1997 Chio-piscopum‘
995 1914 1218 1981 probris
1241 1918 1293 1963 et
1320 1915 1690 1997 contumeliis
1712 1916 2004 1973 allectum,
2031 1918 2172 1969 urbe
2207 1932 2253 1997 Β
2290 1915 2758 1997 ρῐτωυᾶνίεδυῑεὴίει
2780 1922 2942 1969 nocte
2966 1916 3241 1980 sexcenti,
3267 1914 3748 1997 augeo-amplius
3779 1932 3934 1971 mer-

526 1985 851 2049 fugassent,
886 1984 1179 2035 exhorruit
1214 2000 1405 2035 omnis
1442 1984 1690 2052 populus
1725 1988 2032 2039 novitatem
2071 1988 2168 2050 rei,

527 2056 891 2108 atrocitatem
919 2055 1172 2115 sceleris,
1210 2055 1609 2123 spectaculum
1662 2056 2051 2110 humanarum
2088 2075 2173 2111 re-

530 2128 842 2195 rum,quod
878 2128 963 2178 vir
996 2134 1287 2178 tantarum
1325 2144 1537 2189 rerum,
1573 2128 1725 2196 quod
1762 2129 1846 2180 vir
1877 2136 2170 2181 tantarum

532 2200 587 2251 in
622 2199 851 2250 Christo
884 2200 1310 2255 virtutum,taui
1350 2199 1586 2267 indigna
1611 2216 1747 2268 pcrp
1772 2201 1847 2261 iti,
1879 2200 1990 2253 Deo
2023 2201 2174 2270 aspi-

527 2272 737 2335 ciente,
776 2271 1073 2339 potuisset.
1114 2270 1321 2333 Magna
1352 2271 1478 2337 ejus
1540 2271 1593 2322 in
1648 2288 1928 2341 pauperes
1964 2272 2174 2324 libera-

530 2341 682 2395 litas.
720 2342 900 2393 multa
961 2342 1011 2392 in
1078 2340 1349 2392 humanis
1401 2342 1737 2403 moderatio,
1771 2340 2083 2395 vehemens
2117 2346 2170 2395 in

528 2412 889 2479 Corrigendis
923 2411 1147 2477 legibus
1181 2414 1466 2475 studium,
1510 2412 1689 2465 libera
1724 2415 1779 2467 in
1813 2416 2173 2481 corrigendis

529 2484 628 2554 qui
666 2486 811 2535 male
840 2491 1073 2549 agerent
1108 2492 1405 2547 severitas,
1466 2486 1727 2537 omnium
1789 2502 1884 2538 ore
1918 2488 2172 2538 celebra-

533 2558 764 2617 bantur,
798 2572 1116 2623 earumque
1168 2572 1359 2607 rerum
1394 2558 1871 2609 eomiiiemoratio
1914 2574 2024 2609 non
2064 2558 2174 2609 iiii-

534 2630 759 2679 nimum
792 2628 839 2679 ei
866 2634 1060 2691 gratim
1085 2628 1233 2694 apud
1265 2627 1571 2696 populares
1593 2628 1955 2681 conciliabat.
1978 2630 2171 2681 Excla-

537 2705 697 2751 mant
723 2716 946 2755 omnes,
983 2699 1050 2749 ad
1112 2716 1277 2749 suam
1331 2700 1515 2763 magis
1566 2700 1838 2765 injuriam
1890 2702 2174 2768 pertinere

530 2770 801 2822 violatam
840 2770 1189 2839 pontiticalis
1238 2772 1488 2823 nominis
1524 2776 1910 2843 majestatem,
1940 2778 1991 2824 et
2028 2772 2171 2824 mori

532 2844 639 2895 sibi
677 2848 859 2893 satius
884 2858 1030 2901 esse,
1054 2860 1226 2910 quam
1267 2849 1321 2892 ut
1358 2848 1582 2894 tantum
1616 2844 1897 2907 ﬂagitium
1932 2859 2171 2895 suorum

530 2918 857 2982 temporum
895 2914 1142 2963 inultum
1182 2914 1496 2980 patiantur.
1566 2914 1743 2979 Igitur
1795 2931 1895 2983 per
1927 2920 2175 2983 quatuor

532 2984 616 3036 vel
653 2986 910 3052 quinque
946 2984 1217 3036 :iiilliaria
1248 2984 1703 3053 circumquaque
1736 2987 1803 3037 ad
1841 3004 2002 3038 arma
2034 3002 2173 3039 con-

531 3055 807 3111 clamant.
846 3058 1027 3107 multa
1062 3056 1362 3107 hominum
1400 3058 1583 3107 millia
1613 3058 1765 3109 dicto
1826 3058 1996 3109 citius
2047 3075 2176 3110 con-

531 3134 794 3185 currunt,
833 3128 988 3178 nullo
1020 3144 1115 3196 qui
1156 3144 1253 3195 per
1299 3133 1520 3179 a'tatem
1574 3145 1737 3180 arma
1779 3130 1924 3181 ferre
1961 3135 2173 3198 posset,

533 3205 652 3251 tam
690 3198 1017 3265 religiosam
1056 3199 1322 3251 ιιιιιιιιίιιιι
1386 3200 1743 3252 detractante
1776 3216 1786 3252 :
1819 3200 2176 3265 conglobati-

530 3286 643 3340 que
668 3269 720 3321 in
747 3276 1165 3333 unuui.rogant
1188 3270 1787 3339 archioqiiscopum.et
1809 3279 2173 3325 cunctantem

533 3344 583 3393 vi
622 3342 947 3413 impellunt,
987 3350 1047 3393 ut
1081 3342 1147 3393 ad
1187 3343 1637 3411 recuperandam
1670 3343 1957 3395 civitatein
1993 3360 2175 3413 quan~

532 3412 718 3466 tocius
746 3415 1012 3467 festinet:
1049 3430 1105 3463 se
1142 3430 1242 3482 pro
1274 3430 1338 3463 eo
1373 3413 1771 3469 dimicaturos.
1806 3416 1939 3467 etsi
1980 3412 2046 3467 ea
2082 3432 2177 3467 ne-

531 3485 775 3537 Cessiias
802 3485 1119 3543 incumbat,
1153 3501 1286 3535 oves
1315 3502 1411 3553 pro
1434 3492 1681 3554 pastore.
1718 3486 1865 3537 lilios
1893 3502 1990 3555 pro
2017 3491 2177 3555 patre

534 3504 775 3537 eessuas
802 3504 1119 3543 incumbat,
1153 3504 1286 3535 oves
1315 3504 1411 3553 pro
1434 3504 1681 3554 pastore,
1718 3504 1865 3537 uuos
1931 3504 1990 3537 ro
2017 3504 2177 3555 patre

534 3555 781 3608 libenter
814 3562 1055 3608 mortem
1091 3562 1469 3624 excepturos:
1538 3574 1601 3609 ac
1663 3556 1771 3609 nisi
1806 3504 2179 3611 Coiilnienscs

540 3634 833 3680 maturent
865 3630 1189 3679 venientem
1224 3645 1540 3697 suscipere.
1575 3632 1630 3679 et
1674 3646 1771 3697 pro
1806 3628 1989 3697 ipsius
2022 3629 2177 3680 arbi-

532 3704 689 3752 tratu
723 3700 1052 3750 satisfacere
1085 3702 1324 3759 otfenso,
1361 3716 1419 3751 se
1451 3705 1549 3751 aut
1584 3701 1806 3765 ingesto
1834 3699 1962 3767 igne
1995 3716 2176 3769 popu-

534 3769 657 3823 lum
682 3787 813 3823 cum
838 3770 1066 3823 civitate
1085 3771 1952 3839 consumplurosaiutdissipato
1987 3788 2175 3833 muro,

530 3858 667 3895 eum
696 3858 870 3911 super
892 3842 1218 3905 Congeriem
1244 3844 1567 3895 occisorum
1596 3844 1647 3893 in
1675 3843 2009 3895 cathedram
2035 3860 2177 3912 pon-

527 3913 804 3966 titicalem
834 3914 1190 3965 reducturOs.
1229 3914 1306 3965 Ita
1358 3915 1831 3983 archiepiscopus
1856 3922 2061 3983 quarto
2086 3914 2177 3967 die

571 3990 681 4048 ost,
708 4002 882 4055 quam
908 3986 1140 4045 exierat,
1179 4003 1389 4049 magna
1412 3985 1660 4037 vallatus
1684 3986 1936 4051 agmine,
1970 3987 2037 4039 ad
2074 4003 2177 4038 ur-

571 4003 681 4048 osi,
708 4003 882 4055 quam
908 4003 1140 4045 exierat,
1179 4003 1389 4049 magna
1412 4003 1660 4037 vaiiaius
1684 4003 1936 4051 agmine,
1970 4003 2037 4039 an
2074 4003 2172 4038 ur-

524 4003 659 4109 iiem
694 4056 956 4109 accessit.
992 4057 1151 4119 Quod
1208 4056 1300 4108 ubi
1338 4057 1778 4109 tlutoniensibus
1812 4062 2172 4127 compertum

521 4131 697 4185 est,et
729 4144 787 4181 se
822 4134 989 4179 tanta'
1014 4136 1247 4197 tamque
1274 4129 1520 4180 ell‘cra':e
1563 4128 1959 4182 multitudinis
1994 4129 2172 4198 impe-

522 4205 652 4252 tum
690 4216 791 4252 nec
829 4216 1011 4253 muro.
1064 4216 1161 4251 nec
1196 4201 1316 4251 acie
1371 4201 1659 4252 sus-linere
1707 4216 1874 4269 posse
1908 4200 2173 4253 animad-

520 4276 776 4336 vertunt,
812 4275 931 4323 tum
963 4270 1213 4341 primum
1242 4273 1396 4322 furor
1418 4273 1756 4337 deﬂagrare,
1778 4271 2027 4325 ebrietas
2049 4287 2174 4324 eva-

524 4358 759 4395 nescere
782 4343 984 4410 cii-pit:
1025 4360 1350 4411 magnoque
1381 4349 1595 4395 terrore
1626 4342 1917 4407 concussi,
1942 4342 2168 4396 obviam

522 4414 747 4481 legatos
780 4414 849 4465 de
881 4430 1016 4483 pace
1052 4416 1359 4477 miserunt,
1416 4430 1477 4467 se
1536 4430 1661 4467 reos
1718 4418 2083 4477 conlitentes,
2117 4418 2173 4468 et

518 4500 781 4547 omnem,
842 4502 1017 4553 quam
1052 4487 1162 4538 vita
1199 4485 1471 4537 ineolumi
1513 4486 1885 4551 juberentur,
1941 4502 2167 4556 plenam

521 4557 774 4627 pendere
809 4563 1059 4625 paratos.
1094 4561 1162 4610 At
1189 4557 1854 4627 archiepiscopusdigne
1881 4557 2166 4626 preniten-

520 4629 681 4681 tibus
714 4644 773 4680 se
798 4630 1021 4681 Veniam
1054 4646 1163 4681 non
1198 4635 1542 4693 negaturum
1570 4630 2045 4698 respondit.'l‘um
2073 4645 2168 4683 ce-

517 4699 743 4753 lebrata
777 4699 1091 4753 missarum
1144 4700 1510 4752 solemnitate
1551 4701 1701 4770 apud
1739 4700 1795 4754 S.
1831 4701 2164 4768 Georgium,

514 4787 639 4831 eos,
674 4770 770 4839 qui
808 4773 1138 4840 pontiticem
1174 4772 1309 4824 sede
1354 4772 1586 4841 propria
1626 4772 2005 4839 expulissent,
2062 4772 2160 4841 qui

517 4841 823 4922 ecclesiam
864 4842 1178 4922 homicidio
1234 4842 1599 4922 polluissent,
1653 4844 1749 4911 qui
1785 4842 2071 4922 templum

516 4912 671 4967 Petri
706 4912 993 4966 hostiliter
1045 4912 1435 4984 impetisSent,
1483 4915 1582 4983 qui
1629 4920 1836 4967 cretera
1870 4914 2166 4979 religionis

506 4986 647 5055 jura
678 5000 824 5038 ausu
879 4985 1122 5039 barbaro
1183 4992 1585 5043 tenierassent.
1617 4986 1928 5055 episcopali
1974 4987 2167 5039 hanno

515 5056 587 5109 ad
625 5057 1075 5109 satisfactionem
1103 5058 1620 5109 vocavitl’rntinus
1645 5075 1847 5111 omnes
1874 5057 2042 5109 nudis
2066 5074 2166 5127 pe-

513 5130 710 5187 dibus.
750 5127 929 5181 laneis
963 5131 1029 5181 ad
1056 5146 1289 5181 carnem
1318 5130 1500 5181 induti
1532 5136 1955 5209 processerunt.
1988 5130 2079 5181 vix
2111 5133 2168 5181 et

515 5215 665 5269 aegre
690 5199 993 5269 impetrata
1021 5218 1154 5269 pace
1182 5199 1603 5263 multitudinis,
1622 5218 1747 5269 qua:
1772 5201 1923 5253 circa
1943 5201 2165 5270 episco-

515 5288 659 5341 pum
692 5280 834 5331 erat,
869 5278 931 5325 ut
990 5272 1095 5325 hoc
1130 5278 1255 5325 tuto
1313 5274 1493 5325 facere
1544 5274 1895 5325 sinerentur.
1931 5272 2073 5325 Nam
2110 5278 2168 5326 et

515 5342 887 5395 vehementer
916 5343 964 5394 ei
1000 5344 1603 5413 succensebant,quod
1639 5343 1780 5395 dum
1817 5343 2166 5396 immodera-

516 5413 637 5467 tius
667 5413 1035 5467 clementiam
1070 5416 1441 5473 ostentando,
1489 5414 1785 5483 popularis
1820 5415 1939 5467 ﬂeri
1974 5414 2163 5477 vellet,

513 5486 766 5538 nefarios
792 5485 1059 5538 homines
1092 5489 1161 5540 ad
1205 5488 1473 5540 audenda
1495 5487 1797 5554 nequiora.
1832 5486 2011 5554 hujus
2041 5503 2164 5540 sce-

513 5555 652 5610 leris
701 5556 1073 5626 impunitate,
1106 5558 1498 5611 animaret..~\t
1529 5574 1659 5611 vero
1693 5558 2164 5628 archiepiscopus

507 5644 609 5700 eos
632 5633 857 5697 postero
876 5629 967 5681 die
990 5630 1059 5682 ad
1080 5630 1510 5700 suscipiendam
1533 5630 2163 5683 secundumcanonum

505 5699 655 5754 scita
688 5700 1084 5769 pmnitentiam
1144 5699 1261 5755 tam
1294 5701 1571 5754 immanis
1606 5701 1830 5769 ﬂagitii,
1864 5702 1933 5754 ad
1964 5701 2022 5755 S.
2058 5706 2166 5755 Pe-

504 5776 663 5826 trum
697 5777 904 5845 priesto
932 5787 1060 5826 esse
1084 5774 1290 5841 jubet:
1328 5774 1451 5845 ipse
1483 5788 1831 5843 progressus
1856 5772 1927 5845 ad
1958 5775 2012 5828 S.
2049 5773 2167 5845 Ge-

499 5841 761 5914 reonem,
793 5841 873 5898 ibi
923 5849 1083 5900 extra
1106 5845 1311 5901 urbem
1351 5841 1712 5917 pernoctare
1733 5843 1976 5901 statuit:
2008 5844 2163 5901 veri-

2286 1994 2508 2039 catores
2531 1986 2955 2056 Opulentissimi
2989 2004 3056 2040 ex
3086 1988 3229 2041 urbe
3254 1986 3505 2057 profugi,
3536 1988 3608 2039 ad
3642 2001 3837 2057 regem
3871 2002 3933 2042 se

2286 2058 2677 2119 contuleruut,
2713 2058 3145 2112 intercessionis
3170 2062 3295 2126 ejus
3321 2074 3490 2128 opem
3514 2057 3793 2112 adversus
3819 2057 3934 2129 epi-

2288 2130 2443 2198 scopi
2470 2130 2746 2182 saevitiam
2784 2130 3174 2200 imploraturi.
3209 2131 3406 2183 Crateri
3441 2130 3704 2200 ingresso
3736 2128 3930 2183 archi-

2286 2202 2553 2270 episcopo
2587 2202 2899 2260 civitatem.
2932 2208 2989 2255 et
3018 2207 3136 2255 toto
3168 2201 3359 2255 triduo
3384 2202 3554 2269 juxta
3594 2200 3929 2255 condictum

2285 2272 2661 2341 exspectanti,
2701 2273 2937 2325 minime
2962 2290 3022 2325 se
3047 2278 3473 2343 praesentarunt
3497 2272 3566 2324 ad
3602 2288 3927 2343 proponen-

2286 2344 2421 2395 dum
2438 2344 2671 2412 aliquod
2694 2342 3111 2398 satisfactionis
3130 2342 3929 2414 gonus.Undeindignitatem

2288 2416 2361 2468 rei
2383 2432 2493 2467 non
2521 2418 2763 2468 ferentes
2780 2417 3033 2485 episcopi
3054 2418 3127 2469 mi
3143 2412 3824 2486 liles,inscio,utplurimi
3841 2430 3930 2469 as-

2287 2493 2507 2546 Scrunt,
2538 2493 2711 2555 atque
2752 2487 3079 2556 inconsulto
3125 2485 3599 2556 archiepiscopo,
3635 2502 3799 2539 arma
3840 2502 3934 2540 ra-

2289 2560 2474 2628 piunt,
2510 2550 3047 2637 (ltlfl-IOSlilt'ill‘SElnt,
3084 2550 3805 2637 possessionesdiripiunl,
3842 2573 3937 2637 oc-

2286 2627 2587 2682 cursantes
2612 2631 2823 2699 partim
2850 2627 3138 2695 sternunt,
3170 2629 3380 2700 partim
3405 2634 3603 2698 captos
3628 2627 3685 2682 in
3708 2627 3935 2700 vincula

2285 2698 2689 2768 conjiciunt,et
2715 2706 3045 2771 prorsus,ut
3067 2698 3288 2755 veritati
3313 2700 3394 2753 vel
3416 2698 3933 2771 coactiassentian-

2285 2777 2399 2831 tur,
2432 2772 2614 2824 multo
2638 2769 2903 2835 ferocius,
2941 2788 3119 2841 quam
3153 2772 3295 2825 tanti
3320 2771 3609 2842 pontiﬁcis
3634 2769 3931 2825 existima-

2285 2843 2422 2895 tioni
2446 2844 2992 2911 cumpOLCI‘CLjUStIB
3018 2843 3257 2896 ultionis
3283 2842 3575 2911 negotium
3601 2858 3929 2911 exsequun-

2285 2915 2509 2966 tur.b‘ed
2535 2916 2762 2981 gravior
2785 2915 3021 2968 HTOPbUS
3049 2914 3254 2968 acriori
3304 2913 3601 2984 indigebat
3645 2913 3927 2967 antidoto.

2290 2986 2466 3039 Filius
2516 3003 2695 3055 supra
2720 2986 3019 3039 memorati
3058 2986 3419 3051 mercatoris,
3444 2983 3551 3055 qui
3585 2984 3813 3055 primus
3845 3000 3928 3038 se-

2287 3058 2504 3110 ditione
2531 3058 2987 3110 inﬂammaverat
3012 3057 3314 3127 populum,
3344 3063 3401 3110 et
3424 3056 3592 3127 pauci
3627 3055 3725 3109 alii
3757 3055 3931 3109 lumi-

2291 3130 2465 3181 nibus
2516 3136 2652 3181 sunt
2676 3129 2884 3194 orbati,
2920 3128 3183 3182 nonnulli
3216 3127 3555 3193 virgiscazsi
3588 3143 3655 3180 ac
3685 3127 3930 3192 detonsi,

2290 3217 2493 3253 omnes
2554 3201 2900 3268 gravissimo
2959 3201 3038 3253 rei
3073 3200 3379 3254 familiaris
3427 3200 3642 3253 damno
3679 3198 3930 3263 multati,

2293 3274 2493 3339 atquej
2508 3274 2591 3339 usj
2606 3272 2783 3324 urand
2798 3290 2826 3323 u
2841 3289 2891 3324 in
2909 3272 3045 3325 dare
3068 3270 3539 3341 compulsi,quod
3555 3270 3828 3341 deinceps
3851 3286 3936 3324 ar-

2291 3343 2661 3412 chiepiscopo
2683 3344 2971 3396 civitatem
2995 3340 3472 3396 contraomnium
3501 3340 3807 3412 hominum
3824 3341 3935 3412 vio-

2293 3410 2552 3475 lentiam,
2587 3410 2869 3483 quantum
2899 3414 3139 3467 consilio
3160 3419 3217 3467 et
3241 3413 3421 3467 armis
3467 3416 3724 3483 possent,
3752 3410 3939 3483 vindi-

2289 3486 2473 3537 caturi
2502 3481 2775 3545 essent,et
2797 3501 2915 3552 eos,
2939 3485 3034 3554 qui
3055 3501 3121 3537 ex
3149 3484 3291 3538 urbe
3317 3481 3713 3554 profugerant,
3738 3481 3932 3554 quoad

2289 3556 2463 3621 digne
2510 3553 3412 3625 archiepiscoposatisfecissent,
3456 3569 3689 3625 semper
3719 3570 3822 3624 pro
3853 3553 3937 3608 in-

2290 3628 2625 3680 festissimis
2649 3624 2915 3681 hostibus
2942 3626 3211 3679 habituri.
3247 3626 3361 3697 (16)
3393 3626 3475 3680 Ita
3506 3624 3798 3697 civitatem
3831 3642 3936 3696 pro

2288 3698 2622 3752 diversitate
2647 3698 2918 3768 partium,
2952 3704 3008 3751 et
3037 3697 3229 3751 luctus
3256 3695 3498 3769 pariter
3525 3702 3583 3769 et
3614 3695 3817 3751 lretitia
3836 3695 3936 3752 ite-

2288 3767 2703 3833 nuerunt,aliis
2729 3771 2781 3823 in
2810 3786 3069 3833 regressu
3108 3767 3400 3839 pontificis
3422 3767 3802 3837 ejectijustas
3834 3785 3937 3823 au-

2286 3842 2462 3894 dacia:
2487 3859 2605 3894 suae
2631 3858 2828 3912 pmnas
2854 3840 3167 3897 lnentihus.
3194 3840 3322 3893 aliis
3345 3841 3553 3912 dignos
3577 3839 3936 3912 consolatio-

2286 3914 2375 3966 nis
2394 3930 2512 3966 sure
2536 3909 2742 3967 choros
2768 3911 3539 3982 instituentibus.Siquidem
3563 3926 3678 3982 non
3705 3909 3762 3964 in
3791 3911 3934 3966 urbe

2285 3989 2535 4047 tantum,
2572 3984 2672 4037 sed
2721 3983 3127 4054 etubicunque
3150 3982 3311 4037 locus
3334 3981 3670 4036 exhibendae
3695 3990 3930 4054 proces-

2286 4056 2464 4109 sionis
2498 4056 2869 4121 oti‘erebatur,
2901 4055 2979 4109 ibi
3038 4052 3171 4125 post
3219 4054 3393 4108 istam
3449 4054 3681 4125 famam,
3715 4052 3931 4109 Christi

2283 4128 2581 4181 confessor
2610 4127 2667 4179 in
2695 4126 2929 4198 hymnis
2962 4129 3018 4180 et
3039 4122 3283 4180 canticis
3306 4125 3471 4180 velut
3519 4122 3932 4196 angelusexce-

2284 4204 2417 4269 ptus
2466 4203 2577 4263 est,
2612 4215 2715 4252 nec
2769 4198 3094 4252 immerito:
3130 4198 3263 4268 quis
3309 4212 3565 4269 namque
3597 4200 3771 4269 neget
3793 4213 3933 4269 eum

2282 4267 2463 4323 unum
2495 4287 2562 4324 ex
2613 4269 2732 4323 illis
2780 4269 3007 4341 angelis
3042 4267 3240 4331 fuisse,
3266 4269 3336 4323 de
3370 4267 3590 4340 quibus
3620 4284 3723 4340 per
3755 4267 3934 4341 Mala-

2280 4341 2472 4395 chiam
2495 4342 2710 4394 dicitur
2734 4357 2745 4394 :
2783 4365 2810 4389 ‹‹
2848 4340 3027 4395 Labia
3047 4340 3362 4395 sacerdotis
3382 4340 3722 4395 custodiunt
3743 4340 3933 4395 scien-

2283 4414 2509 4477 tiam,et
2533 4414 2714 4481 legem
2742 4414 3048 4483 requirunt
3094 4429 3161 4467 ex
3182 4428 3279 4467 ore
3312 4413 3475 4481 ejus:
3504 4411 3642 4483 quia
3688 4409 3935 4481 angelus

2281 4484 2507 4538 Domini
2559 4484 2917 4539 exercituum
2969 4484 3104 4537 est?
3134 4506 3158 4529 ι»
3208 4484 3431 4552 (Malae.
3469 4499 3508 4536 Ii
3542 4485 3558 4553 )
3588 4483 3781 4553 cujus
3800 4486 3934 4553 post

2280 4555 2399 4609 hare
2429 4556 2713 4625 lacrymas
2755 4555 2813 4609 in
2863 4571 3108 4609 ascensu
3143 4551 3231 4625 vel,
3270 4551 3557 4608 descensu
3589 4551 3929 4625 dilecti‘sibi

2281 4627 2495 4682 montis
2526 4622 2758 4690 eifusas,
2791 4626 2895 4693 illi,
2922 4627 3137 4695 quibus
3160 4624 3239 4680 ibi
3262 4626 3535 4684 servitur.
3559 4628 3615 4677 et
3634 4622 3926 4694 viderunt,

2201 4682 2243 4745 ί)
2274 4703 2329 4753 et
2363 4699 2615 4753 miserati
2650 4682 2785 4751 sunt
2810 4682 3029 4751 sancti:
3053 4713 3303 4768 quorum
3333 4682 3534 4768 pietati
3567 4682 3927 4768 conquestus

2278 4787 2427 4837 eam,
2458 4787 2632 4839 quam
2657 4787 2688 4821 a
2720 4771 2843 4823 suis
2875 4765 3104 4835 tulerat,
3140 4765 3578 4839 contumeliam,
3611 4782 3820 4839 omnes
3852 4766 3926 4822 ad

2277 4835 2695 4905 fletuni'traxit,
2728 4858 2876 4911 quos
2923 4842 3008 4894 vel
3058 4856 3125 4893 ex
3147 4839 3315 4904 clero,
3349 4837 3435 4891 vel
3452 4854 3517 4891 ex
3541 4853 3653 4911 pop
3669 4835 3768 4911 ulo
3789 4853 3924 4911 con-

2279 4914 2408 4983 tigit
2430 4914 2650 4967 adesse.
2690 4908 3035 4965 Levaverunt
3066 4917 3260 4965 autem
3302 4915 3380 4983 et_
3405 4908 3686 4983 monachi
3711 4908 3930 4983 pariter

2275 4979 2444 5039 voces
2492 5001 2649 5049 suas,
2685 4989 2741 5037 et
2787 4989 2851 5037 ut
2881 4983 3191 5037 redivivam
3223 4979 3671 5036 desiderabilem
3716 4979 3927 5036 faciem

2276 5057 2405 5125 ejus
2436 5054 2915 5126 contemplantes,
2949 5053 3200 5126 universi
3233 5052 3671 5126 personabant:
3713 5051 3795 5107 Te
3826 5068 3929 5108 no-

2276 5122 2391 5181 sira
2415 5122 2699 5181 vocabant
2720 5126 3054 5196 suspiria,te
3070 5122 3927 5196 largai'equirebantlamenta:

2277 5205 2335 5252 tu
2374 5201 2559 5252 lactus
2590 5216 2651 5253 es
2702 5194 2840 5267 spes
2884 5198 3228 5267 desperatis,
3266 5214 3481 5265 magna
3514 5194 3836 5267 consolatio
3868 5196 3925 5249 in

2277 5272 2605 5324 tormentis.
2638 5266 3037 5323 Audiebantur
3084 5269 3204 5322 haec
3248 5268 3307 5321 in
3338 5267 3605 5333 excelsis,
3641 5273 3696 5320 et
3728 5266 3926 5336 utique

2276 5342 2629 5396 credendum
2660 5346 2748 5395 est
2778 5346 2895 5393 tam
2920 5356 3293 5411 eorum,qua3
3318 5340 3691 5411 canebantur,
3726 5336 3924 5392 dulce-

2275 5414 2643 5488 dine,__q_uar_n
2672 5412 2983 5488 sacrificio
3007 5409 3400 5488 lacrymarum
3424 5409 3810 5488 oblectatum,
3831 5422 3919 5488 re-

2274 5502 2406 5538 vera
2439 5478 2515 5558 ibi
2549 5483 2846 5558 Christum
2881 5478 3163 5558 adfuisse,
3211 5483 3365 5537 sicut
3393 5485 3449 5535 et
3477 5478 3918 5558 ipsepromisit,

2275 5572 2406 5611 cum
2432 5555 2545 5609 ait:
2571 5578 2596 5603 ‹‹
2619 5554 2723 5609 Ubi
2745 5555 3016 5608 suntduo
3031 5555 3115 5608 vel
3133 5560 3245 5609 tres
3259 5550 3656 5623 congregatim
3684 5550 3919 5623 nomine

2275 5643 2421 5691 meo,
2455 5625 2533 5680 ibi
2573 5642 2718 5703 sum
2760 5625 2815 5679 in
2843 5626 3041 5703 medio
3082 5641 3279 5703 eorum
3308 5621 3511 5703 (Matth.
3536 5622 3719 5703 xviii).
3748 5642 3775 5703 )3
3809 5621 3919 5677 Cm.

2274 5705 2458 5753 terum
2484 5697 2626 5768 quia
2646 5696 2945 5751 nonnullis
2968 5698 3155 5768 etiam,
3192 5690 3355 5768 bonis
3378 5690 3728 5768 scandalum
3752 5691 3915 5764 inge-

2274 5769 2424 5845 ιξὶιίεζ
2452 5762 2613 5840 quod
2636 5768 2918 5845 ultionem
2939 5769 3086 5825 tanti
3106 5766 3233 5845 viri,
3264 5769 3385 5845 tam
3406 5779 3558 5845 saeva
3579 5762 3795 5845 dicitur
3823 5762 3908 5844 re-

2275 5832 2569 5902 dundaise
2619 5840 2942 5916 castigatio,
2998 5857 3033 5897 α
3061 5832 3419 5919 gravissimis
3451 5833 3685 5913 ﬁdeque
3713 5832 3905 5906 dignis

570 5983 686 6067 (46)
738 5983 1054 6065 ﬂuensque
1097 5987 1216 6052 fere
1263 6001 1334 6052 ex
1380 5988 1687 6051 Lamberto
1752 5986 2312 6070 Schathaburgensi.
