4822 6416
536 416 694 478 1565

1943 416 2260 483 VITA.—
2292 414 2439 483 LIB.
2469 407 2546 483 tt.

3793 418 3954 490 {566

537 551 655 627 bat,
691 548 1098 627 singularitate
1121 550 1537 627 delectabatur,
1558 551 1793 627 assidue
1818 556 1983 623 ﬂens,
2006 555 2183 609 asssi-
2212 562 2267 627 Α
2297 555 2509 627 quibus
2540 569 2772 618 nomen,
2798 570 2917 608 non
2958 550 3094 627 vita,
3127 548 3508 627 sacerdotum
3538 559 3643 609 est.
3677 555 3750 610 Et
3778 572 3953 627 grave

536 624 651 675 due
686 640 953 674 murreus.
980 622 1089 674 Nec
1122 623 1220 675 diu
1257 624 1460 676 militis
1484 624 1572 676 sui
1597 626 1839 677 sudores
1863 627 2047 679 bonus
2074 628 2182 679 Uo-

538 696 736 746 miuus
761 696 1214 747 irrcniuncratos
1248 696 1576 764 prmterivit,
1612 713 1798 765 neque
1841 714 2048 765 passus
2099 704 2186 750 est

534 782 669 819 cum
706 772 909 817 tentari
946 784 1123 835 supra
1157 768 1407 835 id,quoil
1452 770 1689 821 sulferre
1710 776 1929 837 poterat
1970 771 2014 833 il
2064 772 2184 822 Cor.

536 844 592 893 χ)
628 853 640 888 ;
677 853 874 889 verum
903 838 1032 888 hinc
1052 854 1183 889 eum
1211 846 1546 907 erupturus,
1571 846 1705 891 ante
1729 856 1827 899 per
1848 841 2022 891 altam
2049 857 2185 893 con-

538 908 933 977 templationis
967 910 1102 969 vim,
1132 914 1458 962 futurorum
1488 914 1772 962 malorum
1800 912 2186 980 inspectorem

535 995 664 1032 esse
697 979 874 1031 voluit
910 996 921 1031 :
959 998 1027 1033 ne
1062 982 1351 1045 ignoraret
1384 990 1619 1050 quantis
1646 1000 1679 1034 a
1721 982 1833 1034 Deo
1892 979 2188 1035 beneliciis

534 1052 873 1109 donaretur,
906 1054 950 1102 si
997 1053 1399 1104 necessitatem
1454 1054 1668 1105 talibus
1715 1055 2187 1106 communicandi

538 1122 794 1175 moriens
826 1125 1113 1176 evaderet.
1150 1124 1203 1175 Id
1232 1126 1493 1188 subjecta
1519 1125 2027 1193 paginaioquitur,
2066 1125 2189 1177 sola

537 1194 837 1246 sul'lieiens
874 1204 1146 1246 meritum
1173 1195 1272 1247 viri
1297 1196 1609 1259 declarare,
1636 1196 1733 1264 qui
1762 1198 1817 1247 in
1841 1197 1944 1248 hac
1972 1203 2188 1249 morta-

539 1265 717 1317 litatis
740 1266 928 1317 adhuc
970 1267 1563 1333 degensfsubstantia
1613 1274 1970 1321 secretorum
2021 1268 2187 1321 cccle-

538 1337 719 1390 stium
760 1336 1045 1406 particeps
1082 1339 1205 1389 fuit.

611 1406 772 1461 XXV.
868 1409 1147 1477 Sliipcmlvt
1206 1412 1259 1460 Χ.
1331 1411 1572 1462 ιιιηηηηιέ
1637 1411 1790 1461 visio.
1860 1410 2187 1461 Gravissima

532 1479 726 1531 morbo
756 1484 1071 1547 corripitur.
1110 1482 1341 1544 lirpmiil
1382 1480 1705 1548 quihusdam
1750 1487 2049 1547 generatur:
2105 1484 2186 1533 ri-

532 1554 741 1603 stoncm
771 1568 944 1602 suum.
983 1552 1113 1603 Post
1140 1570 1264 1603 eam
1300 1570 1570 1619 superius
1616 1554 1966 1621 descriptam
2023 1552 2186 1605 Colo-

534 1624 829 1674 niensium
867 1624 1143 1674 nefariam
1178 1624 1687 1691 conspirationem,
1715 1622 1936 1675 hiberni
1964 1628 2185 1693 tempo-

535 1693 617 1745 ris
650 1694 889 1745 aderant
922 1694 1068 1753 dies,
1102 1700 1155 1745 et
1189 1696 1391 1746 beatus
1427 1700 1670 1746 antistes
1703 1712 1801 1762 pro
1836 1696 2087 1763 quodam
2113 1696 2185 1750 le-

532 1766 765 1816 vamine
800 1766 1041 1815 sauciati
1076 1767 1267 1816 cordis
1316 1768 1516 1818 urbem
1568 1766 1889 1829 egrediens.
1943 1766 2185 1818 Salevelt

533 1836 767 1887 devenit
806 1852 816 1887 :
846 1843 905 1887 ut
930 1838 1068 1887 visis
1096 1837 1207 1887 illic
1237 1836 1484 1888 tiliorum
1512 1854 1749 1888 suorum
1778 1839 2183 1906 spiritualibus

533 1908 848 1965 exercitus,
875 1910 1040 1975 quasi
1069 1909 1337 1959 salutaris
1363 1910 1603 1959 autidoti
1632 1909 1840 1960 haustu
1869 1916 2180 1971 recreatus,

536 1995 626 2029 sui
664 1980 926 2029 uurroris
956 1980 1409 2030 amaritudinem
1446 1988 1812 2047 temperaret.
1840 1980 1971 2031 lude
1994 1987 2189 2033 exacto

535 2049 885 2101 visitationis
931 2051 1120 2101 otticio
1169 2051 1496 2107 disCedcns,
1546 2054 1755 2102 festum
1811 2051 1973 2113 illud,
2036 2053 2186 2119 quod

538 2121 876 2190 llypapante
899 2121 1125 2173 Domini
1151 2122 1381 2177 dicitur,
1403 2140 1454 2173 in
1478 2122 1829 2174 llerestelilia
1854 2122 2192 2175 solemniter

538 2200 655 2257 egit
692 2208 701 2243 :
733 2200 1129 2261 imperataque
1166 2194 1537 2261 profectione,
1572 2193 1720 2245 viam
1773 2210 1899 2261 qum
1953 2197 2187 2246 tenden-

538 2264 699 2315 tibus
725 2264 778 2315 in
814 2266 1088 2332 Sigebcrg
1123 2266 1315 2332 pervia
1340 2270 1449 2323 est,
1484 2281 1654 2315 curru
1688 2266 2018 2324 subvectus,
2054 2281 2188 2318 cum

535 2336 663 2387 suis
687 2330 943 2387 incessit.
971 2330 1231 2403 Cumque
1256 2336 1347 2386 die
1368 2336 1617 2404 quadam
1647 2335 1888 2404 psalmis
1906 2344 1959 2388 et
1983 2337 2191 2389 oratio-

538 2406 713 2486 nibus
748 2423 975 2465 vacans,
1012 2407 1273 2459 animum
1302 2408 1355 2457 iu
1379 2424 1625 2486 superna
1652 2410 1915 2473 levasset,
1939 2410 2191 2461 instante

530 2479 655 2545 J'am
685 2477 824 2530 hora
846 2496 1015 2533 nona.
1041 2495 1150 2530 non
1181 2480 1232 2529 in
1261 2477 1495 2535 exstasi,
1521 2495 1620 2529 nec
1647 2478 1699 2529 in
1728 2479 1947 2531 visione
1975 2482 2189 2539 somni,

536 2549 636 2600 sed
674 2550 823 2600 sicut
857 2565 1083 2601 carneis
1114 2549 1298 2601 oculis
1349 2550 1529 2617 aspici
1572 2549 1733 2607 Suict,
1786 2550 1961 2603 cmlos
2013 2567 2192 2619 super

534 2636 598 2698 se
633 2621 840 2698 aperiri
878 2622 1021 2672 \llili.
1055 2638 1065 2674 :
1103 2626 1155 2672 et
1193 2627 1253 2672 ut
1285 2620 1421 2673 olim
1476 2620 1887 2690 prophetarum
1940 2622 2191 2698 eximius

536 2691 757 2753 ltuuii-l,
809 2691 1041 2743 horrore
1093 2708 1415 2744 concussus
1468 2710 1529 2743 ac
1583 2700 1853 2753 tremore,
1908 2693 2188 2746 membris

535 2764 1151 2815 n'nnitmsdissolutus
1184 2770 1267 2814 est
1326 2764 1457 2815 lion.
1488 2780 1541 2815 χλ
1578 2780 1588 2815 :
1628 2765 1806 2815 animi
1837 2781 2063 2833 quoque
2099 2781 2186 2817 ro-

538 2834 652 2886 bur
682 2850 852 2885 omne
885 2836 1154 2889 Concidit.
1193 2835 1583 2887 'l‘runsmissis
1618 2835 1717 2886 via:
1754 2844 2055 2904 propesitte
2102 2835 2187 2887 in-

545 2905 827 2967 tervallis,
866 2922 962 2974 per
996 2906 1236 2958 biduum
1283 2906 1357 2957 nil
1411 2906 1763 2958 incommodi
1822 2906 2079 2975 pertulit,
2132 2908 2188 2959 in

545 2983 743 3030 monte
762 2977 1001 3043 degens.
1030 2984 1235 3046 przrter
1256 2978 1404 3045 quod
1429 2978 1745 3035 nonnullis,
1767 2977 1931 3045 quasi
1949 2979 2045 3046 qui
2064 2994 2191 3031 sese

540 3048 906 3106 excessisset,
944 3050 997 3100 in
1054 3049 1239 3100 verbis
1286 3048 1535 3101 subinde
1584 3049 1957 3101 admirationi
2019 3056 2190 3102 esset.

541 3119 737 3172 Tertia
768 3136 898 3169 vero
934 3126 1059 3188 post
1095 3120 1646 3172 hocdieeo-nantem
1674 3120 1865 3171 valida
1888 3122 2195 3173 inlirmitas

542 3195 661 3244 tam
688 3191 959 3243 atrociter
989 3192 1218 3251 invasit,
1259 3198 1313 3242 ut
1350 3208 1481 3258 spes
1514 3193 1707 3244 omnis
1731 3195 2073 3251 auferretur,
2103 3209 2197 3245 no-

540 3268 687 3314 ctum
718 3261 874 3313 illiilli
907 3280 1036 3314 eum
1074 3263 1563 3331 supervicturum.
1604 3263 1735 3315 Erat
1768 3272 1962 3315 autem
1992 3280 2191 3332 crepu-

539 3332 766 3386 sculum
785 3336 1201 3401 vespertinum,
1222 3336 1603 3403 t'ratresqueJi
1619 3334 2189 3403 nitistjomplcrtoriis,

541 3421 669 3457 sese
695 3412 1023 3473 receperant
1043 3405 1095 3457 in
1118 3404 1547 3457 dormitorium.
1573 3405 1697 3457 .\lox
1716 3405 1889 3473 igitur
1908 3412 1967 3458 ut
1988 3406 2189 3470 hujus-

541 3476 697 3529 modi
717 3476 1198 3528 nuntiusabbatis
1214 3494 1381 3528 aures
1401 3476 1737 3545 perculit,eo
1758 3478 2191 3544 perturbatione

540 3562 852 3605 concusso,
882 3563 970 3599 res
1005 3565 1102 3616 per
1124 3564 1326 3600 omnes
1360 3548 1603 3603 antrulos
1637 3548 1876 3599 curnubii
1902 3548 2189 3601 tlilfundc-

546 3619 738 3677 batur,
768 3620 1058 3687 liebatque
1082 3636 1399 3672 Concursus
1428 3619 1560 3671 hinc
1581 3619 1708 3671 inde
1726 3620 2189 3685 fratrum,signo,

541 3706 659 3758 quo
674 3689 1102 3753 colligerentur,
1126 3691 1532 3742 vehementius
1555 3696 1913 3759 perurgente.
1933 3692 2192 3759 Angebat

542 3777 749 3813 omnes
778 3778 951 3830 pavor
984 3761 1384 3821 intolerabilis,
1410 3768 1463 3813 et
1485 3767 1760 3830 tanquam
1786 3761 2189 3815 universorum

540 3833 660 3883 vita
695 3833 965 3901 penderet
1003 3833 1057 3883 in
1100 3832 1359 3901 ancipiti.
1412 3833 1830 3885 monasterium
1879 3832 2188 3901 petierunt,

542 3902 685 3956 illud
720 3904 888 3955 corde
925 3906 1291 3959 meditantes.
1330 3903 1468 3955 illud
1504 3919 1600 3955 ore
1620 3904 2063 3957 ruminanteszu
2082 3904 2190 3958 Do-

542 3975 723 4037 mine,
759 3974 916 4027 salva
951 3992 1053 4027 nos
1088 3992 1097 4026 ε
1137 3992 1394 4045 perimus
1420 3975 1621 4039 (Matth.
1650 3980 1790 4033 vui}.
1831 3998 1855 4021 υ
1882 3976 1981 4028 llis
2033 3992 2188 4040 vero,

540 4045 761 4115 quibus
792 4046 1119 4114 egrediendi
1158 4047 1478 4099 claustrum
1523 4046 1910 4115 undecunque
1960 4046 2192 4101 licentia

541 4116 1255 4177 olferebatur,cubiculum
1272 4120 1393 4187 epis
1417 4118 1522 4186 ‘opi
1539 4118 1801 4170 certatim
1817 4118 2189 4183 adeuntibus,

540 4188 733 4242 caeteri
769 4188 1010 4241 chorum
1049 4190 1458 4257 irrumpentes.
1485 4196 1706 4258 septem
1749 4188 2006 4257 psalmos
2056 4206 2191 4243 cum

536 4258 767 4315 litaniis
816 4258 1078 4313 luctuoso
1124 4260 1643 4330 prosequebantur,
1698 4276 1900 4313 omnes
1961 4267 2192 4329 pectora

542 4331 885 4393 tundentes,
919 4347 1120 4385 omnes
1154 4334 1321 4385 tletus
1356 4337 1411 4385 et
1442 4331 1695 4401 suspiria
1736 4332 2086 4397 emittentes,
2136 4336 2193 4386 et

539 4406 768 4471 quanta
799 4402 1078 4456 charitate
1109 4420 1245 4470 erga
1287 4410 1507 4472 patrem
1558 4402 2032 4455 amantissimum
2088 4403 2191 4457 filii

538 4474 935 4535 afﬁcerentur,
960 4474 1068 4526 sibi
1106 4475 1247 4544 ipsis
1270 4475 1485 4541 singuli
1512 4475 1912 4527 testimonium
1938 4477 2189 4527 existen-

537 4550 652 4600 tes.
690 4544 841 4598 [nter
867 4544 983 4598 haec
1017 4545 1111 4599 ille
1142 4546 1335 4599 dolore
1354 4544 1509 4614 gravi
1531 4544 1879 4607 laborantes,
1906 4544 2191 4600 clamores

542 4614 812 4670 insolitos
843 4617 1029 4684 magis
1054 4633 1117 4670 ac
1151 4619 1337 4685 magis
1370 4617 1592 4671 edebat.
1629 4616 1737 4669 Sed
1781 4633 1912 4669 cum
1960 4623 2193 4686 postera

537 4687 640 4741 die
668 4686 886 4741 doloris
907 4688 1272 4741 vehementia
1298 4706 1408 4741 non
1433 4689 1875 4755 adeojacentem
1901 4689 2192 4756 crucians,

540 4758 923 4828 recuperandi
944 4760 1090 4813 vires
1115 4761 1327 4813 mentis
1349 4760 1773 4828 aliquantulam
1790 4760 1838 4812 ei
1860 4759 2191 4813 facultatem

539 4828 909 4901 indulsisset,
944 4831 1137 4884 Abbas
1161 4837 1278 4884 tres
1312 4831 1499 4901 probzr
1523 4830 1647 4883 vitae
1684 4831 1887 4883 fratres
1935 4831 2003 4884 ad
2057 4846 2191 4884 eum

536 4900 725 4963 misit,
759 4902 883 4970 qui,
911 4902 1064 4956 sicut
1095 4903 1151 4955 in
1182 4918 1248 4956 ea
1277 4900 1619 4955 necessitate
1646 4903 1896 4971 expedit,
1943 4902 2013 4955 ad
2054 4918 2190 4955 con-

536 4972 876 5035 fessionem,
918 4978 973 5027 et
1004 4973 1073 5026 ad
1108 4990 1300 5027 rerum
1326 4990 1563 5025 suarum
1583 4974 2023 5042 dispositionem
2055 4990 2191 5027 eum

537 5043 935 5107 hortarentur,
974 5052 1150 5114 utque
1189 5045 1421 5097 novellm
1454 5061 1571 5096 sua)
1604 5045 2049 5106 constructioni,
2104 5046 2193 5098 in-

586 5121 827 5187 uantum
860 5122 995 5169 tunc
1033 5116 1311 5179 licuisset,
1348 5117 1674 5187 prospicere
1708 5133 1819 5169 non
1855 5116 2189 5185 negligeret.

586 5132 827 5168 nauium
860 5132 995 5169 tunc
1033 5132 1311 5179 uenisset,
1348 5132 1674 5187 prospicere
1708 5133 1819 5169 non
1855 5132 2187 5185 negligeret.

534 5132 761 5247 auibus
784 5187 951 5255 juxta
983 5204 1217 5240 sensum
1244 5188 1416 5247 hunc,
1442 5204 1572 5239 cum
1600 5187 1804 5240 lectulo
1841 5189 2187 5253 assiderent,

536 5256 926 5312 hortamentis
960 5260 1085 5312 suis
1108 5275 1238 5310 eum
1273 5259 1684 5325 mulcentibus,
1718 5259 1891 5327 idque
1928 5275 2191 5327 quaeren-

538 5328 702 5382 tibus
734 5330 921 5391 unice,
957 5346 1060 5382 cur
1090 5330 1225 5383 filiis
1259 5331 1403 5393 suis,
1437 5330 1655 5399 quibus
1677 5329 1791 5383 alia
1833 5335 1963 5399 post
2012 5330 2191 5384 Deum

537 5404 747 5470 praeter
777 5416 910 5453 eum
941 5418 1072 5470 spes
1095 5419 1205 5454 non
1224 5407 1397 5459 esset.
1422 5401 1661 5454 minime
1687 5400 2021 5470 loqueretur
2057 5419 2070 5455 :
2097 5400 2192 5455 ille

536 5471 947 5541 tenuissimam
981 5489 1200 5535 vocem,
1263 5479 1325 5526 ut
1376 5478 1617 5541 poterat,
1667 5472 2000 5541 exprimens
2061 5472 2185 5525 ait:

535 5540 703 5613 Unde
728 5542 998 5613 loquendi
1024 5561 1253 5597 sumam
1278 5540 1514 5597 exordia
1538 5540 1762 5605 fratres,
1783 5542 1869 5595 vel
1891 5560 2035 5612 quas
2051 5560 2187 5597 mea-

534 5612 762 5668 stitiam
787 5612 1036 5668 vestram
1072 5616 1425 5669 relevaturas
1458 5615 1620 5668 triste
1642 5630 1739 5668 cor
1772 5631 1965 5667 meum
2010 5615 2189 5668 dicta.

532 5685 623 5740 bit
656 5686 974 5740 sententias
1000 5687 1027 5740 ’ἶ
1058 5689 1149 5739 Va:
1184 5687 1397 5740 misero
1432 5686 1686 5739 mundo:
1721 5702 1801 5738 vce
1834 5687 2060 5740 cunctis
2082 5685 2188 5739 hu-

532 5772 724 5812 manae
756 5758 932 5811 sortis
972 5758 1205 5825 angulis
1236 5759 1307 5811 ab
1341 5758 1432 5819 iis,
1466 5757 1563 5826 qui
1588 5756 1870 5811 dicuntur
1908 5756 2188 5827 episcopi,

533 5827 677 5893 mei,
692 5829 1010 5900 peccatoris
1026 5828 1706 5901 utique,similitudinem
1723 5827 2188 5899 praeferentibus,

606 5968 725 6053 (20)
748 5968 879 6033 Hoc
897 5985 1032 6035 vero
1061 5970 1136 6033 ad
1173 5970 1420 6033 verbum
1444 5986 1515 6032 ex
1542 5967 2097 6047 Sohafnaburgensi.

2299 626 2613 695 suspirium
2637 642 2671 679 a
2702 632 2935 697 pectore
2966 625 3233 686 trahens,
3261 624 3525 678 attonitis
3556 630 3612 679 et
3651 624 3956 685 ardentius

2298 698 2473 765 hujus
2524 698 2676 750 verbi
2730 698 2986 750 radicem
3038 697 3560 765 investigantibus,
3608 699 3952 767 respondit:

2296 772 2387 821 Sol
2420 771 2472 820 in
2507 785 2718 821 nonam
2746 771 3115 838 jamjamque
3140 768 3424 837 vergebat
3448 767 3678 833 horam,
3703 775 3761 823 et
3775 786 3879 839 ego
3903 772 3957 825 in

2297 856 2471 892 curru
2517 856 2641 893 meo
2676 841 2965 904 residens,
3001 842 3108 892 iter
3140 839 3560 892 accelerabam.
3586 840 3960 897 lnaeremme

2298 913 2484 964 visum
2514 912 2898 979 expandente.
2924 910 3125 964 scissis
3165 927 3232 963 ex
3260 910 3577 979 improviso
3611 911 3802 976 cmlis,
3840 929 3962 967 om-

2300 982 2394 1034 nia
2423 983 2670 1050 dCSUpOI‘
2699 990 2918 1051 aperta,
2951 983 3246 1051 oculisque
3262 981 3405 1034 meis
3429 998 3546 1035 non
3579 984 3758 1037 modo
3778 985 3961 1039 mein-

2300 1055 2397 1113 tis,
2434 1055 2531 1107 sed
2566 1059 2619 1107 et
2650 1055 2930 1123 corporis,
2986 1053 3177 1125 pervia
3227 1059 3635 1107 remanserunt
3705 1056 3963 1125 expavit-

2300 1140 2413 1194 que
2444 1142 2542 1177 cor
2576 1141 2790 1191 meum,
2826 1131 2881 1177 et
2914 1124 3235 1179 dissolutus
3266 1140 3421 1188 sum,
3448 1140 3549 1177 nec
3584 1126 3873 1181 remansit
3904 1128 3962 1182 in

2302 1212 2394 1267 me
2414 1196 2740 1265 quidquam
2791 1195 3001 1267 virium
3039 1213 3051 1249 :
3103 1201 3410 1267 certusque
3457 1212 3611 1258 sum,
3656 1196 3961 1267 languoris

2301 1266 2482 1333 hujus
2520 1268 2950 1320 immanitatem
2983 1266 3119 1319 inde
3150 1283 3239 1319 me
3256 1265 3577 1336 collegisse.
3601 1273 3666 1319 At
3688 1265 3821 1323 vero
3840 1286 3958 1324 non

2300 1338 2474 1392 aliter
2504 1338 2658 1419 illam
2688 1338 3004 1419 terribilem
3030 1337 3581 1419 visionem'intuitus
3600 1355 3755 1419 sum,
3774 1355 3955 1419 quam

2297 1426 2397 1461 Vos
2428 1411 2605 1463 modo
2634 1410 3018 1482 contemplor,
3070 1410 3403 1479 corporales
3442 1409 3498 1461 in
3542 1426 3642 1482 vos
3698 1409 3958 1482 dirigens

2299 1482 2453 1554 acies
2489 1498 2500 1534 :
2532 1497 2638 1533 nec
2669 1498 2802 1554 reor
2832 1480 3152 1550 quidquam
3205 1497 3403 1533 eorum
3444 1479 3729 1534 malorum
3763 1499 3777 1546 ;
3818 1479 3958 1554 quae

2302 1553 2471 1625 terris
2511 1552 2827 1605 imminent
2860 1568 2962 1625 per
2992 1567 3193 1604 omnes
3216 1557 3515 1604 secuturas
3536 1556 3752 1625 aetates,
3771 1559 3825 1625 et
3849 1552 3955 1625 per

2300 1624 2495 1692 ipsum
2535 1640 2745 1686 zevum,
2786 1622 3089 1676 oculorum
3111 1638 3373 1675 meorum
3397 1622 3960 1693 acuminalatuiése,

2300 1695 2740 1764 precordiisque
2796 1694 3242 1764 palpitantibus,
3302 1692 3481 1747 altius
3540 1694 3961 1764 ingemiscens.

2294 1767 2483 1819 denuo
2516 1766 2826 1836 replicabat
2858 1783 2870 1818 :
2916 1769 3003 1817 Va:
3038 1765 3250 1818 misero
3284 1765 3504 1817 mundo
3537 1782 3549 1817 :
3580 1782 3661 1818 vae
3715 1782 3823 1820 cun
3851 1767 3959 1824 etis

2298 1836 2563 1910 humanm
2581 1839 2749 1889 sortis
2773 1836 3005 1905 angulis
3036 1838 3109 1910 ab
3144 1836 3348 1910 iis,_qui
3370 1836 3819 1910 dicunturepisc
3846 1838 3962 1910 Opi.

2222 1933 2266 1997 Β
2300 1908 2409 1997 Nec
2440 1915 2661 1997 poterat
2694 1909 2811 1961 ulla
2845 1907 3696 1997 precantiumimportunitate
3724 1909 3795 1962 ad
3859 1907 3967 1990 hoc

2300 1977 3001 2047 addoci,uteornmiqum
3051 1978 3294 2035 viderat.
3356 1977 3440 2031 vel
3494 1979 3806 2033 minimum
3876 1981 3963 2035 eis

2300 2051 2783 2104 communicaret.
2818 2050 2927 2103 llnc
2951 2049 3138 2104 solum
3156 2050 3224 2102 ad
3248 2065 3481 2102 omnem
3505 2049 3964 2120 inquisitionem

2299 2139 2499 2175 eorum
2527 2124 2725 2175 dolens
2746 2122 2983 2190 protulit
3016 2139 3027 2175 :
3056 2124 3169 2181 Va},
3188 2138 3264 2172 va:
3284 2120 3491 2173 misero
3506 2121 3748 2174 mundo.
3777 2122 3960 2177 Porro

2300 2200 2593 2247 crescente
2630 2212 2725 2262 per
2748 2195 2869 2245 dies
2904 2193 3406 2252 intirmitate,cum
3425 2197 3577 2245 esset
3600 2192 3713 2245 sibi
3747 2194 3963 2250 mortis

2300 2266 2553 2334 suspicio
2582 2265 2940 2335 quotidiana,
2978 2264 3253 2332 primates
3286 2263 3420 2316 Cleri
3452 2262 3775 2335 Coloniensi
3798 2281 3832 2335 is
3884 2266 3958 2319 ad

2301 2353 2360 2389 se
2391 2334 2740 2391 accersiens.
2773 2335 3107 2396 postulavit,
3140 2339 3195 2387 et
3218 2336 3325 2388 sub
3349 2334 3751 2389 testificatione
3778 2334 3960 2391 divini

2302 2353 2360 2389 se
2391 2353 2740 2391 RCCEI‘SICHS.
2773 2353 3107 2459 posruiavu,
3140 2353 3195 2387 et
3218 2353 3325 2388 suo
3349 2353 3751 2389 tesuucauone
3778 2353 3960 2391 uiv1nt

2302 2408 2765 2460 noministerribi
2803 2408 2906 2458 iter
2924 2423 2957 2459 a
2978 2406 3213 2474 ljuravit
3236 2422 3304 2459 ne
3327 2422 3679 2459 consensum
3699 2407 3961 2463 suumiis

2303 2496 2559 2547 unquam
2595 2478 3123 2538 accoi‘nmodarent,
3155 2478 3372 2547 quibus
3420 2479 3755 2531 conveniret
3802 2477 3963 2545 alibi,

2302 2567 2479 2620 quain
2515 2550 2568 2602 in
2604 2550 2881 2619 Sigeberg
2911 2548 3169 2618 corporis
3200 2550 3328 2616 ejus
3364 2548 3667 2618 repositio,
3702 2548 3905 2603 dicens
3940 2566 3953 2604 :

2299 2623 2354 2673 tsi
2390 2622 2660 2674 desulerii
2696 2621 2803 2673 inci
2832 2620 2996 2674 vobis
3028 2620 3433 2673 insistentibus
3462 2620 3811 2688 processerit
3832 2620 3963 2674 effe-

2300 2698 2451 2753 ctus,
2487 2692 2696 2761 hicque
2731 2691 2873 2744 mihi
2906 2691 3209 2761 sepultura
3239 2691 3499 2753 cesserit,
3525 2692 3754 2744 tametsi
3778 2690 3954 2745 meri-

2300 2770 2489 2817 torum
2529 2779 2787 2815 meorum
2810 2778 2987 2832 pensa
3006 2763 3337 2827 reluctetur,
3361 2778 3460 2831 per
3491 2762 3952 2816 misericordiam

2300 2836 2481 2889 nostri
2519 2834 2921 2899 Redemptoris
2952 2834 3321 2886 excedentem
3343 2832 3558 2894 omnia,
3614 2838 3835 2892 vestras.
3884 2837 3951 2887 ut

2300 2922 2493 2984 spero,
2524 2906 2592 2984 de
2621 2922 2709 2983 me
2736 2906 3004 2984 haurient
3027 2905 3433 2984 adliucaures,
3458 2904 3611 2984 quod
3636 2904 3691 2958 in
3722 2919 3952 2984 magnae

2302 2975 2736 3039 consolationis,
2772 2977 2827 3029 in
2862 2992 3085 3045 magnae
3119 2976 3241 3045 spei
3278 2975 3665 3045 patrocinium
3698 2975 3862 3029 vobis
3893 2980 3950 3030 et

2302 3050 2549 3103 Colonia:
2574 3054 2771 3101 vestra}
2795 3054 2927 3100 ante
2952 3048 3134 3101 Deum
3161 3047 3443 3117 proticiat.
3460 3046 3613 3100 Fidei
3636 3063 3755 3100 sua:
3772 3063 3947 3116 spon-

2305 3122 2529 3173 sionem
2563 3136 2738 3189 super
2771 3120 2875 3171 hac
2898 3136 2956 3172 re
3002 3118 3249 3187 singulis
3280 3118 3331 3171 ei
3363 3117 3664 3189 dantibus,
3699 3118 3950 3172 dicesse-

2309 3199 2464 3245 runt.
2504 3191 2599 3244 ille
2629 3208 2760 3243 vero
2786 3191 3004 3244 sensim
3037 3190 3378 3259 recolligens
3401 3189 3950 3257 vires,debilitatem

2310 3264 2466 3316 illam
2503 3264 2763 3333 corporis
2785 3265 2986 3324 evasit,
3010 3262 3352 3315 memoriam
3376 3266 3568 3314 autem
3593 3259 3814 3333 mentis?
3840 3277 3952 3333 non

2306 3351 2433 3388 eam
2462 3330 2638 3403 quam
2664 3338 2816 3393 ante,
2844 3350 2945 3403 per
2966 3333 3201 3401 longum
3230 3338 3459 3402 tempus
3474 3330 3705 3403 assequi
3730 3331 3947 3385 valuit:

2304 3406 2382 3458 ita
2413 3402 2491 3457 ail'
2522 3404 2758 3457 visionis
2786 3404 2941 3457 illius
2977 3406 3339 3471 majestatem
3362 3402 3688 3466 exterritus,
3712 3406 3767 3456 et
3790 3407 3949 3456 extra

2301 3493 2360 3529 se
2396 3478 2581 3529 factus
2613 3480 2752 3528 erat.
2783 3474 2839 3528 ld
2875 3491 2939 3528 ex
2965 3491 3029 3527 eo
3063 3473 3345 3535 innuitur,
3368 3473 3520 3543 quod
3544 3488 3679 3526 cum
3701 3471 3840 3526 olim
3874 3473 3945 3528 ab

2303 3548 2591 3615 Egilberto
2609 3546 3079 3599 .‘Iindonensium
3097 3545 3369 3614 episcopo
3394 3544 3712 3615 quamdam
3744 3560 3944 3614 perpe-

2302 3614 2399 3672 tuo
2415 3618 2722 3671 dicendam
2746 3620 3044 3670 confessor
3074 3616 3124 3669 ei
3157 3616 3342 3669 factus
3375 3614 3695 3684 accepisset
3733 3617 3946 3670 oratio-

2302 3690 2676 3757 nem,adejus
2702 3688 2966 3741 notitian
2991 3686 3147 3741 nullo
3187 3691 3414 3811 poterat
3459 3685 3691 3753 ingenio
3738 3687 3949 3757 pertin-

2302 3777 2453 3811 Here.
2488 3762 2668 3811 donec
2684 3761 2915 3811 directis
2938 3759 3008 3811 ad
3031 3774 3162 3811 eum
3211 3758 3417 3811 itteris.
3442 3758 3708 3811 ordinem
3724 3759 3849 3811 eius
3883 3775 3949 3811 ex

2301 3777 2453 3832 gere,
2488 3762 2668 3814 donec
2684 3761 2915 3813 directis
2938 3759 3008 3832 ad
3031 3774 3162 3813 eum
3187 3758 3417 3832 litteris,
3442 3758 3708 3812 ordinem
3724 3759 3849 3828 ejus
3883 3775 3952 3813 ex

2304 3829 2475 3887 rescri
2488 3839 2650 3899 ptoru
2663 3847 2717 3883 m
2752 3830 3122 3884 annotatione
3152 3829 3469 3897 colligeret.

2372 3903 2560 3957 XXVI.
2603 3905 2867 3957 Visionem
2896 3902 3112 3955 cuidam
3140 3916 3233 3954 suo
3261 3901 3540 3969 fmnz'liari
3567 3901 3809 3969 exponit.
3837 3902 3946 3954 Ex-

2298 3976 2490 4043 positio
2519 3975 2655 4043 ejus.
2694 3974 2803 4043 (20)
2833 3973 2963 4027 Jam
2995 3971 3445 4043 Septuagesimze
3478 3971 3704 4043 diebus,
3739 3972 3795 4025 in
3814 3971 3944 4042 qui-

2302 4041 2409 4099 bus
2442 4041 2558 4099 hazc
2598 4041 2807 4115 obtigit
2854 4041 3143 4104 revelatio,
3198 4041 3742 4115 Quadragesimales
3793 4041 3945 4115 feria

2301 4122 2687 4175 succeserant.
2716 4113 2773 4170 et
2828 4115 3073 4169 dilectus
3117 4113 3345 4169 Domini
3393 4114 3692 4185 praeteritae
3734 4113 3951 4169 valetu-

2299 4188 2452 4242 dinis
2474 4189 2764 4241 detectum
2781 4188 3025 4241 necdum
3048 4185 3210 4257 plene
3233 4190 3609 4257 superaverat
3640 4201 3653 4239 2
3677 4201 3813 4257 cum
3859 4201 3949 4241 ec-

2299 4276 2362 4313 ce
2387 4259 2608 4331 positus
2631 4259 2689 4312 in
2725 4256 3128 4331 quietenoctis
3150 4256 3796 4331 cujusdam,somnium
3826 4273 3950 4331 suae

2300 4328 2647 4385 felicissima:
2670 4330 3075 4384 dissolutionis
3097 4346 3446 4401 praesagum,
3466 4329 3524 4401 in
3540 4329 3697 4384 hunc
3713 4328 3950 4401 modum

2300 4402 2522 4471 aspexit
2555 4419 2567 4455 ε
2603 4403 2775 4455 Visus
2807 4406 2896 4455 est
2918 4402 3029 4456 sibi
3049 4402 3286 4455 domum
3313 4400 3655 4471 quamdam,
3679 4400 3952 4455 omnide-

2300 4490 2429 4528 core
2461 4474 2617 4527 intus
2648 4478 2705 4527 et
2736 4473 2875 4526 foris
2905 4472 3394 4543 resplendentem,
3431 4472 3646 4543 intrare
3669 4476 3764 4543 ;_et
3818 4486 3951 4526 ecce

2303 4546 2359 4598 in
2392 4541 3217 4613 subselliisjudicialibusJan
3268 4559 3400 4595 nam
3425 4542 3495 4595 ad
3519 4541 3828 4596 concilium
3854 4558 3947 4597 so-

2303 4615 2570 4667 lemniter
2599 4615 2838 4667 evocati.
2862 4616 3197 4667 residebant
3217 4559 3553 4667 ﬁerihertus
3585 4611 3947 4667 Coloniensis

2299 4615 2570 4671 lemniter
2599 4611 2839 4683 evocati,
2862 4616 3197 4669 residebant
3217 4611 3553 4667 Heribertus
3585 4611 3947 4668 Coloniensis

2227 4685 2271 4749 D
2302 4688 2798 4765 archiepiscopus,
2825 4682 3424 4765 BardgMoguntinus
3449 4682 3946 4765 archiepiscopus,

2306 4755 2898 4835 BoppdetiEverhard
2910 4775 2978 4811 us
2992 4757 3366 4835 _Trev_irenses
3381 4755 3819 4835 archiepiscopi,
3841 4756 3946 4835 ᾼιι-

2306 4776 2500 4883 uoppo
2530 4776 2587 4813 ρι
2618 4776 2978 4812 nvernarous
3009 4776 3819 4835 1rev1rensesarcniepiscopi,
3841 4776 3946 4808 Ar-

2305 4848 2380 4883 nu
2413 4831 2562 4901 phus
2596 4829 3038 4901 Wormatiensis
3058 4828 3384 4899 episcopus,
3411 4830 3476 4901 et
3505 4825 3601 4901 alii
3642 4824 3949 4901 quamplu-

2304 4918 2396 4955 res
2413 4897 2684 4957 ‘Galliaru
2698 4917 2750 4953 ιιι
2782 4900 3058 4971 episcopi,
3092 4897 3340 4971 quorum
3371 4898 3516 4971 alios
3547 4897 3670 4968 ipse
3702 4897 3759 4950 in
3776 4913 3949 4953 carne

2300 4978 2555 5038 noverat,
2581 4972 2724 5026 alios
2749 4969 2902 5026 fama
2923 4969 3151 5026 tantum
3170 4971 3254 5024 vel
3279 4969 3522 5024 lectione
3543 4972 3940 5039 compererat:

2299 5044 2496 5098 amicti
2528 5059 2731 5098 omnes
2763 5043 2927 5098 stolis
2961 5040 3482 5114 pontificalibus,et
3530 5039 3950 5114 habentesve-

2300 5121 2445 5170 stem
2482 5116 2665 5169 instar
2696 5115 2843 5168 nivis
2865 5110 3192 5167 candidam.
3221 5112 3347 5183 lpse
3395 5128 3630 5184 quoque
3684 5110 3950 5184 candidis

2299 5187 2617 5241 admodum
2652 5192 2823 5255 atque
2860 5186 3125 5255 pretiosis
3160 5182 3429 5238 vestibus
3457 5182 3704 5239 indutus
3727 5183 3835 5238 sibi
3868 5182 3947 5237 vi-

2300 5204 2617 5241 aumooum
2652 5204 2823 5309 atque
2860 5204 3125 5255 pPCUOSlS
3160 5204 3421 5238 vesuous
3457 5204 3704 5239 inantus
3727 5204 3835 5238 SlDl
3868 5204 3946 5237 Vl-

2300 5258 2583 5311 debatur:
2643 5275 2719 5311 se.
2792 5264 3013 5327 partem
3074 5256 3380 5310 candentis
3427 5256 3779 5316 vestimenti,
3822 5270 3946 5309 eam

2301 5330 2539 5395 scilicet,
2575 5346 2690 5398 qua
2724 5335 2922 5397 peetus
2955 5330 3281 5399 tegebatur,
3317 5328 3555 5381 sordida
3585 5327 3847 5399 quendam
3882 5341 3946 5379 ac

2301 5402 2445 5453 ἷίειὼι
2472 5393 2656 5469 caligo
2674 5393 3105 5462 obduxeratfac
3126 5393 3395 5453 caeterum
3413 5393 3739 5469 cultus—ejus
3756 5393 3946 5465 splen-

2299 5472 2496 5525 dorem
2530 5468 2637 5526 su’a
2673 5471 2927 5524 foeditate
2975 5470 3295 5541 plurimum
3342 5468 3700 5541 offuscabat:
3760 5481 3937 5537 quam

2299 5547 2492 5596 tamen
2522 5542 2644 5613 ipse
2676 5542 2856 5622 nimio
2888 5538 3106 5622 rubore
3153 5542 3439 5622 perfusus,
3463 5538 3727 5622 “objecta
3761 5553 3939 5622 manu

2300 5629 2495 5683 regere
2523 5608 2587 5667 ac
2620 5612 2823 5688 celare,
2860 5630 2929 5688 ne
2955 5608 3387 5688 inspicientium
3420 5608 3737 5688 offenderet
3758 5608 3940 5688 .obtu-

2295 5678 2441 5750 tum,
2476 5683 3026 5755 conabatur.rVidit
3052 5678 3320 5755 prmterea
3358 5680 3510 5734 inter
3530 5694 3629 5734 eos
3658 5678 3939 5751 sibiquo-

2295 5771 2403 5827 que
2434 5753 2798 5836 sedemniiri
2826 5753 3349 5836 decorisiparatam‘
3375 5767 3387 5805 :
3413 5765 3591 5821 quam
3613 5764 3747 5805 cum
3772 5766 3940 5836 occu-

2293 5824 2447 5901 pare,
2483 5824 2695 5902 gaudio
2725 5830 2784 5883 et
2826 5824 3206 5883 exsultatione
3252 5824 3531 5889 metuaris,
3572 5824 3930 5894 properaret,

4447 1831 4469 1934 il
