3922 6436
359 407 471 468 294

361 545 393 598 4
504 545 623 597 tum
649 545 779 595 sunt
800 535 1067 593 occultata
1093 550 1130 592 a
1156 534 1268 608 ﬁlii
1294 550 1482 591 eorum
1511 552 1534 590 :

497 630 557 685 In.
589 628 942 697 generatione
971 625 1170 681 altera.

441 721 484 774 (1
511 720 637 777 Non
667 720 807 774 sunt
837 715 1377 786 occultata,scilicet
1405 731 1440 772 a
1470 713 1834 788 spiritalibus
1863 714 2026 783 ﬁliis,

352 810 457 884 qui
487 825 702 868 eorum
726 806 1052 863 imitatores
1085 806 1340 862 fuerunt.
1359 803 1554 861 Altera
1579 805 2025 878 generatio,non

348 896 752 966 Hebraeorum,
805 895 909 952 sed
967 895 1232 968 gentium
1280 893 1575 968 signiﬁcat
1619 889 2023 968 congregatio-

354 1003 492 1045 nem
507 1031 520 1044 .
1325 987 1348 1004 ⁸

345 1078 385 1134 5
491 1076 790 1134 Narrantes
821 1073 1007 1132 laudes
1036 1073 1269 1130 Domini
1295 1077 1349 1130 et
1381 1075 1608 1130 virtutes
1636 1074 1755 1146 ejus
1787 1089 1801 1128 :

490 1171 560 1224 Et
585 1165 875 1222 mirabilia
904 1164 1024 1236 ejus
1050 1179 1176 1236 qua:
1203 1164 1354 1235 fecit.

347 1257 390 1315 C
517 1257 764 1313 Narrare
814 1253 1031 1328 quippe
1079 1268 1257 1325 opera
1304 1251 1536 1308 Domini
1589 1251 1862 1308 laudasse
1908 1255 2018 1308 est.

345 1347 528 1420 Cujus
559 1345 713 1402 facta
743 1344 885 1401 dum
918 1340 1449 1415 narrantur,gloria
1479 1357 1712 1414 semper
1747 1345 2015 1413 augetur,

343 1433 1016 1500 Virtutes,liberationes
1047 1431 1364 1504 dicit,quas
1386 1430 1601 1486 fecitin
1627 1429 1843 1502 populo
1875 1446 2016 1486 cum

343 1544 444 1584 eos
470 1527 544 1583 de
573 1525 875 1582 Pharaone
906 1521 1177 1578 liberavit
1207 1538 1222 1575 ε
1253 1519 1552 1576 mirabilia
1574 1519 1891 1592 vero,quod
1914 1535 2016 1575 eos

345 1617 404 1672 in
436 1616 666 1672 deserto
718 1628 937 1668 manna
985 1611 1162 1682 pavit,
1220 1613 1280 1666 et
1329 1608 1561 1665 modica
1605 1613 1663 1664 et
1711 1607 2015 1666 levissima

344 1703 779 1762 concertatione
809 1705 1014 1773 gentes
1036 1699 1476 1772 potentissimas
1502 1699 1775 1770 subjecit.

343 1794 381 1850 6
488 1793 553 1848 Et
581 1792 869 1848 suscitavit
894 1790 1271 1846 testimonium
1299 1789 1360 1844 in
1387 1788 1555 1848 Iacob
1589 1805 1604 1844 :

488 1883 553 1940 Et
580 1882 753 1952 legem
782 1880 964 1953 posuit
995 1881 1052 1935 in
1083 1877 1277 1935 Israel.

413 1972 456 2029 C
483 1969 845 2028 Suscitatum
877 1983 1005 2025 esse
1035 1965 1442 2024 testimonium
1493 1966 1554 2021 in
1601 1965 1782 2022 Jaeob
1813 1965 1954 2020 dicit
1985 1981 1999 2021 :

341 2060 580 2135 quando
611 2075 746 2116 cum
778 2056 986 2131 angelo
1018 2055 1362 2127 colluctans,
1395 2059 1586 2112 tactus
1619 2071 1735 2112 uno
1783 2056 2003 2112 temore

341 2148 692 2208 claudieavit
745 2147 899 2220 (Gen.
970 2147 1144 2217 xxxii)
1213 2144 1369 2218 quod
1418 2144 1713 2216 signiﬁcat
1768 2142 1999 2200 lsraeli-

337 2241 521 2299 ticum
565 2236 872 2312 populum,
923 2234 1137 2308 partim
1191 2233 1326 2290 ﬁdei
1381 2232 1680 2300 ﬁrmitate,
1729 2237 1998 2288 constare

335 2329 551 2404 partim
575 2345 610 2384 a
631 2344 738 2384 sua
763 2323 951 2382 salute
969 2321 1696 2395 discedere.Posuitlegem
1716 2322 1774 2377 in
1794 2319 1994 2390 Israel,

335 2423 402 2476 ut
424 2435 524 2476 eos
555 2418 791 2474 devotos
819 2429 949 2470 esse
999 2430 1108 2470 suo
1165 2411 1408 2469 Domino
1435 2414 1852 2478 commonerct,
1885 2409 1996 2466 hoc

334 2511 425 2564 est
471 2504 628 2578 quod
677 2501 950 2576 superius
998 2500 1160 2566 dicit,
1215 2499 1474 2573 aperiam
1507 2498 1566 2553 in
1600 2497 1894 2573 parabolis
1936 2503 1996 2554 et

333 2596 544 2668 loquar
574 2592 1024 2667 propositiones,
1057 2590 1199 2662 quia
1227 2589 1338 2645 iste
1369 2606 1572 2645 versus
1620 2589 1867 2663 ﬁgurate
1915 2585 1993 2642 lo-

333 2685 556 2758 quitur.

328 2775 364 2829 7
475 2775 704 2846 Quanta
729 2769 1008 2826 mendavit
1031 2768 1282 2841 patribus
1310 2769 1513 2824 nostris

471 2861 610 2919 Nota
641 2863 823 2933 facere
850 2875 916 2916 ea
945 2859 1080 2930 ﬁliis
1109 2859 1227 2914 suis
1257 2875 1276 2913 :

477 2953 542 3009 Ut
563 2957 848 3020 cognoscat
876 2949 1154 3021 generatio
1181 2947 1379 3003 altera.

399 3039 690 3097 CVersus
745 3039 854 3095 iste
902 3036 1216 3110 signiﬁcat,
1271 3053 1374 3110 per
1419 3035 1826 3108 generationes
1881 3034 1984 3092 ho-

327 3131 556 3188 minum
606 3129 789 3184 fuisse
839 3127 1121 3183 mandata
1167 3126 1269 3182 Dei
1318 3125 1692 3194 transmissa,
1734 3141 1806 3181 ne
1850 3125 1986 3198 quis

323 3223 556 3293 putaret
577 3218 679 3274 uni
711 3218 915 3272 datum
947 3215 1104 3288 quod
1155 3215 1433 3271 omnibus
1481 3220 1571 3271 est
1614 3230 1980 3272 concessum.

319 3291 515 3366 Altera
542 3307 640 3364 hic
669 3305 986 3381 generatio,
1019 3309 1324 3361 extraneos
1355 3303 1648 3377 signiﬁcat
1679 3320 1796 3360 non
1842 3319 1976 3375 pro-
2012 3291 2056 3357 C

319 3397 598 3472 pinquos,
628 3401 690 3452 et
711 3400 916 3469 gentes
941 3411 1062 3451 non
1090 3393 1345 3450 Judaaos.

318 3489 355 3543 8
463 3487 600 3543 Filii
627 3487 725 3556 qui
752 3491 1052 3540 nascentur
1077 3491 1132 3538 et
1158 3491 1454 3554 exsurgeret
1481 3501 1502 3538 :

465 3579 533 3632 Et
561 3573 871 3630 narrabant
899 3573 1036 3643 ﬁliis
1054 3573 1190 3627 suis.

392 3665 434 3720 Ο
462 3662 593 3720 Filii
621 3660 941 3719 Christiani
973 3660 1242 3732 sunt,qui
1274 3660 1714 3732 praedicationes
1743 3665 1978 3719 sanctas

319 3754 394 3810 ad
427 3752 762 3809 animarum
794 3747 1046 3805 salutem
1098 3749 1510 3806 conferendam
1563 3750 1688 3807 suis
1727 3752 1978 3824 posteris

317 3841 712 3899 tradiderunt.

313 3932 354 3986 9
463 3931 530 3988 Et
551 3937 764 4004 ponant
794 3929 856 3984 in
884 3932 997 3986 Deo
1025 3944 1173 4001 spem
1199 3945 1360 3983 suam
1391 3943 1404 3982 :
1437 3936 1488 3986 et
1515 3945 1626 3985 non
1655 3929 1980 3987 obliviscan-

531 4028 626 4078 tur
653 4034 881 4092 operum
908 4019 1010 4075 Dei
1037 4038 1056 4074 :

459 4114 526 4168 Et
553 4109 821 4166 mandata
847 4111 967 4182 ejus
997 4110 1312 4184 exquirant.

383 4207 424 4257 C
449 4202 739 4258 Admonet
768 4198 885 4266 hic,
919 4203 985 4256 ut
1016 4197 1231 4272 posteri
1279 4215 1442 4273 spem
1493 4215 1666 4258 suam
1714 4219 1831 4259 non
1868 4218 1974 4276 po-

310 4296 457 4350 nant
489 4291 548 4347 in
571 4290 784 4364 legem,
836 4307 964 4362 qua:
1012 4289 1205 4362 punit,
1237 4289 1339 4346 sed
1369 4289 1428 4346 in
1460 4289 1712 4364 gratiam
1742 4307 1976 4348 conces-

309 4397 600 4454 sam,qum
630 4379 874 4436 liberat:
893 4382 951 4435 et
979 4395 1096 4434 non
1129 4377 1554 4436 obliviscantur
1576 4396 1820 4452 operum
1845 4380 1973 4450 Dei,

310 4471 358 4527 Η
393 4471 450 4527 id
479 4474 568 4527 est
595 4473 993 4536 contemnant,
1028 4469 1183 4524 sicut
1228 4469 1490 4525 fecerunt
1527 4469 1735 4542 perﬁdi
1759 4470 1969 4538 Judaei,

310 4560 413 4618 sed
444 4559 726 4616 mandata
755 4561 884 4631 ejus
916 4559 1228 4630 exquirant
1258 4562 1324 4614 ut
1347 4556 1683 4615 Christiani.

306 4652 380 4709 40
451 4650 529 4706 Ne
555 4653 695 4722 ﬂant
721 4651 862 4705 sicut
887 4657 1068 4722 patres
1097 4666 1287 4705 eorum
1319 4666 1334 4704 :

452 4741 743 4797 Generatio
765 4755 943 4810 prava
967 4745 1020 4793 et
1043 4753 1398 4809 exasperatas.

377 4827 424 4886 H
457 4827 560 4886 Hic
583 4832 822 4884 notatur
850 4826 1098 4898 perﬁdia
1123 4825 1602 4898 Judaiorum,qui
1633 4844 1967 4888 murmura.

301 4919 448 4975 bant
478 4935 710 4990 semper
736 4915 796 4972 in
825 4917 1054 4971 deserto
1085 4918 1289 4971 contra
1324 4915 1664 4973 Dominum.
1698 4918 1740 4974 Ο
1785 4919 1969 4978 Prava

305 5007 503 5063 dicta:
536 5007 678 5080 quia
721 5005 1028 5062 veritatem
1079 5003 1331 5076 recipere
1375 5005 1710 5064 noluerunt.
1744 5008 1790 5066 Η
1820 5010 1965 5068 Exa-

304 5099 612 5169 sperantes
643 5113 657 5150 :
692 5093 832 5169 quia
881 5097 1087 5150 contra
1129 5093 1441 5152 Dominum
1475 5094 1968 5172 blasphemabant

192 5199 202 5217 '
301 5184 607 5241 irritantes
637 5185 709 5240 ad
739 5182 1082 5240 vindictam.

303 5267 376 5331 11“
449 5273 734 5330 Generatie
766 5289 886 5346 qum
911 5288 1024 5330 non
1051 5273 1262 5331 direxit
1285 5291 1380 5332 cor
1407 5293 1572 5334 suum
1601 5297 1622 5336 :

441 5364 508 5418 Et
537 5378 648 5420 non
677 5370 754 5420 est
783 5361 1021 5420 creditus
1049 5380 1174 5421 cum
1202 5367 1308 5424 Deo
1333 5369 1566 5440 spiritus
1594 5370 1738 5442 ejus.

370 5451 418 5508 Η
450 5450 646 5525 Usque
675 5451 849 5509 hodie
879 5467 1186 5526 perversus
1233 5459 1324 5510 est
1368 5453 1568 5525 Israel,
1611 5460 1670 5512 et
1709 5460 1802 5514 est
1849 5473 1970 5514 non

297 5542 556 5599 directus
586 5558 720 5598 cum
769 5542 885 5598 Deo
931 5543 1182 5616 Spiritus
1231 5547 1382 5618 ejus,
1414 5550 1474 5603 et
1501 5547 1782 5619 quoniam
1848 5566 1966 5606 non

173 5646 186 5655 '
293 5632 516 5706 recepit
548 5631 782 5702 Filium,
815 5639 1122 5706 propterea
1150 5652 1266 5691 non
1298 5636 1508 5709 recipit
1525 5636 1816 5709 Spiritum
1837 5655 1968 5696 san-

293 5725 456 5784 tum.
475 5723 516 5784 C
547 5722 650 5785 Ille
679 5723 881 5801 dirigit
911 5741 1009 5784 cor
1037 5725 1348 5802 suum,qui
1378 5726 1452 5786 ad
1501 5725 1736 5783 divinas
1759 5744 1821 5785 se
1843 5744 1966 5789 cor-

1277 403 1342 462 S.
1389 397 1786 463 BRUNONIS
1831 397 2452 462 HERBIPOLENSIS
2499 396 2877 462 EPISCOPI.

2050 538 2109 606 Α
2139 534 2277 608 rigit
2295 521 2618 606 jussionés.
2650 536 2698 590 Α
2741 532 2904 590 Illius
2950 548 3085 589 vero
3129 529 3388 605 Spiritus
3415 529 3672 588 creditus
3705 536 3792 588 est

3673 397 3789 470 292

2138 640 2274 680 cum
2299 623 2440 691 Deo,
2472 622 2575 696 qui
2606 621 2666 680 in
2697 621 2882 680 Deum
2914 620 3117 678 credit.

2137 713 2208 770 42
2280 715 2415 770 Filii
2440 713 2678 786 Ephrem
2699 711 3044 769 intendentes
3067 714 3119 768 et
3147 711 3423 766 mittentes
3450 725 3638 766 arcum
3671 725 3684 765 :

2282 803 2539 861 Conversi
2565 806 2695 859 sunt
2725 803 2785 858 in
2814 801 2904 858 die
2935 799 3086 858 belli.

2206 896 2248 949 C
2276 893 2530 966 Ephrem
2573 891 2662 949 vel
2713 891 2992 966 Ephraim
3041 889 3460 964 interpretatur
3501 887 3789 962 frugifer:

2133 982 2231 1041 hic
2260 983 2371 1040 fuit
2399 982 2559 1040 ﬁlius
2579 981 2796 1056 Joseph
2821 981 3227 1054 junior,quem
3249 996 3392 1036 avus
3413 996 3560 1036 suus
3577 978 3798 1052 prima-

2133 1074 2219 1131 rio
2248 1071 2374 1130 loco
2405 1071 2875 1144 benedixitzejus
2893 1087 3028 1128 vero
3047 1069 3151 1126 ﬁlii
3177 1074 3420 1143 paterna
3443 1067 3792 1126 benedictio-

2132 1181 2204 1220 ne
2238 1166 2566 1220 crescentes
2599 1162 2770 1236 (Gen.-
2795 1161 3014 1233 xnvm),
3046 1160 3117 1216 de
3143 1159 3335 1216 fructu
3379 1157 3512 1216 ﬁdei
3555 1174 3790 1215 corrue-

2133 1257 2291 1310 runt.
2327 1252 2713 1310 Intenderunt
2742 1267 2947 1308 arcum
2981 1268 2993 1306 :
3027 1266 3162 1307 cum
3195 1249 3546 1306 admonente
3590 1247 3790 1321 Moyse

2128 1343 2425 1413 dixerunt,
2453 1359 2815 1416 quaecunque
2861 1341 3093 1399 locutus
3139 1342 3230 1396 est
3276 1337 3433 1395 Deus
3478 1338 3785 1396 faciemus.

2127 1433 2401 1490 Conversi
2430 1450 2564 1489 vero
2595 1437 2774 1489 sunt:
2805 1431 3041 1505 quando
3086 1432 3276 1486 Aaron
3320 1427 3590 1485 dixerunt
3623 1445 3637 1483 :
3672 1426 3786 1484 Fac

2127 1521 2297 1579 nobis
2326 1523 2466 1579 deos
2494 1539 2644 1595 quos
2669 1521 2984 1578 adoremus
3015 1520 3168 1592 (Gen.
3201 1519 3399 1590 mn).

2124 1613 2194 1668 t3
2265 1613 2385 1670 Non
2413 1610 2788 1669 custodierunt
2815 1613 3201 1668 testamentum
3227 1610 3343 1665 Dei.

2264 1703 2331 1758 Et
2356 1704 2417 1758 in
2448 1702 2564 1774 lege
2591 1701 2710 1773 eius
2741 1701 3034 1756 noluerunt
3063 1698 3367 1755 ambulare.

2191 1791 2234 1848 Ο
2263 1791 2390 1849 Non
2421 1791 2829 1848 custodierunt
2857 1792 3276 1848 testamentum
3303 1787 3398 1844 Dei
3435 1803 3460 1846 :.
3479 1785 3606 1842 ideo
3636 1801 3778 1842 con-

2117 1881 2269 1938 versi
2301 1885 2442 1938 sunt
2468 1881 2528 1936 in
2553 1879 2648 1937 die
2677 1877 2837 1935 belli.

2117 1971 2186 2027 44
2256 1972 2324 2027 Et
2347 1971 2506 2027 obliti
2527 1978 2654 2026 sunt
2685 1970 3092 2043 benefactorum
3122 1969 3238 2042 ejus
3269 1983 3284 2022 :

2254 2059 2320 2114 ει
2348 2058 2700 2115 mirabilium
2726 2058 2843 2130 ejus
2871 2073 2998 2130 qua
3016 2056 3248 2113 ostendit
3276 2058 3375 2114 eis.

2183 2150 2223 2206 C
2254 2147 2431 2206 Obliti
2463 2146 2810 2205 suntJudsei
2842 2146 3260 2204 beneﬁciorum
3286 2142 3387 2202 Dei
3417 2146 3474 2200 et
3503 2141 3769 2198 omnium

2109 2238 2417 2312 signorum
2447 2237 2597 2310 ejus.

2107 2328 2178 2384 15
2253 2329 2448 2384 Coram
2485 2328 2739 2399 patribus
2785 2343 2976 2382 eorum
3020 2327 3151 2399 fecit
3201 2323 3490 2380 mirabilia
3530 2323 3591 2378 in
3620 2330 3769 2380 terra

2317 2418 2546 2490 κερνρεὶ
2567 2433 2581 2471 :

2243 2507 2308 2562 In
2336 2522 2527 2578 campo
2563 2507 2784 2563 Taneos.

2173 2595 2216 2652 C
2258 2596 2470 2652 Narrat
2515 2595 2672 2652 enim
2721 2594 2875 2652 facta
2921 2591 3206 2651 miracula
3247 2607 3440 2648 coram
3494 2588 3760 2664 patribus

2099 2701 2326 2754 eorum,
2359 2685 2418 2740 id
2449 2689 2540 2742 est
2569 2685 2786 2757 Moyse,
2799 2685 2988 2740 Aaron
3014 2687 3072 2738 et
3099 2681 3233 2738 aliis
3259 2680 3683 2747 senioribus,ut
3703 2683 3764 2734 et

2100 2774 2430 2832 manifestis
2472 2773 2650 2832 rebus
2698 2772 3058 2829 constantiae
3102 2769 3336 2828 credere
3367 2769 3757 2827 debuissent:

2097 2871 2156 2922 et
2184 2864 2314 2922 ideo
2343 2863 2522 2921 etiam
2548 2861 2907 2936 provinciam
2949 2860 3096 2916 dixit
3143 2863 3200 2916 et
3243 2858 3458 2926 locum,
3490 2856 3591 2912 ubi
3634 2856 3758 2912 haec

2097 2955 2252 3011 facta
2280 2953 2701 3024 sunt.Campus
2733 2950 2914 3008 Tanis
2943 2949 3235 3022 signiﬁcat
3261 2945 3484 3004 humile
3506 2945 3749 3001 manda-

2099 3048 2225 3102 tum
2254 3043 2411 3116 quod
2439 3042 2498 3098 in
2529 3040 2702 3097 terris
2733 3039 2962 3114 positus
2984 3037 3252 3094 Christus
3277 3037 3476 3093 docuit
3499 3035 3700 3091 dicens
3729 3051 3746 3090 :

2097 3134 2312 3190 Discite
2336 3149 2372 3188 a
2396 3148 2511 3199 me,
2538 3131 2680 3204 quia
2710 3130 2872 3186 mitis
2897 3145 3032 3186 sum
3058 3132 3115 3183 et
3145 3126 3389 3183 humilis
3414 3125 3622 3200 (Matth.
3647 3125 3748 3196 xx):

2095 3223 2165 3278 16
2237 3221 2540 3292 Interrupit
2563 3236 2721 3276 mare
2746 3223 2796 3274 et
2817 3217 3080 3291 perduxit
3107 3232 3194 3273 eos
3226 3233 3240 3272 :

2236 3313 2303 3366 Et
2326 3311 2520 3367 statuit
2544 3325 2716 3382 aquas
2743 3310 2904 3382 quasi
2925 3309 2986 3363 in
3015 3315 3213 3363 utrem.

2158 3405 2198 3455 Ο
2227 3398 2490 3472 Ruptum
2517 3403 2608 3454 est
2633 3413 2793 3454 mare
2825 3413 2838 3452 :
2873 3395 3110 3469 quando
3154 3394 3214 3450 in
3259 3392 3563 3468 geminum
3591 3389 3750 3448 latus

2085 3489 2432 3563 permansit,
2467 3492 2533 3544 ut
2563 3503 2679 3544 non
2709 3489 2831 3542 tam
2861 3484 3105 3559 pelagus
3134 3499 3311 3556 quam
3341 3482 3534 3540 excisa
3575 3496 3753 3554 rupes

2087 3581 2410 3654 putaretur.
2445 3575 2723 3635 Perduxit
2747 3591 2846 3632 eos
2872 3574 2945 3631 ad
2975 3572 3352 3648 promissam,
3387 3570 3609 3628 scilicet
3637 3575 3754 3627 ter-

2087 3685 2214 3726 ram
2248 3685 2262 3724 :
2294 3667 2508 3726 statuit
2534 3683 2740 3741 aquas,
2773 3663 2830 3721 id
2862 3667 2972 3732 est,
2998 3667 3064 3719 ut
3091 3661 3175 3720 sic
3206 3665 3386 3719 staret
3437 3659 3596 3716 unda
3635 3659 3748 3715 im-

2088 3757 2326 3815 mobilis
2362 3773 2375 3813 :
2408 3761 2692 3829 tanquam
2720 3753 2931 3813 fuisset
2957 3751 3188 3809 inclusa
3217 3752 3276 3807 in
3304 3750 3483 3808 vasis.

2086 3847 2155 3905 47
2229 3849 2296 3902 Et
2325 3845 2554 3902 deduxit
2583 3860 2672 3901 eos
2703 3845 2763 3900 in
2791 3842 2937 3898 nube
2962 3841 3078 3897 diei
3106 3857 3126 3898 :

2229 3939 2295 3993 Et
2325 3941 2437 3993 tota
2466 3939 2621 3992 nocte
2651 3936 2711 3990 in
2741 3921 3155 3990 illuminatione
3186 3933 3352 4004 ignis.

2157 4030 2198 4082 Ο
2226 4025 2424 4082 Nubes
2456 4023 2592 4095 diei,
2625 4023 2866 4097 mystice
2898 4021 3192 4096 signiﬁcat
3233 4021 3548 4077 Dominum
3578 4018 3748 4078 Chri-

2084 4121 2244 4174 stum
2277 4133 2290 4172 :
2319 4114 2460 4188 quia
2483 4119 2542 4170 et
2571 4114 2696 4188 ipse
2745 4115 2834 4169 est
2876 4127 3051 4168 verus
3095 4110 3244 4178 dies,
3273 4113 3470 4166 tamen
3502 4107 3747 4184 perﬁdis

2083 4205 2308 4278 celatus
2333 4208 2424 4262 est
2454 4202 2610 4261 nube
2639 4203 2834 4259 carnis
2864 4218 3005 4258 suae.
3038 4200 3107 4256 Et
3133 4204 3253 4257 tota
3283 4203 3450 4256 nocte
3481 4216 3495 4254 :
3529 4197 3626 4254 hic
3663 4197 3746 4252 si-

2081 4294 2326 4371 gniﬁcat
2351 4294 2740 4362 Christianos,
2773 4307 2924 4366 quos
2953 4290 3212 4348 custodit
3235 4288 3295 4346 in
3323 4292 3491 4346 nocte
3522 4284 3744 4353 saeculi,

2081 4383 2345 4441 claritate
2373 4384 2465 4440 sui
2492 4382 2760 4439 luminis.

2081 4474 2152 4532 48
2225 4475 2534 4547 Interrupit
2555 4481 2769 4545 petram
2802 4473 2861 4526 in.
2889 4486 3068 4528 eremo
3099 4489 3118 4525 :

2224 4565 2290 4621 Et
2319 4564 2617 4638 adaquavit
2644 4577 2732 4619 eos
2761 4561 2910 4618 velut
2935 4562 2995 4616 in
3020 4561 3216 4632 abysso
3241 4559 3435 4616 malta.

2001 4669 2050 4735 ί)
2153 4657 2193 4711 C
2219 4653 2382 4710 Tunc
2409 4653 2738 4726 interrupta
2788 4654 2878 4706 est
2923 4655 3086 4724 petra
3132 4649 3191 4705 in
3235 4664 3429 4704 eremo
3461 4664 3476 4702 :
3505 4645 3743 4720 quando

2080 4743 2374 4817 percussit
2405 4747 2463 4798 et
2488 4742 2782 4797 fluxerunt
2812 4739 3132 4812 aquai,idec
3158 4738 3286 4807 hoc,
3314 4741 3382 4793 ut
3406 4735 3747 4793 ostenderet

2081 4823 2387 4890 universas
2409 4835 2708 4888 creaturas
2737 4829 2867 4901 ejus
2885 4827 3257 4902 jussicnibus
3286 4825 3543 4895 obedire,
3571 4824 3745 4898 prius

2079 4920 2388 4996 aquas,hic
2417 4919 3000 4993 petram.Adaquavit
3021 4918 3168 4973 dixit
3193 4936 3207 4975 :
3241 4921 3308 4973 ut
3325 4917 3600 4988 jumenta
3621 4931 3746 4971 ma-

2075 5014 2166 5088 gis
2191 5011 2491 5067 videretur
2519 5008 2872 5082 signiﬁcare,
2907 5023 3086 5080 quam
3116 5006 3407 5073 homines,
3431 5003 3534 5078 qui
3558 5002 3746 5060 tantis

2073 5099 2377 5159 beneﬁciis
2405 5098 2629 5172 gratias
2661 5113 2831 5171 agere
2852 5097 3258 5154 noluerunt.ln
3279 5095 3492 5169 abysso
3513 5092 3702 5150 multa
3723 5112 3746 5150 :

2075 5192 2304 5266 copiam
2337 5188 2686 5264 largissimas
2704 5187 2884 5244 unda;
2911 5185 3246 5254 declaravit,
3296 5200 3427 5260 quae
3469 5180 3629 5242 velut
3665 5182 3746 5239 de

2077 5283 2289 5355 abysso
2313 5277 2527 5352 palagi,
2560 5278 2644 5334 ita
2673 5276 2862 5334 multa
2885 5275 3182 5350 profluxit.

2079 5371 2145 5426 19
2219 5371 2283 5426 Et
2312 5368 2508 5426 eduxit
2529 5384 2734 5440 aquam
2762 5367 2828 5424 de
2851 5374 3012 5440 petra
3039 5385 3060 5422 :

2217 5459 2286 5515 Et
2311 5457 2542 5515 deduxit
2571 5460 2837 5528 tanquam
2863 5458 3104 5528 flumina
3130 5472 3324 5530 aquas.

2147 5549 2196 5606 Η
2225 5553 2266 5604 C
2291 5548 2463 5604 Petra
2488 5546 2583 5602 hic
2607 5546 2904 5620 signiﬁcat
2929 5546 3252 5615 Christum,
3275 5546 3336 5604 in
3360 5544 3521 5619 ligno
3547 5543 3740 5600 crucis

2075 5638 2278 5697 lancea
2323 5653 2700 5712 percussum,
2739 5636 2812 5694 de
2855 5637 3027 5711 cujus
3075 5635 3256 5695 latere
3302 5637 3739 5693 sacramentum

2075 5728 2450 5806 baptismatis
2480 5726 2781 5806 proﬂuxit.
