3922 6444
198 412 315 473 293

211 546 280 598 20
353 544 421 598 Et
448 549 821 617 aposuenmt
845 544 1023 603 adhuc
1045 561 1266 619 peccare
1290 550 1343 605 ei
1370 568 1391 605 .-

356 633 423 688 ln
448 635 543 690 ira
571 637 1007 693 concitaverunt
1033 638 1304 694 excelsum
1331 640 1393 694 in
1424 640 1703 714 inaquoso.

288 721 332 777 C
360 722 825 795 Apposuerunt,
858 725 917 781 id
947 728 1035 782 est
1061 726 1421 803 adjecerunt,
1453 732 1521 785 ut
1550 729 1704 787 inter
1728 734 1894 788 tanta

223 810 514 868 miracula
540 829 669 869 non
699 814 1281 872 crederent.Peccare
1307 816 1454 872 dixit
1483 834 1598 875 non
1629 820 1889 878 credere:

222 900 381 973 quod
410 900 601 957 nimis
632 901 981 975 improbum
1001 907 1231 960 constat
1245 918 1372 961 esse
1390 904 1667 962 delictum
1680 909 1892 981 eis,qui

220 988 294 1044 de
326 991 621 1062 perceptis
649 990 878 1059 gratias
908 1006 1023 1045 non
1055 990 1399 1048 retulerunt.
1431 992 1494 1049 In
1526 994 1613 1050 ira
1637 996 1891 1053 concitat

217 1082 434 1134 verunt
465 1077 907 1150 excelsum,qui
936 1083 1024 1134 tot
1053 1078 1357 1136 miraculis
1388 1082 1890 1156 irrigati,perﬁdim

216 1183 344 1222 suis
375 1165 693 1223 sterilitate
724 1166 786 1221 in
819 1182 956 1222 eum
987 1169 1222 1225 credere
1264 1168 1541 1226 nolebant
1571 1188 1584 1226 :
1618 1176 1682 1227 ut
1720 1173 1802 1229 sic
1830 1173 1890 1229 in

214 1254 518 1327 inaquoso
545 1252 637 1310 vel
670 1253 851 1322 sicco,
887 1271 1002 1310 non
1036 1259 1154 1311 tam
1186 1254 1382 1313 locum
1416 1259 1516 1315 ubi
1555 1260 1709 1317 facta
1755 1266 1894 1317 sunt

215 1342 536 1411 miracula,
571 1358 756 1414 quam
788 1348 1048 1414 mentem
1077 1343 1279 1401 eorum
1309 1344 1615 1419 signiﬁcet.

206 1451 273 1504 21
363 1449 433 1505 ει
463 1455 818 1504 tentaverunt
843 1449 1013 1504 Deum
1034 1451 1092 1504 in
1116 1450 1368 1506 cordibus
1391 1455 1506 1508 suis
1534 1469 1554 1506 .-

368 1538 437 1593 Ut
459 1543 710 1609 peterent
739 1552 894 1591 escas
924 1537 1215 1592 animabus
1243 1541 1380 1594 suis.

283 1624 332 1680 C
363 1626 1025 1681 Tentaveruntztentare
1053 1624 1209 1681 enim
1242 1627 1494 1685 dicimus
1525 1629 1746 1702 aliquid
1777 1648 1892 1688 ser-

210 1714 509 1770 monibus
540 1712 768 1769 dolosis
823 1712 1139 1784 postulare,
1172 1719 1238 1770 ut
1281 1717 1550 1773 videatur
1595 1719 1655 1774 in
1698 1721 1890 1777 verbis

210 1802 605 1876 simplicitas,
638 1818 777 1858 cum
812 1802 892 1858 sit
916 1803 974 1859 in
1008 1803 1179 1859 corde
1208 1804 1451 1861 malitia.
1470 1806 1568 1863 Isti
1599 1824 1736 1881 ergo
1760 1810 1888 1866 ani-

210 1893 443 1948 mabus
474 1891 624 1958 suis,
644 1907 763 1946 non
797 1890 1092 1963 spiritales
1118 1892 1217 1947 sed
1250 1892 1515 1951 carnales
1544 1911 1728 1965 escas,
1748 1898 1888 1954 sub-

209 1979 357 2037 dole
388 1983 820 2052 poposcerunt.

208 2089 289 2142 22
370 2088 439 2140 Et
465 2084 618 2141 male
649 2084 823 2140 locuti
849 2088 980 2140 sunt
1008 2083 1072 2141 de
1094 2086 1200 2143 Deo
1232 2104 1250 2141 :

368 2174 651 2229 Dixerunt
678 2173 937 2246 nunquid
977 2176 1180 2246 poterit
1226 2180 1365 2232 Deus
1413 2192 1615 2249 parare
1651 2196 1895 2237 mensam

448 2264 508 2317 in
538 2261 748 2318 deserto
769 2265 797 2316 γ

289 2352 338 2407 C
372 2350 593 2423 Utique
625 2350 780 2406 male
808 2349 989 2405 locuti
1031 2355 1189 2419 sunt,
1225 2354 1365 2424 quia
1412 2353 1579 2421 falsa,
1612 2373 1725 2411 non
1772 2374 1894 2412 crc-

207 2441 436 2497 dentes
467 2452 646 2512 posse
676 2454 886 2512 parare
917 2454 1186 2495 mensam
1217 2440 1276 2495 in
1297 2442 1650 2515 deserto,qui
1680 2446 1781 2500 dat
1812 2459 1897 2499 es-

208 2545 354 2586 cam
382 2528 552 2585 omni
584 2528 745 2583 carni
785 2544 798 2583 :
833 2527 932 2583 sed
967 2543 1175 2585 mensa
1201 2528 1316 2585 ista
1347 2530 1639 2603 significat
1668 2534 1895 2604 passio-

209 2633 388 2683 nem,
426 2615 488 2671 in
519 2632 640 2687 qua
672 2615 976 2671 reﬁcimur
1003 2615 1348 2674 esurientes.

210 2725 289 2779 23
376 2722 659 2791 Quoniam
683 2724 954 2793 percussit
981 2731 1194 2793 petram
1221 2732 1276 2780 et
1299 2727 1582 2795 ﬂuxerunt
1608 2744 1770 2799 aqua?
1800 2748 1816 2783 :

373 2811 445 2866 Et
477 2814 745 2867 torrentes
780 2811 1208 2868 inundaverant.

293 2898 347 2955 H
375 2901 587 2972 Aquae,
622 2897 871 2971 mystice
893 2898 1229 2971 significant
1248 2899 1468 2958 donum
1498 2904 1752 2976 Spiritus
1769 2924 1899 2961 san-

213 2986 299 3043 cti
337 2991 399 3043 et
431 2986 657 3043 ﬂuenta
681 2986 892 3041 divina:
920 2986 1370 3060 prazdicationis,
1403 3007 1437 3045 a
1466 2996 1649 3063 petra,
1673 2991 1782 3048 hoc
1812 2999 1901 3050 est

218 3094 262 3132 ι
292 3072 545 3157 Cbris}o
587 3071 819 3147 prolata
854 3091 867 3130 :
902 3073 984 3130 Vel
1036 3093 1209 3149 aqua,
1241 3078 1538 3152 apostolos
1571 3098 1583 3136 ε
1616 3084 1900 3138 torrentes

218 3180 396 3225 vero.
412 3160 678 3235 reliquos
713 3161 980 3219 Ecclesia:
1010 3164 1379 3232 doctores,ex
1408 3184 1656 3241 quorum
1690 3171 1898 3241 prsidi-

219 3252 471 3308 catione
501 3251 663 3307 sitim
698 3250 858 3307 verbi
889 3249 988 3307 Dei
1020 3253 1433 3327 restringimus
1466 3274 1479 3311 :
1510 3256 1599 3312 vel
1649 3257 1896 3352 Christo,
1930 3277 1973 3343 ρ
2079 3297 2120 3352 C

219 3339 337 3413 qui
362 3355 437 3395 ex
469 3342 656 3411 petra,
690 3355 971 3412 percusso
1000 3344 1236 3413 propter
1262 3347 1498 3415 peccata
1543 3350 1759 3415 nostra,
1793 3347 1898 3403 flu-

217 3431 458 3484 xerunt
483 3443 650 3499 aqua:
681 3427 962 3499 baptismi
994 3432 1052 3485 et
1082 3432 1367 3503 martyrii.

216 3518 297 3573 24
381 3515 653 3587 Nunquid
681 3523 733 3571 et
756 3533 958 3588 panem
984 3520 1183 3588 poterit
1209 3517 1341 3575 dare
1370 3539 1389 3574 :

378 3607 496 3660 Aut
521 3620 727 3677 parare
754 3620 1003 3660 mensam
1025 3607 1225 3679 papula
1253 3625 1350 3663 suo
1373 3612 1399 3664 .9

302 3694 353 3749 Η
389 3691 737 3748 Diﬂidentia
767 3692 969 3765 populi
999 3695 1341 3751 Judezorum
1384 3697 1544 3753 addit
1577 3716 1589 3753 :
1620 3699 1897 3772 Nunquid

215 3787 280 3838 et
312 3796 567 3855 panem,
598 3784 733 3849 etc.,
770 3782 872 3836 sed
904 3789 955 3837 et
974 3799 1175 3854 panem
1203 3786 1326 3840 creti
1350 3802 1503 3857 posse
1526 3789 1635 3843 sibi
1660 3788 1785 3844 dari
1811 3806 1901 3845 ne-

213 3879 453 3941 gantes,
486 3870 587 3942 qui
599 3877 693 3926 ,εει
724 3870 993 3939 Christus,
1027 3871 1107 3927 ita
1128 3872 1403 3945 inquiunt
1433 3890 1447 3929 :
1481 3876 1780 3941 Quomodo
1804 3895 1902 3951 po-

216 3963 349 4016 test
382 3956 484 4013 bic
518 3957 689 4014 nobis
730 3959 871 4013 dare
920 3975 1088 4015 suam
1134 3978 1369 4018 carnem
1419 3964 1491 4019 ad
1540 3966 1897 4022 manducan-

216 4048 377 4104 dum
403 4045 435 4101 ?
468 4046 659 4117 (Joan.
692 4045 797 4118 vx.)

212 4153 295 4207 25
376 4151 506 4207 Ideo
534 4152 751 4208 audivit
771 4154 1037 4209 Dominus
1064 4162 1117 4211 et
1141 4155 1356 4213 distulit
1384 4176 1404 4212 :

374 4242 449 4295 Et
476 4242 626 4309 ignis
651 4257 913 4297 accensus
932 4249 1008 4298 est
1037 4244 1097 4298 in
1124 4246 1293 4301 Iacob
1325 4264 1344 4301 :
1375 4250 1427 4300 et
1458 4248 1541 4302 ira
1571 4248 1813 4305 ascendit
1840 4251 1899 4305 in

299 4417 346 4472 C
377 4415 543 4473 Deus
562 4416 722 4473 enim
747 4416 1129 4490 cogitationes
1148 4423 1702 4493 murmurationem,
1721 4425 1899 4481 etiam

223 4505 441 4579 lingua
471 4507 726 4571 tacente,
757 4507 1065 4578 cognoscit
1096 4525 1109 4562 :
1144 4509 1245 4564 sed
1278 4513 1335 4565 et
1362 4507 1675 4567 vindictam
1711 4512 1900 4569 distu-

224 4593 297 4649 lit
328 4593 571 4659 ideo,ne
600 4609 666 4649 se
694 4593 1017 4651 vindicaret
1046 4596 1118 4652 ad
1149 4613 1548 4670 presens,non
1570 4599 1901 4657 crederetur

228 4682 504 4753 potuisse
536 4683 984 4738 murmurantes
1012 4684 1244 4741 satiare.
1264 4685 1483 4743 Iterum
1512 4687 1743 4744 distulit
1771 4690 1892 4746 vin-

227 4768 480 4838 dictam,
510 4773 579 4824 ut
609 4770 950 4826 ostenderet
975 4771 1418 4843 patientiam.Et
1438 4774 1591 4848 ignis
1620 4794 1900 4834 accensus

226 4863 317 4915 est
348 4859 411 4913 in
442 4856 656 4914 Jacob.
675 4857 991 4931 Jacob,qui
1020 4860 1439 4933 interpretatur
1466 4863 1899 4937 supplantator,

226 4945 533 5019 signiﬁcat
559 4949 793 5020 gentes,
827 4962 959 5019 quae
990 4948 1451 5022 supplantabant
1475 4952 1730 5021 Judaeos,
1762 4954 1903 5026 quia

229 5034 348 5092 illis
377 5028 869 5102 intrantibus,illi
901 5035 1128 5109 expulsi
1159 5043 1335 5095 sunt:
1368 5039 1428 5096 in
1460 5040 1675 5113 quibus
1704 5058 1902 5099 accen-

226 5140 335 5181 sus
360 5128 465 5183 est
482 5124 649 5199 ignis
680 5122 1010 5192 charitatis;
1026 5125 1084 5181 in
1116 5125 1292 5184 Israel
1327 5128 1542 5202 vero,id
1573 5133 1663 5187 est
1687 5129 1900 5204 populo

222 5212 575 5272 Judzeorum
606 5212 889 5270 ascendit
917 5212 1006 5270 ira
1031 5214 1437 5274 formidabilis.

225 5320 292 5375 ω
363 5322 521 5395 Quia
552 5336 668 5378 non
701 5317 1059 5377 crediderunt
1088 5339 1107 5377 :
1146 5323 1206 5377 in
1231 5330 1288 5387 μὲν
1330 5323 1436 5380 Deo
1480 5329 1495 5391 ξ

359 5412 472 5469 Nec
497 5415 881 5485 speraverant
910 5410 975 5465 in
996 5411 1237 5467 saltum
1258 5412 1396 5484 ejus.

287 5499 329 5556 C
359 5500 514 5559 Dicit
549 5496 722 5557 enim
757 5512 877 5554 non
908 5498 1227 5557 credidisse
1252 5516 1357 5558 eos
1386 5500 1445 5556 in
1494 5500 1610 5557 Deo
1638 5516 1748 5558 suo
1782 5518 1795 5557 :
1831 5506 1896 5558 ut

213 5590 557 5650 ostenderet
580 5603 702 5646 eos
731 5584 1069 5659 pertinaces
1115 5588 1316 5647 fuisse.
1348 5588 1464 5646 Nec
1511 5594 1894 5662 speravsrunt

206 5678 265 5740 in
296 5680 570 5743 salutare
597 5678 761 5753 ejus,
800 5674 859 5731 id
892 5677 983 5734 est
1009 5674 1069 5735 in
1099 5676 1455 5737 Salvatorem
1480 5677 1816 5737 Dominum.

1484 419 1897 486 EXPOSITIO
1941 425 2425 492 PSALMORUM
2437 477 2450 490 .

1918 563 1974 629 Α
2003 559 2071 611 27
2144 561 2220 616 Et
2242 561 2523 617 mandavit
2552 564 2789 620 nubibus
2816 565 3047 639 desuper
3077 583 3091 624 :

3523 448 3640 511 294

2142 648 2206 703 Et
2224 650 2430 721 januas
2458 652 2582 708 caeli
2609 656 2844 725 aperuit.

2070 734 2111 789 C
2142 735 2258 792 Hoc
2288 740 2442 809 quod
2476 741 2760 811 sequitur,
2779 744 2885 799 etsi
2919 762 3021 817 per
3047 745 3349 806 historiam
3378 752 3641 811 videatur

2002 820 2240 890 factum,
2271 830 2500 898 oportet
2530 832 2727 885 tamen
2763 832 2835 887 ad
2882 832 3176 892 Christum
3227 840 3445 896 referri.
3479 842 3638 900 Man-

1999 910 2201 967 datum
2231 917 2321 969 est
2373 914 2550 987 igitur
2595 918 2875 988 nubibus,
2908 922 2966 977 id
3005 929 3093 980 est
3139 928 3640 1003 praedicatoribus,

2000 1002 2065 1054 ut
2091 1015 2193 1071 per
2211 1001 2429 1071 januas
2460 1004 2608 1073 caeli,
2643 1006 2750 1062 hoc
2782 1012 2870 1065 est
2900 1010 3227 1083 Scripturas
3260 1032 3475 1087 sacras,
3496 1001 3639 1091 pris:-

1997 1087 2209 1144 dicatio
2238 1089 2490 1162 gloriosa
2519 1094 2833 1152 adventum
2862 1098 3180 1158 Salvatoris
3206 1087 3522 1163 nuntiaret.

1996 1177 2068 1229 28
2140 1178 2203 1233 Et
2223 1178 2373 1249 pluit
2403 1180 2518 1236 illis
2548 1199 2753 1239 manna
2782 1186 2852 1241 ad
2880 1187 3319 1248 monducandum
3352 1212 3370 1247 :

2138 1266 2205 1320 Et
2222 1282 2423 1337 panem
2454 1269 2577 1326 cali
2604 1270 2750 1327 dedit
2779 1275 2877 1329 eis.

2069 1351 2110 1406 C
2140 1353 2354 1442 Manna
2381 1355 2959 1434 interpretatur,quid
2990 1371 3078 1422 est
3109 1366 3405 1442 hoc?quod
3428 1377 3639 1431 sanctis

1997 1441 2394 1498 communioni
2427 1446 2687 1517 corporis
2699 1448 2908 1506 Christi
2925 1452 3191 1510 decenter
3203 1441 3641 1533 aptamuszquia

1997 1527 2138 1583 dum
2172 1529 2514 1587 admirando
2550 1533 2716 1592 cibus
2745 1540 3069 1596 assumitur
3111 1527 3643 1613 istm—declarantur

1997 1632 2241 1673 munera
2271 1618 2556 1677 Dominici
2586 1625 2847 1696 corporis
2878 1626 3113 1685 Christi.
3138 1631 3309 1688 Panis
3332 1635 3455 1691 εωιὶ
3477 1636 3639 1693 Chri-

1995 1708 2124 1759 stus
2154 1708 2423 1771 est,unde
2455 1708 2710 1767 cmlestia
2736 1730 2929 1771 escam
2965 1718 3287 1790 spiritalem
3320 1724 3557 1797 capiunt
3586 1732 3642 1782 et

1997 1791 2373 1852 delectatione
2398 1797 2783 1857 inaestimabili
2815 1804 3214 1875 perfruuntur.

1998 1881 2069 1934 29
2141 1883 2347 1939 Panem
2375 1886 2694 1954 angelorum
2723 1892 3072 1951 manducavit
3095 1903 3155 1963 ἐκ
3190 1898 3344 1956 homo
3383 1903 3400 1968 ζ

2144 1970 2364 2027 Cibaria
2390 1976 2545 2030 misit
2567 1978 2648 2032 eis
2678 1979 2737 2032 in
2764 1981 3180 2042 abundantiam.

2002 2145 2139 2217 quia
2166 2146 2432 2206 videlicet
2463 2150 2648 2223 ipsius
2696 2154 2865 2213 laude
2900 2167 3221 2230 pascuntur
3252 2180 3265 2219 :
3298 2183 3499 2224 verum
3546 2145 3642 2225 hic

2007 2235 2196 2307 panis,
2232 2237 2289 2292 in
2317 2238 2460 2293 cmlo
2490 2240 2672 2312 replet
2722 2246 2979 2318 angelos,
3008 2267 3114 2305 nos
3145 2254 3332 2324 pascit
3357 2256 3417 2311 in
3449 2260 3638 2315 terris.

2003 2323 2049 2379 Η
2076 2323 2303 2380 Cibaria
2338 2327 2588 2397 misit,ut
2607 2331 2734 2401 jam
2768 2349 2881 2389 non
2912 2335 3113 2393 litterae
3145 2323 3499 2410 hordeo,sed
3528 2346 3645 2419 spi-

2005 2411 2192 2469 ritalis
2221 2413 2396 2470 tritici
2427 2416 2695 2489 dogmate
2726 2422 3029 2481 satientur.

2002 2500 2073 2554 30
2148 2503 2444 2559 Transtulit
2472 2507 2727 2563 Austrum
2753 2509 2818 2565 de
2845 2512 2974 2568 caelo
3004 2533 3024 2568 :
3138 2570 3141 2573 ἰ

2147 2592 2210 2645 Et
2241 2590 2463 2647 inducit
2493 2595 2549 2649 in
2582 2597 2782 2653 virtute
2807 2615 2905 2654 sua
2935 2601 3196 2671 Africum.

2076 2676 2116 2731 C
2147 2681 2423 2735 Austrum
2455 2682 2607 2738 enim
2642 2689 2698 2740 et
2726 2686 2982 2745 Africum
3016 2697 3217 2750 ventos
3264 2697 3487 2754 scimus
3516 2717 3644 2757 esse

2007 2766 2362 2823 meridianos
2395 2785 2408 2823 :
2443 2769 2658 2841 quibus
2707 2774 3003 2844 flantibus,
3036 2780 3267 2854 pigrum
3316 2786 3499 2859 frigus
3547 2806 3641 2845 ex-

2006 2852 2261 2925 pellitur,
2295 2860 2351 2912 et
2380 2859 2530 2914 aeris
2571 2864 3029 2934 temperamenta
3065 2852 3445 2944 praestantur;
3475 2877 3559 2932 sic
3589 2883 3646 2934 et

2003 2944 2181 3001 verba
2225 2944 2477 3012 Domini,
2531 2947 2831 3008 charitatis
2880 2953 3013 3027 igne
3062 2957 3386 3032 ﬂagrantia,
3426 2967 3644 3022 mundo

2009 3032 2325 3089 salutarem
2357 3036 2752 3106 prmstiterunt
2779 3044 3245 3115 temperantiam.

2007 3122 2071 3176 31
2149 3123 2213 3177 Et
2235 3122 2381 3192 pluit
2409 3139 2570 3194 super
2595 3142 2682 3182 eos
2707 3129 2847 3184 sicut
2871 3132 3148 3201 pulverem
3175 3151 3365 3195 carnes
3394 3158 3414 3196 :

2152 3212 2227 3265 Et
2251 3213 2395 3266 sicut
2418 3228 2645 3269 arenam
2673 3220 2866 3273 matris
2898 3221 3145 3278 volatilia
3170 3232 3431 3295 pennata.

2149 3297 2300 3352 Pluit
2328 3316 2506 3372 super
2533 3318 2633 3358 eos
2671 3320 2893 3374 carnes,
2928 3307 2984 3363 id
3017 3309 3124 3366 'est
3170 3314 3386 3384 pabula
3432 3317 3644 3373 doctri-

2010 3387 2277 3450 naa,unde
2308 3387 2570 3445 ﬁdelium
2601 3392 2807 3448 animae
2839 3396 3206 3455 satiarentur.
3239 3402 3435 3461 Pulvis
3457 3404 3550 3461 hic
3567 3407 3644 3462 si-

2007 3471 2246 3544 gnificat
2277 3475 2659 3535 subtilitatem
2692 3480 3300 3557 intelligentiaArena
3318 3509 3448 3548 vero
3479 3493 3648 3551 innu-

2009 3562 2345 3619 merabilem
2381 3566 2751 3637 prudentiam
2770 3571 3222 3644 signiﬁcat,salsi
3243 3580 3422 3637 maris
3441 3598 3645 3655 sapore

2007 3650 2319 3707 conditam.
2336 3652 2447 3708 Sed
2478 3661 2731 3726 pennata
2758 3658 3039 3719 volatilia:
3061 3666 3315 3724 cmlestia
3337 3650 3644 3743 desideria,

2009 3738 2226 3809 quibus
2256 3741 2454 3798 anima
2483 3743 2640 3800 velut
2685 3748 2960 3806 carnibus
3013 3752 3233 3825 repleta
3279 3738 3641 3829 pinguescat.

2005 3828 2258 3883 Arenam
2288 3846 2519 3902 quoque
2549 3834 2726 3891 maris
2757 3837 2922 3906 dixit,
2955 3855 3089 3911 quas
3112 3840 3333 3900 salsum
3377 3828 3644 3918 saporem

2008 3913 2212 3969 habet:
2249 3934 2382 3973 nam
2412 3924 2501 3974 est
2520 3924 2577 3976 et
2606 3920 2915 3981 ﬂuviorum
2947 3944 3274 4001 arena,quae
3305 3913 3464 3990 hunc
3481 3953 3646 4009 sapo-

2008 4017 2129 4059 rem
2160 4020 2275 4060 non
2307 4004 2498 4062 habet.
2532 4008 2675 4066 Vide
2705 4011 2899 4084 itaque
2929 4016 3126 4074 omnia
3154 4017 3361 4087 ista,ad
3393 4004 3643 4082 litteram

2009 4094 2163 4160 nota,
2195 4091 2254 4146 in
2284 4094 2577 4165 parabolis
2607 4097 2936 4169 dicta,dum
2968 4103 3043 4158 ad
3070 4103 3365 4164 Christum
3396 4110 3647 4166 referun-

2008 4182 2123 4234 tur.

2007 4267 2077 4322 32
2148 4268 2211 4325 Et
2241 4270 2551 4327 ceciderunt
2578 4274 2636 4329 in
2664 4276 2840 4333 medio
2868 4287 3166 4336 castrorum
3195 4299 3382 4340 eorum
3415 4303 3432 4339 :

2151 4358 2308 4414 Circa
2336 4359 2688 4418 tabernacula
2715 4380 2921 4422 eorum.

2078 4445 2120 4501 C
2150 4447 2350 4506 Castra
2386 4449 2541 4537 enim
2591 4469 2626 4509 a
2673 4454 2937 4512 castitate
2984 4457 3138 4515 dicta
3184 4466 3341 4533 sunt,
3374 4480 3440 4520 eo
3488 4468 3642 4537 quod

2008 4535 2292 4591 exercitus
2321 4536 2490 4595 bellis
2520 4546 2858 4613 occupatus,
2876 4543 3025 4602 Γωᾶο
3052 4546 3217 4603 luxui
3250 4567 3364 4606 non
3394 4535 3643 4618 vacaret.

1932 4637 1978 4702 ι)
2008 4622 2186 4680 Nobis
2218 4630 2410 4682 autem
2442 4626 2827 4700 significatur,
2859 4634 3011 4705 quod
3045 4634 3197 4693 intra
3237 4644 3405 4710 septa
3432 4647 3644 4699 sancte

2006 4710 2272 4768 Ecclesiae
2303 4714 2501 4772 omnia
2530 4733 2784 4789 superna
2812 4737 3056 4778 munera
3083 4740 3398 4795 possumus
3427 4728 3647 4804 accipe-

2009 4815 2091 4867 re,
2120 4800 2167 4854 si
2200 4799 2414 4875 expleri
2445 4804 2596 4860 bona
2627 4806 2914 4864 desideria
2944 4817 3145 4869 nostra
3174 4814 3366 4871 divino
3406 4833 3646 4876 munere

2010 4888 2396 4959 postulamus,

2007 4976 2078 5031 33
2147 4978 2214 5035 Et
2239 4981 2707 5040 manducaverunt
2735 4990 2787 5041 et
2805 4990 3045 5045 saturati
3068 4999 3196 5047 sunt
3225 4994 3391 5049 nimis
3423 5011 3436 5049 :
3516 5020 3523 5025 -

2148 5065 2215 5123 Et
2242 5067 2573 5128 desiderium
2599 5088 2786 5130 eorum
2816 5078 3004 5133 attulit
3032 5080 3112 5135 eis
3142 5099 3159 5134 :

2147 5155 2261 5211 Non
2291 5166 2419 5214 sunt
2443 5160 2693 5230 fraudati
2718 5179 2753 5218 a
2780 5162 3045 5223 desiderio
3067 5184 3184 5224 suo.

2006 5240 2072 5295 34
2146 5243 2332 5301 Adhuc
2357 5262 2489 5303 escae
2516 5264 2704 5306 eorum
2731 5260 2885 5309 erant
2913 5256 2972 5310 in
2996 5271 3088 5312 ore
3117 5258 3362 5329 ipsorum
3400 5278 3413 5315 :

2146 5332 2211 5387 Et
2232 5334 2321 5389 ira
2348 5336 2449 5391 Dei
2470 5337 2715 5394 ascendit
2741 5356 2907 5412 super
2935 5359 3043 5399 eos.

2001 5416 2073 5472 35
2143 5419 2208 5475 Et
2233 5422 2429 5479 occidit
2450 5426 2684 5495 pingues
2711 5443 2895 5485 eorum
2927 5450 2948 5486 :

2143 5508 2206 5563 ει
2230 5509 2420 5566 electos
2449 5512 2616 5570 Israel
2646 5515 2948 5586 impedivit.

2068 5594 2107 5648 C
2136 5593 2516 5668 Expleverunt
2556 5602 2843 5660 desideria
2891 5607 3102 5675 carnis,
3164 5610 3384 5665 ratione
3431 5609 3643 5679 jejuni,

1997 5688 2194 5741 ventre
2241 5686 2418 5763 pleni,
2452 5689 2553 5746 sed
2602 5694 2797 5749 mente
2844 5694 3092 5752 vacasti.
3124 5694 3306 5753 Fraus
3349 5695 3509 5751 enim
3558 5695 3646 5751 di-
