3922 6428
358 398 478 474 ὲρδ

1278 412 1343 471 S.
1391 406 1786 471 BRUNONIS
1832 403 2454 468 HEltBlPOLENSlS
2499 399 2880 465 EPISCOPI.

3667 403 3777 463 296

362 550 529 614 citur,
559 545 730 618 quasi
762 544 943 601 fracta
968 543 1132 602 fides.
1167 542 1371 613 Satiati
1397 546 1537 598 sunt
1569 556 1707 615 ergo
1737 542 1809 598 ad
1843 557 2012 598 suam
2044 542 2101 610 Α
2128 540 2190 595 41
2270 540 2377 597 Cor
2405 541 2590 593 autem
2609 551 2800 593 eorum
2826 549 2937 591 non
2966 541 3085 591 erat
3114 540 3321 591 rectum
3345 550 3472 591 cum
3495 548 3558 591 eo
3586 552 3608 591 :

360 638 619 701 ruinam,
670 652 787 691 non
838 638 903 690 ut
952 634 1089 690 inde
1136 633 1393 689 viverent
1443 632 1545 689 sed
1596 630 1794 704 potius
1835 629 2017 688 inter-

360 727 535 783 irent.

432 813 475 869 Ο
502 814 707 870 Adhuc
736 830 881 871 esca:
911 816 1079 869 erant
1107 810 1168 868 in
1221 827 1340 880 ore,
1374 809 1598 867 scilicet
1626 811 1769 866 dum
1798 824 2019 865 manna

359 905 419 958 et
448 902 818 958 coturnicum
849 900 1128 958 carnibus
1175 904 1547 956 vescerentur
1591 899 1784 969 (Exod.
1815 899 2013 971 mu).

359 991 508 1048 Esca
535 994 731 1048 autem
760 991 833 1046 ab
863 990 1087 1046 edendo
1119 989 1274 1047 dicta
1288 989 1564 1046 estTunc
1582 988 1669 1045 ira
1698 987 1800 1044 Dei
1821 1004 2020 1043 ascen-

361 1081 448 1136 dit
479 1097 494 1137 :
526 1081 762 1153 quando
786 1079 1075 1135 Dominus
1105 1077 1291 1135 iratus
1320 1078 1502 1152 Moysi
1533 1076 1680 1133 dixit
1713 1095 1726 1134 :
1755 1077 2020 1133 Graviter

360 1168 618 1243 peccavit
648 1168 902 1243 populus
933 1168 1044 1225 iste
1072 1167 1325 1224 vitulum
1346 1168 1656 1223 conﬂando
1686 1170 1744 1223 et
1772 1165 2019 1222 adoran-

359 1260 456 1328 do,
488 1275 625 1316 nam
675 1275 811 1315 eum
863 1257 1127 1326 colendo,
1161 1257 1448 1330 mugituri
1500 1260 1667 1313 erant
1716 1256 1776 1312 in
1824 1272 2015 1329 poena,

359 1362 496 1402 nam
528 1346 814 1418 sequitur.

427 1436 469 1492 C
493 1435 715 1492 Occidit
745 1435 997 1507 pingues
1021 1434 1314 1500 eorum,id
1339 1438 1428 1491 est
1448 1434 1626 1491 fortes
1649 1434 2013 1490 Judzeorum:

357 1528 593 1597 propter
621 1528 925 1598 peccatum
977 1523 1164 1590 vituli,
1199 1540 1372 1596 quem
1422 1523 1556 1580 fecit
1591 1526 1803 1591 Aaron,
1836 1522 2015 1578 occisi

356 1613 636 1687 leguntur
663 1612 867 1686 viginti
906 1614 1019 1668 tria
1059 1612 1248 1669 millia
1275 1630 1477 1669 eorum
1511 1629 1630 1669 una
1653 1612 1767 1669 die.
1801 1613 2014 1684 Sicque

357 1705 578 1759 factum
609 1707 718 1768 est,
754 1707 818 1757 ut
859 1702 1074 1758 electos
1104 1700 1301 1771 Israel,
1336 1701 1592 1775 pravitas
1644 1699 2012 1775 peccantium

357 1790 687 1864 impediret,
710 1807 784 1847 ne
805 1791 1071 1847 venirent
1096 1792 1154 1846 in
1186 1795 1403 1848 terram
1435 1790 1865 1864 promissionis,
1899 1789 2012 1845 sci-

358 1879 493 1936 licet
522 1880 719 1952 ipsum
752 1879 988 1953 Moysen
1018 1883 1077 1937 et
1097 1880 1308 1936 Aaron.

355 1970 426 2025 36
503 1972 566 2025 In
597 1968 849 2025 omnibus
879 1968 967 2025 hic
992 1974 1351 2041 peccaverunt
1379 1969 1558 2025 adhuc
1582 1988 1600 2025 :

498 2059 564 2115 Et
594 2075 705 2114 non
725 2058 1074 2116 crediderunt
1100 2060 1161 2114 in
1184 2060 1539 2115 mirabilibus
1567 2059 1704 2131 ejus.

428 2146 474 2203 H
498 2147 761 2204 Peccavit
782 2148 975 2204 adhuc
990 2147 1085 2203 ille
1098 2147 1480 2221 populus,qui
1505 2145 2011 2204 contrafamulum

354 2237 454 2293 Dei
489 2237 723 2310 Moysen
756 2237 1202 2293 murmurabat:
1238 2242 1478 2309 peccant
1510 2236 1769 2310 quotidie
1801 2235 2010 2309 iniqui,

355 2327 454 2399 qui
487 2326 891 2384 sacerdotibus
923 2326 1023 2382 Dei
1058 2326 1294 2384 obedire
1323 2331 1711 2383 contemnunt
1739 2345 1752 2384 :
1782 2331 1839 2383 et
1882 2330 2011 2383 tan-

352 2415 452 2472 diu
488 2419 749 2489 peccant,
782 2432 1091 2489 quousque
1140 2416 1442 2485 deficiunt,
1474 2420 1532 2473 et
1582 2433 1717 2473 cum
1769 2415 2009 2473 festina-

350 2503 509 2561 tione
541 2504 841 2562 deficiunt.

351 2593 420 2647 37
494 2595 558 2649 Et
586 2593 898 2665 defecerunt
927 2596 987 2649 in
1018 2596 1261 2652 vanitate
1289 2594 1403 2651 dies
1430 2611 1621 2651 eorum
1650 2614 1669 2652 :

497 2685 566 2739 Et
593 2682 733 2737 anni
760 2698 953 2738 eorum
979 2699 1106 2737 cum
1132 2685 1506 2755 festinatione.

424 2770 467 2826 C
495 2769 630 2827 Dies
658 2786 861 2827 eorum
892 2770 1175 2828 defecisse
1203 2770 1540 2845 dicit,quasi
1568 2773 1702 2829 tabe
1731 2772 2011 2847 languida

352 2863 773 2932 consumptos;
803 2859 929 2916 dies
960 2859 1117 2916 enim
1163 2866 1539 2932 peccatorum
1583 2878 1720 2918 cum
1768 2862 2009 2919 festina-

349 2950 508 3006 tione
539 2952 867 3017 transeunt,
901 2949 1056 3005 sicut
1086 2948 1302 3022 legitur
1332 2966 1345 3006 ε
1378 2949 1500 3006 Viri
1551 2951 1907 3025 sanguinum
1953 2955 2010 3007 et

348 3039 561 3110 dolosi,
596 3057 711 3097 non
742 3039 1142 3098 dimidiabunt
1165 3040 1289 3097 dies
1317 3057 1456 3100 suos
1489 3043 1662 3114 (Psul.
1694 3046 1826 3111 LIV).

348 3131 420 3186 38
495 3131 629 3187 Cum
657 3129 922 3187 occideret
967 3146 1055 3187 eos
1087 3132 1385 3203 querebant
1428 3148 1557 3188 eum
1585 3144 1639 3189 et
1664 3133 2007 3190 reverteban-

564 3224 658 3276 tur
684 3238 705 3277 :

489 3310 553 3367 Et
581 3310 830 3367 diluculo
857 3311 1150 3367 veniebant
1175 3311 1246 3367 ad
1275 3311 1466 3367 Deum.

416 3398 459 3455 C
488 3398 614 3456 Non
645 3400 758 3473 ipsi
791 3400 1188 3473 iuquisierunt
1212 3400 1998 3474 Deum,quosdicitoccisos:

345 3488 450 3544 sed
477 3487 742 3562 exemplo
773 3487 978 3545 talium
1020 3487 1277 3561 populus
1324 3489 1586 3561 reliquus
1630 3489 1998 3563 supplicavit.

341 3576 630 3632 Judaicus
660 3576 859 3649 itaque
885 3576 1138 3649 populus
1168 3581 1311 3633 tunc
1338 3577 1558 3647 timuit,
1585 3582 1643 3633 et
1691 3578 2004 3650 exquisivit

346 3663 555 3732 Deum,
588 3665 825 3736 quando
855 3681 996 3721 suos
1026 3665 1216 3721 socios
1246 3666 1521 3722 cernebat
1543 3666 1857 3740 exstingui.
1888 3666 2002 3724 Ve-

346 3753 590 3809 niebant
619 3749 881 3809 diluculo
914 3769 927 3807 :
962 3752 1008 3808 Η
1040 3751 1313 3825 ﬂagellati
1345 3753 1403 3808 in
1457 3755 1711 3827 peccatis
1753 3760 2002 3813 reverte-

346 3842 582 3909 bantur,
614 3844 672 3897 et
713 3856 958 3897 excusso
1011 3839 1376 3897 inﬁdelitatis
1428 3858 1656 3909 somno,
1695 3842 2005 3900 veniebant

345 3946 520 3987 mane
551 3934 616 3986 ut
645 3930 919 3986 audirent
941 3930 1182 3986 verbum
1213 3928 1336 3986 Dei.

339 4021 412 4076 39
483 4022 549 4077 Et
595 4021 946 4077 rememorati
992 4027 1123 4077 sunt
1170 4021 1305 4091 quia
1346 4020 1487 4077 Deus
1531 4021 1833 4093 adjutor-Ia
1877 4030 1999 4082 est:

558 4125 749 4167 eorum
780 4129 798 4165 ε

483 4202 549 4257 Et
582 4202 721 4257 Deus
746 4200 995 4257 excelsus
1024 4200 1330 4275 redemptor
1356 4218 1549 4258 eorum
1570 4208 1627 4270 -ξ-
1670 4211 1751 4260 est
1769 4222 1789 4260 .-

412 4291 455 4347 C
480 4289 787 4348 Memorati
814 4295 956 4347 sunt
988 4309 1002 4347 :
1032 4292 1268 4364 quando
1299 4292 1587 4350 irascente
1628 4292 1876 4352 Domino
1906 4310 2001 4351 ex-

342 4384 534 4437 trema
562 4384 893 4438 castrorum
922 4380 1119 4438 divino
1150 4382 1283 4455 igne
1315 4386 1667 4456 consumpta
1695 4364 1854 4453 sunt:
1884 4400 2004 4457 quo

342 4468 877 4542 facto,rogaverunt
905 4470 1140 4545 Moysen
1173 4476 1239 4527 ut
1262 4488 1369 4545 pro
1397 4472 1482 4528 eis
1511 4472 1828 4529 Dominum
1861 4490 2002 4547 sup-

341 4556 941 4632 plicaret(Num.xv1.
976 4560 1023 4615 H
1078 4559 1496 4617 Intellexerunt
1542 4559 1774 4617 nullum
1818 4561 2002 4619 alium

2042 1921 2089 1985 B

2270 630 2376 686 Nec
2394 627 2577 700 ﬁdeles
2606 625 2787 683 habiti
2812 629 2945 681 sunt
2970 626 3032 680 in
3061 625 3367 681 testimonio
3392 626 3533 698 ejus.

2199 718 2241 774 C
2269 718 2416 774 Nam
2446 722 2505 773 et
2556 714 2844 773 Dominus
2892 715 2965 771 de
3007 713 3154 788 ipsis
3182 729 3289 787 per
3335 713 3546 771 Isaiam
3595 714 3772 773 dicit:

2125 806 2385 881 Populus
2416 806 2511 863 hic
2539 805 2716 862 labiis
2744 821 2838 862 me
2868 804 3137 871 honorat,
3171 820 3271 860 cor
3294 808 3489 861 autem
3520 804 3777 877 ipsorum

2125 896 2299 971 longe
2321 902 2414 953 est
2441 913 2477 952 a
2500 913 2593 952 me
2625 895 2774 967 (Isai.
2797 894 2971 966 xxix).
2992 893 3207 950 Fidelis
3237 898 3327 951 est
3355 894 3416 950 in
3448 895 3777 952 testimonio

2126 987 2357 1059 Dei,qui
2387 1003 2524 1042 eum
2553 984 2835 1041 veraciter
2865 983 3083 1057 diligit:
3116 983 3264 1042 ﬁdes
3293 988 3489 1041 autem
3520 984 3676 1041 dicta
3694 988 3780 1040 est

2127 1077 2200 1134 ab
2227 1094 2294 1133 eo
2320 1075 2479 1149 quod
2510 1075 2656 1132 ﬁant
2686 1073 2862 1132 dicta.

2128 1168 2196 1222 42
2271 1169 2391 1240 Ipse
2420 1174 2605 1222 autem
2629 1171 2686 1232 σξη
2729 1169 2810 1220 est
2853 1171 2868 1231 ζ
2918 1164 3230 1221 misericors
3270 1167 3324 1220 et
3368 1164 3645 1235 propitius
3689 1163 3778 1235 ﬁet

2339 1257 2575 1329 peccatis
2603 1271 2794 1311 eorum
2823 1274 2844 1315 :

2272 1347 2333 1401 Et
2360 1362 2472 1402 non
2497 1344 2789 1417 disperdet'
2810 1349 2867 1409 -ἐι
2895 1359 2982 1399 eos
3023 1348 3043 1416 ζ
3087 1384 3100 1399 .

2198 1435 2245 1491 Η
2276 1435 2407 1508 Ipse
2437 1439 2633 1490 autem
2663 1438 2752 1489 est
2782 1433 3154 1491 misericors:
3188 1432 3329 1489 dum
3361 1430 3517 1488 enim
3549 1448 3778 1505 exspec-

2124 1527 2209 1580 tat
2238 1522 2663 1597 paenitentiam,
2697 1539 2815 1579 non
2856 1523 3057 1578 statim
3101 1522 3271 1595 punit
3318 1519 3776 1593 delinquentem,

2126 1615 2406 1687 quoniam
2438 1612 2758 1686 peccatoris
2788 1628 2905 1669 non
2936 1611 3060 1668 vult
3090 1616 3361 1678 mortem,
3391 1610 3493 1667 sed
3541 1627 3777 1667 conver-

2123 1702 2348 1761 sionem
2381 1702 2596 1776 (Ezech.
2629 1702 2815 1774 xvm).

2123 1794 2191 1850 43
2264 1794 2329 1849 Et
2362 1790 2666 1848 abundavit
2692 1799 2755 1847 ut
2779 1800 3041 1848 averteret
3074 1792 3218 1847 iram
3246 1806 3405 1846 suam
3435 1808 3457 1844 .·

2261 1884 2327 1938 Et
2354 1897 2462 1938 non
2494 1880 2741 1937 accendit
2769 1896 2984 1937 omnem
3009 1882 3151 1937 iram
3172 1896 3350 1936 suam.

2194 1970 2236 2026 C
2263 1970 2627 2027 Abundavit:
2653 1970 2889 2042 quando
2919 1969 3104 2027 oravit
3133 1986 3237 2042 pro
3263 1968 3485 2027 Judais
3515 1968 3575 2024 in
3606 1984 3774 2024 cruce

2122 2060 2373 2133 positus,
2418 2060 2606 2128 Pater,
2651 2059 2889 2132 ignosce
2914 2057 3033 2115 illis
3067 2062 3220 2131 (Luc.
3248 2058 3406 2129 mn)
3440 2074 3454 2113 :
3489 2056 3573 2112 sic
3602 2056 3775 2113 istius

2122 2149 2554 2222 supplicatione
2584 2153 2784 2205 actum
2816 2153 2924 2219 est,
2949 2152 3017 2203 ut
3045 2148 3125 2203 ita
3153 2145 3256 2203 Dei
3290 2147 3346 2202 in
3397 2146 3481 2204 eis
3524 2145 3776 2219 placare-

2123 2244 2221 2295 tur
2248 2256 2261 2295 :
2298 2238 2585 2313 propitius
2616 2238 2774 2294 enim
2806 2235 3273 2311 peccatiseorum
3308 2236 3495 2292 factus
3526 2240 3772 2303 est,cum

2121 2329 2193 2384 ad
2227 2323 2415 2400 ipsius
2446 2327 2908 2384 satisfactionem
2944 2327 3002 2382 in
3035 2342 3349 2392 cruce,non
3372 2326 3609 2398 quidem
3645 2341 3773 2382 om-

2122 2434 2247 2486 nes,
2282 2417 2383 2473 sed
2412 2415 2584 2472 multi
2615 2431 2684 2473 ex
2708 2415 2802 2472 his
2830 2416 3021 2472 redire
3051 2420 3412 2472 meruerunt.

2120 2507 2187 2563 44
2260 2508 2327 2583 Et
2355 2505 2668 2563 recordatus
2696 2512 2773 2561 est
2799 2507 2931 2577 quia
2960 2520 3087 2561 caro
3112 2512 3241 2561 sunt
3274 2520 3288 2561 :

2262 2596 2503 2668 Spiritus
2530 2594 2729 2651 vadens
2756 2599 2809 2651 et
2836 2610 2948 2652 non
2974 2593 3211 2652 rediens.

2191 2684 2239 2742 Η
2270 2684 2393 2742 Scit
2421 2685 2580 2742 enim
2611 2684 2787 2751 Deus,
2812 2683 2953 2758 quia
2979 2700 3114 2741 caro
3147 2699 3383 2757 semper
3410 2681 3632 2739 resistit
3658 2681 3771 2755 legi

2118 2775 2242 2834 Dei.
2269 2776 2312 2832 (ἲ.
2340 2775 2485 2832 Caro
2516 2778 2713 2832 autem
2744 2774 2901 2831 dicta
2930 2779 3040 2842 est,
3065 2774 3222 2847 quod
3253 2772 3429 2829 chara
3458 2771 3535 2827 sit
3563 2771 3772 2827 anima

2119 2863 2522 2938 sua}.Spiritus
2550 2864 2770 2921 vadens
2798 2867 2857 2919 et
2886 2880 2999 2920 non
3029 2863 3261 2919 rediens
3277 2859 3770 2932 (subaudiendum

2118 2958 2227 3024 est)
2262 2954 2320 3010 in
2352 2953 2463 3011 hoc
2494 2953 2746 3010 mundo:
2772 2952 3052 3025 quoniam
3083 2952 3154 3009 ad
3188 2968 3363 3009 suum
3393 2966 3526 3006 eum
3559 2965 3769 3022 corpus

2118 3046 2177 3101 in
2210 3043 2639 3101 resurrectione
2669 3047 2901 3100 constat
2930 3058 3060 3099 esse
3091 3041 3448 3109 rediturum;
3474 3039 3632 3095 unde
3661 3038 3768 3094 mi-

2116 3134 2285 3192 rabili
2315 3134 2596 3190 brevitate
2627 3132 2722 3189 hic
2752 3132 3013 3189 hominis
3044 3148 3205 3188 mors
3241 3127 3581 3203 temporalis
3628 3127 3767 3185 deﬂ-

2114 3225 2301 3293 nitur,
2335 3223 2393 3278 id
2426 3227 2517 3279 est
2546 3221 2792 3296 spiritus
2819 3222 3038 3279 vadens
3070 3226 3127 3277 et
3157 3237 3273 3278 non
3300 3218 3552 3276 rediens.

2035 3293 2078 3360 C
2115 3316 2184 3370 45
2259 3314 2479 3382 Quoties
2506 3293 2973 3370 exacerbaverunt
3000 3327 3127 3375 eum
3156 3314 3217 3368 in
3244 3311 3451 3367 deserto
3481 3327 3501 3363 :

2254 3406 2325 3460 In
2354 3404 2442 3458 ira
2471 3404 2885 3459 concitaverunt
2912 3417 3039 3457 eum
3068 3403 3123 3457 in
3158 3403 3439 3472 inaquoso.

2183 3493 2230 3549 Η
2257 3490 2668 3549 Incredulitate
2698 3491 2901 3564 utique
2931 3495 3108 3563 atque
3140 3488 3408 3546 ariditate
3436 3487 3631 3545 cordis
3670 3484 3764 3542 sui

2111 3582 2604 3638 exacerbaverunt
2626 3580 2688 3636 in
2720 3581 2970 3637 deserto.

2111 3671 2183 3730 46
2254 3676 2324 3730 Et
2354 3673 2601 3728 conversi
2627 3674 2757 3725 sunt
2784 3678 2837 3727 et
2867 3673 3215 3726 tentaverunt
3248 3660 3421 3726 Déum
3450 3685 3468 3721 :

2252 3762 2320 3817 Et
2347 3768 2596 3817 sanctum
2627 3760 2794 3815 Israel
2824 3760 3304 3816 exacerbaverant.

2183 3851 2230 3907 Η
2252 3850 2525 3907 Conversi
2556 3853 2717 3921 sunt,
2731 3848 2955 3905 scilicet
2984 3853 3310 3905 retrorsum
3342 3850 3398 3902 et
3420 3842 3771 3900 acerbabant

2111 3945 2383 3999 sanctum
2417 3937 2617 4008 Israel,
2649 3938 2707 3995 id
2741 3942 2832 3995 est
2870 3938 3127 4012 Moysen,
3160 3937 3259 4010 qui
3311 3936 3494 3992 Deum
3537 3932 3773 3989 videbat

2115 4034 2309 4087 mente
2337 4032 2395 4085 et
2422 4027 2609 4085 oculis
2634 4044 2648 4083 :
2683 4028 2786 4084 sed
2816 4030 2875 4083 et
2903 4042 3060 4083 nunc
3091 4043 3226 4083 eum
3257 4023 3769 4090 exercebant,cnm

2113 4119 2406 4178 audierint
2435 4116 2592 4189 quod
2621 4116 2921 4174 Christum
2954 4115 3270 4174 Dominum
3298 4115 3357 4171 in
3383 4128 3555 4171 carne
3585 4111 3774 4167 nasci-

2115 4213 2312 4265 turum
2346 4207 2679 4264 annuntiat.

2113 4299 2181 4353 47
2253 4299 2373 4355 Non
2400 4305 2528 4354 sunt
2559 4296 2829 4354 recordati
2854 4313 3053 4353 manus
3078 4297 3194 4369 ejus
3219 4312 3233 4351 :

2255 4390 2354 4445 Die
2377 4405 2485 4461 qua
2514 4386 2744 4444 redemit
2773 4403 2859 4443 eos
2884 4391 2941 4455 ρξ-
2984 4386 3052 4443 de
3078 4402 3248 4442 manu
3293 4391 3306 4451 ξ
3358 4381 3692 4439 tribulantis.

2182 4477 2224 4534 C
2255 4476 2567 4534 Recordari
2598 4476 2755 4533 enim
2789 4476 3015 4532 dictum
3064 4478 3176 4544 est,
3208 4487 3474 4530 revocare
3522 4469 3595 4526 ad
3645 4484 3765 4524 cor.

2112 4566 2324 4624 Manus
2354 4567 2505 4639 ejus,
2540 4564 2599 4622 id
2631 4570 2721 4621 est
2748 4563 3165 4621 beneficiorum
3198 4558 3504 4629 Domini,H
3537 4557 3638 4631 qui
3667 4574 3771 4614 eos

342 4663 516 4721 posse
544 4646 604 4703 in
636 4648 737 4704 tali
771 4647 1032 4722 periculo
1063 4649 1422 4720 adjutorium
1462 4649 1631 4721 ferre,
1666 4649 1781 4706 nisi
1829 4650 2001 4709 illum
2034 4670 2083 4736 ι)
2114 4655 2383 4713 liberavit
2411 4655 2484 4711 de
2515 4670 2695 4711 manu
2726 4650 3069 4723 Pharaonis,
3100 4651 3202 4725 qui
3226 4649 3551 4726 ﬁguraliter
3576 4647 3774 4703 diabo-

348 4736 451 4808 qui
482 4752 583 4793 eos
609 4738 681 4793 de
709 4739 987 4795 servitute
1018 4738 1245 4811 ιΕεγρίὶ
1278 4736 1567 4794 liberavit.

343 4826 414 4879 40
487 4827 555 4881 Et
583 4825 903 4881 dilexerunt
931 4842 1060 4881 eum
1088 4826 1150 4879 in
1177 4840 1271 4881 ore
1296 4841 1395 4882 suo
1427 4844 1445 4879 :

378 4961 387 4969 ς
486 4915 557 4969 Et
588 4915 783 4985 lingua
810 4930 913 4969 sua
939 4914 1161 4969 mentiti
1188 4922 1315 4970 sunt
1343 4917 1415 4971 ei.

412 5003 454 5057 C
487 5001 583 5059 Sic
615 5001 740 5057 illis
770 5001 1058 5075 contingit
1087 5004 1190 5076 qui
1222 5021 1285 5061 se
1314 5008 1527 5078 putant
1554 5021 1659 5079 per
1687 5008 1880 5067 solum
1930 5011 2005 5068 ti-

346 5103 577 5146 morem
609 5090 1016 5147 credere.Nam
1042 5092 1155 5150 nisi
1185 5093 1473 5152 Dominus
1504 5100 2004 5168 metuatur,misto

348 5194 546 5233 amore
581 5195 594 5232 :
622 5181 742 5234 toto
768 5180 942 5238 corde
970 5198 1086 5239 non
1118 5184 1440 5255 quaeritur;
1472 5183 1579 5242 hoc
1609 5187 1767 5244 enim
1797 5204 2005 5262 pecca-

341 5270 469 5323 tum
496 5268 587 5322 est
612 5267 958 5341 maximum,
989 5276 1055 5328 ut
1083 5288 1147 5328 se
1176 5273 1334 5329 dicat
1363 5273 1451 5330 illi
1482 5277 1743 5334 confiteri
1774 5276 1999 5353 lingua,

350 5354 496 5411 dum
527 5355 720 5411 cordis
750 5356 869 5413 ima
896 5359 1252 5417 dissentiant
1281 5379 1295 5417 :
1331 5363 1500 5434 quasi
1534 5361 1629 5421 ille
1654 5366 1857 5423 omnia
1886 5385 2002 5424 non

344 5446 679 5518 cognoscat,
712 5462 841 5517 quae
872 5453 1126 5521 aguntur
1149 5449 1209 5505 in
1252 5450 1526 5522 tenebris,
1559 5456 1663 5527 qui
1712 5461 2006 5514 scrutator

337 5537 430 5589 est
486 5547 697 5589 renum
752 5537 810 5589 et
853 5537 1142 5594 cordium.
1190 5539 1238 5594 Η
1287 5539 1569 5598 Dixerunt
1625 5549 1827 5603 autem
1884 5564 2003 5617 ore,

316 5630 415 5711 qu
438 5620 592 5711 ando
649 5620 922 5711 dicebant
969 5624 1194 5701 Moysi:
1250 5629 1619 5705 Quaecunque
1670 5638 2010 5711 prmceperit

346 5708 395 5770 D
409 5708 651 5769 ominus
672 5707 978 5774 faciemus.

2116 4746 2241 4802 lum
2272 4744 2589 4820 signiﬁcat.

2116 4836 2186 4890 48
2260 4835 2415 4891 Sicut
2436 4835 2625 4906 posuit
2653 4835 2715 4890 in
2740 4835 2972 4907 Egypto
2997 4835 3161 4904 signa
3189 4847 3292 4889 sua
3324 4850 3341 4887 :

2261 4925 2323 4981 Et
2347 4923 2608 4996 prodigia
2634 4940 2735 4980 sua
2763 4925 2826 4980 in
2853 4939 3043 4997 campo
3076 4924 3299 4979 Taneos.

2185 5013 2228 5071 C
2258 5012 2530 5070 Tbaneos
2578 5013 2736 5070 enim
2787 5013 2992 5070 civitas
3038 5016 3129 5070 est
3171 5008 3421 5085 Egypti,
3474 5006 3573 5065 ubi
3620 5009 3762 5063 sunt

2114 5104 2268 5161 facta
2297 5103 2567 5177 prodigia
2595 5119 2724 5176 qua:
2779 5102 3080 5176 leguntur.
3130 5098 3400 5174 Prodigia
3443 5112 3577 5155 vero
3619 5095 3778 5152 dicta

2114 5194 2282 5268 quasi
2314 5210 2488 5266 porro
2519 5192 2859 5261 dicentia,id
2891 5196 2983 5249 est
3004 5209 3130 5265 qua;
3161 5187 3619 5264 prwﬁgurabant
3646 5201 3777 5242 esse

2112 5283 2312 5355 aliqua
2340 5286 2584 5341 ventura
2616 5300 2630 5339 :
2664 5297 2870 5340 omnes
2898 5281 3058 5339 enim
3090 5279 3275 5354 plaga.-
3306 5277 3421 5337 illa:
3440 5274 3662 5349 aliquid
3693 5275 3769 5331 si-

2112 5371 2495 5447 gniﬁcabant.
2868 5416 2872 5420 .

2115 5464 2185 5518 49
2258 5468 2333 5518 At
2362 5463 2631 5518 convertit
2662 5464 2725 5517 in
2751 5462 3082 5533 sanguinem
3109 5459 3348 5531 ﬂumina
3375 5471 3565 5515 eorum
3597 5472 3611 5510 :

2259 5552 2325 5607 Et
2347 5551 2546 5608 imbres
2575 5566 2767 5608 eorum
2794 5566 2865 5606 ne
2894 5550 3158 5607 biberent.

2190 5641 2232 5697 Ο
2260 5641 2408 5698 Hinc
2439 5640 2632 5715 prima
2659 5639 2834 5714 plaga
2874 5639 3112 5708 inchoat
3156 5637 3557 5712 .Egyptiorum
3591 5653 3605 5694 :
3640 5651 3778 5693 nam

2121 5731 2277 5791 sicut
2325 5748 2479 5808 aqua
2524 5730 2585 5789 in
2630 5729 2836 5789 vinum
2887 5744 3164 5789 conversa
3211 5727 3426 5803 legitur
3456 5726 3646 5807 (Joan.
3692 5726 3782 5801 II).
