3922 6460
1512 434 1927 499 EXPOSlTlO
1970 439 2107 501 PSA
2120 430 2479 508 LMORUM.

258 645 341 700 ita
367 645 492 711 hic,
522 663 826 704 conversa
854 648 915 704 in
944 648 1310 722 sanguinem,
1338 650 1629 725 signiﬁcat
1652 657 1934 730 populum
2043 660 2114 714 ad
2160 677 2259 718 eos
2288 664 2483 721 venire
2529 645 2869 738 vindictam,
2897 673 3009 728 nisi
3062 674 3297 755 fuerint
3331 645 3560 735 Domini
3588 682 3690 739 de-

265 735 571 755 .__,__.____
992 754 997 755 ί
1058 754 1061 755 ν
1255 744 1325 755 .,
1491 741 1512 755 .
1578 742 1593 755 .
1809 745 1848 755 ..
1892 746 1925 755 ..
2174 748 2186 755 .
2407 752 2416 755 _

257 735 580 792 Judaicum
630 736 695 792 in
749 738 1009 793 deterius
1038 744 1457 811 permutatum.
1490 741 1739 799 Imbrem
1792 745 1936 801 dicit
2041 748 2302 813 fensione
2332 752 2539 823 privati
2576 771 2588 811 :
2625 773 2727 829 per
2755 763 3003 816 mortem
3033 777 3167 819 vero
3198 752 3555 835 animarum,
3586 769 3694 826 ho-

259 824 559 881 cmlestem
585 826 1067 897 praedicationem
1093 844 1106 883 :
1131 843 1308 900 quam
1330 828 1601 886 similiter
1621 832 1705 887 ait
1724 832 1781 887 in
1803 850 1935 889 san-

2040 835 2267 925 minum
2298 838 2555 915 intelligo
2587 843 2884 902 interitum
2924 864 3147 920 eorum,
3174 849 3276 925 qui
3305 851 3366 908 in
3396 851 3496 910 illa
3524 854 3685 913 clade

253 915 503 989 guinem
533 931 802 984 versam,
827 919 892 971 ut
919 932 1018 972 eos
1066 916 1166 988 qui
1222 916 1561 988 spiritaliter
1609 919 1932 994 intelligere
2040 924 2213 979 occisi
2253 931 2410 983 sunt.

254 1006 573 1073 deberent;
599 1003 936 1077 intelligere
952 1004 1264 1060 carnaliter
1278 1007 1931 1080 ostenderet,quomodo

254 1095 421 1151 enim
454 1092 815 1166 spiritaliter
838 1091 1247 1166 intelligerent,
1271 1093 1372 1165 qui
1401 1098 1569 1150 erant
1596 1096 1929 1153 carnalibus

248 1183 543 1241 sensibus
574 1180 850 1253 occupati
874 1181 903 1236 ?

246 1275 329 1330 50
403 1274 565 1330 Misit
599 1272 658 1325 in
692 1286 786 1327 eos
814 1271 1173 1342 caenomyiam
1199 1278 1252 1326 et
1275 1270 1509 1327 comedit
1536 1287 1625 1328 eos
1655 1289 1668 1328 :

405 1363 473 1418 Et
500 1377 705 1417 ranam
733 1367 790 1415 et
816 1358 1139 1431 disperdidit
1165 1375 1271 1416 eos.

2035 1011 2107 1066 56
2177 1016 2253 1070 Et
2265 1021 2535 1085 percussit
2553 1036 2710 1077 omne
2727 1025 3150 1096 primogenitum
3174 1029 3231 1084 in
3254 1036 3403 1085 terra
3420 1032 3646 1105 .Egypti
3670 1052 3685 1090 :

2178 1104 2464 1161 Primitias
2499 1111 2676 1165 omnis
2708 1111 2913 1169 laboris
2959 1131 3146 1172 eorum
3201 1118 3263 1173 in
3311 1104 3684 1179 tabernaculis

2250 1189 2435 1247 Cham.

2109 1276 2151 1330 ll
2184 1277 2346 1335 Sicut
2374 1279 2494 1338 haec
2540 1289 2709 1355 gesta
2751 1286 2809 1343 in
2856 1293 3099 1363 Egypto
3129 1294 3476 1365 referuntur,
3512 1297 3593 1353 ita
3620 1302 3679 1357 et

2032 1361 2316 1459 Dominus
2375 1370 2733 1459 principatus
2779 1380 2836 1432 et
2883 1361 3198 1450 potastates
3228 1361 3672 1459 daemoniorum,

326 1452 377 1506 Η
411 1450 476 1507 In
508 1464 818 1520 coenomya
848 1447 1183 1520 cynicorum
1227 1451 1443 1504 sectam
1475 1448 1769 1515 indicavit,
1797 1466 1923 1522 quae
2031 1450 2151 1506 sive
2177 1452 2469 1524 vitiorum,
2497 1457 2557 1515 in
2588 1460 2695 1516 hoc
2721 1447 2940 1521 mundo
2970 1466 3178 1525 delevit
3208 1486 3314 1527 suo
3345 1476 3546 1530 sancto
3577 1475 3677 1531 ad-

242 1539 569 1597 libidinem
601 1540 784 1609 atque
829 1535 1120 1591 luxuriam
1154 1552 1454 1593 summum
1501 1536 1776 1609 praedicat
1820 1538 1921 1594 ho-

242 1645 425 1685 num.
459 1629 502 1684 C
533 1627 699 1683 Rana
740 1628 834 1680 est
882 1623 1300 1696 loquacissima
1347 1626 1576 1681 vanitas
1626 1626 1919 1682 haeretico-

2016 1543 2226 1607 ventu,
2248 1545 2304 1597 et
2332 1544 2711 1618 triumphavit
2740 1550 2799 1606 in
2830 1551 2987 1626 ligno
3028 1561 3240 1613 sancta:
3270 1560 3485 1628 crucis,
3510 1565 3570 1618 et
3599 1563 3672 1619 ab

2027 1642 2226 1684 eorum
2250 1631 2419 1688 corde
2439 1633 2662 1705 depulit
2683 1654 2697 1693 :
2723 1638 2822 1710 qui
2844 1640 3146 1700 calliditati
3168 1645 3468 1704 diabolicae
3489 1649 3670 1706 dediti

237 1734 386 1774 rum
423 1733 437 1771 :
472 1733 604 1789 quae
634 1717 1004 1771 commorata
1031 1713 1279 1768 ccenosis
1309 1713 1602 1782 sensibus,
1636 1714 1920 1787 improbis
2025 1719 2207 1804 erant.
2244 1718 2384 1789 quia
2436 1720 2613 1778 Cham
2669 1726 2945 1783 calliditas
2997 1728 3426 1804 interpretatur.
3478 1739 3518 1791 C
3564 1736 3672 1794 Per

232 1805 619 1862 clamoribus
647 1802 877 1876 garrire
906 1818 1022 1857 non
1052 1800 1287 1858 desinit.

226 1898 304 1951 51
392 1896 461 1950 Et
483 1892 635 1948 dedit
657 1892 904 1962 terugini
928 1892 1144 1961 fructus
1168 1906 1355 1946 eorum
1384 1907 1397 1945 :

387 1984 458 2039 Et
488 1983 708 2037 labores
735 1995 930 2036 eorum
955 1979 1188 2034 locustae.

305 2076 352 2126 Ο
376 2071 598 2141 Ετυεο
617 2070 710 2124 est
729 2082 900 2122 amor
919 2064 1129 2137 turpis,
1147 2065 1513 2121 honestatem
1537 2079 1916 2135 consumens,

214 2158 666 2218 imminutione
700 2154 949 2211 occulta.
975 2153 1225 2210 Locusta
1277 2156 1366 2209 est
1413 2151 1697 2209 malevola
1726 2152 1916 2209 detra-

221 2251 380 2315 ctio,
405 2251 578 2303 actus
604 2244 833 2301 alienos
864 2241 1062 2298 invida
1091 2241 1459 2298 oblocutione
1496 2241 1829 2297 corrodens.

218 2342 305 2393 52
384 2340 462 2393 Et
488 2333 692 2391 occidit
721 2332 783 2387 in
805 2329 1075 2401 grandine
1104 2330 1292 2385 vineas
1316 2345 1503 2385 eorum
1528 2346 1542 2384 :

383 2428 463 2480 Et
489 2437 673 2479 moros
703 2436 895 2477 eorum
920 2419 981 2473 in
1003 2419 1228 2490 pruina.

300 2516 350 2571 Ο
382 2512 627 2570 Grando
656 2514 747 2568 est
774 2507 1152 2565 comminatio
1184 2506 1306 2572 Dei,
1330 2522 1446 2579 qua
1476 2505 1739 2561 verberat
1767 2522 1903 2560 con-

214 2612 529 2661 tumaces.
562 2600 785 2657 Pruina
817 2615 831 2654 :
864 2610 1226 2669 praecurrens
1263 2594 1709 2666 anticipansque
1740 2592 1903 2648 mali-

2023 1801 2313 1898 primitias
2341 1824 2475 1864 vero
2505 1826 2676 1867 omne
2726 1801 3181 1888 primogenitum
3227 1808 3488 1896 intelligo
3513 1841 3526 1880 :
3550 1824 3665 1898 pri-

1945 1939 1993 2003 B
2022 1890 2197 2003 mitia
2230 1894 2445 1968 quippe
2758 1903 2831 2003 ad
2853 1906 3039 1961 totum
3062 1904 3352 1978 pertinent
3372 1890 3657 1985 quidquid

2029 1976 2288 2038 humana
2317 1985 2677 2056 possibilitas
2705 1988 2915 2046 habere
2947 1976 3233 2065 potuerat.

2026 2066 2097 2120 57
2167 2068 2233 2123 Et
2261 2071 2487 2129 abstulit
2512 2075 2653 2131 sicut
2677 2092 2796 2133 oves
2819 2082 3084 2152 populum
3114 2099 3276 2140 suum
3308 2103 3322 2142 :

2163 2158 2230 2212 Et
2252 2160 2511 2231 perducit
2530 2180 2614 2219 eos
2640 2169 2901 2239 tanquam
2928 2186 3147 2241 gregem
3172 2173 3234 2228 in
3257 2172 3482 2231 deserto.

2092 2242 2132 2299 C
2154 2245 2299 2337 liam
2321 2265 2455 2337 cum
2477 2252 2621 2308 dixit
2638 2269 2772 2310 oves
2791 2260 2849 2310 et
2876 2272 3131 2330 gregem,
3155 2260 3449 2333 signiﬁcat
3475 2280 3662 2337 popu-

2016 2327 2141 2423 lum
2171 2334 2585 2408 Christianum,
2618 2341 2717 2413 qui
2766 2342 2826 2398 in
2874 2327 3008 2401 hoc'
3030 2327 3245 2404 saeculo
3275 2327 3571 2423 tanquam.
3597 2353 3657 2411 in

2014 2419 2242 2478 deserto
2271 2426 2549 2496 pascitur,
2575 2429 2624 2484 si
2656 2432 3090 2490 mundanarum
3143 2453 3337 2493 rerum
3369 2439 3660 2498 desideria

2014 2524 2124 2563 non
2158 2517 2474 2583 sequatur:
2500 2518 2768 2588 quamvis
2799 2521 2869 2575 ad
2900 2521 3153 2579 litteram
3183 2523 3420 2583 Judzeos
3451 2528 3510 2583 in
3546 2533 3657 2584 ter-

2010 2612 2133 2653 ram
2163 2601 2571 2670 promissionis
2616 2604 2910 2677 inductos',
2943 2628 3079 2666 oves
3127 2614 3388 2686 accipere
3429 2618 3654 2687 possis;

200 2695 332 2756 tia,
357 2708 494 2765 qua:
525 2687 761 2744 labores
800 2684 1024 2741 alienos
1066 2682 1364 2756 pervenire
1396 2683 1467 2737 ad
1501 2680 1752 2736 fructum
1783 2697 1898 2737 non
2004 2686 2199 2742 tamen
2229 2689 2367 2761 quia
2392 2689 2451 2745 in
2494 2693 2789 2764 parabolis
2821 2713 2884 2752 se
2915 2680 3270 2756 locuturum—
3302 2680 3467 2771 dixit,
3492 2680 3653 2759 Chri;

211 2776 547 2853 permittit.

204 2870 291 2925 53
369 2868 444 2923 Et
470 2863 705 2922 tradidit
724 2861 993 2934 grandini
1010 2860 1265 2932 jumenta
1293 2874 1479 2915 eorum
1505 2874 1518 2912 :

368 2957 443 3011 Et
460 2953 856 3026 possessionem
878 2964 1066 3006 eorum
1095 2949 1232 3019 igni.

2002 2772 2257 2831 stianum
2291 2778 2570 2851 pepulum
2622 2780 2715 2838 his
2763 2782 3079 2857 signatum,
3104 2788 3293 2862 magis
3344 2806 3522 2862 quam
3573 2793 3653 2848 si-

1998 2878 2202 2935 gnum,
2234 2865 2529 2923 intellectu
2552 2868 2823 2942 amplecti
2852 2872 3059 2943 debes;
3093 2892 3229 2933 nam
3260 2879 3529 2951 sequitur
3551 2898 3563 2937 :
3584 2881 3657 2937 Et

1998 2950 2224 3019 eduxit,
2254 2958 2368 3009 etc.

292 3046 344 3102 ll
373 3046 443 3102 In
494 3042 810 3116 grandine,
842 3037 1148 3111 castigatio
1196 3035 1392 3091 divina
1439 3038 1815 3090 monstratur.
1852 3038 1892 3089 C
1996 3038 2066 3091 58
2136 3041 2201 3095 Et
2220 3040 2410 3098 eduxit
2437 3059 2526 3099 eos
2553 3046 2613 3099 in
2642 3061 2734 3117 spe
2756 3055 2808 3103 ct
2834 3065 2945 3104 nim
2975 3052 3275 3110 timuerunt
3308 3070 3322 3111 ε

206 3138 412 3192 Morte
444 3131 743 3205 pecudum
788 3127 1101 3184 stultorum
1142 3123 1508 3197 signiﬁcatur
1547 3140 1810 3178 occasus.
1846 3124 1889 3179 Η

205 3225 306 3281 Ab
341 3222 459 3279 hac
492 3224 691 3277 autem
714 3215 1000 3291 grandine
1020 3219 1077 3271 et
1098 3214 1215 3269 hazc
1232 3214 1503 3285 jumenta
1523 3211 1889 3281 occiduntur,

2132 3128 2198 3182 Et
2226 3130 2477 3186 inimicos
2504 3146 2693 3189 corum
2721 3138 2938 3206 operuit
2963 3154 3149 3195 mare.

2062 3216 2102 3269 C
2130 3215 2331 3271 Educti
2360 3218 2515 3275 enim
2546 3236 2650 3276 nos
2679 3208 2889 3279 sumus
2921 3226 2980 3280 in
3011 3243 3116 3299 spe
3145 3244 3181 3284 a
3205 3232 3363 3287 terra
3391 3234 3638 3306 Egypti,

205 3318 281 3370 ut
312 3326 531 3368 eorum
562 3306 905 3380 insipientia
934 3307 1233 3377 arguatur,
1260 3300 1359 3373 qui
1390 3299 1654 3356 divinum
1677 3316 1886 3355 nomen
1918 3294 1962 3362 Ο
1998 3302 2055 3372 id
2086 3307 2175 3358 est
2203 3320 2237 3359 a
2266 3306 2519 3362 tenebris
2551 3314 2942 3381 peccatorum,
2962 3294 3064 3385 qui
3093 3314 3227 3372 ﬁdei
3258 3294 3647 3381 lumenvacee-

202 3399 436 3460 bestiis
484 3396 853 3453 indiderunt.
885 3396 926 3447 Ο
974 3391 1131 3464 Ignis
1152 3406 1383 3461 quoque
1432 3387 1789 3455 immittitur,
1823 3391 1889 3443 ut

196 3488 643 3546 illuminentur
663 3483 842 3539 corda
862 3476 1454 3543 credentium,etvitia
1473 3477 1880 3549 depascantur.

196 3579 385 3636 Sicut
419 3575 506 3630 ait
532 3572 823 3629 Dominus
857 3585 871 3624 :
906 3568 1107 3642 Ignem
1135 3565 1265 3623 veni
1298 3566 1524 3622 mittere
1552 3565 1613 3621 in
1642 3569 1880 3635 terram,

192 3672 260 3723 et
294 3664 453 3739 quid
483 3661 614 3718 volo
640 3659 758 3716 nisi
785 3662 852 3713 ut
880 3656 1121 3714 ardeat?
1142 3656 1295 3727 (Luc.
1319 3654 1442 3725 xu).

189 3758 272 3812 54
356 3752 512 3809 Misit
541 3753 603 3805 in
633 3765 722 3805 eos
751 3749 899 3804 iram
928 3744 1327 3816 indignationis
1354 3757 1491 3800 suae.

436 3838 882 3910 indignationem
905 3843 955 3890 et
984 3835 1130 3889 iram
1153 3836 1205 3888 et
1235 3832 1651 3887 tribulationem
1678 3848 1690 3885 :

351 3928 766 3986 Immissionem
792 3938 892 3997 per
912 3922 1129 3993 angelos
1150 3921 1343 3976 malos.

264 4018 315 4074 ϐ
338 4016 505 4073 Ordo
535 4013 807 4070 vindicta
838 4009 1148 4069 verissima
1174 4007 1562 4080 descriptione
1589 4010 1880 4062 narratur.

265 4106 456 4162 Prius
480 4103 641 4160 enim
665 4100 954 4158 Dominus
985 4097 1236 4172 peccatis
1257 4096 1563 4152 hominum
1588 4095 1883 4168 irascitur,

188 4194 453 4269 quando
469 4190 636 4247 nulla
652 4206 783 4245 com
792 4206 866 4261 pu
876 4186 1107 4245 actione
1125 4187 1569 4241 convertuntur:
1587 4200 1652 4240 ac
1674 4183 1883 4239 deinde

190 4282 504 4341 malitiam
540 4277 803 4335 hominis
834 4277 895 4332 in
927 4292 1035 4333 sua
1061 4273 1464 4346 indignatione
1495 4276 1552 4328 et
1578 4272 1665 4326 ira
1693 4275 1751 4328 et
1778 4271 1881 4327 tri-

190 4369 517 4429 bulatione
539 4363 988 4437 derelinquit,et
1003 4366 1300 4435 postremo
1321 4360 1523 4418 nudati
1546 4360 1884 4417 defensione

193 4458 407 4516 divina
428 4457 489 4513 in
511 4455 777 4529 predum
798 4452 1019 4510 cadunt
1039 4449 1278 4507 diaboli.
1294 4449 1535 4506 Constat
1557 4447 1711 4504 enim
1739 4465 1880 4504 cun-

193 4552 292 4605 cta
312 4563 452 4619 quae
473 4548 675 4601 creata
694 4545 856 4610 sunt,
871 4539 1157 4597 Creatoris
1178 4535 1553 4611 permissioni
1573 4540 1675 4593 aut
1697 4536 1881 4609 impe-

191 4637 277 4692 rio
308 4635 651 4705 subjacere.
682 4630 841 4687 Dicit
869 4646 1002 4685 vero
1032 4626 1465 4718 immissionem
1508 4624 1673 4718 illam
1704 4624 1882 4718 malo-
1912 4652 1960 4718 Β

195 4742 358 4792 rum,
384 4723 609 4779 factam
644 4737 751 4793 per
777 4716 1018 4791 angelos
1047 4715 1256 4783 malos,
1286 4712 1505 4771 scilicet
1528 4712 1879 4785 indignatio-

193 4831 356 4886 nem,
383 4812 446 4868 id
478 4813 591 4879 est,
623 4814 919 4864 tumorem
950 4805 1259 4879 superbiai,
1293 4803 1438 4859 iram
1470 4802 1745 4868 audaciae,
1768 4801 1871 4855 tri-

194 4901 570 4958 bulationem
612 4894 1060 4970 desperationis.
1086 4894 1130 4950 Η
1172 4892 1245 4949 Ut
1274 4891 1375 4963 qui
1424 4890 1636 4946 divinis
1686 4889 1872 4962 plagis

192 5008 305 5048 non
340 4988 780 5063 arguebantur,
805 4980 1112 5039 diabolicis
1142 4979 1374 5037 insidiis
1404 4979 1806 5035 tunderentur.

190 5080 258 5136 55
339 5081 500 5137 Viam
527 5076 666 5149 fecit
687 5075 906 5131 semitae
936 5073 1035 5129 ira:
1056 5086 1211 5128 suae:
1246 5086 1357 5125 non
1381 5070 1620 5141 pepercit
1642 5085 1675 5122 a
1703 5074 1873 5122 morte

404 5169 743 5224 animarum
771 5177 963 5219 eorum
989 5177 1004 5217 :

327 5260 399 5315 Et
411 5258 684 5330 jumenta
704 5266 900 5309 eorum
926 5250 989 5304 in
1018 5255 1190 5306 morte
1211 5246 1494 5304 conclusit.

254 5348 301 5405 Η
327 5348 504 5403 Viam
530 5341 721 5400 habet
739 5337 943 5396 divina
963 5337 1071 5409 ira,
1092 5352 1229 5393 cum
1256 5336 1315 5391 in
1344 5333 1565 5408 peccati
1591 5332 1875 5390 ultionem

188 5436 313 5510 quis
336 5435 634 5504 traditus,
661 5445 784 5487 non
811 5426 1023 5521 liberat
1043 5426 1304 5521 animam
1331 5440 1501 5521 suam
1532 5440 1568 5479 a
1588 5420 1876 5521 supplicio

187 5526 466 5602 gehennae
502 5543 519 5582 :
553 5519 651 5579 vel
704 5533 847 5575 cum
888 5514 1229 5588 insipientia
1276 5513 1425 5602 (quae
1469 5510 1759 5602 jumentis
1789 5510 1879 5565 est

182 5600 421 5687 similis)
474 5614 539 5672 in
597 5612 799 5667 morte
839 5604 1202 5700 sempiterna
1249 5600 1633 5661 concluditur.
1664 5602 1875 5700 Otium

168 5708 323 5788 gitur
349 5706 506 5768 dicit
536 5701 710 5762 viam
753 5692 968 5752 iecisse
1014 5692 1351 5763 Dominum,
1400 5705 1516 5766 qua
1578 5689 1767 5766 possit
1804 5689 1875 5747 ad

510 5832 806 5896 Panos.
855 5820 1063 5885 CXLII

1990 3389 2211 3460 pimus.
2232 3393 2299 3447 Et
2320 3392 2590 3451 inimicos
2614 3398 2843 3469 Operuit
2870 3415 3065 3477 mare:
3086 3418 3219 3459 cum
3244 3421 3351 3461 nos
3371 3405 3649 3464 ablueba-

1989 3494 2123 3533 mur
2160 3480 2219 3534 in
2257 3482 2857 3553 baptismo,diabolus
2900 3491 3276 3562 mergebatur
3324 3493 3383 3569 in
3437 3496 3647 3569 abysso

1990 3578 2124 3623 cum
2154 3568 2439 3625 ministris
2469 3572 2614 3629 suis.
2648 3573 2742 3629 Sic
2785 3574 2901 3631 illis
2932 3577 2991 3632 in
3024 3578 3213 3652 ﬁgura
3253 3582 3452 3639 omnia
3481 3568 3632 3640 facta

1989 3660 2130 3711 sunt
2158 3659 2207 3727 (Ι
2228 3660 2352 3724 Cor,
2371 3659 2451 3730 x),
2474 3664 2541 3715 ut
2568 3661 2650 3717 ait
2676 3662 3004 3734 Apostolus,
3025 3683 3151 3740 quas
3182 3673 3391 3726 nostrae
3418 3670 3628 3729 salutis

1988 3744 2207 3803 indicia
2236 3747 2605 3804 nuntiabant.
3518 3832 3521 3837 Ι

1987 3833 2059 3889 59
2129 3834 2194 3889 Et
2222 3834 2443 3892 induxit
2467 3853 2554 3893 eos
2583 3840 2641 3893 in
2673 3848 2907 3897 montem
2932 3846 3377 3916 sanctiﬁcationis
3402 3833 3524 3907 suae
3550 3870 3571 3906 .-

2127 3924 2357 3981 Montem
2383 3942 2537 3998 quem
2564 3930 2853 4001 acquisivit
2878 3931 3108 3989 dextera
3134 3936 3272 4008 ejus.

2059 4010 2101 4065 C
2128 4011 2293 4069 Mons
2326 4014 2801 4073 sanctiﬁcationis
2830 4036 2843 4073 :
2876 4024 3080 4075 sancta
3111 4020 3365 4079 Ecclesia
3405 4024 3464 4081 in
3504 4025 3640 4084 lati-

1990 4099 2193 4166 tudine
2225 4100 2355 4156 ﬁdei
2388 4101 2728 4160 sublimata.
2761 4103 2894 4160 Sive
2937 4123 3191 4179 superna
3239 4109 3343 4167 illa
3388 4111 3638 4174 celestis

1989 4187 2371 4257 Hierusalem,
2405 4189 2463 4244 in
2496 4207 2671 4263 quam
2704 4191 2984 4264 populum
3016 4194 3120 4251 Dei
3149 4213 3258 4253 sua
3289 4199 3479 4271 gratia
3508 4201 3633 4257 Sal-
3704 4257 3726 4271 _

1991 4280 2154 4332 vator
2182 4276 2520 4333 introduxit.
2551 4278 2635 4333 Ad
2678 4277 2930 4336 litteram
2962 4297 3095 4337 vero
3144 4301 3313 4341 mons
3342 4285 3500 4356 Sion,
3533 4290 3634 4346 ubi

1990 4364 2143 4421 circa
2169 4382 2340 4437 quem
2366 4365 2653 4438 templum
2678 4367 2787 4423 fuit
2810 4369 3181 4439 aediﬁcatum,
3205 4377 3295 4428 est
3314 4390 3483 4432 mons
3504 4394 3636 4436 san-

1990 4452 2377 4509 ctiﬁcationis.
2833 4462 2839 4467 '

1987 4542 2059 4596 6O
2129 4546 2198 4599 Et
2221 4543 2377 4614 ejecit
2401 4559 2434 4598 a
2459 4543 2607 4615 facie
2629 4559 2819 4599 eorum
2843 4552 3022 4614 gentes
3045 4563 3065 4601 :

2131 4634 2200 4687 Et
2225 4639 2367 4687 sorte
2385 4630 2573 4686 divisit
2600 4632 2680 4687 eis
2716 4638 2772 4707 {-3-
2797 4640 3001 4689 terram
3042 4638 3056 4699 ζ
3099 4634 3159 4690 in
3177 4636 3428 4706 funiculo
3446 4635 3630 4696 distri-

2202 4717 2461 4776 butionis.

2050 4810 2090 4864 C
2119 4808 2289 4880 Ejicit
2310 4825 2343 4863 a
2372 4807 2516 4864 facie
2542 4812 2743 4865 nostra
2761 4811 3234 4884 gentes,quando
3255 4829 3291 4870 a
3312 4812 3481 4872 nobis
3505 4814 3632 4872 bar-

1979 4894 2154 4952 barici
2186 4899 2244 4951 et
2273 4895 2531 4951 immites
2562 4896 2841 4970 fugantur
2865 4913 3138 4955 errores:
3163 4899 3371 4957 dividit
3396 4906 3613 4961 terram

1979 5001 2113 5040 cum
2146 5000 2248 5055 pro
2278 5001 2386 5040 sua
2413 4983 2600 5057 gratia
2630 4984 2945 5058 unicuique
2986 4987 3216 5044 beatam
3247 4989 3472 5047 dederit
3502 5009 3611 5066 por

1979 5072 2196 5127 tionem
2230 5072 2391 5145 regni
2431 5072 2533 5128 Dei
2568 5090 2582 5129 :
2616 5073 2914 5131 funiculus
2957 5080 3152 5133 autem
3196 5076 3630 5139 distributionis

1980 5160 2065 5215 sic
2095 5159 2287 5215 dictus
2316 5164 2406 5216 est
2434 5160 2506 5217 ab
2536 5159 2675 5227 illis,
2699 5160 2798 5233 qui
2838 5166 3052 5219 terram
3101 5168 3266 5222 tenso
3314 5166 3451 5224 fune
3480 5167 3627 5224 divi-

1988 5247 2225 5303 debant.

1982 5336 2046 5389 61
2125 5336 2191 5391 Et
2220 5336 2467 5392 habitare
2492 5338 2622 5408 fecit
2648 5338 2706 5392 in
2738 5337 3105 5398 tabernaculis
3132 5358 3364 5400 eorum:

2112 5425 2322 5481 ~Tribus
2348 5425 2536 5481 Israel.

2054 5511 2097 5567 C
2119 5512 2376 5585 Mystice,
2390 5512 2665 5569 tribubus
2682 5512 2878 5583 Israel,
2893 5516 2950 5572 id
2966 5521 3055 5573 est
3064 5517 3399 5575 videntibus
3417 5517 3624 5587 Deum,

1984 5600 2146 5657 dabit
2174 5599 2502 5657 inbaditare
2530 5601 2923 5673 tabernacula,
2943 5621 3070 5676 quia
3100 5610 3234 5662 ante
3264 5606 3493 5661 ruinam
3524 5622 3623 5663 su-

1984 5688 2195 5768 perbia:
2226 5689 2418 5749 adhuc
2446 5689 2785 5750 innocentes
2813 5690 3004 5768 angeli
3034 5693 3429 5768 possidebant.

3233 5812 3412 5877 10·
