3922 6426
316 421 436 479 299

1230 419 1294 479 S.
1343 418 1742 480 BRUNONIS
1789 415 2412 477 IlEltBlPOLENSIS
2458 413 2836 476 EPISCOPI.

3623 419 3738 480 200

321 555 396 607 62
469 557 536 610 Et
585 556 934 608 tentauerunt
984 555 1034 607 et
1065 552 1529 608 exacerburerimt
1575 553 1745 606 Deum
1791 550 1965 606 cxcel-
2004 552 2059 619 Α
2090 549 2242 603 intra
2271 547 2419 603 lares
2451 551 2855 616 monumenta,
2884 549 3036 604 sicut
3060 549 3319 622 antiquis
3351 565 3478 607 mos
3502 553 3629 608 erat
3651 567 3739 608 se-

531 657 654 696 sum
688 658 700 695 ζ

461 732 527 785 Et
553 732 860 786 testimonia
893 731 1010 802 ejus
1039 746 1145 786 non.
1177 732 1568 786 custodierunt.

391 817 432 873 C
462 818 628 874 Nunc
654 818 794 874 dicit
819 819 1246 874 contumaciam
1278 816 1746 889 Judazorum,qui
1777 815 1974 872 Domi-

318 924 462 963 num
489 909 949 975 tentaverunt,et
983 908 1201 962 monita
1233 909 1362 979 ejus
1394 925 1506 963 non
1531 907 1973 962 custodierunt:

319 1001 377 1052 et
409 997 552 1067 quid
583 997 668 1052 eis
701 997 846 1053 irato
876 997 1124 1054 Domino
1155 998 1481 1070 contigerit,
1507 1003 1573 1052 ut
1613 995 1749 1050 talia
1778 994 1977 1050 inobe-

319 1085 548 1142 dientes
579 1087 829 1143 debeant
857 1087 1123 1159 exempla
1153 1093 1432 1143 metuere.

319 1176 391 1230 63
465 1179 534 1233 Et
576 1181 891 1232 auerterunt
938 1194 996 1232 se
1045 1186 1095 1232 et
1149 1194 1257 1232 non
1313 1185 1667 1232 seruauerunt
1713 1184 1976 1248 paetum:

508 1266 985 1337 [quemadmodum
1012 1275 1194 1338 patres
1224 1283 1413 1321 eorum
1454 1267 1700 1321 conversi
1743 1273 1870 1320 sunt
1920 1264 1982 1318 in

530 1371 722 1410 arcum
743 1373 998 1427 prauum.

391 1443 437 1500 H
467 1445 814 1500 Averterunt
854 1461 935 1511 se,
961 1463 1108 1517 quos
1161 1463 1264 1501 nec
1311 1445 1496 1500 virtus
1545 1461 1648 1499 nec
1696 1442 1983 1499 beneficia

323 1529 663 1589 mollierant
688 1533 918 1601 divina;
957 1534 1058 1590 sed
1091 1533 1246 1589 sicut
1276 1536 1470 1606 patres
1499 1531 1837 1590 occiderunt
1857 1548 1985 1604 pro-

319 1620 547 1692 phetas,
573 1622 655 1677 ita
679 1626 735 1676 et
765 1622 860 1678 isti
887 1622 1082 1694 ipsum
1105 1622 1288 1678 Deum
1315 1627 1746 1694 persequuntur
1767 1621 1978 1694 (Matth.

317 1710 503 1782 xxm).
523 1710 564 1765 C
584 1713 768 1766 Arcus
791 1728 1005 1783 pravus
1031 1729 1043 1767 :
1075 1717 1164 1767 est
1191 1711 1414 1767 malitia
1447 1716 1979 1783 peet'atorum,qua:

320 1815 435 1854 non
467 1799 701 1854 eminus
733 1799 974 1856 vulnera
997 1800 1316 1872 jaculatur,
1343 1801 1442 1855 sed
1476 1801 1533 1855 in
1558 1817 1620 1854 se
1650 1801 1843 1870 magis
1866 1799 1982 1871 spi-

319 1885 453 1943 cula
481 1887 704 1944 directa
733 1889 1039 1957 convertit;
1065 1890 1205 1962 quia
1227 1888 1466 1944 dolosus
1486 1890 1629 1943 dum
1657 1889 1866 1944 nititur
1897 1889 1979 1943 in-

318 1993 518 2047 gerere
539 1975 764 2049 plagas,
790 1977 849 2032 in
875 1995 935 2033 se
958 1983 1292 2034 convertere
1319 1978 1511 2050 potius
1535 1995 1674 2032 suas
1703 1978 1983 2049 probatur

317 2064 588 2120 insidias.
614 2066 658 2120 ll
694 2065 911 2122 Pravus
937 2067 1092 2121 enim
1118 2084 1287 2122 arcus
1311 2067 1546 2134 dicitur,
1573 2067 1672 2138 qui
1697 2065 1898 2137 jacula
1921 2066 1979 2120 in

317 2154 654 2209 tendentem
687 2172 748 2210 se
779 2155 981 2221 mittit,
1005 2160 1062 2210 et
1093 2157 1232 2210 dum
1262 2160 1463 2210 contra
1495 2154 1766 2212 inimicos
1800 2155 1978 2227 sagit-

317 2247 437 2298 tam
473 2247 712 2316 putatur
733 2245 949 2315 jacere,
985 2244 1210 2300 sauciat
1245 2249 1557 2300 tenentem.

315 2334 384 2386 64
459 2332 522 2387 1η
553 2334 638 2389 ira
661 2335 1070 2389 concitaverunt
1102 2351 1225 2388 eum
1252 2336 1309 2388 in
1340 2335 1569 2388 collibus
1596 2337 1714 2390 suis
1747 2352 1760 2389 :

457 2423 524 2477 Et
553 2424 613 2477 in
639 2423 985 2496 sculptilibus
1014 2425 1131 2478 suis
1155 2423 1226 2478 ad
1256 2426 1662 2480 aemulationem
1691 2431 1745 2490 μὲ·
1782 2440 1907 2479 eum
1949 2429 1963 2490 ξ

525 2521 970 2584 prouocauerunt.
1111 2573 1116 2580 _

389 2601 429 2655 C
454 2601 660 2668 Colles,
688 2603 972 2673 superbas
1003 2607 1060 2656 et
1108 2603 1368 2656 tumidas
1419 2601 1727 2657 hominum
1759 2601 1976 2673 cogita-

317 2688 507 2744 tiones
551 2690 906 2761 signiiicant,
931 2690 1150 2760 quibus
1183 2707 1416 2761 semper
1446 2690 1730 2746 Dominus
1757 2689 1978 2744 inveni-

316 2781 416 2833 tur
446 2779 746 2834 adversus.
767 2778 852 2833 Ad
885 2777 1315 2832 inmutationem
1347 2795 1580 2850 quoque
1610 2796 1742 2833 eum
1777 2795 1978 2850 provo-

315 2867 551 2932 cabant,
573 2867 715 2922 dum
755 2884 931 2922 suum
983 2867 1264 2922 honorem
1314 2867 1484 2922 idolis
1535 2867 1974 2940 impendebant.

315 2956 362 3010 H
395 2955 616 3010 Relicto
663 2956 820 3011 enim
881 2957 998 3011 Deo
1055 2957 1381 3011 servierunt
1441 2955 1630 3024 idolis,
1665 2957 1976 3012 adorantes

315 3044 493 3100 etiam
523 3043 583 3100 in
616 3043 938 3100 montibus.

314 3135 388 3188 65
459 3133 680 3190 Audiuit
705 3136 846 3190 Deus
874 3142 926 3190 et
951 3136 1152 3207 spreuit
1187 3152 1199 3190 :

459 3225 529 3279 Et
557 3223 626 3279 ad
655 3225 899 3280 nihilum
928 3224 1136 3293 redegit
1163 3225 1319 3279 ualde
1348 3225 1533 3280 Israel.

388 3313 434 3369 H
465 3313 602 3369 Illos
633 3331 766 3370 vero
797 3313 1154 3386 sprevit,qui
1199 3318 1428 3370 tantum
1470 3313 1705 3368 nomine
1753 3318 1808 3370 et
1853 3331 1966 3370 non
1999 3297 2043 3365 C

317 3404 543 3458 visione
571 3401 746 3459 Israel
780 3407 964 3458 erant.

318 3495 391 3548 66
465 3497 532 3549 Et
558 3493 762 3564 repulit
792 3492 1208 3547 tabernaculum
1239 3491 1354 3546 Silo
1387 3508 1399 3545 :

467 3581 900 3637 Tabernaculum
948 3597 1111 3634 suum
1168 3580 1264 3634 ubi
1325 3582 1588 3637 habitauit
1639 3583 1698 3636 in
1755 3581 1976 3637 homili-

531 3670 647 3726 bus.

386 3759 428 3814 C
459 3757 578 3815 Silo
609 3758 814 3814 civitas
853 3762 997 3825 erat,
1033 3757 1130 3814 ubi
1191 3774 1324 3813 arca
1375 3759 1467 3814 Dei
1523 3759 1705 3814 fuisse
1762 3757 1977 3831 legitur

311 3849 653 3904 constituta.
677 3847 796 3902 Silo
834 3849 1048 3902 auulsio
1077 3846 1162 3902 vel
1193 3847 1442 3902 dimissio
1476 3849 1594 3919 ejus
1627 3849 1971 3920 interpreta-

306 3945 424 4006 tur,
447 3942 504 3994 et
536 3937 828 4010 signiﬁcat
869 3937 1258 3993 sacerdotium
1299 3937 1639 3992 Judaeorum
1671 3953 1706 3992 a
1735 3936 1852 3992 Deo
1883 3953 1970 3993 re-

302 4029 636 4100 probatum.
1595 4081 1602 4088 ,

298 4119 371 4172 67
442 4118 510 4172 Et
540 4116 771 4172 tradidit
798 4118 855 4172 in
887 4118 1262 4189 captivitatem
1292 4118 1549 4172 virtutem
1573 4131 1763 4171 eorum
1795 4132 1806 4170 :

441 4207 509 4261 Et
533 4206 1002 4278 pulchritudinem
1034 4223 1228 4262 eorum
1259 4209 1317 4262 in
1347 4223 1548 4261 manus
1582 4206 1818 4260 inimici.

369 4295 412 4352 C
439 4295 660 4352 Traditi
694 4301 833 4352 sunt
859 4295 1043 4352 Judzei
1077 4297 1135 4351 in
1169 4295 1594 4368 captivitatem,
1623 4293 1858 4366 quando
1889 4294 1962 4348 ab

293 4383 637 4458 AIIOphylis,
663 4385 719 4440 id
753 4390 841 4442 est
881 4385 1210 4452 Philistaiis,
1240 4390 1411 4458 capta
1440 4401 1594 4450 arca,
1635 4387 1775 4438 sunt
1803 4383 1958 4438 victi.

296 4474 586 4530 Virtutem
618 4479 673 4531 et
705 4475 1132 4547 fortitudinem,
1167 4475 1309 4529 dicit
1353 4491 1547 4528 arcam
1601 4470 1957 4540 testamenti,

293 4581 396 4637 per
419 4581 597 4637 quam
630 4563 783 4622 inter
803 4570 1006 4638 gentes
1027 4565 1376 4620 videbantur
1399 4560 1620 4626 invicti,
1645 4563 1702 4614 et
1725 4575 1959 4617 summa

293 4653 521 4709 decoris
548 4652 720 4710 laude
750 4671 878 4711 esse
911 4653 1208 4726 prmeipui.

289 4743 360 4798 68
432 4745 495 4799 Et
524 4745 793 4800 conclusit
828 4747 889 4799 in
912 4743 1097 4814 gladio
1127 4741 1390 4811 populum
1421 4753 1583 4793 suum
1618 4754 1630 4790 :

433 4834 499 4888 Et
527 4832 906 4891 haereditatem
933 4846 1093 4884 suam
1118 4829 1344 4898 spreuit.

357 4921 398 4978 C
427 4923 806 4994 Consequens
837 4917 948 4974 fuit
979 4921 1042 4972 ut
1073 4915 1326 4988 populus
1349 4913 1542 4987 gladio
1565 4919 1861 4972 corrueret
1893 4916 1950 4972 in

285 5011 542 5077 ruinam,
568 5011 659 5066 cui
690 5025 836 5064 arcze
869 5005 1128 5077 dignitas
1155 5005 1263 5060 fuit
1293 5005 1507 5060 ablata.
1537 5005 1763 5078 Sprevit
1785 5021 1951 5062 suam

283 5100 708 5164 hzrreditatem,
740 5095 978 5168 quando
1011 5112 1112 5166 pro
1145 5094 1430 5151 scelerum
1463 5111 1704 5150 suorum
1737 5093 1948 5151 imma-

282 5188 468 5243 nitate
498 5185 742 5258 projecit
775 5183 1056 5256 pepulum
1092 5201 1267 5256 quem
1299 5185 1570 5258 elegerat.

279 5276 352 5330 79
423 5278 659 5330 Juvenes
688 5289 878 5328 eorum
909 5275 1134 5329 comedit
1162 5275 1305 5344 ignis
1338 5292 1352 5330 :

426 5362 491 5415 Et
517 5361 760 5429 virgines
789 5378 976 5416 eorum
1004 5380 1110 5418 non
1143 5368 1268 5418 sunt
1302 5365 1636 5420 lamentatio.

353 5451 394 5504 C
423 5449 624 5522 Ignem
643 5450 758 5516 hic,
789 5451 933 5504 iram
957 5452 1299 5506 bellantium
1315 5454 1604 5508 debemus
1623 5454 1941 5510 advertere.

283 5539 654 5608 Lamentare,
687 5539 949 5595 vacantis
996 5547 1084 5594 est
1115 5557 1128 5595 :
1165 5557 1299 5594 nam
1331 5558 1465 5596 cum
1495 5558 1700 5596 omnes
1747 5541 1942 5596 immi-

281 5625 482 5683 nentia
529 5627 790 5701 pericula
840 5627 1242 5696 formidarent,
1293 5629 1436 5685 nulli
1488 5629 1653 5686 licuit
1701 5629 1943 5686 alterius

278 5715 470 5778 funeri
493 5717 660 5796 justo.
698 5717 1048 5798 persolvere.
1082 5718 1364 5777 Lamenta
1392 5719 1550 5777 enim
1599 5719 1754 5775 dicta
1801 5725 1943 5786 sunt

2085 637 2284 710 petire.

2081 728 2154 781 7O
2227 727 2538 782 Sacerdotes
2568 744 2754 782 eorum
2789 731 2846 784 in
2877 729 3064 798 gladio
3091 730 3398 787 ceciderunt
3428 750 3447 785 :

2227 817 2292 870 Et
2323 817 2506 872 uidua?
2535 834 2722 872 eorum
2752 835 2863 872 non.
2887 819 3270 890 plorabantur.

2157 909 2196 958 C
2226 904 2288 959 In
2322 903 2451 976 ipsa
2499 904 2678 977 igitur
2709 906 3042 978 captivitate
3072 908 3174 963 ﬁlii
3225 908 3351 964 Heli
3399 911 3742 979 sacerdotis,

2087 994 2160 1048 ab
2209 993 2534 1066 Allophylis
2583 993 2860 1064 leguntur
2907 995 3099 1069 gladio
3147 999 3413 1054 exstincti
3447 1015 3744 1072 :quorum

2089 1082 2266 1137 unius
2296 1100 2440 1138 uxor
2459 1083 2636 1138 vidua
2663 1085 2834 1151 facta,
2856 1089 2987 1157 post
3009 1086 3268 1142 subitum
3291 1092 3526 1160 partum
3558 1092 3746 1145 morte

2087 1177 2384 1242 prmventa
2412 1170 2576 1244 est'(l
2606 1174 2733 1242 Reg.
2761 1175 2837 1245 Iv)
2864 1191 2876 1229 :
2904 1179 2960 1230 et
2988 1174 3070 1229 ita
3099 1176 3344 1250 contigit
3389 1182 3454 1232 ut
3499 1177 3747 1235 minime

2090 1259 2374 1332 ploratur,
2407 1262 2546 1316 dum
2597 1262 2902 1319 universos
2951 1263 3222 1320 interitus
3264 1267 3600 1324 communis
3649 1283 3746 1324 oc-

2089 1355 2349 1421 cuparet,
2382 1349 2513 1406 licet
2545 1356 2600 1405 et
2632 1352 2689 1406 id
2722 1351 2854 1407 aliis
2885 1353 3089 1408 multis
3118 1354 3401 1412 accidisse
3431 1373 3547 1412 non
3574 1357 3748 1414 dubi-

2089 1441 2333 1494 taretur.

2087 1528 2150 1580 71
2231 1528 2296 1582 Et
2323 1532 2593 1584 excitatus
2627 1535 2705 1585 est
2736 1539 3000 1602 tanquam
3027 1531 3302 1590 dormiens
3334 1535 3600 1594 Dominus
3629 1556 3650 1593 :

2239 1619 2514 1690 Tanquam
2542 1625 2732 1690 potens
2759 1621 3079 1692 crapulatus
3107 1639 3141 1676 a
3168 1623 3315 1678 vino.

2161 1706 2202 1760 C
2229 1707 2524 1763 Excitatur
2553 1709 2708 1763 enim
2743 1709 3026 1765 Dominus
3056 1711 3128 1766 ad
3159 1711 3498 1782 vindictam,
3530 1715 3749 1775 nostris

2092 1795 2264 1849 malis
2294 1797 2527 1853 actibus
2574 1803 2947 1870 provocatus;
2991 1801 3162 1870 cujus
3210 1800 3493 1873 patientia
3521 1803 3748 1860 dormi-

2093 1887 2246 1940 tasse
2269 1886 2636 1941 credebatur.
2658 1887 2991 1960 Resurgens
3021 1887 3194 1945 etiam
3231 1889 3510 1948 Dominus
3535 1909 3570 1949 a
3599 1910 3752 1950 mor-

2091 1973 2229 2040 tuis,
2248 1978 2527 2046 tanquam
2547 1975 2679 2030 vino
2697 1976 2992 2047 passionis
3009 1977 3367 2050 crapulatus.
3383 1980 3467 2036 Ad
3489 1980 3747 2039 litteram

2088 2066 2283 2117 autem
2320 2080 2331 2117 :
2362 2064 2644 2136 crapulati
2679 2070 2734 2120 et
2767 2065 2910 2120 ebrii
2943 2067 3076 2121 vino
3109 2067 3282 2123 irasci
3322 2075 3748 2128 consueverunt

2088 2151 2230 2206 dum
2257 2153 2603 2221 excitantur,
2627 2158 2682 2208 et
2715 2154 2892 2210 fortes
2923 2172 2986 2210 se
3017 2156 3322 2226 exhibere;
3357 2158 3435 2214 ita
3455 2176 3560 2232 per
3589 2160 3749 2217 simi-

2089 2238 2397 2296 litudinem
2427 2243 2498 2297 de
2531 2243 2646 2298 Deo
2677 2243 2903 2298 dictum
2934 2248 3043 2300 est.

2084 2330 2157 2382 72
2230 2332 2305 2385 Ft
2331 2334 2602 2402 percussit
2631 2334 2884 2388 inimicos
2911 2349 3038 2389 suos
3067 2336 3128 2390 in
3150 2337 3453 2406 posteriora
3483 2356 3502 2393 :
3546 2363 3552 2368 -

2234 2421 2608 2490 Oppi-ebrium
2636 2424 3031 2494 sempiternum
3059 2423 3205 2479 dedit
3234 2425 3368 2480 illis.

2159 2508 2200 2563 C
2232 2508 2528 2564 Percussit
2559 2508 2895 2583 Allophylos
2953 2511 3013 2566 in
3072 2514 3414 2584 posteriora,
3447 2519 3514 2571 ut
3568 2517 3746 2574 etiam

2085 2595 2219 2665 vivi,
2263 2615 2296 2652 a
2346 2599 2636 2654 soricibus
2695 2598 3036 2655 exsecrabili
3097 2602 3270 2659 sorde
3329 2603 3752 2680 roderentur(I

2087 2687 2211 2756 Reg.
2247 2687 2299 2759 v)
2335 2704 2346 2741 :
2383 2689 2538 2760 quod
2581 2689 2961 2761 opprobrium
2996 2695 3301 2762 permanet
3324 2692 3408 2748 eis
3438 2696 3750 2768 sempiter-

2089 2792 2251 2830 num.
2279 2777 2370 2830 Sic
2402 2782 2733 2848 peccatores
2766 2775 2822 2831 in
2859 2779 3184 2850 posteriora
3213 2781 3482 2853 percutit,
3513 2786 3746 2856 quando

2086 2865 2172 2921 eis
2203 2884 2311 2922 sua
2341 2867 2536 2923 debita
2573 2885 2689 2922 non
2740 2867 3051 2940 relinquit;
3088 2874 3147 2926 et
3189 2871 3360 2942 quasi
3395 2889 3430 2928 a
3459 2873 3747 2932 soricibus

2087 2960 2540 3026 consumuntur,
2565 2957 2707 3011 dum
2739 2974 2838 3013 eos
2871 2956 3089 3013 diaboli
3123 2958 3331 3016 cohors
3361 2959 3601 3017 inimica
3628 2963 3746 3021 val-

2085 3041 2308 3100 laverit.

2083 3135 2156 3188 75
2229 3136 2293 3188 Et
2324 3135 2528 3206 repulit
2556 3135 2975 3190 tabernaculum
3000 3137 3197 3208 Ioseph
3229 3155 3248 3192 :

2228 3227 2296 3279 Et
2325 3223 2529 3278 tribum
2561 3223 2792 3295 Ephrem
2826 3241 2935 3279 non
2967 3225 3145 3296 elegit.

2159 3313 2197 3366 ll
2233 3315 2273 3365 C
2313 3311 2414 3366 llic
2463 3311 2792 3384 reprobatio
2838 3313 3176 3369 Judzeorum
3221 3318 3394 3387 atque
3441 3316 3740 3377 haeretico-

2087 3417 2242 3466 rum,
2263 3405 2322 3456 et
2351 3399 2552 3456 electio
2597 3406 2872 3458 narratur
2901 3407 3111 3458 sanctas
3144 3403 3435 3461 Ecclesiae.
3456 3406 3497 3462 C
3525 3407 3743 3482 Joseph

2087 3489 2503 3562 interpretatur
2549 3496 2924 3562 augmentum,
2949 3493 3103 3564 quod
3151 3492 3245 3548 hic
3279 3494 3336 3549 in
3383 3498 3743 3554 contrarium

2085 3578 2492 3652 accipiendum
2541 3585 2652 3647 est,
2687 3580 2825 3652 quia
2871 3585 3102 3636 constat
3148 3598 3277 3638 esse
3325 3583 3735 3656 repudiatum;

2086 3667 2333 3740 Ephrem
2365 3669 2628 3740 frugifer,
2659 3685 2761 3725 seu
2790 3669 3030 3726 ubertas.

2079 3759 2150 3813 7¹ι
2224 3757 2328 3813 Sed
2355 3759 2521 3827 elegit
2547 3761 2754 3814 tribum
2779 3763 2817 3817 J
2822 3759 2928 3814 uda
2962 3777 2981 3814 :

2224 3847 2452 3904 Montem
2478 3850 2612 3904 Sion
2643 3865 2804 3920 quem
2827 3848 3045 3904 dilexit.

2152 3937 2191 3992 C
2233 3936 2386 3992 Juda
2442 3935 2860 4009 interpretatur
2906 3939 3186 4010 conﬁtens,
3225 3940 3344 3997 sive
3401 3942 3737 4015 gloriﬁoans.

2079 4020 2247 4080 Illam
2280 4025 2501 4082 tribum
2525 4027 2736 4082 merita
2767 4027 2977 4100 diligit,
3000 4044 3126 4101 quae
3157 4033 3214 4084 et
3243 4030 3606 4089 confessione
3630 4033 3743 4088 fuit

2077 4114 2319 4170 humilis
2349 4119 2405 4171 et
2434 4115 2808 4172 conversione
2836 4115 3172 4174 laudabilis.
3203 4118 3248 4174 H
3279 4123 3319 4174 C
3351 4119 3536 4189 Mons,
3560 4121 3740 4195 signi-

2075 4204 2210 4260 iicat
2239 4209 2509 4260 sanctam
2533 4205 2874 4262 Ecclesiam.

2062 4282 2144 4348 ’75
2215 4297 2280 4350 Et
2299 4294 2596 4366 aediﬁcavit
2613 4297 2753 4350 sicut
2779 4297 3130 4353 unicornium
3150 4300 3512 4370 sancti/ieram
3532 4315 3694 4356 suum
3711 4319 3734 4355 .-

2213 4386 2273 4439 ln
2306 4392 2450 4440 terra
2481 4401 2648 4457 quam
2676 4385 2934 4456 fundauit.
2967 4388 3028 4440 in
3055 4388 3274 4442 stecula.

2141 4472 2186 4528 H
2217 4473 2488 4529 Unicorni
2547 4474 2868 4547 singularis
2921 4475 3182 4548 potentia
3227 4475 3462 4548 dicitur,
3491 4475 3537 4532 H
3580 4477 3623 4533 C
3673 4481 3734 4535 et

2069 4563 2302 4618 unicam
2323 4563 2534 4619 Christi
2561 4563 3096 4637 Ecetesiam,quam
3123 4565 3389 4622 fundavit
3413 4567 3472 4622 in
3493 4566 3728 4638 secula,

1985 4671 2033 4736 D
2066 4651 2380 4724 significat.

2063 4741 2133 4795 76
2205 4743 2272 4797 Et
2299 4743 2460 4810 elegit
2485 4742 2660 4798 Dauid
2689 4760 2903 4800 seruum
2933 4759 3097 4800 suum
3127 4761 3141 4800 :
3175 4753 3225 4801 et
3267 4746 3497 4801 sustulit
3517 4744 3734 4802 eumde

2205 4832 2461 4900 gregibus
2486 4834 2667 4887 ouium
2701 4853 2720 4887 .-

2205 4920 2279 4975 De
2305 4924 2636 4992 poste/"antes
2665 4925 2871 4994 accepit
2899 4939 3043 4979 eum.

2132 5008 2177 5063 II
2209 5009 2249 5064 C
2280 5009 2458 5064 David
2485 5010 2928 5083 (interpretatur
2955 5029 3125 5068 manu
3149 5015 3332 5084 fortis,
3364 5012 3484 5069 sive
3515 5013 3727 5070 deside-

2059 5098 2276 5168 rabilis)
2309 5098 2609 5157 Christum
2643 5101 2957 5173 signiﬁcat,
2991 5117 3062 5157 ex
3099 5100 3316 5174 populo
3361 5101 3727 5170 Judzeorum,

2058 5186 2212 5244 velut
2236 5188 2305 5244 de
2333 5189 2614 5261 gregibus
2635 5190 2852 5257 ovium,
2877 5191 3258 5264 desumptum
3279 5194 3456 5264 atque
3473 5190 3730 5252 transla-

2057 5283 2184 5332 tum
2219 5277 2288 5331 ad
2331 5277 2612 5350 pepulum
2663 5280 3026 5352 pascendum
3071 5280 3361 5336 Ecclesiae.
3386 5281 3434 5336 H
3460 5280 3584 5348 Vel,
3617 5282 3722 5354 qui

2057 5367 2126 5421 de
2157 5382 2331 5438 grege
2364 5368 2703 5424 mortalium
2734 5368 2954 5425 electus
2993 5373 3051 5424 et
3097 5369 3438 5426 sublevatus
3469 5373 3578 5440 est,
3603 5374 3643 5426 C
3667 5375 3725 5427 et

2055 5461 2331 5528 acceptus
2353 5458 2424 5512 de
2450 5462 2580 5529 post
2603 5458 2872 5526 fetantes,
2893 5459 2950 5515 id
2973 5463 3080 5527 est,
3113 5460 3184 5516 de
3205 5459 3332 5516 loco
3353 5460 3454 5532 qui
3475 5464 3565 5516 est
3593 5463 3728 5532 post

2057 5542 2324 5611 rotantes,
2350 5544 2520 5602 id-est
2549 5547 2830 5604 fecundas
2861 5553 2920 5603 et
2950 5548 3165 5605 fetosas
3205 5565 3360 5616 oves,
3387 5549 3528 5620 quia
3558 5547 3720 5605 Chri-

2053 5639 2180 5688 stus
2213 5637 2412 5705 pastor
2471 5640 2560 5692 est
2617 5636 2813 5692 ovium
2856 5638 3264 5710 fecundarum,
3308 5637 3722 5712 spiritualique

2051 5723 2239 5796 gratia
2276 5721 2494 5781 multos
2539 5724 2688 5782 filios
2733 5726 3143 5802 generantium
3173 5727 3234 5783 in
3266 5731 3471 5785 sancta
3519 5727 3636 5786 ﬁde
3665 5730 3724 5789 et
