1949 3242
83 327 132 357 {XM

686 328 894 358 EXPOSI'I‘IO
916 328 1170 358 PSALMORUM.

1716 332 1774 360 302

82 392 196 421 ecclesia
214 401 220 420 :
240 396 341 428 pastor
355 393 461 429 Quippe
477 394 610 430 sequitur
625 402 701 429 oves,
717 393 781 421 ideo
794 394 900 421 dicitur
913 394 941 427 Α
955 393 1126 429 pelire,quia
1139 394 1267 421 ofﬁcium
1283 395 1328 422 est
1344 394 1469 429 pietatis,
1485 394 1649 422 volatilibus
1665 404 1697 423 ac
1724 397 1773 424 be-

83 440 142 474 post
155 437 233 464 fetan
239 440 293 471 tes,
308 446 365 465 non
381 440 456 465 ante.

81 484 111 509 77
146 482 262 508 Poscere
274 482 355 509 Iacob
369 490 477 509 servum
492 489 573 508 suum
589 490 595 508 :

146 527 179 553 Et
194 526 282 552 Israel
292 525 480 554 hereditatem
492 534 580 553 suam.

112 571 129 596 C
143 569 306 597 Possumus
320 578 371 605 per
384 569 472 597 Jacob
488 569 649 605 intelligere
664 569 803 605 populum
818 569 900 597 Chri-

82 614 217 647 stianum,
235 614 286 649 qui
311 613 358 641 hic
380 614 459 650 degit
483 614 511 640 in
536 614 631 646 terris,
650 614 671 640 II
687 616 715 641 et
734 613 902 649 supplantat

79 658 143 685 vitia
156 659 183 684 et
196 657 326 685 carnalia
338 657 720 685 desideria.Cllzereditatem
736 666 802 685 vero
814 657 901 685 Israel

78 703 205 729 futuram
218 702 484 738 cengregationem,
500 710 563 737 qua:
587 701 702 729 Domini
723 701 900 737 contempla-

79 747 151 773 tione
168 746 315 781 pascenda
327 748 381 773 est.

76 796 108 822 ‘78
143 795 180 822 Et
194 795 273 829 pavit
286 803 329 822 eos
345 796 375 822 in
390 796 549 822 innocentia
564 794 652 822 cordis
666 795 710 822 sui
725 804 734 821 :

143 839 175 865 Et
191 839 220 865 in
238 830 424 866 intelleclibus
438 847 570 866 manum);
585 848 700 866 suarum
718 839 831 866 deduxit
846 847 898 866 eos.

109 887 127 914 C
143 886 225 914 Pavit
238 887 317 914 enim
331 889 492 922 Praeceptor
506 887 727 923 egregius,quos
743 888 844 914 docere
859 887 901 914 di-

74 931 210 966 dignatus
224 931 358 963 est,sicut
374 932 435 967 ipse
449 932 605 958 dixit:Non
620 932 648 958 in
665 931 726 959 solo
740 940 814 967 pane
832 931 900 958 vivit

75 975 158 1002 homo
172 975 278 1010 (Matth.
294 977 343 1009 ιν).
359 975 525 1002 Intellectus
545 984 611 1002 vero
634 984 786 1009 manuum,
801 977 900 1002 actua-

74 1019 128 1046 lem
154 1019 304 1055 signiﬁcat
327 1019 522 1052 sanctitatem,
540 1019 576 1046 ad
600 1028 687 1054 quam
712 1019 811 1046 ﬁdeles
831 1027 899 1046 suos

76 1063 169 1098 (prout
183 1063 246 1098 ipse
263 1063 378 1096 tribuit)
394 1063 521 1099 gloriosa
534 1063 695 1090 imitatione
709 1063 851 1099 perduxit.

296 1129 398 1148 ORATIO
417 1130 452 1148 EX
471 1129 549 1148 PSAL.
572 1129 674 1148 LXXV”.

106 1178 201 1205 Reﬁce
221 1186 276 1205 nos
292 1186 405 1205 mannze
421 1177 562 1213 spiritalis
578 1178 724 1211 alimento,
742 1177 899 1214 opulentis-

69 1222 142 1249 sime
157 1221 291 1257 largitor.
306 1222 506 1257 Omnipotens,
523 1224 556 1249 ut
571 1222 599 1248 in
616 1230 735 1249 sensum
758 1230 896 1249 manuum

67 1268 184 1293 tuarum
198 1266 314 1298 directi,
339 1274 505 1293 mereamur
530 1266 558 1293 in
584 1269 681 1293 monte
706 1268 756 1293 tua
773 1266 897 1301 acquisi-

67 1312 128 1337 tum
145 1309 408 1346 dextera,gloriari.
426 1310 478 1337 Per
498 1310 653 1337 Dominum
679 1312 821 1344 nostrum,
842 1313 896 1337 etc.

318 1366 483 1394 PSALMUS
503 1367 647 1394 LXXVIII.

265 1419 467 1438 ARGUMENTUM
488 1419 566 1438 PSAL.
589 1420 689 1439 LXXVIII
695 1433 700 1438 .

97 1468 117 1494 C
134 1468 195 1495 Vox
209 1468 381 1495 Judzeorum
398 1468 568 1501 dicentium,
584 1470 692 1503 quanta
711 1469 740 1495 in
761 1477 895 1504 persecu-

66 1512 142 1539 tione
153 1511 293 1539 Antiochi
309 1511 354 1539 vel
370 1512 499 1547 gentium
517 1512 698 1547 pertulerint,
714 1512 822 1548 Deique
845 1521 893 1548 po-

63 1557 154 1583 tentia
170 1556 406 1592 supplicantium
421 1551 606 1583 correctionis
622 1558 687 1583 voto
703 1557 854 1584 vindicari.
870 1557 893 1583 H

61 1600 127 1631 Quae
145 1602 247 1628 tamen
266 1600 428 1635 persecutio
444 1600 478 1627 ad
496 1600 634 1633 animum,
652 1609 714 1636 quas
731 1609 805 1636 smpe
825 1600 892 1628 civi-

61 1647 105 1671 tas
121 1644 277 1677 scribitur,
295 1644 446 1671 ret‘erenda
460 1646 514 1671 est.

327 1693 383 1720 TT.
405 1693 528 1720 Psalmus
541 1693 639 1729 Asuph.

92 1742 112 1769 C
124 1741 226 1786 Asaph
245 1741 393 1786 signiﬁcat
407 1749 591 1776 synagogam;
605 1743 648 1769 est
660 1750 727 1777 ergo
741 1743 818 1768 totus
837 1742 890 1769 iste
910 1753 931 1784 ρ

58 1786 192 1820 psalmus
210 1785 241 1812 in
260 1785 468 1813 lamentatione
483 1786 606 1821 positus,
632 1786 681 1821 qui
707 1786 804 1813 t'utura
819 1788 890 1813 tem-

56 1838 126 1864 pora
134 1829 219 1857 velut
227 1829 377 1865 praeterita
388 1829 667 1865 deplorat.Deplorat
682 1838 747 1856 vero
758 1828 890 1856 Antiochi

55 1873 311 1908 persecutionem,
342 1875 471 1909 tempore
496 1873 743 1900 Macchabreorum
774 1873 890 1906 factam,

55 1920 123 1944 tunc
140 1918 294 1950 futuram,
309 1917 358 1944 sed
376 1917 404 1944 in
421 1917 525 1953 spiritu
542 1917 708 1953 prophetico
722 1917 805 1953 quasi
820 1926 892 1953 praa-

54 1961 183 1995 teritam,
202 1963 329 1997 propter
344 1961 547 1988 certitudinem
561 1963 689 1989 eventus.

55 2010 66 2036 1
124 2011 208 2045 Deus,
238 2013 377 2037 venerunt
397 2013 487 2045 gentes
511 2010 539 2037 in
563 2009 751 2037 hwredilatem
777 2011 852 2037 tuam
882 2019 890 2036 :

160 2054 333 2090 polluerunt
345 2054 474 2089 templum
489 2056 613 2081 sanciunt
630 2058 707 2081 tuum
723 2062 728 2081 :

127 2101 295 2126 Pasuerunt
311 2098 487 2125 Hierusalem
504 2099 533 2124 in
547 2105 689 2133 pomorum
704 2098 871 2125 custodiam:

88 2147 112 2175 Η
129 2147 290 2183 Propheta
305 2147 341 2174 de
365 2146 566 2182 persecutione
581 2146 735 2182 gentilium
757 2147 895 2175 adversus

52 2191 219 2219 Ecclesiam
236 2191 294 2219 Dei
310 2191 385 2226 (qua:
401 2193 444 2218 est
458 2191 611 2218 haereditas
627 2191 712 2226 ejus),
729 2191 787 2217 sive
798 2190 896 2218 Hieru-

52 2235 157 2268 salem,
174 2235 253 2263 dicit
272 2243 280 2262 :
299 2235 386 2268 Deus,
398 2234 474 2261 etc.C
489 2237 565 2262 Gens
580 2234 658 2262 enim
675 2234 752 2261 dicta
762 2235 895 2270 est,quod

52 2288 110 2306 uno
128 2279 168 2307 sit
183 2286 303 2315 genere
328 2280 489 2314 procreata.
512 2277 688 2311 Polluerunt,
712 2287 778 2305 cum
802 2278 896 2314 impia:

54 2325 159 2358 gentes
174 2323 203 2351 in
218 2321 426 2351 sanctissimis
438 2322 617 2349 Hierusalem
630 2324 658 2349 et
668 2321 767 2357 templi
778 2321 849 2349 locis
863 2322 899 2349 si-

56 2368 194 2395 mulacra
219 2366 356 2395 nefanda
383 2368 553 2402 posuerunt.
570 2366 592 2392 l-I
608 2366 688 2393 Sicut
711 2366 788 2393 enim
801 2374 896 2402 poma,

54 2419 120 2439 cum
141 2414 356 2439 maturescere
365 2409 687 2446 cmperint,diligentius
696 2410 899 2437 custodiuntur

52 2458 235 2491 maturaque
253 2454 378 2482 facilius
395 2453 623 2486 devorantur,ita
639 2454 821 2481 adversarius
835 2462 900 2481 con-

52 2500 198 2528 scientem
216 2499 279 2527 sibi
299 2498 432 2526 animam
454 2498 591 2530 custodit,
606 2497 697 2525 donec
722 2498 757 2525 ad
779 2497 897 2533 plenum

51 2552 114 2571 eam
131 2544 233 2571 valeat
248 2542 461 2570 devorare.Est
475 2542 553 2569 enim
569 2541 617 2568 Dei
633 2541 785 2569 haereditas
802 2542 899 2569 anima

52 2590 165 2616 saneta.
185 2588 219 2615 In
238 2587 336 2622 cujus
350 2586 485 2622 ﬁguram,
501 2587 620 2613 terrente
636 2584 815 2612 Hierusalem
831 2594 898 2621 cap-

52 2633 198 2660 tivitatem
217 2630 365 2667 deplorat
376 2630 528 2666 Propheta.

52 2682 68 2707 2
124 2681 293 2708 Posuerunt
328 2679 477 2706 morticina
510 2686 651 2705 servorum
683 2679 792 2705 tuorum
828 2687 899 2706 escas

161 2725 341 2754 volatilibus
356 2723 419 2750 εωιί
430 2731 436 2749 :

123 2771 234 2798 Games
250 2771 420 2796 sanctorum
435 2768 543 2794 tuorum
560 2766 650 2793 bestiis
662 2768 753 2794 terrae.

91 2818 111 2845 C
145 2818 284 2846 Dicendo
326 2814 473 2850 Propheta
504 2823 511 2841 :
546 2816 706 2849 posuerunt
739 2815 899 2847 morticina,

58 2864 202 2899 martyres
236 2859 409 2897 signiﬁcat,
437 2858 486 2894 qui
522 2858 552 2884 in
579 2858 629 2885 illa
660 2858 825 2893 captivitate
854 2867 901 2886 co-

59 2907 139 2942 piosa
164 2904 385 2943 persecutione
409 2903 582 2934 floruerunt,
598 2904 625 2929 et
638 2902 787 2937 elegerunt
808 2903 902 2939 magis

60 2951 141 2987 mori,
159 2959 256 2991 quam
273 2948 357 2978 cibis
373 2955 390 2975 θ.
405 2946 530 2975 Domino
542 2945 638 2975 vetitis
653 2946 843 2983 coinquinari.
853 2949 900 2976 Se-

952 438 1016 465 stiis
1027 438 1150 473 abt‘icere
1161 446 1271 474 magna
1282 437 1459 466 crudelitatis
1471 442 1583 465 constat
1594 440 1771 475 exemplum.

953 483 969 509 3
1023 482 1182 517 Effuderunt
1205 483 1363 518 sanguinem
1381 491 1472 509 eorum
1489 487 1617 518 tanquam
1631 493 1729 519 aquam
1744 486 1773 513 in

1058 527 1175 554 circuitu
1187 528 1342 554 [Ierusalem
1358 537 1366 554 :

1024 570 1056 597 Et
1071 579 1123 597 non
1140 573 1199 598 erat
1208 572 1256 606 qui
1265 572 1399 607 sepeliret.

989 614 1008 641 Ο
1023 615 1188 642 Secundum
1199 615 1325 643 litteram
1341 616 1375 643 de
1390 617 1495 651 populo
1511 617 1579 644 dicit
1593 617 1771 653 Judzeorum,

954 658 1003 693 qui
1020 667 1036 684 a
1050 659 1184 694 gentibus
1196 667 1252 686 non
1264 660 1357 687 solum
1371 660 1447 687 intra
1459 661 1673 695 urbem,verum
1685 664 1771 692 etiam

954 701 1029 728 circa
1044 710 1144 730 muros
1159 703 1279 731 civitstis
1294 706 1337 731 est
1352 704 1701 741 interemptus,quatcnus
1712 708 1772 735 offi-

953 746 1030 773 cium
1059 747 1214 783 scpulturae
1242 748 1340 775 nullus
1370 748 1488 784 implere
1516 749 1664 783 valuisset,
1699 752 1770 780 dum

954 798 1006 825 par
1021 791 1145 818 conditio
1162 800 1262 819 omnes
1277 794 1335 819 tam
1350 793 1425 819 circa
1437 802 1534 821 muros
1546 803 1634 830 quam
1648 796 1674 822 in
1686 797 1771 824 corde

953 834 1078 862 civttutis
1095 835 1259 863 involveret.
1277 836 1299 863 H
1316 837 1380 864 Hinc
1396 838 1512 872 quidem
1525 841 1589 865 ante
1605 839 1709 867 Christi
1724 841 1771 868 ad-

952 881 1069 906 ventum
1096 879 1124 906 in
1150 880 1329 908 Hierusalem
1355 885 1418 908 acta
1444 884 1522 913 sunt,
1539 883 1587 909 sed
1605 884 1770 918 passionem

953 922 1108 950 infantium
1122 924 1349 959 ﬁgurarunt,ubi
1366 927 1393 951 et
1408 933 1509 953 carnes
1523 934 1622 953 eorum
1634 927 1734 955 bestiis
1745 930 1772 955 et

952 965 1117 994 volucribus
1133 967 1268 1002 expositas
1284 970 1361 1001 sunt,
1377 968 1403 994 id
1426 977 1447 995 ei
1460 971 1469 995 t
1484 971 1729 1004 persecutoribus,
1745 973 1773 998 et

953 1011 1033 1036 tanta
1048 1011 1199 1046 sanguinis
1216 1011 1372 1039 multitudo
1383 1013 1473 1040 etl'usa
1483 1016 1571 1047 est,ut
1583 1014 1628 1041 vix
1641 1015 1771 1042 omnium

954 1057 1070 1088 possent
1085 1055 1258 1090 corpuscula
1272 1056 1397 1091 sepeliri.

954 1098 969 1124 -’i
1024 1099 1098 1125 Facti
1110 1107 1203 1126 sumus
1217 1100 1388 1135 opprobrium
1406 1102 1502 1128 vicinis
1519 1104 1617 1129 nostris
1633 1111 1638 1129 ε

1022 1142 1205 1170 Subsannatio
1218 1146 1243 1170 et
1258 1143 1350 1171 illusio
1366 1145 1406 1170 liis
1428 1146 1476 1179 qui
1500 1146 1526 1171 in
1551 1146 1667 1173 circuitu
1682 1150 1770 1174 nostro

1057 1191 1129 1214 sunt.

987 1231 1007 1257 C
1022 1230 1095 1258 Dicit
1110 1232 1186 1258 enim
1203 1232 1334 1260 Hebrzeos
1352 1233 1441 1260 fuisse
1456 1233 1484 1259 in
1501 1234 1688 1269 opprobrium
1700 1235 1769 1263 etin

951 1275 1091 1307 derisum,
1108 1275 1157 1310 qui
1173 1276 1254 1310 prius
1269 1276 1380 1304 fuerant
1398 1277 1509 1303 Domini
1527 1278 1677 1306 devotione
1693 1287 1770 1306 reve-

951 1319 1022 1346 di.H
1038 1319 1229 1355 Opprobrium
1247 1320 1332 1347 eiiam
1347 1322 1420 1347 ﬁunt
1434 1322 1525 1347 sancti
1546 1322 1591 1348 his
1615 1323 1662 1357 qui
1687 1323 1768 1358 prius

951 1363 1053 1390 fratres
1068 1363 1198 1396 fuerunt;
1222 1364 1271 1399 qui
1297 1364 1429 1391 meliores
1453 1365 1542 1392 tactos
1567 1366 1623 1392 odii
1649 1366 1768 1394 stimulo

950 1409 1175 1442 persequuntur.

949 1452 967 1478 5
1023 1452 1168 1486 Usquequo,
1184 1453 1304 1484 Domine,
1323 1453 1448 1479 irasceris
1465 1454 1492 1479 in
1508 1454 1589 1487 ﬁnem
1605 1463 1612 1480 .-

1020 1495 1184 1522 Aecemletur
1199 1496 1271 1523 velut
1285 1497 1357 1530 ignis
1375 1497 1445 1523 zelus
1461 1500 1539 1524 tuus?

984 1539 1105 1574 Cllogat
1117 1538 1193 1566 enim
1209 1540 1290 1575 pium
1302 1540 1443 1575 judiccm,
1469 1550 1503 1568 ne
1528 1550 1618 1576 usque
1633 1541 1661 1568 in
1679 1542 1767 1569 ﬁnem

948 1583 1090 1609 irascatur
1104 1583 1181 1618 genti
1198 1583 1335 1616 Judaicaz,
1351 1585 1400 1611 sed
1419 1586 1448 1611 ut
1463 1585 1665 1613 incenderetur
1687 1586 1765 1613 zelus

946 1626 1024 1654 illius
1051 1627 1079 1654 in
1104 1627 1155 1661 eis,
1181 1627 1257 1655 sicut
1281 1628 1309 1654 in
1335 1628 1496 1655 Mathathia
1511 1629 1534 1663 (I
1549 1630 1672 1664 Marh.n)
1691 1638 1696 1656 :
1715 1629 1765 1665 qui

946 1670 1005 1698 zelo
1013 1673 1136 1706 patorum
1146 1671 1307 1699 traditionis
1316 1672 1620 1707 inccnsus,qucmdam
1636 1673 1768 1700 Judzeum

945 1715 1029 1743 idolis
1042 1715 1240 1743 immolantem
1254 1724 1342 1752 supra
1359 1716 1435 1751 ipsas
1451 1725 1515 1743 aras
1531 1717 1644 1743 occidit.

1016 1760 1129 1795 Effumlo
1144 1761 1215 1787 iram
1229 1764 1303 1787 tuam
1317 1761 1346 1787 in
1362 1764 1452 1794 gentes
1477 1768 1538 1795 quxr
1563 1763 1587 1787 te
1612 1769 1663 1788 non
1682 1769 1761 1788 nove-

1049 1807 1115 1831 runt
1129 1813 1139 1831 .-

1016 1848 1047 1875 Et
1063 1850 1091 1875 in
1106 1857 1188 1883 regna
1203 1857 1261 1884 quae
1275 1857 1371 1876 nomen
1389 1851 1463 1875 tuum
1488 1858 1538 1875 non
1562 1850 1766 1876 inromt'crunl.

981 1894 1000 1919 C
1015 1892 1135 1919 Etl'unde
1151 1893 1222 1919 iram
1237 1901 1324 1928 super
1339 1893 1519 1920 adversarios
1532 1893 1713 1926 Juda‘orum;
1728 1894 1767 1920 in-

947 1936 1145 1972 dignationem
1160 1939 1240 1964 tuam
1254 1937 1437 1964 abundanter
1449 1938 1560 1969 emitte,
1579 1940 1609 1964 ut
1635 1938 1710 1965 sicut
1724 1937 1766 1964 illi

948 1989 1000 2007 nos
1016 1981 1221 2016 comprimunt,
1235 1980 1275 2008 ita
1291 1981 1349 2008 tuis
1362 1981 1472 2008 viribus
1484 1982 1698 2017 opprimantur.
1711 1981 1768 2009 Nec

947 2027 1029 2052 vacat
1043 2025 1116 2060 quod
1132 2027 1198 2052 ante
1224 2025 1295 2051 dixit
1318 2024 1346 2051 in
1374 2028 1484 2059 gentes,
1501 2027 1604 2060 postea
1619 2026 1646 2052 in
1660 2033 1768 2061 regna;

948 2069 1030 2104 prius
1046 2069 1123 2095 enim
1141 2068 1256 2104 populis
1272 2068 1449 2104 imprccatus
1465 2069 1625 2102 cst,deinde
1642 2069 1713 2104 ipsis
1729 2077 1771 2097 re-

948 2113 1023 2148 gnis,
1039 2121 1101 2148 qua:
1117 2112 1187 2139 talia
1204 2113 1264 2139 ﬁeri
1281 2112 1472 2147 imperabant.

947 2158 964 2184 7
1020 2157 1089 2190 Quia
1103 2156 1274 2184 comederunt
1286 2157 1370 2184 loco!)
1386 2165 1394 2182 :

1019 2201 1050 2228 Et
1066 2201 1153 2228 locum
1166 2201 1223 2235 ejus
1237 2200 1433 2227 desolavcrunt.

986 2245 1006 2273 C
1030 2245 1155 2272 Dicendo
1179 2244 1256 2271 enim
1286 2244 1485 2276 comederunt,
1508 2243 1647 2271 smvitiam
1674 2243 1768 2279 impia:

951 2289 1045 2325 gentis
1061 2288 1207 2321 ostendis;
1224 2288 1410 2315 comederunt
1427 2297 1492 2315 vero
1503 2288 1647 2324 signiﬁcat
1658 2288 1770 2315 comedi

952 2334 1089 2366 fecerunt,
1107 2333 1176 2359 dum
1193 2332 1332 2359 cadavera
1348 2334 1527 2359 mortuorum
1543 2332 1667 2359 ferarum
1696 2339 1771 2358 mor-

952 2377 1034 2405 sibus
1048 2377 1251 2412 exposuerunt.
1270 2376 1374 2403 Locum
1391 2375 1603 2409 desolaverunt,
1622 2384 1688 2402 cum
1706 2374 1769 2411 pul-

954 2421 1127 2448 cherrimam
1152 2420 1296 2447 civitatem
1321 2420 1426 2447 civium
1454 2429 1573 2447 suorum
1594 2419 1772 2446 habitatione

955 2466 1147 2492 nudaverunt.

953 2511 969 2536 8
1024 2509 1062 2537 Ne
1087 2509 1243 2536 memineris
1263 2509 1441 2544 iniquilatum
1466 2511 1622 2535 noslrarum
1647 2508 1772 2543 antiqua-

1060 2562 1122 2581 rum
1136 2554 1187 2580 cito
1202 2553 1352 2587 anticipenl
1366 2561 1413 2579 nos
1429 2553 1626 2580 nu‘scricordiw
1640 2556 1696 2579 [ηπ]
1713 2560 1718 2579 :

1026 2598 1095 2631 Quiu.
1109 2604 1240 2632 pauperes
1254 2597 1324 2632 facti
1335 2605 1429 2623 sumus
1445 2598 1536 2623 nimis.

989 2642 1011 2669 Η
1030 2641 1185 2669 Prwvcniat
1200 2649 1262 2675 nos,
1281 2649 1459 2676 qumsumus,
1478 2640 1774 2675 Domine,misericoro

954 2686 1001 2714 dia
1011 2686 1123 2721 tua,qui
1136 2687 1179 2712 est
1190 2684 1361 2720 Unigenitus
1377 2687 1443 2712 tuus
1464 2687 1494 2712 ut
1506 2685 1623 2712 veniens
1641 2684 1775 2720 propitie-

954 2734 1002 2758 tur
1018 2730 1222 2765 iniquitatibus
1238 2729 1355 2760 nostris,
1381 2732 1408 2755 et
1432 2732 1514 2756 eruat
1538 2738 1590 2756 nos
1607 2738 1623 2756 a
1635 2728 1774 2764 peccatis;

955 2783 1096 2810 pauperes
1111 2773 1188 2801 enim
1199 2773 1264 2800 facti
1275 2773 1413 2800 sumnsin
1431 2774 1538 2800 mundo
1551 2775 1666 2809 propter
1680 2771 1773 2798 illum.

955 2818 975 2844 C
991 2818 1173 2845 Cont‘essione
1187 2817 1283 2853 itaque
1299 2816 1470 2844 delictorum
1481 2817 1638 2852 propitium
1648 2815 1701 2843 sibi
1711 2815 1774 2841 red-

956 2862 999 2889 dit
1010 2862 1150 2897 judicem,
1167 2863 1194 2888 et
1209 2860 1257 2895 qui
1275 2861 1356 2888 timet
1369 2861 1514 2895 judicium
1536 2859 1660 2894 Domini,
1674 2857 1774 2885 antici-

957 2906 1018 2942 pari
1042 2914 1072 2933 se
1088 2905 1151 2941 ejus
1170 2903 1366 2931 misericordia
1379 2907 1453 2931 recte
1464 2905 1774 2938 desiderat,pauperes~

958 2941 1013 2989 quo
1029 2949 1120 2978 factos
1136 2947 1206 2977 dicit
1221 2947 1325 2983 nimis;
1342 2950 1497 2985 paupertas
1522 2950 1565 2975 est
1588 2946 1665 2974 enim
1689 2941 1772 2971 nobis
