3922 6424
284 473 402 540 3H

1198 470 1264 533 S.
1309 471 1712 535 BRUNONIS
1756 467 2379 532 HEBBIPOLENSIS
2424 469 2808 532 EPISCOPI.

3599 469 3702 531 312
3729 479 3734 494 '

284 580 515 640 venerit
543 595 766 655 pauper
795 577 1023 637 habens
1039 576 1274 652 justum
1304 578 1626 653 negotium,
1657 580 1716 634 et
1737 577 1951 634 iterum
1981 575 2039 644 Α
2067 574 2446 634 eessitatibus
2475 575 2809 650 subvenire,
2831 578 2898 634 ut
2927 590 3260 634 mereamur
3287 575 3544 634 filiorum
3588 579 3704 632 tuo-

289 671 454 728 dives
509 670 739 728 habens
787 685 1149 743 perversum,
1180 686 1282 725 vos
1328 685 1640 742 personam
1690 665 1954 740 aspicitis
2063 682 2196 722 rum
2231 682 2478 722 numero
2516 665 2804 740 copulari.
2827 667 2938 723 Per
2960 665 3278 725 Dominum
3320 669 3588 725 nostrum
3621 664 3706 722 Je-

293 777 412 819 non
441 758 1091 834 negotium;judicium
1121 775 1258 816 voro
1279 775 1395 815 non
1419 758 1953 825 consideratis,non
2063 771 2198 812 sum
2229 754 2550 823 Christum,
2583 759 2699 827 etc.

293 866 558 918 causam,
583 849 686 906 sed
717 864 1002 920 personas
1031 865 1236 905 eorum
1269 847 1370 920 qui
1402 863 1611 903 causas
1638 846 1879 903 habent.

302 940 339 996 3
445 939 690 997 Judicate
719 953 883 1010 egeno
910 945 962 994 et
974 938 1192 1010 pupillo
1221 955 1241 994 .-

441 1028 715 1084 Humilem
743 1035 796 1084 et
817 1043 1115 1100 pauperem
1133 1027 1452 1100 iustiﬁcata.

371 1117 415 1174 Ο
437 1117 728 1174 Admonet
757 1115 1032 1174 obnixius
1059 1116 1290 1173 Judzeos
1317 1121 1382 1172 ut
1411 1114 1756 1172 debuissent
1785 1114 1956 1171 intel-

2584 872 2916 929 PSALMUS
2955 871 3213 929 LXXXII.

2465 1014 2621 1052 ARGU
2631 1014 2823 1053 MENTU
2832 1015 2876 1053 M
2918 1014 3074 1054 PSAL.
3117 1014 3324 1054 LXXXII.

2135 1111 2177 1168 C
2207 1111 2328 1168 Vox
2379 1113 2641 1170 ﬁdelium
2692 1114 3134 1187 deprecantium
3181 1130 3254 1169 ne
3285 1130 3324 1169 a
3371 1111 3712 1170 satellitibus

300 1206 484 1280 ligere
512 1205 833 1274 Christum,
862 1222 1040 1279 quem
1091 1205 1392 1272 videbant,
1424 1221 1674 1278 egenum
1723 1209 1961 1278 propter
2065 1201 2413 1258 Antichristi
2462 1201 2690 1258 diutius
2738 1202 3000 1260 Ecclesia
3047 1207 3416 1276 torqueatur,
3459 1202 3560 1258 sed
3610 1202 3714 1257 cito

299 1313 409 1353 nos
441 1295 659 1353 factum
689 1299 749 1352 et
778 1312 1118 1369 pauperem,
1139 1295 1312 1367 cujus
1344 1300 1487 1351 sunt
1515 1293 1712 1351 omnia
1733 1295 1790 1350 in
1815 1293 1957 1350 cmlo
2065 1306 2268 1347 eorum
2301 1291 2677 1347 contumacia
2707 1292 3098 1365 opprimatur.

299 1389 357 1442 et
385 1385 446 1442 in
479 1389 648 1443 terra.
671 1383 988 1460 Pupillum,
1011 1383 1107 1441 cui
1138 1388 1304 1458 pater
1328 1382 1582 1441 carnalis
1610 1382 1819 1440 solatia
1839 1401 1955 1440 non

300 1475 618 1550 praebebat.

301 1566 336 1622 ι
442 1565 657 1638 Eripite
680 1581 982 1638 pauperem
1012 1579 1027 1621 :
1058 1568 1112 1621 et
1139 1580 1370 1637 egenum

443 1656 519 1712 De
546 1671 717 1712 manu
737 1655 1035 1727 peccatoris
1065 1655 1312 1711 liberate.

2446 1379 2562 1436 TT.
2599 1379 2893 1436 Canticum
2917 1381 3126 1454 psalmi
3150 1381 3354 1454 Asaph.

2069 1469 2094 1526 1
2209 1470 2347 1524 Deus
2391 1476 2447 1536 -ξο
2471 1471 2597 1542 quis
2623 1470 2825 1526 similis
2853 1472 2958 1527 erit
2987 1472 3092 1526 tibi
3131 1476 3145 1535 ζ
3189 1488 3211 1526 :

2210 1562 2292 1616 Ne
2320 1565 2498 1614 taceas
2526 1575 2704 1632 neque
2730 1561 3109 1632 compescaris,
3139 1563 3308 1616 Deus.

2141 1646 2182 1703 C
2211 1647 2354 1712 Quis
2375 1648 2534 1704 enim
2557 1647 2773 1705 similis
2793 1647 2904 1705 erit
2923 1648 3107 1722 ei,qui
3129 1647 3354 1708 celum
3371 1651 3712 1720 terramque,

374 1743 418 1800 C
446 1744 907 1801 Commonentur
925 1741 1021 1799 hic
1041 1759 1201 1817 ergo,
1221 1744 1321 1816 qui
1345 1760 1554 1800 manus
1577 1759 1716 1800 suas
1739 1743 1799 1800 in
1820 1759 1961 1800 nece
2067 1734 2157 1792 vel
2188 1740 2403 1791 cuncta
2433 1753 2562 1810 quis
2594 1737 2653 1793 in
2685 1738 2773 1793 eis
2804 1741 2965 1806 sunt,
2980 1753 3217 1795 summa
3235 1737 3532 1794 celeritate
3552 1735 3718 1809 perfe-

293 1831 538 1891 °Domini
559 1831 802 1890 minime
833 1830 1190 1908 polluerunt,
1205 1848 1277 1890 ne
1305 1833 1579 1889 desinant
1598 1831 1817 1906 injuste
1842 1836 1962 1888 tra-

2071 1824 2190 1880 cit?
2213 1840 2389 1898 quem
2419 1825 2507 1880 vir
2531 1826 2639 1882 iste
2666 1827 3060 1883 contuebatur
3087 1826 3263 1884 talem
3295 1832 3357 1885 et
3386 1827 3635 1895 tantum,
3665 1828 3718 1880 et

306 1922 500 1980 ditum
532 1918 834 1978 sceleratis
859 1920 1104 1994 eripere,
1134 1921 1235 1995 qui
1268 1926 1674 1994 paupertatem
1717 1925 1775 1978 et
1803 1920 1961 1977 indi-
1995 1957 2042 2024 Β
2074 1913 2226 2024 ideo,
2260 1913 2733 2024 meritq‘nullum
2756 1915 2806 1972 ei
2837 1915 3096 2024 si‘milem
3125 1932 3256 2024 esse
3295 1917 3626 2018 proﬁtetur:
3645 1914 3717 1970 Ne

305 2009 566 2086 gentiam
599 2025 733 2067 cum
763 2009 1133 2068 humanitate
1163 2010 1451 2084 suscepit;
1483 2009 1614 2067 ideo
1636 2015 1790 2068 recte
1819 2027 1963 2084 pau-

306 2115 412 2176 per
441 2099 656 2157 dioitur
683 2102 741 2156 et
769 2115 1018 2173 egenus.

304 2190 344 2247 5
450 2190 775 2247 Nescierunt
799 2205 974 2262 neque
1019 2189 1432 2254 intellexerunt,
1465 2191 1524 2246 in
1573 2190 1808 2247 tenebris
1854 2207 1970 2246 am-

528 2279 725 2336 bulant
752 2296 774 2335 :

325 2367 344 2379 “
449 2369 801 2428 Morabantur
829 2369 1016 2426 omnia
1044 2367 1413 2441 fundamenta
1442 2377 1624 2428 terrae.

375 2459 421 2516 C
448 2458 603 2516 Vera
631 2457 926 2514 sententia
954 2461 1064 2526 est,
1101 2475 1229 2532 quas
1260 2458 1396 2516 illos
1443 2457 1585 2515 dicit
1632 2476 1748 2515 non
1792 2458 1968 2515 intel-

321 2547 536 2605 lexisse
565 2551 866 2603 auctorem
899 2546 1164 2614 luminis,
1197 2547 1297 2620 qui
1329 2547 1389 2603 in
1414 2548 1674 2604 tenebris
1703 2547 1970 2604 ambula-

317 2637 484 2710 bant,
499 2636 639 2710 quia
659 2636 710 2693 si
741 2636 1485 2709 cognovissent,nunquam
1511 2635 1827 2692 Dominum
1850 2635 1972 2710 glo-

314 2726 420 2784 ria:
479 2724 905 2783 crucifixissent
935 2726 982 2799 (1
1017 2725 1137 2782 Cor.
1188 2728 1275 2795 ιι).
1323 2726 1709 2782 Movebuntur
1764 2726 1974 2782 funda-

316 2820 542 2882 menta,
574 2815 814 2888 signum
844 2813 1008 2883 dicit,
1041 2815 1197 2888 quod
1230 2815 1290 2870 in
1328 2813 1702 2871 crucifixione
1745 2814 1975 2872 Domini

321 2907 554 2963 constat
607 2901 890 2961 evenisse.
937 2905 1120 2960 Terra
1175 2907 1334 2960 mota
1390 2907 1500 2972 est,
1546 2908 1722 2976 petra:
1780 2904 1974 2962 scissa:

317 2998 461 3052 sunt
491 2995 708 3066 (Matth,
735 2993 932 3066 xxvii).
965 2993 1095 3050 Sive
1143 2992 1282 3066 quia
1329 2992 1428 3050 illo
1486 2997 1747 3066 tempore
1806 2993 1978 3061 multi

306 3088 672 3158 peccatores,
702 3082 761 3139 id
793 3087 884 3140 est
913 3082 1150 3156 terreni,
1164 3082 1288 3140 viso
1319 3082 1420 3140 tali
1455 3082 1763 3153 miraculo,
1797 3085 1979 3142 credi-

305 3174 544 3240 derunt,
574 3176 641 3229 ut
667 3170 957 3230 centurio.

315 3264 354 3318 6
461 3262 573 3333 Ego
601 3261 728 3318 dixi
756 3277 772 3318 :
798 3261 896 3318 Dii
921 3263 1048 3319 estis
1077 3279 1098 3318 .·

365 3400 372 3406 ,
451 3353 516 3408 Et
542 3352 656 3424 ﬁlii
682 3350 900 3408 Excelsi
925 3367 1129 3408 omnes.

387 3441 428 3497 ll
461 3441 504 3498 C
531 3439 736 3498 Videte
764 3440 962 3514 qualis
993 3441 1072 3496 sit
1101 3439 1361 3514 dignitas
1381 3439 1660 3497 fidelibus
1677 3442 1757 3497 dii
1781 3441 1974 3498 vocari

315 3533 376 3589 et
405 3530 533 3586 filii.
561 3534 604 3585 C
631 3530 849 3588 Omnes
878 3532 1074 3584 autem
1098 3531 1228 3601 ejus
1257 3529 1362 3585 filii
1393 3534 1695 3597 vocantur,
1720 3531 1823 3603 qui
1850 3531 1975 3588 suis

302 3617 679 3692 jussionibus
710 3617 1120 3689 acquiescunt.
1155 3621 1270 3674 Iste
1302 3634 1440 3690 ergo
1469 3635 1674 3674 versus
1703 3618 1862 3676 solos
1881 3621 1978 3692 ju-

321 3712 450 3765 stos
477 3705 734 3778 respicit.

316 3799 356 3853 7
468 3793 565 3854 Vos
595 3799 781 3852 autent
807 3795 950 3852 sicut
976 3795 1224 3851 homines
1251 3797 1574 3853 moriemini
1604 3813 1618 3852 :

452 3887 520 3942 Et
539 3885 684 3942 sicut
709 3901 855 3941 unus
885 3883 952 3940 de
983 3885 1329 3957 principibus
1356 3885 1577 3942 cadetis.

378 3975 422 4033 C
454 3978 723 4049 Increpat
751 3973 928 4032 etiam
956 3972 1316 4043 incredulos,
1353 3975 1454 4048 qui
1487 3975 1637 4031 mori
1663 3977 1858 4050 potius
1877 3995 1982 4052 per

318 4064 660 4138 superbiam
688 4063 1206 4137 vdluerunt,quam
1231 4079 1334 4136 per
1353 4063 1746 4122 obedientiam
1768 4066 1982 4125 vivere.

318 4153 574 4212 Dicendo
593 4157 792 4211 autem
827 4169 841 4211 :
875 4153 1029 4210 sicut
1058 4152 1350 4224 homines,
1384 4153 1679 4227 significat
1717 4161 1984 4229 peccato-

332 4259 449 4312 res,
480 4242 580 4316 qui
615 4242 760 4300 nulli
793 4243 982 4317 pretio
1011 4247 1153 4299 sunt
1184 4243 1608 4318 redempti,nec
1639 4245 1711 4301 de
1734 4247 1985 4320 peccatis

322 4331 489 4390 liberi
520 4336 759 4406 propter
787 4332 1299 4406 perﬁdiam.Unus
1319 4333 1392 4390 de
1425 4333 1792 4409 principibus
1808 4336 1985 4412 signi-

331 4422 467 4478 fleat
500 4419 826 4488 diabolum,
859 4422 960 4495 qui
1005 4423 1079 4479 de
1125 4423 1268 4480 oculo
1316 4423 1613 4496 proiectus
1657 4427 1896 4496 corruit,
1930 4445 1987 4502 et

311 4526 554 4585 pmnam
576 4525 698 4568 sua
726 4510 1128 4584 perversitatis
1157 4511 1380 4569 invenit
1408 4512 1592 4586 (Apoc.
1624 4517 1748 4584 χιι).

319 4601 359 4658 8
462 4601 658 4674 Surge,
693 4600 854 4667 Deus,
876 4600 1073 4674 judica
1101 4608 1308 4658 terram
1337 4619 1358 4657 .-

2074 2007 2289 2070 taceas,
2322 2003 2382 2058 in
2432 2003 2531 2059 illo
2582 2005 2782 2062 futuro
2830 2006 3105 2063 adventu.
3149 2005 3525 2080 Compescuit
3558 2004 3718 2061 etiam

2073 2092 2352 2148 virtutem
2381 2110 2572 2162 suam,
2606 2095 2844 2166 quando
2873 2109 3086 2168 passus
3115 2099 3225 2163 est,
3258 2096 3432 2170 quasi
3477 2109 3636 2151 reum
3664 2108 3719 2149 se

2074 2181 2258 2238 teneri
2291 2186 2349 2238 et
2377 2183 2581 2240 Pontio
2613 2183 2797 2240 Pilato
2827 2184 3004 2242 tradi.
3037 2185 3156 2241 Ista
3183 2185 3241 2240 in
3273 2184 3474 2242 futuro
3508 2181 3720 2255 judicio

2076 2272 2414 2339 cessabunt,
2444 2273 2546 2329 ubi
2578 2274 2840 2346 potentia
2870 2274 3196 2330 divinitatis
3227 2273 3537 2332 elucescet.

2076 2363 2114 2415 2
2222 2362 2493 2430 Quoniam
2518 2378 2639 2418 ecce
2668 2364 2888 2419 inimici
2909 2366 2996 2420 tui
3020 2373 3324 2421 sonuerunt
3353 2384 3373 2421 :

2220 2452 2286 2506 Et
2313 2453 2412 2523 qui
2440 2451 2672 2508 oderunt
2703 2457 2754 2508 te
2780 2453 3104 2510 extulerunt
3131 2457 3316 2526 caput.

2151 2538 2193 2595 C
2223 2539 2336 2596 Iste
2365 2540 2690 2597 versiculus
2721 2542 2794 2597 ad
2825 2547 3094 2616 tempora
3118 2542 3460 2599 Antichristi
3482 2543 3718 2616 aptatur,

2081 2630 2318 2702 quando
2350 2629 2570 2686 inimici
2595 2631 2694 2687 Dei
2725 2630 3112 2688 tumultuosis
3142 2633 3532 2690 seditionibus
3577 2631 3720 2687 inso-

2082 2719 2328 2774 nabunt.
2379 2723 2712 2776 Sonuerunt
2767 2737 2902 2778 vero
2945 2720 3111 2790 dixit,
3145 2725 3204 2778 et
3251 2738 3372 2778 non
3411 2721 3511 2790 ait,
3558 2715 3720 2776 locuti

2083 2812 2246 2874 sunt,
2277 2813 2344 2864 ut
2371 2809 2456 2864 eis
2489 2815 2844 2883 negarentur
2871 2811 3050 2867 verba
3078 2809 3410 2880 hominum,
3442 2809 3538 2884 qui
3569 2822 3722 2865 voces

2084 2896 2462 2954 rationabiles
2489 2916 2606 2955 non
2638 2899 2955 2957 habebant.
2988 2899 3138 2957 Dicit
3166 2900 3502 2958 extulerunt
3541 2900 3721 2971 caput,

2083 2985 2227 3042 dum
2279 2986 2473 3060 capita
2526 2987 2816 3060 potuisset
2860 2987 3008 3059 dici;
3040 2989 3141 3046 sed
3191 2989 3471 3048 omnibus
3517 2983 3724 3044 insanis

2085 3093 2272 3132 unum
2305 3081 2395 3133 est
2425 3081 2622 3149 caput,
2652 3077 3070 3136 Antichristus.

2083 3175 2119 3231 3
2225 3175 2414 3246 Super
2463 3175 2754 3250 papulum
2800 3183 2970 3234 tuum
3010 3176 3502 3253 malignaeeruut
3555 3171 3723 3232 consi-

2299 3267 2445 3322 lium
2474 3287 2494 3320 :

2223 3356 2299 3410 Et
2321 3355 2740 3429 cogitaverunt
2771 3357 3053 3414 adversus
3073 3368 3307 3416 sanctos
3335 3365 3484 3417 tuos.

2155 3443 2414 3516 Populus
2445 3444 2546 3500 Dei
2579 3447 2805 3519 est,qui
2835 3451 3124 3522 praecepta
3152 3448 3418 3506 veritatis
3465 3449 3584 3504 toto
3605 3443 3726 3500 nisu

2084 3532 2328 3606 implere
2358 3535 2590 3608 satagit.
2616 3536 2658 3592 C
2686 3537 2926 3594 Addidit
2959 3537 3238 3596 adversus
3268 3540 3593 3606 sanctos,ut
3621 3547 3724 3589 non

2087 3620 2280 3678 solum
2312 3621 2726 3693 mediocribus,
2761 3642 2963 3683 verum
2995 3627 3170 3685 etiam
3209 3627 3358 3701 ipsis
3409 3623 3728 3685 cmlestibus

2084 3710 2227 3768 viris
2259 3711 2473 3770 inferre
2504 3721 2860 3772 conarentur
2879 3716 3144 3774 exitium.

2089 3811 2122 3866 4
2230 3812 2520 3869 Dixerunt
2544 3833 2564 3869 .-
2589 3813 2878 3883 Venite,et
2892 3814 3308 3890 disperdamus
3323 3833 3420 3874 eos
3438 3817 3512 3874 de
3523 3815 3682 3886 gente
3707 3827 3724 3863 :

2232 3904 2310 3956 Et
2331 3912 2447 3958 non
2484 3909 2848 3960 memoreiur
2880 3921 3089 3962 nonres
3111 3905 3296 3963 Israel
3323 3906 3504 3964 ultra.

2163 3990 2206 4047 Ο
2236 3991 2438 4048 Talem
2491 3991 2878 4051 intentionem
2935 3994 3175 4052 habebit
3221 3995 3631 4057 Antichristus,
3676 3989 3734 4044 ut

2093 4080 2492 4139 Christianum
2516 4100 2729 4140 nomen
2767 4084 2837 4142 de
2867 4085 3006 4142 orbe
3035 4089 3324 4142 terrarum
3351 4084 3616 4142 funditus
3644 4076 3733 4132 de-

2095 4170 2306 4240 leatur,
2337 4173 2608 4229 nesciens
2640 4190 2840 4241 miser,
2873 4173 3034 4247 quia,
3077 4175 3220 4232 dum
3277 4193 3478 4233 servos
3534 4163 3730 4230 Christi

2095 4278 2303 4317 necare
2333 4262 2513 4334 cupit,
2547 4269 2888 4320 sanctorum
2921 4281 3236 4322 numerum
3282 4265 3522 4322 assidua
3554 4270 3733 4335 perse-

2095 4350 2326 4408 cutione
2343 4350 2676 4425 complebit.
2695 4357 2771 4408 De
2793 4357 2964 4425 gente
2984 4352 3276 4427 signiﬁcat
3294 4354 3575 4428 populum
3590 4341 3732 4404 Chri-

2095 4440 2378 4509 stianum,
2403 4441 2526 4513 qui,
2551 4442 2822 4515 quamvis
2851 4459 2921 4498 ex
2941 4441 3212 4516 pluribus
3235 4444 3510 4518 gentibus
3531 4439 3603 4499 sit
3628 4431 3734 4492 col-

2095 4529 2303 4603 lectus,
2337 4547 2492 4587 unus
2523 4531 2900 4606 tamen,quia
2930 4533 3002 4590 de
3032 4550 3151 4590 uno
3183 4533 3341 4592 i'onte
3372 4522 3732 4609 baptismatis

2097 4620 2360 4677 noscitur
2380 4625 2740 4692 procreatus.

455 4691 737 4785 Quoniam
787 4698 850 4746 tu
905 4689 1262 4753 haereditabis
1305 4695 1363 4757 αξ·
1391 4692 1450 4747 in
1501 4693 1756 4749 omnibus
1809 4697 1984 4766 genti.
2014 4711 2058 4780 ο

2230 4712 2510 4782 Quoniam
2537 4713 2929 4785 cogitaverunt
2954 4715 3304 4771 unanimiter
3327 4713 3495 4770 simul
3526 4728 3540 4767 :

529 4779 649 4836 bus.

377 4867 422 4924 C
448 4871 656 4942 Surge,
685 4865 901 4922 dicitur
943 4863 1050 4932 illi,
1082 4865 1184 4938 qui
1232 4865 1294 4921 in
1344 4865 1618 4940 sepulcro
1676 4871 1978 4932 triduanus

313 4970 529 5012 somno
561 4951 950 5011 dormivit.Et
967 4953 1172 5027 judica
1191 4956 1416 5029 eos,qui
1435 4961 1667 5016 terrena
1681 4962 1981 5034 sapiendo,

331 5043 543 5099 merito
570 5047 737 5098 terrae
768 5049 1205 5115 comparantur.
1239 5044 1622 5104 Hiereditabis
1662 5047 1825 5106 illam
1873 5057 1986 5110 ter-

320 5147 472 5196 ram,
506 5129 733 5186 scilicet
761 5145 936 5202 quam
971 5133 1122 5190 beati
1149 5133 1552 5208 possidebunt.
1586 5137 1633 5194 Η
1663 5136 1982 5209 Vel,haere-

330 5217 550 5276 ditabis
600 5235 705 5292 per
751 5220 950 5287 fidem,
982 5221 1040 5278 in
1086 5222 1364 5279 omnibus
1405 5225 1698 5298 gentibus,
1728 5229 1868 5302 quia
1920 5232 1982 5290 in

312 5323 552 5365 omnem
585 5311 804 5364 terram
836 5308 1012 5366 exivit
1033 5329 1216 5368 sonus
1246 5314 1646 5384 apostolorum
1681 5319 1854 5387 (Rom.
1880 5325 1977 5392 x):

313 5401 371 5454 et
398 5413 468 5454 ex
495 5395 773 5452 omnibus
821 5397 1097 5470 gentibus
1143 5400 1550 5460 haereditatem
1601 5406 1978 5480 recipientia

312 5501 494 5559 regno
529 5483 835 5541 oculorum.

775 5589 984 5631 ORATIO
1023 5592 1094 5632 EX
1133 5591 1291 5632 ΡεΑι.
1334 5595 1520 5635 LXXXI.

389 5663 475 5718 Da
508 5660 695 5730 nobis,
730 5662 995 5729 Domine,
1029 5665 1352 5721 secundum
1385 5674 1736 5742 praeceptum
1785 5679 1973 5746 tuum,

321 5751 394 5809 ab
425 5750 758 5825 iniquitatis
777 5753 1007 5828 judicio
1038 5751 1348 5824 declinare,
1381 5773 1825 5834 pauperumque
1875 5783 1975 5824 ne-

2228 4799 2529 4856 Adversum
2561 4805 2612 4857 te
2644 4806 3027 4861 testamentum
3069 4804 3458 4879 disposuerunt
3499 4798 3735 4858 taberna-

2305 4891 2435 4946 cuta
2462 4889 2834 4949 Idumaeorum
2862 4897 2916 4950 et
2944 4894 3296 4952 Ismahelitae.

2165 4977 2212 5034 Η
2244 4978 2289 5034 0
2321 4976 2662 5037 infelicitas!
2699 4981 2826 5038 Non
2857 4987 3052 5056 potest
3079 4982 3332 5058 populus
3370 4981 3472 5040 Dei
3518 4977 3733 5035 tantum

2093 5067 2152 5124 in
2185 5069 2338 5124 bono
2368 5067 2585 5124 habere
2612 5071 2984 5129 concordiam
3016 5077 3306 5145 quantum
3355 5069 3493 5128 mali
3530 5058 3735 5123 habent

2091 5157 2151 5213 in
2185 5156 2360 5214 malo.
2385 5157 2588 5214 Videte
2618 5175 2754 5233 (rgo
2779 5161 2919 5234 quid
2945 5166 3166 5237 pugnet
3189 5162 3471 5219 adversus
3491 5154 3728 5216 sanctos.

2089 5245 2496 5304 Tabernacula
2545 5247 3082 5325 ldumeeorum(qui
3117 5253 3322 5309 terreni
3366 5244 3732 5320 interpretan'

2088 5335 2606 5405 tur),lsmahelilzc.
2629 5338 2726 5410 qui
2752 5340 3054 5399 obedientcs
3073 5343 3185 5400 sibi
3203 5337 3609 5408 dieuntur,hoc
3629 5328 3724 5385 est-

2089 5425 2484 5497 quodcunque
2515 5443 2614 5482 cor
2643 5426 2915 5486 habuerit
2950 5434 3008 5488 et
3035 5430 3193 5488 mala
3224 5429 3498 5504 cogitatio
3543 5415 3728 5480 statim

2088 5514 2330 5571 faciunt.
2365 5515 2404 5572 C
2435 5515 2880 5576 Testamentum
2908 5520 2970 5576 in
3005 5520 3324 5595 Scripturis
3361 5513 3590 5580 divinis,
3621 5517 3726 5564 ῐιοῐι

2087 5603 2232 5660 illud
2268 5603 2456 5660 solum
2491 5604 2886 5680 dicitur,quod
2920 5627 3036 5666 non
3055 5610 3204 5668 valet
3222 5609 3336 5665 nisi
3368 5595 3727 5664 testatoribus

2085 5685 2358 5754 mortuis,
2381 5685 2482 5740 sed
2511 5701 2685 5742 omne
2715 5693 2952 5759 pactum
2985 5695 3042 5747 et
3081 5689 3386 5765 placitum,
3423 5688 3724 5744 testamen'

2083 5776 2210 5828 tum
2239 5777 2498 5841 vocatur,
2531 5772 2709 5832 etiam
2741 5777 2894 5836 inter
2917 5780 3098 5838 vivos.
