1949 3278
75 291 132 322 321

688 286 895 323 ΕΧΡΟΞΙΉὈ
918 292 1169 323 PSALMORUM.

1715 295 1772 324 322

74 358 92 385 9
149 358 292 395 Quoniam
320 366 435 392 magnus
457 361 484 391 ἐ·
497 366 524 387 es
538 362 568 386 tu
588 362 595 391 ζ
627 362 654 386 et
678 359 783 394 faciens
812 360 899 386 miru-
914 359 940 391 Α
958 358 1048 385 nescit
1065 359 1208 393 promissa
1220 367 1272 385 sua
1281 358 1585 393 aliquaiinbccillitate
1600 360 1771 395 subducore,

186 393 256 420 bilia
272 403 282 421 :

150 428 189 455 Tu
211 431 281 462 eve:
302 431 309 461 ζ
334 430 407 457 Deus
420 429 503 457 solus.

111 472 132 499 C
147 472 275 508 Magnas
288 481 354 501 vero
369 481 427 501 non
443 475 539 509 potest
554 473 610 501 dici
636 474 693 502 nisi
717 474 793 501 Deus
809 474 898 508 solus,

75 516 162 551 cujus
173 517 309 552 potestati
320 516 487 545 nullatenus
496 519 592 553 potest
602 517 713 553 aliquid
728 526 861 553 compara
867 518 899 544 ri.

75 560 163 588 Solus
179 559 267 588 etiam
284 560 381 588 dictus
396 562 449 594 est,
467 561 536 597 quia
559 563 661 589 sancta
681 562 809 589 Trinitas
826 571 900 590 unus

75 603 153 631 Deus
163 606 220 638 est,
232 607 348 631 tantum
360 605 492 640 personis
500 605 647 639 distincta,
657 614 715 633 non
726 608 793 633 natu
800 616 835 633 rie
845 607 901 633 dis-

76 647 205 675 cretione
220 650 364 684 separata.

77 692 111 719 10
147 692 312 734 Deduchnie;
321 695 451 734 Domine,
469 694 499 721 in
522 695 569 721 via
592 698 639 722 tua
653 696 702 723 ,ἐι
715 694 856 729 ingrediar
873 697 900 722 ιή

184 732 301 756 veritate
316 732 363 756 ιιια
379 738 388 756 .'

148 763 269 791 watur
282 771 329 791 cor
340 772 441 799 meum,
457 758 489 792 ut
503 765 598 793 timeat
617 773 715 793 nomen
730 770 814 793 tuum.

112 806 135 835 Η
161 807 182 835 C
206 807 280 835 Hinc
304 808 448 844 Propheta
473 809 613 845 loquitur,
643 809 686 837 vel
710 810 842 837 Christus
872 811 898 837 in

75 860 203 887 persona
218 852 489 880 membrorum.Via
500 853 847 889 Domini,Christus,ipse
859 857 901 882 est

75 898 104 923 et
117 896 240 924 veritas:
258 896 288 923 in
305 904 364 932 qua
377 897 424 925 via
439 899 468 925 et
482 897 599 925 veritate
615 897 739 926 Ecclesia
754 901 786 925 ut
801 899 901 925 ambu-

76 939 134 968 lare
150 940 256 977 possit,
273 940 365 968 Deum
389 941 560 977 deprecatur
576 951 582 969 ε
600 942 664 969 sine
687 943 772 978 cujus
796 942 900 969 auxilio

75 985 129 1012 hoc
140 984 265 1020 implere
275 993 334 1012 non
344 984 429 1013 valet.
443 985 488 1013 Sic
499 985 612 1013 latetur
622 994 679 1020 cor,
692 989 724 1014 ut
734 987 789 1014 sub
799 988 900 1014 timore

75 1028 199 1061 laetetur,
216 1029 245 1056 et
273 1029 327 1057 sub
358 1037 408 1065 spe
436 1029 549 1057 timeat.
573 1030 605 1057 In
634 1030 688 1058 hoc
718 1032 821 1058 saeculo
851 1032 899 1066 qui
917 1041 938 1072 η

72 1073 203 1108 judicem
217 1073 427 1107 formidaverit,
440 1082 508 1102 reus
519 1076 580 1102 est:
596 1075 686 1102 Deum
699 1075 748 1111 qui
759 1075 897 1106 timuerit,

76 1119 195 1145 sanctus
211 1118 266 1145 est.
283 1117 306 1144 H
323 1116 393 1145 Cum
411 1126 427 1145 a
442 1126 564 1145 maerore
580 1119 743 1146 facinorum
769 1120 900 1147 eruditus

76 1162 166 1195 fuero,
181 1163 253 1189 tunc
269 1161 300 1188 in
316 1163 343 1189 te
359 1161 459 1190 laetitia
473 1162 618 1198 spirituali
636 1163 779 1199 gaudebo.

76 1211 104 1238 11
144 1209 297 1245 Conﬁtcbor
312 1210 374 1244 tibi,
396 1211 509 1238 Domine
524 1213 592 1239 Deus
607 1220 694 1245 meus,
711 1213 740 1239 in
756 1216 808 1239 £qu
824 1212 901 1239 conlo

144 1253 352 1316 Elnylgriﬁcabo
366 1289 465 1309 nomen
480 1285 559 1309 tuum
573 1283 602 1309 in
617 1286 761 1310 «τίεν-νικω-

106 1332 126 1357 c
142 1329 196 1357 Illa
221 1331 267 1357 est
291 1338 359 1357 vera
382 1330 536 1363 confessio,
560 1339 624 1366 qua:
646 1332 706 1358 toto
730 1331 900 1366 exprimitur

77 1366 182 1401 mentis
197 1382 306 1401 arcano
323 1382 330 1401 :
348 1376 377 1402 et
391 1373 440 1402 ille
455 1374 610 1402 conﬁtetur
624 1383 658 1402 ex
670 1377 730 1402 toto
746 1376 840 1407 corde,
851 1376 899 1410 qui

77 1420 164 1445 totam
179 1426 264 1454 spem
281 1426 365 1445 suam
379 1418 497 1453 ponitin
509 1421 610 1446 Deum.
623 1419 653 1446 ln
667 1421 805 1446 aeternum
815 1429 820 1446 :
831 1420 898 1446 illud

78 1462 234 1498 signiﬁcat,
253 1462 331 1498 quod
347 1462 424 1489 inter
437 1464 554 1490 sanctos
569 1464 633 1498 ejus
657 1462 759 1491 laudes
779 1464 900 1490 Domino

76 1505 184 1542 jugiter
194 1505 377 1542 pet-sonabit,
388 1506 459 1533 dum
468 1506 498 1533 in
509 1506 559 1534 illa
569 1506 747 1535 beatitudine
758 1508 900 1543 promissa

80 1551 228 1586 receperit.

81 1594 114 1621 l2
148 1595 222 1629 Quia
237 1594 427 1625 misericordia
442 1598 491 1622 tua
503 1603 604 1631 magna
624 1598 652 1628 μὲ
664 1599 704 1623 est
724 1598 730 1629 ζ
751 1604 832 1631 super
847 1606 900 1624 mu:

147 1639 180 1666 Et
193 1639 293 1666 eruisti
307 1639 431 1666 animum
445 1647 534 1666 meam
550 1647 584 1667 es
599 1640 706 1675 inferno
721 1641 856 1675 inferiori.

113 1682 135 1710 Η
150 1682 217 1719 Agit
231 1682 361 1719 populus
378 1682 472 1710 ﬁdelis
489 1683 598 1719 gratias
608 1684 675 1718 Deo,
688 1684 825 1720 quoniam
839 1694 899 1712 ma—

956 401 982 427 id
1000 404 1053 431 est,
1071 402 1240 429 subtrahere
1255 401 1298 428 vel
1316 410 1429 438 negare.

957 446 989 472 15
1026 447 1135 480 Respice
1160 447 1188 472 in
1212 454 1254 473 me
1277 450 1302 473 et
1325 447 1451 474 miserere
1474 447 1529 473 moi
1545 456 1553 474 :
1568 447 1601 474 da
1629 448 1771 483 imperium

1062 495 1137 516 tuum
1151 499 1234 525 puero
1250 495 1295 517 luo
1310 500 1317 517 :

1026 534 1056 560 El
1071 534 1178 560 salvum
1191 536 1235 569 [ac
1249 535 1337 569 ﬁlium
1353 535 1463 562 unriila‘
1478 540 1542 562 lum.

990 576 1009 603 (Ἰ
1024 577 1081 603 Vox
1092 577 1196 604 Christi
1209 579 1368 605 secundum
1382 578 1592 605 humanitatem
1601 580 1634 606 ad
1648 580 1770 606 Patrem:

957 621 1017 655 ipse
1031 623 1074 647 cst
1086 621 1162 647 enim
1182 630 1252 656 puer
1268 622 1392 655 Domini,
1405 623 1438 649 de
1454 631 1510 657 quo
1529 623 1615 649 isaias
1627 623 1684 649 ait:
1703 624 1771 650 Hcce

956 673 1028 700 puer
1041 666 1296 701 meus,suscipiam
1310 674 1375 693 eum
1389 667 1531 701 (κωκυ).
1541 667 1613 693 Puer
1626 670 1669 694 est
1679 667 1773 694 Chris-

957 711 1003 735 tus
1012 708 1038 734 in
1049 709 1204 744 Scripturis
1217 710 1440 745 dictus,proptcr
1450 711 1642 738 innocentiam
1654 712 1771 739 mentis.

955 752 1065 779 Dicitur
1076 753 1161 780 etiam
1175 753 1252 781 filius
1264 754 1387 787 ancillae;
1401 763 1463 789 quzc
1474 755 1574 790 angelo
1585 756 1730 791 respondit
1742 764 1772 782 sc

955 796 1089 823 ancillam
1100 797 1148 824 Dei
1160 806 1222 824 esse
1232 798 1330 824 dicens
1340 807 1344 825 ε
1355 799 1424 825 Ecce
1432 799 1535 826 ancilla
1543 800 1654 826 Domini
1663 801 1770 834 (Luca).

955 840 1110 875 [inperium
1125 850 1190 868 \‘cro
1202 841 1328 877 intelligo
1342 843 1622 877 potestatemjudicii
1639 843 1771 878 :quia,co

955 886 1037 916 teste,
1051 885 1133 911 Pater
1144 894 1199 912 non
1212 885 1325 919 judicat
1340 894 1528 921 quemquam,
1541 888 1589 913 scd
1602 896 1686 913 omne
1696 888 1773 922 judi-

956 928 1032 954 cium
1050 929 1119 955 Filio
1136 929 1214 955 dedit
1230 932 1323 964 ileon.
1341 931 1378 964 γ).

957 973 989 999 lt}
1026 974 1077 1000 Fur
1093 982 1195 1000 morum
1210 975 1318 1008 signum
1330 976 1355 1000 in
1369 975 1444 1006 bono,
1454 979 1480 1001 ui
1494 975 1773 1010 vulcaniquiodcrunt

1060 1026 1111 1044 me.
1128 1018 1159 1044 Et
1175 1018 1376 1052 con/mutantur
1391 1028 1400 1045 .-

1027 1061 1158 1094 Quoniam
1174 1066 1212 1095 lu,
1229 1063 1351 1095 Domino,
1369 1063 1499 1098 ulljuristi
1523 1072 1563 1090 mo
1586 1068 1610 1091 vi
1624 1064 1773 1091 consolatus

1061 1114 1087 1132 εδ
1104 1114 1153 1133 mc.

991 1151 1010 1175 C
1025 1149 1146 1185 Signum
1164 1150 1271 1177 dicitur
1284 1152 1318 1178 ab
1336 1160 1367 1178 eo
1384 1152 1459 1186 quod
1485 1154 1605 1179 ventura
1621 1152 1771 1187 signiticet.

956 1193 1121 1227 I’ac,Pater,
1131 1194 1245 1229 signum
1257 1195 1284 1221 in
1298 1196 1633 1227 resurrectione,scilicet
1646 1197 1673 1222 in
1686 1197 1770 1230 bono,

957 1237 981 1263 id
996 1240 1050 1268 cst,
1064 1237 1091 1263 in
1104 1238 1210 1265 bonum
1228 1239 1418 1272 credentium,
1433 1242 1460 1265 et
1472 1239 1499 1265 in
1516 1240 1713 1267 confusionem
1727 1249 1773 1267 nc~

955 1281 1086 1315 gentium
1101 1290 1105 1308 :
1120 1282 1160 1308 vel
1173 1282 1200 1308 in
1215 1283 1332 1315 bonum,
1347 1286 1377 1309 ut
1389 1284 1502 1310 videant
1513 1283 1603 1310 Judari
1616 1285 1771 1311 ctconfun-

956 1325 1061 1351 (lantur
1077 1326 1111 1352 do
1133 1326 1207 1352 malo
1232 1335 1294 1358 suo,
1311 1329 1337 1353 ct
1354 1327 1393 1353 ita
1409 1330 1586 1353 revertantur
1600 1330 1627 1354 et
1642 1328 1770 1354 credant.

955 1369 1108 1403 Adjuvisti,
1127 1370 1247 1404 pertinet
1273 1371 1307 1397 ad
1333 1371 1590 1397 contradictionem
1606 1371 1771 1398 .ludazorum

955 1413 1157 1445 ullormniium,
1175 1416 1201 1440 ct
1218 1414 1251 1440 ad
1270 1414 1377 1449 injuste
1393 1415 1560 1445 certamina,
1575 1416 1601 1440 in
1615 1415 1719 1449 quibus
1733 1416 1772 1441 illi

955 1464 1069 1491 semper
1084 1457 1210 1484 veritatis
1224 1458 1387 1484 testimonio
1404 1459 1626 1493 superabantur.
1639 1459 1771 1486 Consola-

955 1502 1001 1527 tus
1020 1509 1064 1527 cs:
1080 1501 1113 1527 ad
1129 1502 1341 1536 persecutiones
1358 1502 1525 1529 insanorum
1538 1505 1622 1537 (quas
1635 1503 1680 1529 ille
1695 1503 1773 1530 velut

956 1546 1136 1579 tempestatis
1155 1545 1294 1581 impetum
1313 1546 1524 1581 patientissime
1540 1547 1711 1581 sustinebat)
1730 1557 1771 1574 re-

955 1588 1048 1623 Spicit.

1178 1642 1279 1660 ORATIO
1299 1643 1331 1661 ΕΧ
1354 1643 1430 1661 PSAL.
1453 1644 1550 1662 LXXXV.

992 1678 1125 1710 luctifica,
1143 1678 1272 1710 Domine,
1291 1678 1401 1705 vultum
1432 1679 1546 1706 familia:
1577 1682 1641 1712 tua},
1661 1682 1688 1706 et
1703 1687 1771 1706 erue

79 1734 133 1762 sna
147 1729 192 1755 est
206 1726 410 1755 misericordia
425 1727 488 1762 ejus
505 1735 511 1754 ;
529 1736 672 1763 suamque
687 1719 813 1756 animum
831 1730 899 1756 dicit
920 1719 940 1751 C
956 1722 1067 1748 animas
1084 1725 1197 1749 nostras
1224 1731 1256 1748 ex
1279 1723 1390 1749 inferno
1416 1723 1552 1756 infcriori,
1570 1726 1601 1749 ut
1616 1724 1658 1750 tui
1674 1724 1771 1751 vultus

79 1779 138 1799 esse
154 1771 310 1799 liberatam
326 1770 362 1799 ab
387 1771 500 1799 inferno
516 1771 655 1804 inferiori,
673 1772 701 1799 id
716 1774 769 1806 est,
785 1782 800 1799 ει
816 1782 899 1808 prima

78 1815 105 1842 in
128 1823 186 1851 qua
209 1817 378 1851 peccatores
403 1815 590 1843 damnantur.
606 1816 742 1851 Superior
756 1816 897 1851 infernus,

77 1861 226 1894 peccatum
243 1861 289 1887 est
302 1868 309 1893 ;
324 1858 453 1892 inferior,
477 1860 585 1887 aeterna
609 1868 702 1895 pmna.
718 1861 742 1887 A
757 1861 776 1888 C
793 1861 841 1887 Vel
858 1862 899 1887 in-

77 1902 161 1931 ferior
171 1903 306 1931 infernus
318 1911 403 1939 poena
414 1903 619 1931 damnatorum
633 1912 639 1931 :
652 1903 898 1939 superiorlimbus

77 1950 201 1983 patrum,
216 1947 247 1975 in
265 1955 323 1983 quo
336 1947 465 1975 infcriori
482 1947 561 1975 dives
578 1948 691 1983 positus
707 1948 828 1981 inferno,
846 1950 898 1976 La—

77 2000 173 2019 zarum
188 1992 265 2019 vidit
277 1991 407 2027 positum
423 1991 453 2019 in
469 1991 611 2027 superiori
627 1992 701 2028 (Luc.
718 1993 787 2028 xvx).

79 2036 109 2063 13
144 2037 224 2070 Deus,
240 2036 335 2071 iniqui
352 2039 380 2068 ’έ-
393 2036 424 2063 in
444 2038 452 2068 ζ
473 2040 653 2063 surrexerunt
667 2044 748 2072 super
761 2046 816 2064 mc:
827 2042 900 2073 διεμ-

178 2088 291 2115 nagoga
302 2080 454 2115 potentium
469 2080 639 2115 quisierant
652 2081 774 2108 animam
787 2090 875 2108 meum
892 2091 897 2108 :

144 2125 175 2151 Et
188 2132 245 2151 non
259 2125 462 2159 proposuerunt
476 2127 502 2151 te
517 2125 547 2151 in
561 2129 702 2159 conspectu
715 2133 773 2153 suo.

109 2167 129 2195 C
143 2168 253 2196 lterum
268 2167 404 2195 Christus
416 2167 577 2195 secundum
593 2167 804 2196 humanitatem
815 2178 898 2196 suam

76 2210 211 2248 loquitur.
228 2212 305 2239 Cum
319 2211 390 2239 dicit
405 2211 532 2247 iniquos,
546 2212 692 2248 signiﬁcat
705 2212 831 2247 Judwos,
849 2215 897 2249 qui

76 2255 296 2284 insurrexerunt
310 2263 400 2291 super
414 2264 492 2289 eum,
504 2255 615 2283 scilicet
625 2258 658 2284 ut
672 2265 754 2284 reum
770 2257 899 2285 dicerent

77 2299 270 2336 innocentem,
287 2307 436 2335 suumque
448 2307 546 2335 regem
561 2299 643 2336 plebs
656 2299 760 2328 insana
774 2302 899 2329 trucida-

76 2346 126 2371 ret.
142 2344 299 2381 Synagoga
316 2344 490 2380 potentium,
506 2344 701 2380 superborum
720 2346 764 2372 est
780 2354 896 2380 congre-

76 2388 222 2425 gatimqui
235 2388 366 2416 belluino
377 2388 496 2416 fremitu
507 2388 636 2416 animam
650 2388 755 2416 Christi
771 2390 897 2416 adimere
913 2399 935 2430 Ι)

75 2432 214 2460 volebant.
231 2432 321 2460 Addit
349 2440 426 2460 vero.
443 2432 477 2459 Et
506 2440 563 2460 non
592 2435 817 2468 proposuerunt,
842 2435 895 2460 ctc.

76 2475 244 2512 Quicunque
272 2476 353 2504 enim
382 2475 496 2504 facinus
524 2478 683 2512 perpetrat,
707 2476 798 2504 Deum
829 2480 895 2504 ante

76 2523 262 2556 conspectum
278 2528 367 2548 suum
381 2520 559 2548 omnimodis
575 2529 633 2547 non
649 2521 784 2556 proponit
800 2530 806 2549 ;
824 2530 894 2556 quo-

77 2563 150 2591 niam
165 2564 190 2592 si
204 2564 291 2592 illum
308 2564 429 2592 haberet
444 2563 626 2600 praesentem,
638 2564 771 2600 protinus
788 2573 803 2592 a
818 2565 894 2600 cogi—

76 2609 131 2635 tato
145 2608 274 2637 facinore
290 2611 483 2636 revocaretur.

77 2652 108 2678 14
142 2655 174 2680 Et
188 2656 229 2686 lu,
245 2653 361 2681 Domine
375 2653 456 2686 Deus,
468 2653 612 2681 miseram
620 2656 646 2681 et
657 2653 810 2681 misericors
828 2662 833 2680 :

142 2699 254 2726 Patiens
269 2699 297 2725 ot
312 2697 408 2726 multa:
423 2696 621 2726 misericordia
633 2701 659 2725 et
673 2705 766 2724 vorax.

109 2740 128 2768 C
141 2741 296 2770 Miserator
317 2741 397 2769 enim
422 2740 501 2769 Deus
514 2742 569 2774 est,
585 2741 655 2776 quia
670 2740 792 2777 singulis
808 2741 894 2768 rebus

81 2783 303 2814 misericordiam
320 2785 410 2814 facit:
427 2785 604 2819 misericors,
620 2785 689 2821 quia
711 2793 826 2820 semper
848 2786 895 2820 pia

79 2830 119 2855 at
140 2828 201 2865 ipsa
224 2832 333 2858 natura
351 2828 469 2857 deitstis
486 2837 493 2857 :
507 2829 631 2865 patiens,
648 2829 716 2865 quia
732 2831 893 2864 peccatores

81 2872 196 2901 sustinet
207 2883 214 2903 ;
225 2874 347 2902 multum
357 2872 596 2908 misericors,quia
606 2872 672 2908 plus
683 2872 767 2901 nobis
773 2873 893 2900 remittit

81 2923 159 2952 quam
173 2917 360 2946 imbecillitas
377 2918 478 2946 nostra
493 2918 674 2953 promeretur
690 2924 696 2945 :
713 2924 807 2948 verax,
824 2916 892 2952 quia

954 1766 1197 1801 contemplatione
1214 1767 1341 1801 protecti,
1360 1767 1502 1793 desideria
1528 1767 1623 1794 carnis
1648 1768 1768 1802 spiritali

955 1809 1150 1836 dominatione
1166 1810 1320 1837 cali-emus.
1338 1811 1389 1837 Per
1405 1811 1559 1838 Dominum
1576 1815 1707 1838 nostrum
1723 1813 1768 1839 Je-

954 1862 1029 1885 sum,
1047 1856 1100 1880 etc.

1201 1899 1361 1926 PSALMUS
1383 1900 1522 1926 LXXXVI.

1147 1951 1346 1970 ARGUMENTUM
1368 1952 1445 1970 PSAI..
1468 1952 1563 1971 LXXXVl
1570 1966 1574 1970 .

989 1986 1008 2012 C
1024 1986 1084 2013 Vox
1108 1987 1251 2022 prophetae
1276 1988 1310 2014 de
1336 1988 1443 2015 caelesti
1463 1988 1655 2021 Hierusalem,
1672 1989 1698 2015 id
1716 1992 1769 2021 est,

954 2030 1079 2057 Ecclesia
1094 2031 1211 2058 Christi.

1113 2076 1169 2102 TT.
1187 2077 1269 2103 Filiis
1285 2077 1349 2103 Core
1362 2077 1483 2111 psalmus
1499 2078 1608 2103 cantici.

989 2119 1008 2145 Ο
1034 2119 1094 2145 Filii
1122 2119 1191 2146 Coro
1221 2120 1386 2155 signiﬁcant
1413 2121 1613 2148 Christianos:
1640 2121 1768 2156 psalmus

954 2165 1049 2189 autem
1061 2164 1095 2190 de
1109 2164 1306 2198 superioribus
1321 2173 1437 2196 sonans,
1451 2168 1614 2192 commonet
1626 2174 1677 2192 nos
1689 2166 1769 2192 cmle-

953 2208 1009 2234 stia
1026 2207 1158 2243 cogitare,
1177 2210 1203 2234 et
1219 2208 1246 2234 in
1264 2209 1304 2235 eis
1330 2209 1464 2243 hymnica
1488 2209 1678 2237 exsultatione
1698 2218 1767 2246 gau-

954 2252 1029 2279 dere.

954 2298 965 2323 1
1023 2297 1208 2323 Funiltimmzta
1224 2298 1281 2332 ejus
1298 2298 1324 2324 in
1338 2299 1472 2325 montibus
1487 2300 1588 2325 sanctis
1605 2308 1613 2325 .·

1023 2342 1119 2375 Diliyil
1134 2342 1262 2368 Dominus
1275 2346 1365 2377 portus
1381 2344 1445 2369 Sion
1460 2351 1540 2377 super
1564 2344 1656 2370 omnia
1679 2344 1767 2369 (alier-

1058 2387 1155 2412 mu'ula
1171 2387 1260 2413 .lucob.

987 2432 1005 2456 C
1023 2430 1254 2457 Fundamcntum
1273 2431 1403 2458 Ecclesiic
1428 2431 1559 2458 Christus
1575 2435 1619 2458 cst
1637 2441 1642 2458 :
1660 2432 1708 2467 qui
1727 2433 1767 2459 sic

950 2483 1012 2502 eam
1030 2475 1165 2508 continet,
1183 2477 1214 2502 ut
1230 2474 1308 2501 nulla
1324 2476 1414 2510 possit
1430 2476 1614 2510 quassatione
1633 2476 1765 2503 titubare.

952 2519 981 2545 In
992 2519 1140 2546 montibus
1157 2520 1265 2546 sanctis
1278 2528 1282 2546 :
1297 2520 1441 2555 significat
1454 2520 1599 2555 apostolos
1611 2523 1638 2547 et
1648 2520 1767 2556 prophe-

951 2565 1004 2596 tas,
1023 2564 1072 2598 qui
1096 2564 1262 2591 excellentia
1290 2565 1450 2591 sanctitatis
1481 2568 1592 2591 montes
1617 2567 1766 2592 vocantur.

951 2608 1018 2635 Sion
1041 2608 1219 2635 Hierusalem
1237 2608 1379 2636 ccelestem
1397 2609 1541 2644 signiticet
1558 2618 1563 2636 ι
1581 2610 1664 2644 cujus
1681 2612 1767 2644 portae

950 2654 1018 2679 sunt
1035 2652 1115 2685 ﬁdes,
1133 2652 1269 2684 Charitas,
1286 2653 1441 2687 baptisma,
1459 2654 1673 2688 pcenitentia,et
1687 2653 1767 2689 quid-

950 2697 1018 2731 quid
1037 2696 1064 2722 in
1084 2696 1160 2723 illam
1177 2696 1320 2724 civitatem
1337 2697 1511 2732 acquisitum
1530 2698 1767 2733 populumintro-

949 2741 1048 2767 mittit.
1066 2741 1141 2773 Sive,
1156 2742 1187 2767 ut
1202 2741 1319 2775 quidam
1338 2741 1607 2774 volunt,duodecim
1622 2740 1765 2776 apostolos

950 2785 1123 2820 significant.
1141 2784 1339 2811 Tabernacula
1354 2785 1442 2812 Jacob
1466 2785 1621 2812 Ecclesium
1644 2784 1763 2812 catholi-

949 2837 1010 2856 cam
1028 2829 1201 2864 signiﬁcant,
1220 2837 1281 2863 quae
1307 2837 1421 2864 semper
1436 2829 1482 2855 hic
1499 2829 1645 2864 affligitur.
1664 2828 1763 2855 Merito

948 2882 1037 2908 supra
1052 2873 1149 2906 istam,
1158 2872 1207 2899 illa
1219 2872 1359 2908 spiritalis
1371 2875 1398 2899 et
1409 2872 1534 2900 caelestis
1550 2872 1628 2906 diligi
1642 2870 1760 2898 dicitur:

948 2917 977 2944 in
994 2926 1050 2953 qua
1062 2917 1124 2952 jam
1141 2915 1211 2943 nihil
1228 2916 1451 2952 perturbationis
1467 2923 1530 2943 esse
1545 2915 1715 2942 declaratur.
