3922 6516
239 439 346 500 325
1492 442 1905 509 EXPOSITII)
1955 446 2459 515 PSALMOHUM.
2640 512 2645 517 .
3558 462 3678 525 326

243 561 473 618 quoque
506 548 739 602 mortis
772 546 1033 602 claustra
1062 546 1363 620 confregit.
1396 549 1587 622 Ipsius
1612 552 1768 608 enim
1790 560 1916 609 tan-
1946 558 1998 622 Α
2030 554 2152 626 ligi,
2185 574 2333 628 quas
2362 558 2530 616 bonis
2559 560 2788 615 actibus
2819 575 3051 632 semper
3091 560 3333 617 tetendit
3362 565 3432 619 ad
3467 565 3671 624 Deum'

248 640 366 690 tum
401 650 573 689 mors
608 632 814 690 libera
865 635 997 705 fuit,
1029 636 1128 707 qui
1176 640 1482 707 peccatum
1532 655 1648 694 non
1697 640 1846 708 fecit,
1869 646 1928 697 et
2033 643 2174 698 Nam
2208 645 2256 700 si
2288 646 2408 703 Ι)ωο
2435 647 2588 703 cruci
2614 647 3009 718 junxerimus,
3040 650 3343 720 sequentia
3382 648 3675 727 discrepa-

249 738 398 778 mors
424 737 678 793 quoque
711 723 850 793 ejus
879 722 1206 777 voluntaria
1232 723 1341 778 fuit
1372 742 1385 780 :
1419 730 1476 779 et
1504 724 1638 781 licet
1668 727 1814 783 liber
1842 745 1927 784 es—
2032 732 2198 787 bunt.

253 816 331 866 set
363 810 523 865 inter
556 814 864 875 mortuos,
895 814 1093 877 tamen
1125 827 1159 865 a
1187 810 1561 868 dementibus
1604 816 1929 872 aestimatus
2035 820 2092 875 11
2174 823 2435 893 Nunquid
2461 826 2694 879 mortuis
2720 826 2888 894 facies
2916 826 3204 881 mirabilia
3238 844 3251 882 :

254 904 333 955 est
364 898 522 953 sicut
552 897 880 963 vulnerati,
914 904 1024 953 etc.
2173 912 2278 964 Aut
2339 912 2538 966 medici
2601 914 2943 967 suscitabunt
2989 922 3040 968 et
3089 914 3491 983 conﬁtebuntur
3555 917 3675 973 tibi.

254 990 286 1043 5
388 988 552 1042 Sicut
577 987 874 1042 vulnerati
900 986 1227 1043 dormientes
1276 990 1337 1042 in
1384 990 1650 1061 sepulcris
1699 1007 1932 1064 quorum
2248 999 2584 1069 Diapsalma,
3588 1039 3595 1046 .

464 1092 581 1130 non
607 1091 664 1129 es
693 1090 910 1129 memor
936 1075 1176 1147 amplius
1207 1094 1226 1130 :
2107 1088 2146 1140 C
2176 1086 2553 1158 Nequaquam
2586 1088 2720 1143 fecit
2748 1088 3040 1144 mirabilia
3067 1089 3399 1156 mortuis,id
3431 1096 3537 1159 est,
3562 1110 3676 1149 non

392 1167 473 1253 Et
488 1165 607 1253 ipsi
636 1162 703 1218 de
724 1178 911 1253 manu
942 1170 1037 1253 tua
1066 1165 1277 1253 repulsi
1298 1172 1445 1221 sunt.
2036 1173 2564 1230 credentibus.lllis
2587 1174 2727 1230 solis
2759 1175 3051 1230 mirabilia
3082 1178 3355 1248 ﬁunt,qui
3385 1180 3681 1253 magnalia

322 1252 365 1307 C
391 1251 607 1307 Adhuc
639 1250 805 1306 enim
838 1251 909 1305 de
943 1250 1059 1306 illis
1088 1252 1426 1308 vanissimis
1463 1253 1729 1326 dicit,qui
1764 1258 1930 1328 puta-
2040 1260 2136 1315 Dei
2168 1262 2277 1316 sub
2307 1262 2645 1318 credulitate
2676 1264 3188 1335 conspiciunt.Aut
3209 1266 3418 1322 medici
3440 1250 3682 1324 suscita-

256 1342 400 1395 bant
432 1344 647 1405 Deum,
681 1338 890 1394 lancea
918 1338 1307 1407 vulneratum,
1339 1342 1849 1414 occisum,pariter
1876 1349 1935 1399 et
2039 1349 2202 1403 bunt.
2237 1348 2352 1404 Hec
2382 1350 2596 1405 dicitur
2627 1351 2888 1422 negative
2921 1369 2934 1405 :
2970 1353 3107 1423 quia
3139 1353 3347 1409 medici
3391 1356 3529 1410 dum
3561 1372 3680 1411 cor-

262 1426 781 1500 sepultum,quasi
805 1443 993 1482 unum
1024 1444 1090 1481 ex
1110 1426 1447 1484 hominibus
1469 1430 1934 1495 sceleratis.Quo-
2040 1438 2276 1509 poribus
2293 1438 2549 1508 praebent
2570 1439 3022 1503 curam,animas
3044 1445 3236 1495 tamen
3261 1443 3509 1512 peccatis
3530 1460 3678 1499 mor-

249 1532 385 1572 rum
419 1532 542 1572 non
573 1531 638 1571 es
681 1530 936 1582 memor,
961 1514 1021 1568 id
1052 1519 1159 1581 est,
1193 1516 1265 1570 de
1313 1516 1532 1588 quibus
1579 1534 1693 1574 non
1747 1519 1929 1576 habes
2038 1529 2171 1580 tuas
2200 1526 2545 1582 resuscitare
2583 1543 2698 1581 non
2727 1526 3028 1582 valentzut
3057 1528 3419 1585 confessione
3445 1530 3680 1587 verissi-

248 1602 788 1675 curam,quoniam
826 1603 1078 1674 peccatis
1104 1603 1519 1673 facientibus,a
1540 1610 1594 1661 te
1614 1608 1933 1663 reddeban-
2040 1628 2136 1666 ma
2162 1611 2542 1678 vivilicentur,
2574 1613 2670 1684 qui
2696 1613 3057 1669 infidelitatis
3088 1630 3205 1669 sua:
3226 1616 3464 1672 vulnera
3486 1624 3679 1689 pertu-

245 1700 349 1748 tur
381 1691 586 1747 alieni.
630 1694 847 1745 Curam
898 1690 1081 1762 igitur
1124 1690 1402 1763 intellige,
1438 1694 1629 1764 quoad
1677 1694 1926 1751 salutem
2039 1698 2279 1754 lerunt:
2310 1717 2508 1755 verum
2567 1717 2670 1755 nec
2734 1700 2941 1755 medici
3008 1717 3339 1772 corporum,
3395 1705 3520 1761 sine
3578 1706 3677 1760 Dei

244 1796 482 1837 eorum.
518 1778 588 1834 Et
618 1777 736 1849 ipsi
784 1777 1009 1849 repulsi
1047 1782 1188 1834 sunt
1222 1796 1234 1833 :
1269 1779 1378 1834 hoc
1409 1786 1517 1845 est,
1550 1781 1657 1851 ipsi
1687 1798 1720 1836 a
1753 1799 1929 1838 manu
2040 1803 2297 1853 munere,
2330 1788 2498 1859 mgris
2530 1786 2777 1842 salutem
2811 1788 2949 1843 dare
2979 1793 3243 1859 possunt.

245 1869 353 1925 Dei
405 1868 744 1940 probantur
792 1866 1043 1938 expulsi,
1097 1867 1237 1922 dum
1270 1885 1303 1923 a
1332 1868 1751 1940 gubernatione
1796 1872 1924 1941 ejus
1959 1908 2006 1973 B
2039 1874 2107 1928 l2
2178 1875 2434 1946 Nunquid
2461 1877 2709 1930 narrabit
2739 1877 2944 1946 aliquis
2972 1879 3033 1931 in
3074 1878 3318 1948 sepulcro
3366 1881 3678 1936 misericor-

246 1957 666 2013 reddebantur
689 1954 894 2010 alieni.
1959 1954 2006 1973 υ
2244 1963 2394 2017 diam
2422 1972 2573 2019 mam
2602 1982 2621 2018 ε

240 2048 279 2099 6
399 2049 718 2099 Posuerunt
746 2059 836 2097 me
867 2044 925 2097 in
958 2043 1080 2098 lacu
1111 2045 1368 2115 inferiori
1397 2061 1411 2100 :
2174 2052 2237 2105 Et
2265 2053 2548 2107 veritatem
2577 2056 2731 2107 tuam
2760 2054 2817 2107 in
2843 2052 3166 2124 perditione.

396 2134 463 2187 In
495 2132 805 2186 tenebrosis
835 2138 888 2184 ct
916 2131 1111 2185 umbra
1139 2134 1344 2187 mortis.
2100 2142 2139 2193 C
2169 2138 2508 2209 Sepulcrum
2541 2140 2697 2194 enim
2717 2139 3347 2213 signiﬁcatinﬁdelium
3374 2146 3679 2209 mentes,et

320 2226 366 2275 Ω
399 2222 594 2276 Lacus
622 2236 729 2290 pro
766 2218 996 2273 inferno
1027 2219 1283 2291 ponitur,
1311 2224 1367 2274 et
1398 2237 1500 2292 pro
1530 2221 1828 2293 sepultura
1850 2224 1927 2279 fo-
2033 2226 2236 2280 merito
2254 2226 2585 2297 sepulcrum
2604 2227 2943 2293 dicitur,ubi
2966 2229 3165 2283 anima
3181 2231 3433 2300 peccatis
3450 2236 3680 2286 mortua

241 2308 427 2375 veali,
460 2313 520 2363 et
551 2324 659 2379 pro
689 2307 904 2362 mundi
936 2307 1109 2362 istius
1140 2308 1601 2379 profundissima
1628 2311 1926 2367 Calamita-
2033 2313 2381 2368 continetur.
2411 2315 2527 2369 Aut
2555 2316 2855 2369 veritatem
2887 2321 3047 2369 tuam
3080 2322 3299 2384 narrat,
3334 2319 3433 2389 qui
3484 2323 3573 2373 est
3616 2319 3675 2373 in

239 2404 299 2453 te
330 2396 536 2469 :quod
570 2395 667 2450 hic
699 2395 888 2450 voluit
916 2394 1256 2468 intelligi.ln
1284 2397 1559 2464 tenebris,
1586 2398 1641 2451 id
1674 2403 1781 2465 est,
1816 2400 1925 2455 sub
2034 2402 2357 2472 perditione
2387 2403 2646 2473 peccati?
2676 2403 2815 2474 quia
2843 2403 2953 2457 vivi
2987 2409 3043 2458 et
3089 2404 3306 2470 ﬁdeles,
3339 2406 3397 2459 in
3447 2406 3676 2461 actibus

237 2486 579 2543 oblivionis
607 2485 887 2539 caecitate.
924 2483 1140 2539 Umbra
1183 2484 1410 2551 mortis,
1445 2491 1809 2556 peccatorum
1839 2488 1924 2543 in-
2036 2490 2492 2545 misericordiam
2527 2506 2762 2545 narrare
2790 2496 3232 2546 consueverunt.
3266 2494 3335 2547 Et
3373 2494 3675 2550 veritatem

237 2576 411 2630 dicat
446 2573 671 2639 locum,
706 2573 851 2627 dum
886 2570 970 2626 eis
1001 2571 1282 2643 gaudium
1312 2589 1427 2628 non
1472 2574 1705 2641 relucet,
1735 2576 1833 2647 qui
1868 2576 1926 2631 in
2035 2576 2130 2632 ille
2161 2576 2375 2631 dicitur
2394 2593 2683 2645 enarrare,
2718 2578 2817 2648 qui
2863 2594 2991 2633 eam
3042 2579 3336 2634 invenitur
3358 2579 3418 2634 in
3450 2580 3678 2636 actibus

237 2666 552 2737 perpetua
580 2677 700 2714 suae
731 2659 989 2714 tristitiae
1020 2659 1377 2715 obscuritate
1408 2662 1747 2718 manebunt.
2034 2665 2484 2720 custodire.lllos
2514 2682 2650 2737 ergo
2677 2670 2841 2720 notat
2871 2666 2970 2737 qui
3002 2683 3116 2721 non
3146 2671 3287 2721 sunt
3314 2684 3446 2723 vere
3494 2668 3680 2723 credi-

233 2757 269 2807 7
401 2752 590 2822 Super
616 2766 705 2804 me
730 2750 1085 2820 conﬁrmatus
1112 2753 1192 2803 est
1219 2751 1378 2821 furor
1406 2754 1532 2805 tuus
1563 2769 1582 2806 :
2035 2752 2171 2818 turi,
2191 2769 2439 2823 quorum
2471 2758 2673 2824 guttur
2699 2758 2789 2808 est
2818 2753 3150 2825 sepulcrum
3186 2759 3389 2825 patens
3419 2756 3677 2826 (Psal.v).

397 2842 467 2895 Et
514 2854 704 2895 omnes
733 2839 937 2907 ﬂuctus
967 2845 1087 2892 tuos
1135 2837 1410 2893 inductisti
1434 2855 1599 2910 super
1646 2856 1748 2896 me.
1800 2843 1930 2897 Dia-
2038 2842 2103 2893 13
2177 2840 2432 2912 Nunquid
2460 2849 2847 2909 cognoscentur
2876 2844 2935 2895 in
2965 2843 3199 2897 tenebris
3226 2844 3510 2898 mirabilia
3538 2852 3629 2899 tua
3661 2861 3676 2901 :

468 2927 715 2999 psalmo.
2174 2930 2241 2983 Et
2258 2930 2475 3000 justitia
2506 2933 2601 2983 tua
2630 2931 2687 2983 in
2718 2937 2865 2983 terra
2890 2930 3220 2985 oblivionis?

320 3020 364 3072 Ο
390 3015 696 3072 Putabant
724 3012 916 3068 Judaei
945 3029 1049 3085 per
1077 3014 1335 3070 furorem
1369 3015 1486 3081 Dei,
1508 3015 1712 3072 Jesum
1765 3017 1926 3072 Chri-
2106 3016 2147 3070 C
2173 3015 2443 3086 Nunquid
2501 3020 2883 3087 cognoscetur
2915 3034 2928 3071 :
2962 3016 3102 3087 quia
3151 3018 3342 3074 omnis
3399 3019 3498 3089 qui
3540 3018 3679 3075 facit

248 3112 413 3161 stum
446 3103 524 3160 ad
558 3100 824 3175 pericula
852 3100 1144 3173 passionis
1170 3102 1502 3173 pervenisse
1536 3119 1549 3156 :
1582 3103 1734 3159 sicut
1770 3106 1926 3161 dice-
2036 3108 2333 3176 peccatum
2361 3103 2482 3157 odit
2510 3103 2721 3157 lucem.
2754 3103 2794 3157 C
2822 3102 2936 3159 Nec
2952 3103 3185 3173 justitia
3215 3104 3315 3160 Dei
3364 3110 3556 3177 potest
3582 3123 3677 3163 co-

250 3191 669 3261 bant,Liheret
693 3204 830 3245 eum
864 3189 914 3243 si
948 3189 1072 3244 vult
1102 3190 1317 3261 (Matth.
1338 3192 1535 3262 xxvn).
1570 3192 1614 3246 Η
1650 3193 1755 3248 Per
1782 3195 1926 3249 ﬂuc-
1985 3263 1988 3264 ν
2036 3190 2234 3262 gnosci
2267 3190 2340 3245 ab
2387 3191 2680 3261 oppressis
2733 3191 2787 3245 in
2838 3197 3070 3246 terrena
3120 3191 3429 3258 oblivione,
3462 3193 3521 3248 id
3566 3198 3676 3264 est,

246 3282 538 3348 tus,iram
574 3278 793 3334 furoris
824 3277 952 3332 vult
972 3277 1421 3351 intelligi,quem
1444 3280 1612 3335 Pater
1632 3281 1927 3339 eﬂ’usurus
1965 3263 2008 3329 C
2038 3278 2407 3334 crassissima
2431 3278 2620 3332 cordis
2650 3278 2923 3345 caecitate,
2942 3283 2998 3332 et
3022 3279 3295 3337 vitiorum
3323 3263 3677 3339 densissima

250 3371 446 3427 uisset
472 3384 664 3440 super
696 3382 910 3422 omnes
958 3371 1183 3437 gentes.
1215 3372 1400 3438 Super
1448 3384 1540 3422 me
1589 3368 1871 3425 induxisti
1906 3387 1919 3425 :
2032 3365 2298 3437 caligine.

244 3461 349 3533 qui
392 3462 644 3531 peccata
671 3471 877 3510 eorum
912 3454 1167 3526 suscepi,
1194 3454 1345 3510 sicut
1365 3454 1502 3510 alibi
1526 3456 1608 3511 ait
1640 3474 1653 3512 :
1686 3458 1927 3530 Propter
2035 3454 2101 3507 14
2172 3455 2237 3508 Et
2264 3469 2359 3521 ego
2388 3453 2456 3507 ad
2485 3460 2555 3518 te,
2588 3455 2831 3522 Domine,
2862 3454 3097 3509 clamavi
3128 3470 3141 3508 :

240 3553 505 3622 peccata
534 3542 738 3617 populi
771 3542 887 3597 mei
918 3542 1181 3613 percussi
1211 3559 1346 3598 eum
1379 3545 1504 3614 (Isa.
1537 3547 1674 3616 Lm).
2173 3541 2237 3596 Et
2262 3558 2422 3596 mane
2448 3544 2623 3597 oratio
2650 3559 2772 3598 mea
2796 3544 3099 3613 prwueniet
3130 3551 3199 3597 te.

232 3640 266 3692 8
433 3637 622 3703 Longe
650 3632 836 3702 fecisti
866 3636 1017 3685 notos
1045 3645 1190 3685 meos
1218 3647 1252 3684 a
1280 3646 1367 3685 me
1393 3649 1412 3686 :
2102 3629 2143 3684 Ο
2172 3629 2425 3684 Dicendo
2457 3633 2673 3696 autem,
2692 3634 2749 3686 et
2776 3646 2901 3702 ego,
2923 3630 3213 3702 signiﬁcat
3237 3646 3370 3686 eum
3395 3633 3674 3691 membris

430 3723 756 3778 Posuerunt
782 3734 873 3774 me
900 3720 1368 3774 abominationem
1393 3721 1522 3775 sibi.
2031 3718 2156 3773 suis
2186 3734 2247 3772 se
2278 3716 2844 3789 clamasse,quorum
2879 3719 3007 3790 ipse
3035 3724 3209 3790 caput
3237 3720 3517 3776 est.Mane
3537 3737 3678 3794 quo-

230 3815 265 3868 9
438 3809 701 3867 Traditus
727 3824 850 3863 sum
880 3813 936 3862 et
963 3822 1068 3861 non
1097 3807 1417 3876 egrediebar
1446 3824 1460 3862 :
2032 3822 2143 3877 que
2173 3805 2316 3860 dixit
2346 3806 2688 3878 praevenisse
2735 3808 3057 3862 orationem
3106 3823 3274 3862 suam
3305 3825 3323 3861 :
3355 3824 3490 3864 cum
3539 3813 3673 3866 ante

429 3899 600 3955 Oculi
627 3899 742 3952 mei
769 3896 1105 3965 languerunt
1127 3910 1250 3966 prae
1279 3897 1484 3967 inopia.
2032 3893 2217 3948 multa
2247 3894 2457 3949 saecula
2482 3895 2715 3965 petebat
2745 3894 3015 3962 Ecclesia,
3048 3911 3175 3965 qua:
3200 3896 3392 3950 adhuc
3435 3913 3672 3969 exspec-

234 3992 303 4045 10
429 3986 699 4044 Clamavi
728 3983 801 4039 ad
829 3991 902 4049 te,
937 3984 1180 4050 Domine,
1212 3986 1323 4038 tota
1353 3983 1442 4039 die
1472 4000 1485 4039 :
2027 3986 2225 4037 tamus
2255 3998 2382 4037 esse
2410 3982 2802 4037 ventura.Non
2832 3999 2966 4037 vero
2987 3982 3070 4037 sic
3090 3981 3669 4055 intelligamus,quod

426 4073 694 4146 Expandi
724 4071 797 4127 ad
827 4079 877 4126 te
902 4078 1108 4125 nanus
1133 4087 1301 4126 meas.
2030 4070 2214 4127 oratio
2243 4070 2491 4141 gratiam
2522 4070 2621 4124 Dei
2666 4070 2976 4141 praeveniat
3007 4087 3020 4124 :
3054 4069 3193 4140 quia
3237 4076 3295 4124 et
3336 4072 3492 4141 quod
3541 4089 3670 4127 ora~

301 4169 348 4223 C
382 4166 573 4221 Notos
605 4161 765 4217 enim
802 4158 1103 4231 apostolos
1134 4157 1515 4230 appellat.llle
1544 4160 1700 4215 enim
1720 4177 1923 4217 omnes
2030 4174 2184 4225 mus,
2216 4175 2286 4213 ex
2309 4158 2496 4228 gratia
2524 4162 2631 4212 est.

233 4262 418 4313 notos
452 4249 669 4307 habuit
702 4265 773 4304 ex
803 4246 1130 4314 divinitate,
1161 4246 1288 4318 ipse
1330 4252 1526 4302 autem
1577 4248 1868 4304 sciebatur
1891 4266 1925 4305 a
2032 4246 2100 4299 15
2176 4245 2391 4317 thuid,
2422 4247 2667 4312 Domine,
2701 4246 2922 4316 repellis
2952 4246 3249 4303 orationem
3276 4261 3455 4301 meam
3482 4265 3501 4301 :

231 4343 474 4416 paucis.
512 4339 619 4395 Isti
651 4353 796 4410 ergo
828 4333 951 4390 noti
991 4333 1325 4406 specialiter
1364 4333 1535 4405 longe
1581 4335 1716 4390 facti
1759 4340 1919 4405 sunt,
2171 4335 2380 4388 Avertis
2407 4335 2605 4403 faciem
2633 4340 2784 4387 tuam
2808 4339 2863 4399 σξη
2907 4350 2942 4387 a
2968 4350 3055 4387 me
3098 4339 3111 4396 ζ
3157 4374 3170 4386 .

233 4439 298 4489 ut
331 4437 430 4489 est
462 4428 764 4498 scriptum
790 4441 805 4479 :
834 4422 1163 4479 Percutiam
1198 4426 1576 4494 pastorem,et
1595 4424 1925 4497 dispergen-
2101 4424 2140 4477 C
2174 4421 2392 4492 Repelli
2424 4426 2702 4492 putamus
2731 4421 3050 4476 orationem
3102 4425 3385 4488 nostram,
3417 4426 3475 4477 et
3503 4438 3670 4478 aver-

233 4525 332 4577 tur
363 4534 510 4577 oves
540 4513 745 4589 gregis
777 4511 969 4585 (Zach.
996 4511 1141 4581 xm).
1176 4510 1239 4565 In
1274 4510 1771 4567 abominationem
1794 4529 1923 4567 vero
2030 4513 2151 4564 tere
2183 4510 2364 4565 Deum
2390 4510 2594 4565 faciem
2619 4526 2653 4563 a
2672 4508 3102 4580 nobis,quando
3120 4513 3252 4563 vota
3273 4512 3474 4564 nostra
3491 4508 3671 4566 distu-

237 4610 477 4682 positus
505 4612 599 4661 est
626 4610 797 4669 tunc,
831 4599 1078 4672 quando
1107 4599 1383 4655 crucifixo
1431 4598 1700 4654 dicebant
1729 4616 1742 4653 :
1775 4600 1920 4667 Vah,
1954 4622 2002 4684 υ
2030 4598 2161 4653 lerit
2192 4615 2207 4653 :
2237 4603 2295 4653 et
2324 4599 2590 4669 quamvis
2622 4597 2717 4651 ille
2740 4596 2906 4651 utilia
2926 4596 3116 4664 faciat,
3148 4612 3253 4651 nos
3274 4601 3468 4652 tamen
3489 4596 3671 4653 dilata

243 4698 343 4769 qui
377 4692 652 4752 destruis
683 4688 981 4761 templum
1013 4686 1111 4741 Dei
1146 4687 1534 4759 (Matth.xxvu)
1560 4703 1571 4741 :
1602 4692 1659 4742 et
1687 4687 1921 4745 similia.
2035 4687 2287 4758 graviter
2307 4686 2690 4742 contristent:
2716 4686 2868 4757 quod
2891 4701 2958 4739 ex
2978 4700 3227 4756 persona
3248 4689 3567 4756 martyrum
3589 4685 3671 4741 di-

303 4788 348 4843 C
378 4782 673 4841 Traditus
703 4783 796 4835 est
828 4793 862 4832 a
883 4775 1043 4832 Juda
1063 4775 1402 4831 cohortibus
1423 4775 1764 4831 insanorum
1791 4794 1804 4827 r
1828 4794 1918 4831 ve-
2032 4778 2190 4828 ctum
2221 4791 2337 4830 non
2363 4774 2830 4829 inconvenienter
2857 4771 3262 4844 accipitur,qui
3283 4771 3499 4827 talibus
3518 4772 3669 4829 desi-

241 4879 577 4932 rumtamen
612 4885 737 4925 non
767 4870 858 4921 est
888 4880 1185 4937 egressus,
1219 4864 1451 4935 quando
1481 4863 1724 4920 minime
1763 4865 1916 4936 quod
2031 4861 2208 4917 deriis
2237 4863 2298 4917 in
2327 4864 2436 4918 hoc
2459 4864 2677 4918 mundo
2708 4861 3046 4934 fatigantur.

240 4962 575 5034 praevaleret
607 4955 901 5019 ostendit,
934 4952 995 5007 id
1024 4953 1384 5023 est,quando
1418 4952 1691 5007 deitatem
1724 4951 1918 5007 occul—
2028 4949 2096 5005 16
2168 4952 2387 5022 Pauper
2432 4968 2555 5006 sum
2584 4967 2699 5020 ego,
2732 4959 2782 5005 et
2814 4952 2872 5004 in
2932 4949 3207 5004 laboribus
3235 4966 3271 5003 a
3290 4949 3576 5019 juventute
3597 4956 3653 5015 εξ-

242 5049 663 5118 tabat.Sive,de
688 5041 974 5101 custodia
995 5057 1110 5095 non
1136 5043 1226 5096 est
1245 5040 1920 5113 egressus.Languerunt
2237 5056 2360 5095 mea
2404 5046 2415 5103 ;
2464 5056 2477 5095 :

245 5141 406 5209 oculi,
434 5141 493 5197 id
520 5142 618 5198 est
648 5130 942 5209 apostoli.
976 5128 1094 5183 Prae
1121 5128 1339 5201 inopia,
1373 5145 1510 5199 quia
1540 5129 1789 5184 necdum
1822 5144 1915 5183 ac-
2110 5146 2121 5151 ί
2168 5128 2451 5181 Επαιιαιιις
2478 5135 2658 5182 autem
2701 5126 3025 5182 humiliatus
3073 5141 3194 5180 sum
3220 5130 3272 5181 et
3300 5125 3665 5181 conturbatus.

239 5236 505 5305 ceperunt
538 5226 841 5302 spiritum
872 5221 1150 5305 sanctum
1184 5233 1197 5272 :
1231 5216 1431 5287 inopia
1475 5216 1687 5272 dicitur
1714 5233 1750 5271 a
1779 5233 1917 5272 con-
2031 5302 2039 5305 _
2095 5214 2137 5269 Ο
2168 5215 2390 5285 Pauper
2418 5232 2549 5269 sum
2581 5231 2709 5305 ego,
2740 5215 2848 5305 hoc
2871 5214 3076 5305 merito
3106 5214 3246 5268 dicit
3265 5213 3668 5305 Ecclesia.quaa

238 5302 418 5391 trario,
455 5319 560 5378 ubi
592 5312 776 5374 nulla
809 5312 909 5366 est
939 5304 1123 5377 capia.
2026 5302 2083 5356 in
2119 5307 2455 5373 panpertate
2480 5302 2687 5391 mundi
2729 5306 2786 5356 et
2827 5302 3126 5391 laboribus
3151 5318 3185 5355 a
3214 5318 3322 5391 sua
3360 5302 3668 5391 juventute

288 5412 329 5470 ο
351 5387 617 5469 clamavi
654 5403 735 5459 ad
770 5406 856 5464 te,
891 5393 1156 5461 Domine,
1180 5397 1303 5449 tota
1324 5392 1418 5448 die
1450 5410 1463 5448 ε
1496 5393 1592 5448 hic
1621 5392 1917 5449 distinctio
2029 5391 2322 5461 fatigatur.
2355 5390 2653 5446 Exaltatus
2685 5407 2698 5444 :
2732 5390 2965 5460 quando
2993 5388 3242 5459 quisque
3281 5387 3539 5443 fidelium
3573 5402 3667 5440 res

206 5505 302 5559 Est
327 5500 634 5577 ponenda,
673 5496 746 5549 ut
784 5489 915 5543 ista
943 5481 1306 5578 continuatio
1337 5481 1516 5578 totius
1545 5481 1658 5578 diei
1790 5496 1915 5536 ora-
2026 5478 2316 5578 humanas
2344 5480 2570 5534 tumido
2591 5480 2763 5578 corde
2783 5475 3377 5578 qogiEatﬂumiliatus

202 5559 513 5651 lienemﬁet
548 5559 889 5646 bonorum
922 5574 1163 5626 actuum
1196 5585 1346 5641 opus
1373 5570 1582 5625 debeat
1604 5567 1914 5639 pertinere.
2024 5567 2448 5623 confessionem
2479 5567 2760 5640 pervenit.
2793 5565 3083 5620 Confusus
3116 5582 3129 5619 :
3161 5579 3292 5618 cum
3345 5559 3501 5616 mala
3535 5574 3664 5631 quas

180 5664 459 5764 Εχραηάί
493 5688 737 5740 manus
778 5686 795 5726 :
834 5675 955 5739 per
985 5672 1401 5734 manus,opera
1426 5657 1581 5716 bona
1604 5654 1730 5714 vult
1755 5654 1917 5714 intel-
2023 5654 2203 5731 gessit
2231 5654 2290 5714 in
2322 5656 2661 5731 paanitentia
2690 5653 3004 5713 damnavit.
