3922 6428
374 378 498 438 327
1297 372 1363 435 S.
1409 368 1806 435 BRUNONIS
1852 363 2473 432 HEBBIPOLENSIS
2515 363 2894 429 EPISCOPI.
3678 358 3794 423 .328

374 514 441 566 17
518 513 577 565 tu
604 525 692 564 me
722 507 1067 564 transierunt
1097 506 1202 564 ira:
1232 511 1346 564 tua:
1376 526 1393 561 :
2066 503 2120 569 Α
2152 501 2187 555 4
2293 501 2555 571 Disposui
2583 505 2966 557 testamentum
2991 497 3173 555 electis
3206 496 3376 564 meis;
3400 494 3603 568 juravi
3645 492 3800 550 David

517 601 579 654 Et
607 606 840 654 terrores
869 598 953 652 tui
980 597 1445 652 conturbauerunt
1469 612 1576 652 me.
2360 605 2517 645 servo
2542 604 2665 646 meo
2698 605 2711 644 :

445 688 488 745 C
520 685 767 743 Pulchre
786 684 1007 741 dictum
1030 685 1506 753 est,transierunt
1532 702 1544 741 :
1570 683 1709 758 quia
1732 700 1848 740 non
1872 699 2037 739 man-
2292 680 2465 750 Usque
2494 680 2555 735 in
2583 682 2859 735 aeternum
2886 678 3216 751 praebarabo
3242 691 3425 734 semen
3455 682 3630 731 tuum.

374 794 547 833 surae.
579 775 726 831 Nam
758 774 992 847 quando
1020 773 1208 831 ﬁdelis
1239 791 1301 831 se
1341 774 1571 848 affligit,
1603 774 1753 829 iram
1809 772 2035 829 Domini
2216 767 2261 823 H
2290 767 2566 840 Disposui
2603 771 3025 823 testamentum
3068 764 3291 833 electis,
3321 764 3379 820 id
3409 767 3526 830 est,
3562 762 3796 818 doctori-

374 866 696 937 castigatus
726 862 1214 920 evadit.Terrores
1242 880 1375 920 vero
1399 864 1537 920 dicit
1557 862 1785 919 venturi
1799 860 2031 934 judicii,
2143 856 2256 912 bus
2290 856 2682 912 Ecclesiarum
2707 872 2721 911 :
2748 861 2814 911 ut
2833 855 3190 928 acquisitum
3222 871 3324 927 per
3345 852 3602 927 gratiam
3631 868 3799 924 popu-

375 971 526 1027 quos
555 953 749 1009 omnis
792 968 923 1008 caro
972 952 1264 1025 peccatrix
1313 952 1651 1008 formidabit
1676 951 1736 1006 in
1760 950 1989 1024 judicio
2018 967 2030 1006 :
2142 944 2267 1001 lum
2300 947 2548 1002 doceant
2574 944 2662 1001 vel
2692 944 3030 1002 informant.
3061 946 3103 1000 C
3126 943 3295 1000 Jurat
3322 958 3458 999 vero
3474 940 3800 1014 justissima

374 1044 476 1100 sed
508 1041 684 1099 etiam
713 1041 851 1097 boni
883 1043 943 1097 in
973 1040 1082 1097 hac
1110 1041 1230 1097 vita
1260 1041 1731 1114 perhorrescunt.
2142 1035 2319 1103 Deus,
2354 1052 2488 1090 cum
2521 1052 2630 1090 suo
2652 1036 2789 1107 jure
2820 1034 3111 1107 promittit
3140 1032 3375 1089 omnia:
3402 1030 3633 1103 juravit
3651 1029 3798 1086 enim

377 1134 443 1188 18
518 1131 1018 1187 Circumdederunt
1042 1147 1129 1187 me
1158 1132 1305 1187 sicut
1332 1147 1476 1203 aqua
1504 1135 1615 1187 tota
1643 1130 1732 1186 die
1765 1146 1778 1184 :
2143 1124 2421 1194 dicimus,
2445 1125 2582 1196 jure
2613 1123 2823 1193 oravit,
2853 1122 2911 1179 id
2946 1127 3057 1191 est,
3082 1122 3246 1194 juste
3289 1120 3527 1176 locutus
3574 1122 3682 1174 est.
3711 1116 3802 1173 Ju-

517 1219 1007 1278 Circumdederunt
1034 1220 1333 1276 mesimul.
2139 1218 2233 1268 rat
2263 1229 2498 1287 quoque
2533 1218 2591 1268 et
2639 1212 2770 1268 ideo
2812 1212 2977 1284 juste
3024 1210 3179 1267 Deus
3209 1228 3222 1266 :
3256 1208 3395 1282 quia
3443 1207 3605 1280 quod
3649 1206 3802 1278 jurat

441 1316 481 1367 ο
509 1309 1031 1368 Circumdederunt
1062 1325 1156 1365 me
1183 1327 1196 1365 :
1229 1309 1433 1381 utique
1481 1308 1693 1365 delicta
1723 1325 1851 1381 quae
1885 1307 2032 1381 legis
2140 1317 2373 1374 semper
2404 1305 2599 1375 potest
2626 1299 2893 1374 implere,
2927 1300 3103 1357 homo
3132 1316 3266 1356 vero
3284 1300 3446 1371 juste
3468 1294 3801 1369 prohibetur

369 1403 425 1457 et
455 1397 748 1472 Evangelii
780 1397 1145 1454 districtione
1171 1397 1763 1464 damnantur,merito
1794 1413 2032 1470 quoque
2129 1390 2334 1461 jurare
2366 1388 2815 1462 veljuramento
2857 1390 3221 1462 promittere,
3255 1386 3395 1460 quia
3442 1402 3564 1441 non
3612 1388 3702 1440 est
3744 1383 3799 1438 in

368 1488 539 1561 aquis
568 1491 908 1569 comparata
936 1491 1095 1557 sunt,
1122 1504 1252 1560 quae
1282 1504 1392 1545 nos
1425 1486 1834 1560 copiosissima
1862 1486 2033 1542 inun-
2137 1483 2424 1551 potestate
2453 1495 2581 1569 sua
2614 1478 2771 1569 quod
2804 1476 3112 1569 pollicetur
3154 1478 3404 1569 el‘iicere.
3440 1474 3797 1569 Praeparatus

368 1578 602 1663 datione
631 1561 1012 1633 concludunt.
2138 1584 2374 1641 quoque
2403 1572 2494 1624 est
2523 1567 2813 1635 Christus,
2848 1567 2950 1640 qui
2981 1584 3051 1624 ex
3080 1566 3304 1624 semine
3347 1563 3533 1620 David
3584 1561 3796 1634 origine

368 1654 437 1722 li)
508 1668 789 1737 Elongasti
815 1684 849 1722 a
878 1682 965 1722 me
994 1668 1234 1722 amicum
1262 1675 1313 1723 et
1340 1668 1657 1740 proximum
1690 1683 1703 1722 ;
2137 1657 2331 1714 carnis
2361 1656 2685 1724 descendit,
2714 1673 2903 1729 usque
2940 1656 3002 1713 in
3051 1662 3333 1712 aeternum
3364 1654 3488 1711 Rex
3514 1667 3716 1740 regum
3745 1654 3796 1705 et

509 1757 575 1812 Et
603 1760 756 1812 notos
784 1772 925 1811 meos
954 1772 989 1811 a
1018 1757 1262 1811 miseria.
1342 1739 1351 1740 ί
2137 1746 2423 1803 Dominus
2450 1746 2884 1803 dominantium
2917 1744 3100 1819 (Apoc.
3114 1744 3228 1816 XIX)
3256 1761 3269 1800 :
3295 1742 3455 1815 quod
3479 1739 3791 1799 secundum

437 1845 494 1945 C.
510 1844 754 1945 Amicos
774 1844 919 1945 dicit
946 1861 960 1901 :
994 1845 1102 1945 qui.
1128 1844 1391 1945 honestis
1435 1844 1651 1901 studiis
1701 1843 2025 1945 moirum‘in
2055 1878 2104 1945 Β
2137 1834 2569 1945 humanitme
2618 1834 2871 1945 intelligi
2923 1838 3168 1945 oportet.
3201 1831 3659 1945 ‘HVeL‘e-e-meu:
3688 1844 3791 1945 pﬁn

367 1934 598 1992 civitate
627 1933 923 2006 conjuncti
972 1916 1144 2001 sunt;
1178 1933 1475 2005 proximos
1519 1950 1675 2004 vero,
1709 1933 1808 2006 qui
1857 1933 2026 1990 nobis
2055 1916 2104 1945 ⁸³
2136 1923 2327 1981 solum
2359 1924 2632 1981 Christus
2662 1927 2771 1991 est,
2799 1928 2997 1997 caput,
3032 1922 3135 1981 sed
3166 1926 3225 1979 et
3253 1919 3527 1977 membra
3557 1916 3789 1987 sua,sci-

366 2022 675 2097 parentalia
706 2022 912 2079 ordine
941 2022 1281 2081 sortiantur.
1324 2023 1525 2090 Notos,
1558 2023 1660 2095 qui
1693 2039 1798 2078 nec
1828 2022 2022 2090 amici,
2133 2014 2269 2071 licet
2298 2014 2602 2070 credentes
2634 2013 2695 2069 in
2726 2030 2884 2069 eun).

364 2130 474 2170 nec
500 2111 751 2185 proximi
782 2115 941 2179 sunt,
960 2112 1063 2168 sed
1094 2110 1222 2169 sola
1243 2111 1467 2168 visione
1495 2112 1584 2167 vel
1616 2111 1888 2184 Opinione
1918 2128 2025 2185 nos
2132 2105 2169 2159 5
2277 2103 2342 2158 Et
2366 2102 2655 2175 «rdiﬁwbo
2686 2104 2747 2158 in
2775 2104 3132 2175 generatione
3158 2109 3211 2159 et
3234 2101 3676 2173 generationem:

362 2183 729 2258 didicerunt:
750 2218 877 2273 qua:
908 2218 1125 2274 genera
1153 2200 1462 2257 hominum
1496 2183 1831 2274 frequenter
1853 2183 2024 2274 longe
2273 2192 2469 2249 sedem
2494 2200 2666 2247 tuam-
2696 2193 3046 2264 ὒίαρεαιηια.

361 2291 501 2348 fecit
530 2309 565 2348 a
596 2291 869 2347 fidelibus
899 2290 1214 2346 formidata
1242 2291 1442 2363 passio
1468 2290 1553 2347 vel
1585 2290 1912 2348 calamitas.
2203 2286 2246 2337 0
2274 2282 2344 2337 Et
2371 2281 2669 2337 aedificabo
2703 2297 2716 2336 ἕ
2751 2280 2868 2336 ista
2892 2278 3237 2353 pollicitatio
3260 2278 3332 2335 ad
3356 2278 3658 2336 Christum
3678 2290 3791 2348 per-

2134 2370 2303 2439 tinet,
2337 2371 2507 2426 sedes
2555 2370 2712 2426 enim
2763 2371 2894 2441 ejus
2942 2373 3034 2426 est
3078 2368 3273 2425 omnis
3327 2372 3595 2435 sanctus,
3630 2378 3788 2438 quem

2132 2458 2302 2532 quasi
2333 2456 2886 2531 splendidissimum
2917 2457 3195 2515 thronum
3218 2474 3327 2513 sua
3346 2457 3543 2530 gratia
3562 2453 3780 2511 insidet.

2132 2549 2179 2605 Η
2209 2547 2311 2604 Vel
2341 2547 2613 2603 Thronus
2645 2548 2775 2621 ejus
2806 2546 3064 2604 Ecclesia
3092 2550 3182 2603 est
3214 2564 3227 2601 :
3259 2545 3321 2603 in
3364 2562 3486 2618 qua
3528 2543 3782 2601 Christus

2130 2637 2294 2694 sedet
2323 2636 2384 2693 in
2413 2641 2783 2708 aeternum,et
2802 2637 3007 2693 eadem
3038 2636 3328 2693 sententia
3356 2639 3447 2693 est
3478 2649 3614 2691 cum
3640 2630 3779 2706 prio-

2130 2743 2212 2798 re,
2245 2725 2379 2781 licet
2409 2726 2532 2781 sint
2560 2724 2675 2781 alia
2703 2725 2901 2782 verba.

2127 2827 2164 2880 6
2274 2824 2685 2897 Conﬁtebuntur
2711 2822 2836 2879 caeli
2861 2824 3145 2881 mirabilia
3176 2833 3293 2889 tua,
3323 2824 3556 2880 Domine
3584 2839 3605 2880 :

2270 2916 2486 2971 Etenim
2512 2915 2798 2969 veritatem
2827 2921 2981 2969 tuam
3009 2915 3071 2969 in
3099 2913 3333 2968 Ecclesia
3364 2920 3693 2969 sanctorum.

2198 3004 2240 3061 C
2269 3004 2719 3061 Confitebuntur
2738 3002 2868 3059 caeli
2892 3019 2905 3059 :
2931 3003 3033 3075 qui
3056 3005 3196 3059 sunt
3214 3002 3333 3058 veri
3356 3002 3771 3074 praedicatores,

789 2407 995 2445 ORATIO
1034 2407 1104 2445 EX
1144 2407 1303 2445 PSAL.
1347 2407 1589 2447 LXXXVII.

350 2524 359 2533 ι
430 2489 785 2562 Redemptor
802 2487 1539 2561 omnium,inell'abilisque
1569 2488 1779 2544 salutis
1809 2493 2021 2544 nostra:

360 2579 517 2634 Deus
550 2595 565 2634 :
598 2577 699 2650 qui
733 2594 837 2650 pro
868 2576 1039 2633 nobis
1079 2576 1311 2635 inferna
1358 2582 1691 2649 penetrans,
1722 2578 1911 2633 factus
1957 2593 2021 2633 es

360 2667 512 2723 inter
539 2670 802 2722 mortuos
827 2664 993 2733 liber,
1017 2665 1228 2721 exaudi
1261 2665 1611 2721 matutinum
1641 2666 1877 2722 familia
1908 2670 2020 2721 tum

361 2771 618 2828 precem,
647 2759 706 2809 et
733 2770 871 2810 erue
901 2770 1008 2809 nos
1038 2754 1113 2809 ab
1144 2752 1368 2808 inimici
1401 2753 1736 2810 insidiantis
1764 2754 2021 2828 pessima

359 2843 659 2900 servitute.
692 2842 799 2909 Qui
830 2858 966 2898 cum
996 2841 1161 2898 Patre
1193 2846 1251 2897 et
1280 2841 1442 2911 Filio,
1476 2848 1585 2899 etc.
1644 2860 1651 2869 ί

834 2956 1166 3013 'PSALMUS
1206 2955 1546 3014 LXXXVIII.

714 3080 1120 3121 “6””va
1161 3082 1314 3122 "At"
1352 3082 1657 3121 Lxmvn"
2127 3092 2367 3165 quantis
2391 3090 2691 3148 miraculis
2731 3091 3018 3149 Dominus
3059 3090 3349 3148 mundum
3395 3087 3773 3147 administrat.

430 3184 471 3237 C
497 3180 619 3238 Vox
650 3180 1376 3247 fidelium,misericordias
1406 3180 1637 3238 Domini
1670 3182 2017 3255 potentiam-
2072 3252 2100 3255 _
2128 3183 2199 3238 Et
2224 3181 2530 3238 veritatem
2553 3182 2682 3253 ejus
2716 3198 2730 3237 :
2765 3180 2906 3254 quia
2933 3180 3191 3238 Verbum
3240 3196 3374 3237 caro
3418 3179 3638 3237 factum
3674 3179 3773 3239 est,

356 3287 471 3344 que
496 3270 889 3329 laudantium.
1670 3252 1689 3255 ἡ
2058 3252 2102 3320 C
2128 3275 2188 3328 et
2216 3270 2502 3327 habitavit
2529 3252 2596 3326 in
2614 3252 2821 3327 nobis:
2848 3269 3349 3337 conﬁtentur,non
3372 3268 3594 3341 ubique
3617 3263 3781 3348 (sicut

688 3361 803 3415 TT.
834 3360 1148 3417 Intellectus
1182 3360 1361 3416 Kthan
1393 3361 1679 3417 Israelita.
2129 3358 2424 3417 mirabilia
2453 3363 2582 3427 sua)
2614 3358 2716 3416 sed
2749 3359 2809 3414 in
2840 3357 3098 3417 Ecclesia
3140 3362 3505 3427 sanctorum,
3536 3355 3635 3413 ubi
3664 3366 3775 3410 cre-

425 3449 467 3505 C
496 3449 687 3505 Ethan
737 3448 1155 3520 interpretatur
1204 3451 1479 3506 robustus.
1516 3449 1796 3518 Israelita,
1830 3451 2019 3509 videns
2127 3449 2287 3505 ditur
2311 3447 2525 3505 veritas
2554 3446 2881 3521 impleta,et
2912 3449 3170 3505 Verbum
3201 3463 3337 3504 caro
3363 3443 3653 3504 factumﬂ
3681 3436 3773 3496 Vel

353 3539 541 3594 Deum.
577 3538 648 3593 Et
679 3535 818 3609 quia
849 3536 1114 3609 psalmus
1141 3537 1251 3593 iste
1281 3542 1407 3594 erat
1447 3536 1652 3595 Iaudes
1682 3544 1739 3595 et
1767 3540 2017 3613 promis-
2128 3536 2377 3611 apostoli
2406 3537 2728 3610 praedicant
2756 3536 3053 3594 mirabilia
3071 3537 3132 3594 in
3149 3536 3363 3594 Christi
3384 3531 3774 3594 Incamatione

355 3626 553 3684 siones
584 3625 686 3682 Dei
721 3629 1088 3694 narraturus,
1122 3625 1252 3681 ideo
1286 3625 1369 3682 illi
1403 3625 1519 3682 tale
1550 3643 1762 3684 nomen
1792 3633 1881 3685 est
1910 3647 2018 3703 ap-
2127 3631 2185 3685 et
2213 3628 2488 3701 passione
2514 3632 2773 3696 ostensa,
2806 3631 2865 3684 et
2895 3644 3023 3701 quis
3056 3643 3160 3701 per
3188 3642 3326 3683 eum
3357 3626 3511 3683 facta
3537 3625 3691 3692 sunt,
3718 3618 3772 3673 in

358 3713 650 3787 positum,
682 3716 748 3770 ut
778 3712 1038 3769 fidelium
1084 3714 1393 3771 verborum
1425 3714 1709 3773 indicaret
1738 3717 2023 3776 immuta-
2128 3717 2580 3791 congregatione
2611 3721 2973 3775 sanctorum.

354 3802 532 3862 bilem
565 3802 925 3859 firmitatem.
2272 3808 2545 3875 Quoniam
2574 3808 2698 3879 quis
2724 3808 2785 3862 in
2813 3805 3055 3864 nubibus
3083 3808 3398 3879 aequabitur
3424 3805 3652 3864 Domino
3681 3815 3695 3855 :

355 3892 381 3949 I
496 3889 898 3949 Misericordia:
926 3894 1151 3949 Domini
1180 3911 1200 3948 :
1474 3954 1489 3973 ο
2269 3896 2488 3953 Similis
2517 3897 2626 3952 erit
2653 3896 2882 3953 Domino
2911 3898 2975 3953 in
3004 3897 3141 3967 ﬁliis
3165 3896 3300 3953 Dei?

499 3982 555 4037 1η
586 3988 863 4039 aeternum
890 3982 1142 4037 cantabo.
2197 3984 2240 4042 C
2271 3986 2469 4042 Nubes
2493 4001 2507 4041 :
2533 3985 3104 4059 propheta,apostoli
3120 3990 3179 4043 et
3198 3985 3604 4058 praedicatores
3624 3980 3770 4045 sunt,

424 4070 470 4128 H
503 4070 641 4128 Illas
670 4070 828 4127 enim
862 4070 1539 4145 misericordias,quibus
1570 4073 1871 4134 hominem
1890 4094 2019 4151 pec.
2127 4074 2230 4147 qui
2262 4090 2365 4148 per
2393 4073 2678 4147 Spiritum
2718 4078 2990 4133 sanctum
3040 4074 3288 4149 pQulos
3336 4070 3768 4146 compluebant;

350 4164 480 4217 cato
513 4164 813 4216 mortuum
844 4159 1080 4217 visitare
1101 4160 1379 4235 dignatus
1409 4178 1472 4219 es
1493 4178 1597 4235 per
1624 4164 2019 4237 Filium,sem-
2127 4164 2231 4221 sed
2262 4168 2461 4221 tamen
2493 4168 2660 4221 erant
2688 4164 2921 4222 obnoxii
2951 4166 3012 4221 in
3042 4164 3168 4239 lege
3215 4163 3454 4237 peccati.
3488 4164 3603 4219 Nec
3633 4160 3774 4214 inter

352 4266 454 4322 per
482 4250 752 4308 cantabo.
2126 4252 2279 4312 ﬁlios
2308 4254 2433 4323 Dei,
2464 4254 2522 4309 id
2553 4258 2644 4312 est
2682 4259 2940 4324 sanctos,
2973 4255 3164 4326 potuit
3209 4253 3424 4310 habere
3474 4247 3767 4324 aequalem-

348 4342 386 4394 2
493 4340 553 4395 In
586 4340 942 4408 generatione
972 4346 1023 4396 et
1051 4341 1403 4409 generatione
1434 4358 1453 4399 :
2127 4344 2415 4411 Quoniam
2439 4341 2539 4400 ille
2568 4360 2672 4417 per
2697 4348 2970 4400 naturam
3000 4348 3090 4400 est
3109 4342 3295 4401 Filius
3321 4341 3422 4399 Dei
3452 4356 3466 4398 :
3491 4335 3675 4399 sancti
3692 4347 3774 4390 ve-

490 4428 844 4485 Annuntiabo
870 4430 1162 4486 veritatem
1191 4437 1345 4487 tuam
1372 4431 1430 4486 in
1462 4446 1554 4487 ore
1580 4449 1716 4489 meo.
2127 4449 2192 4491 ro
2222 4450 2326 4507 per
2347 4431 2622 4505 gratiam,
2654 4431 2765 4489 iste
2809 4433 2939 4489 sine
2985 4432 3182 4505 aliquo
3228 4434 3465 4506 peccato
3499 4448 3514 4487 :
3541 4425 3636 4485 isti
3679 4434 3774 4496 per

368 4558 371 4559 ν
419 4517 464 4575 C
492 4517 556 4574 In
588 4518 961 4591 generatione
987 4522 1041 4574 et
1072 4520 1446 4591 generatione
1479 4536 1493 4576 :
1528 4521 1677 4577 duos
1722 4521 2019 4595 signiﬁcat
2127 4522 2325 4597 ipsum
2352 4539 2388 4579 a
2415 4525 2653 4595 peccato
2684 4522 3011 4594 probantur
3034 4521 3215 4578 exuti.

346 4606 617 4681 populos,
647 4606 986 4678 Judaicum,
1018 4607 1325 4677 scilicet,et
1352 4607 1635 4681 gentilem
1670 4626 1683 4666 :
1709 4610 1926 4682 quibus
1956 4630 2019 4670 se
2051 4628 2097 4695 ι)
2128 4615 2164 4669 8
2271 4613 2412 4669 Deus
2441 4613 2539 4684 qui
2565 4612 2913 4684 gloriﬁcatur
2935 4613 2998 4668 in
3024 4612 3255 4669 consilio
3286 4617 3596 4666 sanctorum
3622 4621 3644 4661 :

344 4696 648 4754 veritatem
699 4697 1217 4769 pronuntiaturum
1266 4713 1397 4754 esse
1442 4700 1711 4754 testatur.
1746 4699 1817 4757 Et
1866 4701 2015 4760 bene
2051 4690 2087 4695 ﬁ
2268 4703 2499 4771 Magnus
2527 4705 2580 4758 et
2611 4702 2878 4759 terribilis
2901 4716 3066 4774 super
3093 4716 3278 4758 omnes
3306 4701 3406 4772 qui
3445 4700 3505 4756 in
3544 4690 3773 4755 circuitu

344 4786 565 4843 dictum
587 4785 764 4853 est,in
795 4801 896 4842 ore
926 4802 1055 4842 meo
1081 4802 1094 4841 :
1129 4784 1268 4856 quia
1297 4784 1455 4856 quod
1487 4801 1585 4841 ore
1616 4788 2011 4861 progreditur,
2335 4790 2455 4862 ejus
2482 4798 2631 4847 sunt.

345 4875 461 4931 cito
492 4873 789 4931 delabitur
820 4892 833 4930 :
865 4873 1024 4946 quod
1056 4889 1190 4930 vero
1221 4873 1283 4930 in
1316 4890 1414 4930 ore
1462 4879 1750 4941 versatur,
1783 4877 2015 4937 diutina
2196 4879 2243 4936 H
2273 4879 2314 4935 C
2345 4879 2474 4952 Ipse
2516 4878 2674 4936 enim
2720 4880 3028 4950 Dominus,
3063 4880 3164 4954 qui
3212 4877 3559 4953 praedicatur
3581 4891 3616 4931 a
3642 4883 3772 4927 san-

343 4964 673 5022 celebratur
728 4962 1053 5020 devotione.
1086 4962 1132 5018 II
1160 4961 1387 5020 Veritas
1436 4962 1538 5021 illa
1584 4964 1849 5024 Christus
1899 4973 2012 5037 est,
2122 4969 2254 5038 etis,
2287 4984 2542 5040 magnus
2589 4968 2825 5038 dicitur,
2869 4970 3026 5043 quod
3074 4970 3231 5026 Deus
3277 4971 3369 5025 est
3401 4984 3416 5024 :
3443 4958 3714 5023 terribilis
3735 4968 3773 5043 _a

346 5053 468 5108 sive
499 5051 920 5123 promissiones
953 5051 1076 5108 Dei.
2122 5061 2411 5131 potestate
2442 5040 2915 5128 mirabili.Quiin
2937 5058 3184 5116 circuitu
3212 5058 3344 5129 ejus
3373 5058 3550 5114 sunt:
3573 5040 3769 5108 sancti.

344 5141 381 5199 3
455 5140 730 5208 Quoniam
758 5142 953 5200 dixisti
984 5160 1002 5195 :
1036 5141 1097 5197 In
1126 5149 1399 5201 aeternum
1428 5145 1811 5204 misericordia
1837 5148 2013 5221 sedi/i-
2121 5146 2365 5215 scilicet,
2399 5147 2499 5220 qui
2532 5148 2685 5205 dono
2715 5147 2906 5220 ipsius
2936 5150 3067 5220 ejus
3104 5146 3305 5222 gratiae
3356 5140 3768 5220 proximantem

525 5228 747 5284 cabitur
778 5248 792 5287 :
2117 5237 2249 5294 vita:
2281 5237 2619 5294 innocentia
2646 5243 2703 5294 et
2729 5239 3060 5295 sanctitate.

451 5317 517 5373 In
544 5316 695 5371 ewlis
720 5321 1133 5391 prwparabitur
1159 5322 1359 5378 veritas
1390 5329 1486 5378 tua
1506 5315 1592 5394 05$-
1613 5326 1673 5381 in
1702 5327 1782 5383 eis
1822 5333 1836 5394 ζ
1882 5370 1896 5384 .
2116 5327 2153 5381 9
2262 5328 2489 5384 Domine
2517 5331 2667 5384 Deus
2694 5328 3118 5400 virtutum,un
3162 5326 3369 5384 similis
3413 5324 3556 5381 tibi?
3583 5317 3770 5379 Pam"

418 5405 467 5462 Η
501 5405 792 5472 Quoniam
822 5408 1021 5464 dixisti
1055 5426 1070 5464 :
1103 5411 1348 5481 Semper
1375 5411 1533 5468 enim
1566 5414 1866 5475 miseratio
1906 5422 2010 5474 tua
2333 5433 2408 5482 es,
2439 5416 2670 5474 Domine
2702 5435 2717 5475 :

348 5495 726 5559 sublimatur,
757 5500 815 5550 et
844 5514 1150 5569 nunquam
1181 5499 1589 5559 destruetur.H
1615 5505 1659 5558 A
1684 5507 1723 5561 C
1752 5505 1817 5563 In
1846 5506 2009 5564 cmlis
2223 5506 2290 5562 Et
2314 5507 2519 5562 veritas
2552 5510 2649 5564 tua
2677 5508 2738 5563 in
2765 5510 3007 5565 circuitu
3036 5516 3150 5564 tuo.
3380 5552 3387 5557 .

346 5580 793 5671 praeparabitur,
824 5585 881 5641 id
914 5585 1089 5654 est,in
1120 5586 1400 5659 apostolis
1429 5592 1844 5662 praedioabitur
1864 5595 2013 5655 veriu
2134 5646 2137 5651 ,
2185 5595 2229 5653 C
2256 5594 2400 5660 Quis
2430 5595 2646 5653 similis
2675 5596 2827 5653 tibi?
2856 5598 2997 5671 quia
3021 5597 3308 5653 virtutum
3338 5596 3397 5650 et
3421 5588 3761 5665 potestatum

343 5675 436 5733 tas
466 5679 587 5731 tua.
622 5670 767 5729 Hinc
798 5690 903 5730 vox
933 5674 1141 5747 Patris,
1175 5676 1469 5753 Disposui,
1498 5684 1608 5742 etc.
1856 5744 1893 5753 Α,
2115 5685 2398 5745 Dominus
2429 5701 2514 5745 es.
2547 5685 2745 5747 Sancti
2778 5670 2937 5747 enim
2975 5687 3243 5745 ditantur
3284 5680 3618 5749 virtutibus,
3652 5683 3762 5731 non

1852 5744 1919 5777 τες
