  <div class='ocr_page' id='page_1' title='image "/cluster/home/n/w/nwhite01/storage/ocr_20150623/142-143/uc1.31175018423130/173.png"; bbox 0 0 3922 6424; ppageno 0'>
   <div class='ocr_carea' id='block_1_1' title="bbox 287 472 400 535">
    <p class='ocr_par' dir='ltr' id='par_1_1' title="bbox 287 472 400 535">
     <span class='ocr_line' id='line_1_1' title="bbox 287 472 400 535; baseline -0.018 0"><span class='ocrx_word' id='word_1_1' title='bbox 287 472 400 535; x_wconf 84' lang='grc'><strong>331</strong></span> 
     </span>
    </p>
   </div>
   <div class='ocr_carea' id='block_1_2' title="bbox 279 597 1364 674">
    <p class='ocr_par' dir='ltr' id='par_1_2' title="bbox 279 597 1364 674">
     <span class='ocr_line' id='line_1_2' title="bbox 279 597 1364 674; baseline -0.012 -10"><span class='ocrx_word' id='word_1_2' title='bbox 279 607 356 664; x_wconf 88' lang='lat'>22</span> <span class='ocrx_word' id='word_1_3' title='bbox 427 602 583 662; x_wconf 81' lang='lat' dir='ltr'>Nihil</span> <span class='ocrx_word' id='word_1_4' title='bbox 607 598 864 674; x_wconf 73' lang='lat' dir='ltr'>proﬁciet</span> <span class='ocrx_word' id='word_1_5' title='bbox 891 598 1136 654; x_wconf 88' lang='lat' dir='ltr'>ininicus</span> <span class='ocrx_word' id='word_1_6' title='bbox 1167 597 1225 651; x_wconf 86' lang='lat' dir='ltr'>in</span> <span class='ocrx_word' id='word_1_7' title='bbox 1255 612 1315 652; x_wconf 91' lang='lat' dir='ltr'>eo</span> <span class='ocrx_word' id='word_1_8' title='bbox 1350 611 1364 650; x_wconf 92' lang='lat'>:</span> 
     </span>
    </p>
   </div>
   <div class='ocr_carea' id='block_1_3' title="bbox 428 688 1804 765">
    <p class='ocr_par' dir='ltr' id='par_1_3' title="bbox 428 688 1804 765">
     <span class='ocr_line' id='line_1_3' title="bbox 428 688 1804 765; baseline -0.009 -17"><span class='ocrx_word' id='word_1_9' title='bbox 428 695 497 749; x_wconf 85' lang='lat' dir='ltr'>Et</span> <span class='ocrx_word' id='word_1_10' title='bbox 523 692 681 765; x_wconf 82' lang='lat' dir='ltr'>ﬁlius</span> <span class='ocrx_word' id='word_1_11' title='bbox 708 688 1022 762; x_wconf 77' lang='lat' dir='ltr'>iniquitatis</span> <span class='ocrx_word' id='word_1_12' title='bbox 1048 703 1158 742; x_wconf 88' lang='lat' dir='ltr'>non</span> <span class='ocrx_word' id='word_1_13' title='bbox 1187 691 1419 758; x_wconf 84' lang='lat' dir='ltr'>apponet</span> <span class='ocrx_word' id='word_1_14' title='bbox 1448 698 1639 739; x_wconf 80' lang='lat' dir='ltr'><em>nocere</em></span> <span class='ocrx_word' id='word_1_15' title='bbox 1658 698 1804 738; x_wconf 88' lang='lat' dir='ltr'>eum.</span> 
     </span>
    </p>
   </div>
   <div class='ocr_carea' id='block_1_4' title="bbox 361 769 1955 853">
    <p class='ocr_par' dir='ltr' id='par_1_4' title="bbox 361 769 1955 853">
     <span class='ocr_line' id='line_1_4' title="bbox 361 769 1955 853; baseline -0.01 -13"><span class='ocrx_word' id='word_1_16' title='bbox 361 778 580 840; x_wconf 88' lang='lat' dir='ltr'>CNihil</span> <span class='ocrx_word' id='word_1_17' title='bbox 610 778 875 853; x_wconf 96' lang='lat' dir='ltr'>proﬁciet</span> <span class='ocrx_word' id='word_1_18' title='bbox 904 775 1202 844; x_wconf 90' lang='lat' dir='ltr'>inimicus,</span> <span class='ocrx_word' id='word_1_19' title='bbox 1225 775 1284 830; x_wconf 91' lang='lat' dir='ltr'>id</span> <span class='ocrx_word' id='word_1_20' title='bbox 1315 778 1405 832; x_wconf 88' lang='lat' dir='ltr'>est</span> <span class='ocrx_word' id='word_1_21' title='bbox 1435 769 1830 844; x_wconf 89' lang='lat' dir='ltr'>diabolus,qui</span> <span class='ocrx_word' id='word_1_22' title='bbox 1865 771 1955 825; x_wconf 90' lang='lat' dir='ltr'>est</span> 
     </span>
    </p>
   </div>
   <div class='ocr_carea' id='block_1_5' title="bbox 292 856 1955 946">
    <p class='ocr_par' dir='ltr' id='par_1_5' title="bbox 292 856 1955 946">
     <span class='ocr_line' id='line_1_5' title="bbox 292 856 1955 946; baseline -0.008 -18"><span class='ocrx_word' id='word_1_23' title='bbox 292 875 598 946; x_wconf 88' lang='lat' dir='ltr'>protervus</span> <span class='ocrx_word' id='word_1_24' title='bbox 627 866 907 925; x_wconf 91' lang='lat' dir='ltr'>inimicus</span> <span class='ocrx_word' id='word_1_25' title='bbox 952 856 1360 922; x_wconf 59' lang='lat' dir='ltr'>humanitatis:</span> <span class='ocrx_word' id='word_1_26' title='bbox 1394 861 1574 918; x_wconf 90' lang='lat' dir='ltr'>Filius</span> <span class='ocrx_word' id='word_1_27' title='bbox 1621 858 1955 933; x_wconf 76' lang='lat' dir='ltr'>iniquitatis</span> 
     </span>
    </p>
   </div>
   <div class='ocr_carea' id='block_1_6' title="bbox 293 950 1959 1029">
    <p class='ocr_par' dir='ltr' id='par_1_6' title="bbox 293 950 1959 1029">
     <span class='ocr_line' id='line_1_6' title="bbox 293 950 1959 1029; baseline -0.008 -12"><span class='ocrx_word' id='word_1_28' title='bbox 293 959 407 1018; x_wconf 86' lang='lat' dir='ltr'>fuit</span> <span class='ocrx_word' id='word_1_29' title='bbox 429 957 461 1017; x_wconf 85' lang='lat' dir='ltr'><strong>J</strong></span> <span class='ocrx_word' id='word_1_30' title='bbox 470 959 616 1016; x_wconf 87' lang='lat' dir='ltr'>udas</span> <span class='ocrx_word' id='word_1_31' title='bbox 639 957 906 1026; x_wconf 87' lang='lat' dir='ltr'>traditor,</span> <span class='ocrx_word' id='word_1_32' title='bbox 941 956 1043 1029; x_wconf 89' lang='lat' dir='ltr'>qui</span> <span class='ocrx_word' id='word_1_33' title='bbox 1073 955 1234 1010; x_wconf 89' lang='lat' dir='ltr'>ﬁlius</span> <span class='ocrx_word' id='word_1_34' title='bbox 1263 951 1479 1010; x_wconf 89' lang='lat' dir='ltr'>diaboli</span> <span class='ocrx_word' id='word_1_35' title='bbox 1507 950 1715 1008; x_wconf 88' lang='lat' dir='ltr'>merito</span> <span class='ocrx_word' id='word_1_36' title='bbox 1735 965 1959 1006; x_wconf 84' lang='lat' dir='ltr'>nuncu-</span> 
     </span>
    </p>
   </div>
   <div class='ocr_carea' id='block_1_7' title="bbox 295 1038 1960 1124">
    <p class='ocr_par' dir='ltr' id='par_1_7' title="bbox 295 1038 1960 1124">
     <span class='ocr_line' id='line_1_7' title="bbox 295 1038 1960 1124; baseline -0.007 -19"><span class='ocrx_word' id='word_1_37' title='bbox 295 1052 490 1124; x_wconf 90' lang='lat' dir='ltr'>patur,</span> <span class='ocrx_word' id='word_1_38' title='bbox 525 1047 626 1120; x_wconf 81' lang='lat' dir='ltr'>qui</span> <span class='ocrx_word' id='word_1_39' title='bbox 656 1050 748 1104; x_wconf 90' lang='lat' dir='ltr'>est</span> <span class='ocrx_word' id='word_1_40' title='bbox 773 1049 978 1103; x_wconf 83' lang='lat' dir='ltr'>auctor</span> <span class='ocrx_word' id='word_1_41' title='bbox 1007 1043 1200 1101; x_wconf 84' lang='lat' dir='ltr'>omnis</span> <span class='ocrx_word' id='word_1_42' title='bbox 1229 1041 1564 1116; x_wconf 80' lang='lat' dir='ltr'>iniquitatis</span> <span class='ocrx_word' id='word_1_43' title='bbox 1599 1057 1612 1096; x_wconf 91' lang='lat'>:</span> <span class='ocrx_word' id='word_1_44' title='bbox 1648 1038 1749 1113; x_wconf 89' lang='lat' dir='ltr'>qui</span> <span class='ocrx_word' id='word_1_45' title='bbox 1771 1039 1960 1095; x_wconf 87' lang='lat' dir='ltr'>iuten-</span> 
     </span>
    </p>
   </div>
   <div class='ocr_carea' id='block_1_8' title="bbox 295 1133 1347 1195">
    <p class='ocr_par' dir='ltr' id='par_1_8' title="bbox 295 1133 1347 1195">
     <span class='ocr_line' id='line_1_8' title="bbox 295 1133 1347 1195; baseline -0.009 0"><span class='ocrx_word' id='word_1_46' title='bbox 295 1137 440 1195; x_wconf 89' lang='lat' dir='ltr'>tioni</span> <span class='ocrx_word' id='word_1_47' title='bbox 473 1135 690 1193; x_wconf 84' lang='lat' dir='ltr'>Christi</span> <span class='ocrx_word' id='word_1_48' title='bbox 715 1135 776 1192; x_wconf 90' lang='lat' dir='ltr'>in</span> <span class='ocrx_word' id='word_1_49' title='bbox 806 1133 967 1190; x_wconf 91' lang='lat' dir='ltr'>nullo</span> <span class='ocrx_word' id='word_1_50' title='bbox 1000 1135 1347 1189; x_wconf 89' lang='lat' dir='ltr'>nocuerunt.</span> 
     </span>
    </p>
   </div>
   <div class='ocr_carea' id='block_1_9' title="bbox 294 1219 1682 1296">
    <p class='ocr_par' dir='ltr' id='par_1_9' title="bbox 294 1219 1682 1296">
     <span class='ocr_line' id='line_1_9' title="bbox 294 1219 1682 1296; baseline -0.007 -12"><span class='ocrx_word' id='word_1_51' title='bbox 294 1228 368 1284; x_wconf 89' lang='lat'>23</span> <span class='ocrx_word' id='word_1_52' title='bbox 440 1227 504 1282; x_wconf 83' lang='lat' dir='ltr'>Et</span> <span class='ocrx_word' id='word_1_53' title='bbox 533 1225 817 1283; x_wconf 77' lang='lat' dir='ltr'>concidam</span> <span class='ocrx_word' id='word_1_54' title='bbox 845 1242 879 1280; x_wconf 88' lang='lat' dir='ltr'>a</span> <span class='ocrx_word' id='word_1_55' title='bbox 907 1225 1053 1296; x_wconf 81' lang='lat' dir='ltr'>[acie</span> <span class='ocrx_word' id='word_1_56' title='bbox 1079 1223 1196 1296; x_wconf 98' lang='lat' dir='ltr'>ejus</span> <span class='ocrx_word' id='word_1_57' title='bbox 1228 1222 1489 1276; x_wconf 81' lang='lat' dir='ltr'>inimicos</span> <span class='ocrx_word' id='word_1_58' title='bbox 1516 1219 1636 1292; x_wconf 90' lang='lat' dir='ltr'>ejus</span> <span class='ocrx_word' id='word_1_59' title='bbox 1660 1237 1682 1275; x_wconf 73' lang='lat'>.-</span> 
     </span>
    </p>
   </div>
   <div class='ocr_carea' id='block_1_10' title="bbox 438 1314 1609 1385">
    <p class='ocr_par' dir='ltr' id='par_1_10' title="bbox 438 1314 1609 1385">
     <span class='ocr_line' id='line_1_10' title="bbox 438 1314 1609 1385; baseline -0.006 -13"><span class='ocrx_word' id='word_1_60' title='bbox 438 1319 515 1373; x_wconf 82' lang='lat' dir='ltr'>Et</span> <span class='ocrx_word' id='word_1_61' title='bbox 541 1315 782 1372; x_wconf 87' lang='lat' dir='ltr'>odientes</span> <span class='ocrx_word' id='word_1_62' title='bbox 810 1331 937 1372; x_wconf 89' lang='lat' dir='ltr'>eum</span> <span class='ocrx_word' id='word_1_63' title='bbox 965 1314 1024 1369; x_wconf 89' lang='lat' dir='ltr'>in</span> <span class='ocrx_word' id='word_1_64' title='bbox 1053 1314 1248 1385; x_wconf 84' lang='lat' dir='ltr'>fugam</span> <span class='ocrx_word' id='word_1_65' title='bbox 1279 1318 1609 1368; x_wconf 79' lang='lat' dir='ltr'>convertam.</span> 
     </span>
    </p>
   </div>
   <div class='ocr_carea' id='block_1_11' title="bbox 367 1398 1964 1473">
    <p class='ocr_par' dir='ltr' id='par_1_11' title="bbox 367 1398 1964 1473">
     <span class='ocr_line' id='line_1_11' title="bbox 367 1398 1964 1473; baseline -0.006 -10"><span class='ocrx_word' id='word_1_66' title='bbox 367 1407 408 1463; x_wconf 89' lang='lat' dir='ltr'>C</span> <span class='ocrx_word' id='word_1_67' title='bbox 437 1406 638 1463; x_wconf 86' lang='lat' dir='ltr'>Facies</span> <span class='ocrx_word' id='word_1_68' title='bbox 685 1405 845 1461; x_wconf 90' lang='lat' dir='ltr'>enim</span> <span class='ocrx_word' id='word_1_69' title='bbox 893 1403 1133 1469; x_wconf 81' lang='lat' dir='ltr'>Christi,</span> <span class='ocrx_word' id='word_1_70' title='bbox 1167 1417 1303 1457; x_wconf 92' lang='lat' dir='ltr'>cum</span> <span class='ocrx_word' id='word_1_71' title='bbox 1348 1403 1679 1473; x_wconf 85' lang='lat' dir='ltr'>peccatores</span> <span class='ocrx_word' id='word_1_72' title='bbox 1721 1398 1964 1471; x_wconf 79' lang='lat' dir='ltr'>dignata</span> 
     </span>
    </p>
   </div>
   <div class='ocr_carea' id='block_1_12' title="bbox 296 1487 1962 1565">
    <p class='ocr_par' dir='ltr' id='par_1_12' title="bbox 296 1487 1962 1565">
     <span class='ocr_line' id='line_1_12' title="bbox 296 1487 1962 1565; baseline -0.005 -13"><span class='ocrx_word' id='word_1_73' title='bbox 296 1494 473 1553; x_wconf 84' lang='lat' dir='ltr'>fuerit</span> <span class='ocrx_word' id='word_1_74' title='bbox 501 1494 737 1564; x_wconf 89' lang='lat' dir='ltr'>intueri,</span> <span class='ocrx_word' id='word_1_75' title='bbox 754 1511 788 1549; x_wconf 91' lang='lat' dir='ltr'>a</span> <span class='ocrx_word' id='word_1_76' title='bbox 807 1493 932 1550; x_wconf 88' lang='lat' dir='ltr'>suis</span> <span class='ocrx_word' id='word_1_77' title='bbox 961 1490 1350 1565; x_wconf 88' lang='lat' dir='ltr'>parvitatibus</span> <span class='ocrx_word' id='word_1_78' title='bbox 1381 1487 1790 1546; x_wconf 87' lang='lat' dir='ltr'>conciduntur.</span> <span class='ocrx_word' id='word_1_79' title='bbox 1814 1489 1962 1544; x_wconf 88' lang='lat' dir='ltr'>Con-</span> 
     </span>
    </p>
   </div>
   <div class='ocr_carea' id='block_1_13' title="bbox 293 1577 1964 1656">
    <p class='ocr_par' dir='ltr' id='par_1_13' title="bbox 293 1577 1964 1656">
     <span class='ocr_line' id='line_1_13' title="bbox 293 1577 1964 1656; baseline -0.007 -13"><span class='ocrx_word' id='word_1_80' title='bbox 293 1588 609 1643; x_wconf 78' lang='lat' dir='ltr'>vertuntur</span> <span class='ocrx_word' id='word_1_81' title='bbox 632 1599 866 1656; x_wconf 90' lang='lat' dir='ltr'>quoque</span> <span class='ocrx_word' id='word_1_82' title='bbox 890 1583 950 1638; x_wconf 92' lang='lat' dir='ltr'>in</span> <span class='ocrx_word' id='word_1_83' title='bbox 977 1581 1179 1654; x_wconf 84' lang='lat' dir='ltr'>fugam</span> <span class='ocrx_word' id='word_1_84' title='bbox 1212 1597 1226 1635; x_wconf 89' lang='lat'>:</span> <span class='ocrx_word' id='word_1_85' title='bbox 1255 1579 1490 1652; x_wconf 82' lang='lat' dir='ltr'>quando</span> <span class='ocrx_word' id='word_1_86' title='bbox 1520 1578 1703 1652; x_wconf 90' lang='lat' dir='ltr'>impia</span> <span class='ocrx_word' id='word_1_87' title='bbox 1723 1577 1839 1634; x_wconf 86' lang='lat' dir='ltr'>vita</span> <span class='ocrx_word' id='word_1_88' title='bbox 1858 1577 1964 1633; x_wconf 80' lang='lat' dir='ltr'>de-</span> 
     </span>
    </p>
   </div>
   <div class='ocr_carea' id='block_1_14' title="bbox 296 1666 1965 1744">
    <p class='ocr_par' dir='ltr' id='par_1_14' title="bbox 296 1666 1965 1744">
     <span class='ocr_line' id='line_1_14' title="bbox 296 1666 1965 1744; baseline -0.007 -12"><span class='ocrx_word' id='word_1_89' title='bbox 296 1673 600 1742; x_wconf 82' lang='lat' dir='ltr'>relicta,ad</span> <span class='ocrx_word' id='word_1_90' title='bbox 632 1673 850 1730; x_wconf 78' lang='lat' dir='ltr'>Christi</span> <span class='ocrx_word' id='word_1_91' title='bbox 881 1669 1164 1744; x_wconf 75' lang='lat' dir='ltr'>cmperint</span> <span class='ocrx_word' id='word_1_92' title='bbox 1189 1669 1464 1726; x_wconf 79' lang='lat' dir='ltr'>festinare</span> <span class='ocrx_word' id='word_1_93' title='bbox 1513 1667 1792 1724; x_wconf 87' lang='lat' dir='ltr'>remedia.</span> <span class='ocrx_word' id='word_1_94' title='bbox 1825 1666 1965 1722; x_wconf 90' lang='lat' dir='ltr'>Pec-</span> 
     </span>
    </p>
   </div>
   <div class='ocr_carea' id='block_1_15' title="bbox 297 1754 1966 1832">
    <p class='ocr_par' dir='ltr' id='par_1_15' title="bbox 297 1754 1966 1832">
     <span class='ocr_line' id='line_1_15' title="bbox 297 1754 1966 1832; baseline -0.006 -11"><span class='ocrx_word' id='word_1_95' title='bbox 297 1763 414 1821; x_wconf 84' lang='lat' dir='ltr'>cati</span> <span class='ocrx_word' id='word_1_96' title='bbox 443 1763 607 1820; x_wconf 86' lang='lat' dir='ltr'>enim</span> <span class='ocrx_word' id='word_1_97' title='bbox 637 1778 931 1818; x_wconf 85' lang='lat' dir='ltr'>memores</span> <span class='ocrx_word' id='word_1_98' title='bbox 960 1777 1069 1818; x_wconf 88' lang='lat' dir='ltr'>sua</span> <span class='ocrx_word' id='word_1_99' title='bbox 1099 1760 1251 1818; x_wconf 84' lang='lat' dir='ltr'>facta</span> <span class='ocrx_word' id='word_1_100' title='bbox 1277 1759 1658 1832; x_wconf 84' lang='lat' dir='ltr'>refugiunt,et</span> <span class='ocrx_word' id='word_1_101' title='bbox 1679 1757 1750 1812; x_wconf 87' lang='lat' dir='ltr'>ad</span> <span class='ocrx_word' id='word_1_102' title='bbox 1775 1754 1966 1813; x_wconf 84' lang='lat' dir='ltr'>Domi-</span> 
     </span>
    </p>
   </div>
   <div class='ocr_carea' id='block_1_16' title="bbox 293 1852 1144 1916">
    <p class='ocr_par' dir='ltr' id='par_1_16' title="bbox 293 1852 1144 1916">
     <span class='ocr_line' id='line_1_16' title="bbox 293 1852 1144 1916; baseline -0.006 -6"><span class='ocrx_word' id='word_1_103' title='bbox 293 1852 364 1916; x_wconf 74' lang='lat' dir='ltr'>ni</span> <span class='ocrx_word' id='word_1_104' title='bbox 392 1852 682 1910; x_wconf 88' lang='lat' dir='ltr'>beneﬁcia</span> <span class='ocrx_word' id='word_1_105' title='bbox 705 1855 1144 1908; x_wconf 89' lang='lat' dir='ltr'>convertuntur.</span> 
     </span>
    </p>
   </div>
   <div class='ocr_carea' id='block_1_17' title="bbox 299 1939 1876 2010">
    <p class='ocr_par' dir='ltr' id='par_1_17' title="bbox 299 1939 1876 2010">
     <span class='ocr_line' id='line_1_17' title="bbox 299 1939 1876 2010; baseline -0.005 -11"><span class='ocrx_word' id='word_1_106' title='bbox 299 1943 374 1999; x_wconf 70' lang='grc'>24</span> <span class='ocrx_word' id='word_1_107' title='bbox 445 1943 511 1998; x_wconf 82' lang='lat' dir='ltr'>Et</span> <span class='ocrx_word' id='word_1_108' title='bbox 539 1943 742 1999; x_wconf 86' lang='lat' dir='ltr'>veritas</span> <span class='ocrx_word' id='word_1_109' title='bbox 769 1958 892 1998; x_wconf 87' lang='lat' dir='ltr'>mea</span> <span class='ocrx_word' id='word_1_110' title='bbox 919 1945 973 1996; x_wconf 86' lang='lat' dir='ltr'>et</span> <span class='ocrx_word' id='word_1_111' title='bbox 999 1939 1379 1996; x_wconf 77' lang='lat' dir='ltr'>misericordia</span> <span class='ocrx_word' id='word_1_112' title='bbox 1407 1955 1529 1996; x_wconf 89' lang='lat' dir='ltr'>mea</span> <span class='ocrx_word' id='word_1_113' title='bbox 1557 1953 1682 1994; x_wconf 89' lang='lat' dir='ltr'>cum</span> <span class='ocrx_word' id='word_1_114' title='bbox 1712 1939 1829 2010; x_wconf 88' lang='lat' dir='ltr'>ipso</span> <span class='ocrx_word' id='word_1_115' title='bbox 1862 1953 1876 1992; x_wconf 89' lang='lat'><strong>:</strong></span> 
     </span>
    </p>
   </div>
   <div class='ocr_carea' id='block_1_18' title="bbox 443 2028 1733 2100">
    <p class='ocr_par' dir='ltr' id='par_1_18' title="bbox 443 2028 1733 2100">
     <span class='ocr_line' id='line_1_18' title="bbox 443 2028 1733 2100; baseline -0.004 -12"><span class='ocrx_word' id='word_1_116' title='bbox 443 2033 510 2088; x_wconf 84' lang='lat' dir='ltr'>Et</span> <span class='ocrx_word' id='word_1_117' title='bbox 539 2033 601 2088; x_wconf 88' lang='lat' dir='ltr'>in</span> <span class='ocrx_word' id='word_1_118' title='bbox 629 2032 854 2088; x_wconf 80' lang='lat' dir='ltr'>nomine</span> <span class='ocrx_word' id='word_1_119' title='bbox 881 2047 998 2088; x_wconf 89' lang='lat' dir='ltr'>meo</span> <span class='ocrx_word' id='word_1_120' title='bbox 1028 2030 1368 2086; x_wconf 65' lang='lat' dir='ltr'>emaltabitur</span> <span class='ocrx_word' id='word_1_121' title='bbox 1395 2045 1567 2084; x_wconf 84' lang='lat' dir='ltr'>cornu</span> <span class='ocrx_word' id='word_1_122' title='bbox 1595 2028 1733 2100; x_wconf 89' lang='lat' dir='ltr'>ejus.</span> 
     </span>
    </p>
   </div>
   <div class='ocr_carea' id='block_1_19' title="bbox 373 2113 1965 2188">
    <p class='ocr_par' dir='ltr' id='par_1_19' title="bbox 373 2113 1965 2188">
     <span class='ocr_line' id='line_1_19' title="bbox 373 2113 1965 2188; baseline -0.004 -12"><span class='ocrx_word' id='word_1_123' title='bbox 373 2121 416 2176; x_wconf 91' lang='lat' dir='ltr'>C</span> <span class='ocrx_word' id='word_1_124' title='bbox 447 2121 676 2178; x_wconf 88' lang='lat' dir='ltr'>Veritas</span> <span class='ocrx_word' id='word_1_125' title='bbox 708 2120 894 2177; x_wconf 86' lang='lat' dir='ltr'>Patris</span> <span class='ocrx_word' id='word_1_126' title='bbox 925 2123 1016 2176; x_wconf 88' lang='lat' dir='ltr'>est</span> <span class='ocrx_word' id='word_1_127' title='bbox 1045 2119 1247 2176; x_wconf 86' lang='lat' dir='ltr'>Filius.</span> <span class='ocrx_word' id='word_1_128' title='bbox 1283 2118 1539 2174; x_wconf 83' lang='lat' dir='ltr'>Pertinet</span> <span class='ocrx_word' id='word_1_129' title='bbox 1567 2117 1677 2172; x_wconf 92' lang='lat' dir='ltr'>hoc</span> <span class='ocrx_word' id='word_1_130' title='bbox 1707 2115 1780 2172; x_wconf 91' lang='lat' dir='ltr'>ad</span> <span class='ocrx_word' id='word_1_131' title='bbox 1803 2113 1965 2188; x_wconf 88' lang='lat' dir='ltr'>judi-</span> 
     </span>
    </p>
   </div>
   <div class='ocr_carea' id='block_1_20' title="bbox 303 2207 1965 2282">
    <p class='ocr_par' dir='ltr' id='par_1_20' title="bbox 303 2207 1965 2282">
     <span class='ocr_line' id='line_1_20' title="bbox 303 2207 1965 2282; baseline -0.003 -17"><span class='ocrx_word' id='word_1_132' title='bbox 303 2209 461 2267; x_wconf 88' lang='lat' dir='ltr'>cium</span> <span class='ocrx_word' id='word_1_133' title='bbox 494 2229 514 2266; x_wconf 89' lang='lat'><strong><em>:</em></strong></span> <span class='ocrx_word' id='word_1_134' title='bbox 541 2209 942 2267; x_wconf 84' lang='lat' dir='ltr'>misericordia</span> <span class='ocrx_word' id='word_1_135' title='bbox 969 2227 1104 2266; x_wconf 88' lang='lat' dir='ltr'>vero</span> <span class='ocrx_word' id='word_1_136' title='bbox 1134 2209 1206 2265; x_wconf 85' lang='lat' dir='ltr'>ad</span> <span class='ocrx_word' id='word_1_137' title='bbox 1236 2208 1534 2282; x_wconf 89' lang='lat' dir='ltr'>pietatem,</span> <span class='ocrx_word' id='word_1_138' title='bbox 1559 2207 1699 2280; x_wconf 89' lang='lat' dir='ltr'>quia</span> <span class='ocrx_word' id='word_1_139' title='bbox 1727 2207 1965 2279; x_wconf 83' lang='lat' dir='ltr'>peccata</span> 
     </span>
    </p>
   </div>
   <div class='ocr_carea' id='block_1_21' title="bbox 303 2297 1960 2378">
    <p class='ocr_par' dir='ltr' id='par_1_21' title="bbox 303 2297 1960 2378">
     <span class='ocr_line' id='line_1_21' title="bbox 303 2297 1960 2378; baseline -0.004 -23"><span class='ocrx_word' id='word_1_140' title='bbox 303 2299 763 2378; x_wconf 85' lang='lat' dir='ltr'>dimittit.Cornu</span> <span class='ocrx_word' id='word_1_141' title='bbox 785 2299 1080 2372; x_wconf 88' lang='lat' dir='ltr'>signiﬁcat</span> <span class='ocrx_word' id='word_1_142' title='bbox 1101 2297 1551 2354; x_wconf 75' lang='lat' dir='ltr'>invictissimum</span> <span class='ocrx_word' id='word_1_143' title='bbox 1575 2299 1925 2370; x_wconf 88' lang='lat' dir='ltr'>potestatem</span> <span class='ocrx_word' id='word_1_144' title='bbox 1947 2309 1960 2348; x_wconf 91' lang='lat'><strong>:</strong></span> 
     </span>
    </p>
   </div>
   <div class='ocr_carea' id='block_1_22' title="bbox 305 2383 1961 2462">
    <p class='ocr_par' dir='ltr' id='par_1_22' title="bbox 305 2383 1961 2462">
     <span class='ocr_line' id='line_1_22' title="bbox 305 2383 1961 2462; baseline -0.005 -16"><span class='ocrx_word' id='word_1_145' title='bbox 305 2389 378 2448; x_wconf 86' lang='lat' dir='ltr'>de</span> <span class='ocrx_word' id='word_1_146' title='bbox 408 2406 530 2462; x_wconf 88' lang='lat' dir='ltr'>qua</span> <span class='ocrx_word' id='word_1_147' title='bbox 555 2388 718 2457; x_wconf 89' lang='lat' dir='ltr'>dicit,</span> <span class='ocrx_word' id='word_1_148' title='bbox 751 2389 897 2446; x_wconf 87' lang='lat' dir='ltr'>Data</span> <span class='ocrx_word' id='word_1_149' title='bbox 925 2392 1015 2445; x_wconf 88' lang='lat' dir='ltr'>est</span> <span class='ocrx_word' id='word_1_150' title='bbox 1044 2387 1189 2444; x_wconf 90' lang='lat' dir='ltr'>mihi</span> <span class='ocrx_word' id='word_1_151' title='bbox 1224 2386 1418 2443; x_wconf 90' lang='lat' dir='ltr'>omnis</span> <span class='ocrx_word' id='word_1_152' title='bbox 1461 2389 1721 2459; x_wconf 82' lang='lat' dir='ltr'>potestas</span> <span class='ocrx_word' id='word_1_153' title='bbox 1755 2383 1961 2457; x_wconf 77' lang='lat' dir='ltr'>(Matth.</span> 
     </span>
    </p>
   </div>
   <div class='ocr_carea' id='block_1_23' title="bbox 303 2472 1967 2551">
    <p class='ocr_par' dir='ltr' id='par_1_23' title="bbox 303 2472 1967 2551">
     <span class='ocr_line' id='line_1_23' title="bbox 303 2472 1967 2551; baseline -0.004 -17"><span class='ocrx_word' id='word_1_154' title='bbox 303 2479 527 2551; x_wconf 71' lang='lat' dir='ltr'>nvm).</span> <span class='ocrx_word' id='word_1_155' title='bbox 563 2479 608 2535; x_wconf 87' lang='grc' dir='ltr'>Η</span> <span class='ocrx_word' id='word_1_156' title='bbox 639 2479 740 2535; x_wconf 86' lang='lat' dir='ltr'>Vel</span> <span class='ocrx_word' id='word_1_157' title='bbox 770 2479 985 2535; x_wconf 88' lang='lat' dir='ltr'>veritas</span> <span class='ocrx_word' id='word_1_158' title='bbox 1015 2477 1284 2536; x_wconf 84' lang='lat' dir='ltr'>Christus</span> <span class='ocrx_word' id='word_1_159' title='bbox 1309 2493 1321 2532; x_wconf 93' lang='lat'>:</span> <span class='ocrx_word' id='word_1_160' title='bbox 1349 2491 1479 2549; x_wconf 68' lang='lat' dir='ltr'>quae</span> <span class='ocrx_word' id='word_1_161' title='bbox 1501 2493 1535 2531; x_wconf 90' lang='lat' dir='ltr'>a</span> <span class='ocrx_word' id='word_1_162' title='bbox 1553 2475 1718 2532; x_wconf 88' lang='lat' dir='ltr'>Patre</span> <span class='ocrx_word' id='word_1_163' title='bbox 1743 2472 1967 2530; x_wconf 87' lang='lat' dir='ltr'>audivit</span> 
     </span>
    </p>
   </div>
   <div class='ocr_carea' id='block_1_24' title="bbox 304 2564 1968 2639">
    <p class='ocr_par' dir='ltr' id='par_1_24' title="bbox 304 2564 1968 2639">
     <span class='ocr_line' id='line_1_24' title="bbox 304 2564 1968 2639; baseline -0.003 -17"><span class='ocrx_word' id='word_1_164' title='bbox 304 2566 538 2624; x_wconf 90' lang='lat' dir='ltr'>locutus</span> <span class='ocrx_word' id='word_1_165' title='bbox 565 2572 673 2624; x_wconf 89' lang='lat' dir='ltr'>est.</span> <span class='ocrx_word' id='word_1_166' title='bbox 705 2565 1272 2639; x_wconf 88' lang='lat' dir='ltr'>Misericordia,quia</span> <span class='ocrx_word' id='word_1_167' title='bbox 1291 2569 1463 2621; x_wconf 89' lang='lat' dir='ltr'>sanat</span> <span class='ocrx_word' id='word_1_168' title='bbox 1485 2564 1750 2620; x_wconf 85' lang='lat' dir='ltr'>inﬁrmos</span> <span class='ocrx_word' id='word_1_169' title='bbox 1773 2565 1968 2618; x_wconf 89' lang='lat' dir='ltr'>mente</span> 
     </span>
    </p>
   </div>
   <div class='ocr_carea' id='block_1_25' title="bbox 307 2651 1967 2728">
    <p class='ocr_par' dir='ltr' id='par_1_25' title="bbox 307 2651 1967 2728">
     <span class='ocr_line' id='line_1_25' title="bbox 307 2651 1967 2728; baseline -0.003 -15"><span class='ocrx_word' id='word_1_170' title='bbox 307 2660 367 2713; x_wconf 89' lang='lat' dir='ltr'>et</span> <span class='ocrx_word' id='word_1_171' title='bbox 395 2658 852 2728; x_wconf 83' lang='lat' dir='ltr'>corpore.Cornu</span> <span class='ocrx_word' id='word_1_172' title='bbox 878 2673 891 2711; x_wconf 90' lang='lat'>:</span> <span class='ocrx_word' id='word_1_173' title='bbox 918 2655 1197 2712; x_wconf 82' lang='lat' dir='ltr'>fortitudo</span> <span class='ocrx_word' id='word_1_174' title='bbox 1219 2652 1489 2710; x_wconf 62' lang='lat' dir='ltr'>Ecclesia</span> <span class='ocrx_word' id='word_1_175' title='bbox 1519 2654 1648 2725; x_wconf 86' lang='lat' dir='ltr'>ejus</span> <span class='ocrx_word' id='word_1_176' title='bbox 1678 2651 1967 2725; x_wconf 89' lang='lat' dir='ltr'>sanguine</span> 
     </span>
    </p>
   </div>
   <div class='ocr_carea' id='block_1_26' title="bbox 305 2746 881 2822">
    <p class='ocr_par' dir='ltr' id='par_1_26' title="bbox 305 2746 881 2822">
     <span class='ocr_line' id='line_1_26' title="bbox 305 2746 881 2822; baseline -0.007 -16"><span class='ocrx_word' id='word_1_177' title='bbox 305 2750 622 2822; x_wconf 80' lang='lat' dir='ltr'>redemptae</span> <span class='ocrx_word' id='word_1_178' title='bbox 647 2746 881 2803; x_wconf 90' lang='lat' dir='ltr'>dicitur.</span> 
     </span>
    </p>
   </div>
   <div class='ocr_carea' id='block_1_27' title="bbox 307 2832 1458 2912">
    <p class='ocr_par' dir='ltr' id='par_1_27' title="bbox 307 2832 1458 2912">
     <span class='ocr_line' id='line_1_27' title="bbox 307 2832 1458 2912; baseline -0.01 -13"><span class='ocrx_word' id='word_1_179' title='bbox 307 2843 380 2898; x_wconf 84' lang='grc'>25</span> <span class='ocrx_word' id='word_1_180' title='bbox 450 2842 516 2896; x_wconf 85' lang='lat' dir='ltr'>Et</span> <span class='ocrx_word' id='word_1_181' title='bbox 541 2832 745 2912; x_wconf 73' lang='lat' dir='ltr'>po&#39;nam</span> <span class='ocrx_word' id='word_1_182' title='bbox 774 2837 835 2891; x_wconf 84' lang='lat' dir='ltr'>in</span> <span class='ocrx_word' id='word_1_183' title='bbox 861 2837 1010 2892; x_wconf 87' lang='lat' dir='ltr'>mari</span> <span class='ocrx_word' id='word_1_184' title='bbox 1037 2851 1265 2891; x_wconf 88' lang='lat' dir='ltr'>manum</span> <span class='ocrx_word' id='word_1_185' title='bbox 1291 2834 1411 2906; x_wconf 84' lang='lat' dir='ltr'>ejus</span> <span class='ocrx_word' id='word_1_186' title='bbox 1438 2851 1458 2887; x_wconf 91' lang='lat'><strong><em>:</em></strong></span> 
     </span>
    </p>
   </div>
   <div class='ocr_carea' id='block_1_28' title="bbox 452 2922 1426 2998">
    <p class='ocr_par' dir='ltr' id='par_1_28' title="bbox 452 2922 1426 2998">
     <span class='ocr_line' id='line_1_28' title="bbox 452 2922 1426 2998; baseline -0.007 -12"><span class='ocrx_word' id='word_1_187' title='bbox 452 2931 518 2986; x_wconf 83' lang='lat' dir='ltr'>Et</span> <span class='ocrx_word' id='word_1_188' title='bbox 545 2930 602 2985; x_wconf 88' lang='lat' dir='ltr'>in</span> <span class='ocrx_word' id='word_1_189' title='bbox 627 2928 954 2998; x_wconf 83' lang='lat' dir='ltr'>ﬂuminibus</span> <span class='ocrx_word' id='word_1_190' title='bbox 983 2922 1263 2982; x_wconf 73' lang='lat' dir='ltr'>dexteram</span> <span class='ocrx_word' id='word_1_191' title='bbox 1289 2924 1426 2997; x_wconf 88' lang='lat' dir='ltr'>ejus.</span> 
     </span>
    </p>
   </div>
   <div class='ocr_carea' id='block_1_29' title="bbox 381 3010 1968 3090">
    <p class='ocr_par' dir='ltr' id='par_1_29' title="bbox 381 3010 1968 3090">
     <span class='ocr_line' id='line_1_29' title="bbox 381 3010 1968 3090; baseline -0.006 -14"><span class='ocrx_word' id='word_1_192' title='bbox 381 3019 423 3076; x_wconf 90' lang='lat' dir='ltr'>C</span> <span class='ocrx_word' id='word_1_193' title='bbox 454 3018 613 3075; x_wconf 89' lang='lat' dir='ltr'>Mare</span> <span class='ocrx_word' id='word_1_194' title='bbox 643 3016 938 3090; x_wconf 88' lang='lat' dir='ltr'>signiﬁcat</span> <span class='ocrx_word' id='word_1_195' title='bbox 969 3014 1274 3071; x_wconf 84' lang='lat' dir='ltr'>universas</span> <span class='ocrx_word' id='word_1_196' title='bbox 1301 3013 1590 3086; x_wconf 89' lang='lat' dir='ltr'>gentes,in</span> <span class='ocrx_word' id='word_1_197' title='bbox 1611 3011 1829 3085; x_wconf 88' lang='lat' dir='ltr'>quibus</span> <span class='ocrx_word' id='word_1_198' title='bbox 1849 3010 1968 3068; x_wconf 91' lang='lat' dir='ltr'>Sal-</span> 
     </span>
    </p>
   </div>
   <div class='ocr_carea' id='block_1_30' title="bbox 305 3101 1963 3179">
    <p class='ocr_par' dir='ltr' id='par_1_30' title="bbox 305 3101 1963 3179">
     <span class='ocr_line' id='line_1_30' title="bbox 305 3101 1963 3179; baseline -0.005 -13"><span class='ocrx_word' id='word_1_199' title='bbox 305 3113 474 3166; x_wconf 88' lang='lat' dir='ltr'>vator</span> <span class='ocrx_word' id='word_1_200' title='bbox 503 3111 702 3163; x_wconf 89' lang='lat' dir='ltr'>noster</span> <span class='ocrx_word' id='word_1_201' title='bbox 729 3105 977 3179; x_wconf 88' lang='lat' dir='ltr'>gloriam</span> <span class='ocrx_word' id='word_1_202' title='bbox 1009 3102 1429 3160; x_wconf 84' lang='lat' dir='ltr'>dominationis</span> <span class='ocrx_word' id='word_1_203' title='bbox 1461 3102 1701 3175; x_wconf 85' lang='lat' dir='ltr'>accepit.</span> <span class='ocrx_word' id='word_1_204' title='bbox 1734 3101 1780 3158; x_wconf 85' lang='grc' dir='ltr'><strong><em>Η</em></strong></span> <span class='ocrx_word' id='word_1_205' title='bbox 1809 3105 1877 3158; x_wconf 86' lang='lat' dir='ltr'>Et</span> <span class='ocrx_word' id='word_1_206' title='bbox 1903 3101 1963 3157; x_wconf 91' lang='lat' dir='ltr'>in</span> 
     </span>
    </p>
   </div>
   <div class='ocr_carea' id='block_1_31' title="bbox 306 3192 1966 3267">
    <p class='ocr_par' dir='ltr' id='par_1_31' title="bbox 306 3192 1966 3267">
     <span class='ocr_line' id='line_1_31' title="bbox 306 3192 1966 3267; baseline -0.005 -11"><span class='ocrx_word' id='word_1_207' title='bbox 306 3197 674 3265; x_wconf 84' lang='lat' dir='ltr'>ﬂuminibus,</span> <span class='ocrx_word' id='word_1_208' title='bbox 708 3196 766 3251; x_wconf 91' lang='lat' dir='ltr'>id</span> <span class='ocrx_word' id='word_1_209' title='bbox 798 3198 906 3263; x_wconf 85' lang='lat' dir='ltr'>est,</span> <span class='ocrx_word' id='word_1_210' title='bbox 937 3210 1104 3267; x_wconf 86' lang='lat' dir='ltr'>super</span> <span class='ocrx_word' id='word_1_211' title='bbox 1140 3192 1505 3267; x_wconf 88' lang='lat' dir='ltr'>principatus</span> <span class='ocrx_word' id='word_1_212' title='bbox 1548 3195 1605 3248; x_wconf 90' lang='lat' dir='ltr'>et</span> <span class='ocrx_word' id='word_1_213' title='bbox 1646 3195 1966 3265; x_wconf 87' lang='lat' dir='ltr'>potestates</span> 
     </span>
    </p>
   </div>
   <div class='ocr_carea' id='block_1_32' title="bbox 307 3280 1966 3362">
    <p class='ocr_par' dir='ltr' id='par_1_32' title="bbox 307 3280 1966 3362">
     <span class='ocr_line' id='line_1_32' title="bbox 307 3280 1966 3362; baseline -0.004 -18"><span class='ocrx_word' id='word_1_214' title='bbox 307 3287 496 3362; x_wconf 88' lang='lat' dir='ltr'>ipsius</span> <span class='ocrx_word' id='word_1_215' title='bbox 527 3284 734 3341; x_wconf 90' lang='lat' dir='ltr'>mundi</span> <span class='ocrx_word' id='word_1_216' title='bbox 768 3287 1114 3357; x_wconf 89' lang='lat' dir='ltr'>potestatem</span> <span class='ocrx_word' id='word_1_217' title='bbox 1145 3285 1294 3355; x_wconf 87' lang='lat' dir='ltr'>ejus.</span> <span class='ocrx_word' id='word_1_218' title='bbox 1321 3280 1425 3338; x_wconf 86' lang='lat' dir='ltr'>Vel</span> <span class='ocrx_word' id='word_1_219' title='bbox 1466 3298 1626 3338; x_wconf 87' lang='lat' dir='ltr'>mare</span> <span class='ocrx_word' id='word_1_220' title='bbox 1675 3280 1966 3337; x_wconf 90' lang='lat' dir='ltr'>mundum</span> 
     </span>
    </p>
   </div>
   <div class='ocr_carea' id='block_1_33' title="bbox 309 3346 2041 3450">
    <p class='ocr_par' dir='ltr' id='par_1_33' title="bbox 309 3346 2041 3450">
     <span class='ocr_line' id='line_1_33' title="bbox 309 3346 2041 3450; baseline -0.004 -17"><span class='ocrx_word' id='word_1_221' title='bbox 309 3376 602 3450; x_wconf 88' lang='lat' dir='ltr'>signiﬁcat</span> <span class='ocrx_word' id='word_1_222' title='bbox 634 3391 648 3430; x_wconf 94' lang='lat'>:</span> <span class='ocrx_word' id='word_1_223' title='bbox 683 3390 918 3442; x_wconf 88' lang='lat' dir='ltr'>manus,</span> <span class='ocrx_word' id='word_1_224' title='bbox 942 3371 1376 3444; x_wconf 78' lang='lat' dir='ltr'>operationem;</span> <span class='ocrx_word' id='word_1_225' title='bbox 1399 3370 1486 3426; x_wconf 89' lang='lat' dir='ltr'>vel</span> <span class='ocrx_word' id='word_1_226' title='bbox 1510 3370 1968 3442; x_wconf 85' lang='lat' dir='ltr'>ﬁumina,aquas</span> <span class='ocrx_word' id='word_1_227' title='bbox 1997 3346 2041 3414; x_wconf 65' lang='grc' dir='ltr'><strong>θ</strong></span> 
     </span>
    </p>
   </div>
   <div class='ocr_carea' id='block_1_34' title="bbox 309 3463 959 3539">
    <p class='ocr_par' dir='ltr' id='par_1_34' title="bbox 309 3463 959 3539">
     <span class='ocr_line' id='line_1_34' title="bbox 309 3463 959 3539; baseline -0.005 -18"><span class='ocrx_word' id='word_1_228' title='bbox 309 3464 588 3539; x_wconf 88' lang='lat' dir='ltr'>baptismi</span> <span class='ocrx_word' id='word_1_229' title='bbox 619 3463 959 3520; x_wconf 89' lang='lat' dir='ltr'>ostendunt.</span> 
     </span>
    </p>
   </div>
   <div class='ocr_carea' id='block_1_35' title="bbox 308 3551 1576 3626">
    <p class='ocr_par' dir='ltr' id='par_1_35' title="bbox 308 3551 1576 3626">
     <span class='ocr_line' id='line_1_35' title="bbox 308 3551 1576 3626; baseline -0.003 -16"><span class='ocrx_word' id='word_1_230' title='bbox 308 3555 383 3610; x_wconf 82' lang='lat'>26</span> <span class='ocrx_word' id='word_1_231' title='bbox 454 3555 570 3626; x_wconf 87' lang='lat' dir='ltr'>Ipse</span> <span class='ocrx_word' id='word_1_232' title='bbox 600 3551 872 3608; x_wconf 85' lang='lat' dir='ltr'>invocabit</span> <span class='ocrx_word' id='word_1_233' title='bbox 900 3566 986 3607; x_wconf 88' lang='lat' dir='ltr'>me</span> <span class='ocrx_word' id='word_1_234' title='bbox 1014 3555 1181 3607; x_wconf 87' lang='lat' dir='ltr'>Pater</span> <span class='ocrx_word' id='word_1_235' title='bbox 1211 3567 1360 3607; x_wconf 85' lang='lat' dir='ltr'>meus</span> <span class='ocrx_word' id='word_1_236' title='bbox 1390 3567 1444 3606; x_wconf 85' lang='lat' dir='ltr'>es</span> <span class='ocrx_word' id='word_1_237' title='bbox 1469 3559 1528 3607; x_wconf 90' lang='lat' dir='ltr'>tu</span> <span class='ocrx_word' id='word_1_238' title='bbox 1558 3570 1576 3606; x_wconf 90' lang='lat'><em>:</em></span> 
     </span>
    </p>
   </div>
   <div class='ocr_carea' id='block_1_36' title="bbox 455 3639 1563 3710">
    <p class='ocr_par' dir='ltr' id='par_1_36' title="bbox 455 3639 1563 3710">
     <span class='ocr_line' id='line_1_36' title="bbox 455 3639 1563 3710; baseline -0.004 -14"><span class='ocrx_word' id='word_1_239' title='bbox 455 3643 598 3696; x_wconf 86' lang='lat' dir='ltr'>Deus</span> <span class='ocrx_word' id='word_1_240' title='bbox 627 3654 780 3694; x_wconf 89' lang='lat' dir='ltr'>meus</span> <span class='ocrx_word' id='word_1_241' title='bbox 807 3645 857 3694; x_wconf 87' lang='lat' dir='ltr'>et</span> <span class='ocrx_word' id='word_1_242' title='bbox 885 3646 1156 3710; x_wconf 83' lang='lat' dir='ltr'>susceptor</span> <span class='ocrx_word' id='word_1_243' title='bbox 1177 3639 1377 3694; x_wconf 84' lang='lat' dir='ltr'>salutis</span> <span class='ocrx_word' id='word_1_244' title='bbox 1405 3651 1563 3694; x_wconf 64' lang='lat' dir='ltr'>mem.</span> 
     </span>
    </p>
   </div>
   <div class='ocr_carea' id='block_1_37' title="bbox 385 3725 1974 3800">
    <p class='ocr_par' dir='ltr' id='par_1_37' title="bbox 385 3725 1974 3800">
     <span class='ocr_line' id='line_1_37' title="bbox 385 3725 1974 3800; baseline -0.001 -16"><span class='ocrx_word' id='word_1_245' title='bbox 385 3727 433 3784; x_wconf 88' lang='lat' dir='ltr'><strong>H</strong></span> <span class='ocrx_word' id='word_1_246' title='bbox 462 3727 690 3800; x_wconf 58' lang='lat' dir='ltr'>Saepius</span> <span class='ocrx_word' id='word_1_247' title='bbox 718 3743 852 3782; x_wconf 89' lang='lat' dir='ltr'>eum</span> <span class='ocrx_word' id='word_1_248' title='bbox 883 3725 1185 3782; x_wconf 81' lang='lat' dir='ltr'>invocasse</span> <span class='ocrx_word' id='word_1_249' title='bbox 1216 3725 1443 3782; x_wconf 87' lang='lat' dir='ltr'>Patrem</span> <span class='ocrx_word' id='word_1_250' title='bbox 1477 3726 1534 3780; x_wconf 90' lang='lat' dir='ltr'>in</span> <span class='ocrx_word' id='word_1_251' title='bbox 1571 3725 1877 3799; x_wconf 86' lang='lat' dir='ltr'>Evangelio</span> <span class='ocrx_word' id='word_1_252' title='bbox 1899 3725 1974 3783; x_wconf 89' lang='lat' dir='ltr'>le-</span> 
     </span>
    </p>
   </div>
   <div class='ocr_carea' id='block_1_38' title="bbox 311 3815 1967 3894">
    <p class='ocr_par' dir='ltr' id='par_1_38' title="bbox 311 3815 1967 3894">
     <span class='ocr_line' id='line_1_38' title="bbox 311 3815 1967 3894; baseline -0.002 -18"><span class='ocrx_word' id='word_1_253' title='bbox 311 3819 510 3894; x_wconf 86' lang='lat' dir='ltr'>gimus</span> <span class='ocrx_word' id='word_1_254' title='bbox 542 3819 716 3892; x_wconf 84' lang='lat' dir='ltr'>(Joan.</span> <span class='ocrx_word' id='word_1_255' title='bbox 747 3819 884 3886; x_wconf 82' lang='lat' dir='ltr'>xvn)</span> <span class='ocrx_word' id='word_1_256' title='bbox 916 3833 930 3871; x_wconf 92' lang='lat'><strong>:</strong></span> <span class='ocrx_word' id='word_1_257' title='bbox 963 3821 1030 3872; x_wconf 90' lang='lat' dir='ltr'>ut</span> <span class='ocrx_word' id='word_1_258' title='bbox 1053 3820 1161 3888; x_wconf 88' lang='lat' dir='ltr'>est,</span> <span class='ocrx_word' id='word_1_259' title='bbox 1196 3815 1464 3872; x_wconf 87' lang='lat' dir='ltr'>Clariﬁca</span> <span class='ocrx_word' id='word_1_260' title='bbox 1493 3833 1586 3873; x_wconf 91' lang='lat' dir='ltr'>me</span> <span class='ocrx_word' id='word_1_261' title='bbox 1618 3815 1786 3873; x_wconf 87' lang='lat' dir='ltr'>Pater</span> <span class='ocrx_word' id='word_1_262' title='bbox 1814 3818 1967 3891; x_wconf 89' lang='lat' dir='ltr'>apud</span> 
     </span>
    </p>
   </div>
   <div class='ocr_carea' id='block_1_39' title="bbox 311 3904 1971 3980">
    <p class='ocr_par' dir='ltr' id='par_1_39' title="bbox 311 3904 1971 3980">
     <span class='ocr_line' id='line_1_39' title="bbox 311 3904 1971 3980; baseline 0 -15"><span class='ocrx_word' id='word_1_263' title='bbox 311 3908 694 3980; x_wconf 86' lang='lat' dir='ltr'>temetipsum</span> <span class='ocrx_word' id='word_1_264' title='bbox 729 3922 742 3962; x_wconf 89' lang='lat'><strong>:</strong></span> <span class='ocrx_word' id='word_1_265' title='bbox 776 3911 834 3962; x_wconf 88' lang='lat' dir='ltr'>et</span> <span class='ocrx_word' id='word_1_266' title='bbox 865 3904 964 3974; x_wconf 75' lang='lat' dir='ltr'>ibi,</span> <span class='ocrx_word' id='word_1_267' title='bbox 991 3906 1159 3962; x_wconf 87' lang='lat' dir='ltr'>Pater</span> <span class='ocrx_word' id='word_1_268' title='bbox 1187 3905 1248 3962; x_wconf 89' lang='lat' dir='ltr'>in</span> <span class='ocrx_word' id='word_1_269' title='bbox 1275 3923 1488 3962; x_wconf 89' lang='lat' dir='ltr'>manus</span> <span class='ocrx_word' id='word_1_270' title='bbox 1516 3911 1646 3962; x_wconf 87' lang='lat' dir='ltr'>tuas</span> <span class='ocrx_word' id='word_1_271' title='bbox 1677 3923 1971 3965; x_wconf 76' lang='lat' dir='ltr'>commen-</span> 
     </span>
    </p>
   </div>
   <div class='ocr_carea' id='block_1_40' title="bbox 307 3997 1310 4072">
    <p class='ocr_par' dir='ltr' id='par_1_40' title="bbox 307 3997 1310 4072">
     <span class='ocr_line' id='line_1_40' title="bbox 307 3997 1310 4072; baseline -0.004 -17"><span class='ocrx_word' id='word_1_272' title='bbox 307 3999 383 4055; x_wconf 92' lang='lat' dir='ltr'>do</span> <span class='ocrx_word' id='word_1_273' title='bbox 414 3997 688 4072; x_wconf 87' lang='lat' dir='ltr'>spiritum</span> <span class='ocrx_word' id='word_1_274' title='bbox 717 4013 914 4052; x_wconf 90' lang='lat' dir='ltr'>meum</span> <span class='ocrx_word' id='word_1_275' title='bbox 946 3997 1094 4069; x_wconf 87' lang='lat' dir='ltr'>(Luc.</span> <span class='ocrx_word' id='word_1_276' title='bbox 1127 3999 1310 4065; x_wconf 82' lang='lat' dir='ltr'>xxm).</span> 
     </span>
    </p>
   </div>
   <div class='ocr_carea' id='block_1_41' title="bbox 301 4088 1596 4160">
    <p class='ocr_par' dir='ltr' id='par_1_41' title="bbox 301 4088 1596 4160">
     <span class='ocr_line' id='line_1_41' title="bbox 301 4088 1596 4160; baseline -0.002 -13"><span class='ocrx_word' id='word_1_277' title='bbox 301 4090 376 4146; x_wconf 79' lang='lat'><strong>27</strong></span> <span class='ocrx_word' id='word_1_278' title='bbox 449 4090 526 4146; x_wconf 87' lang='lat' dir='ltr'>Et</span> <span class='ocrx_word' id='word_1_279' title='bbox 553 4101 650 4157; x_wconf 87' lang='lat' dir='ltr'>ego</span> <span class='ocrx_word' id='word_1_280' title='bbox 677 4089 858 4158; x_wconf 86' lang='lat' dir='ltr'>primo</span> <span class='ocrx_word' id='word_1_281' title='bbox 887 4089 1134 4157; x_wconf 85' lang='lat' dir='ltr'>genitum</span> <span class='ocrx_word' id='word_1_282' title='bbox 1160 4104 1362 4160; x_wconf 76' lang='lat' dir='ltr'>ponam</span> <span class='ocrx_word' id='word_1_283' title='bbox 1392 4088 1552 4143; x_wconf 89' lang='lat' dir='ltr'>illum</span> <span class='ocrx_word' id='word_1_284' title='bbox 1583 4105 1596 4144; x_wconf 90' lang='lat'><strong>:</strong></span> 
     </span>
    </p>
   </div>
   <div class='ocr_carea' id='block_1_42' title="bbox 449 4178 1544 4250">
    <p class='ocr_par' dir='ltr' id='par_1_42' title="bbox 449 4178 1544 4250">
     <span class='ocr_line' id='line_1_42' title="bbox 449 4178 1544 4250; baseline 0 -16"><span class='ocrx_word' id='word_1_285' title='bbox 449 4178 740 4234; x_wconf 67' lang='lat' dir='ltr'>Excelsum</span> <span class='ocrx_word' id='word_1_286' title='bbox 766 4183 821 4244; x_wconf 58' lang='lat'>{-</span> <span class='ocrx_word' id='word_1_287' title='bbox 859 4193 980 4250; x_wconf 69' lang='lat' dir='ltr'>prae</span> <span class='ocrx_word' id='word_1_288' title='bbox 1023 4185 1038 4246; x_wconf 75' lang='grc' dir='ltr'>ξ</span> <span class='ocrx_word' id='word_1_289' title='bbox 1109 4179 1330 4247; x_wconf 85' lang='lat' dir='ltr'>regibus</span> <span class='ocrx_word' id='word_1_290' title='bbox 1358 4186 1544 4236; x_wconf 64' lang='lat' dir='ltr'>terrae.</span> 
     </span>
    </p>
   </div>
   <div class='ocr_carea' id='block_1_43' title="bbox 378 4267 1968 4344">
    <p class='ocr_par' dir='ltr' id='par_1_43' title="bbox 378 4267 1968 4344">
     <span class='ocr_line' id='line_1_43' title="bbox 378 4267 1968 4344; baseline 0.002 -20"><span class='ocrx_word' id='word_1_291' title='bbox 378 4267 420 4324; x_wconf 91' lang='lat' dir='ltr'>C</span> <span class='ocrx_word' id='word_1_292' title='bbox 451 4269 552 4324; x_wconf 87' lang='lat' dir='ltr'>Est</span> <span class='ocrx_word' id='word_1_293' title='bbox 597 4283 734 4342; x_wconf 90' lang='lat' dir='ltr'>ergo</span> <span class='ocrx_word' id='word_1_294' title='bbox 778 4267 1225 4341; x_wconf 89' lang='lat' dir='ltr'>primogenitus,</span> <span class='ocrx_word' id='word_1_295' title='bbox 1269 4272 1336 4325; x_wconf 92' lang='lat' dir='ltr'>ut</span> <span class='ocrx_word' id='word_1_296' title='bbox 1382 4267 1442 4324; x_wconf 91' lang='lat' dir='ltr'>in</span> <span class='ocrx_word' id='word_1_297' title='bbox 1486 4269 1816 4343; x_wconf 86' lang='lat' dir='ltr'>Evangelio.</span> <span class='ocrx_word' id='word_1_298' title='bbox 1849 4271 1968 4344; x_wconf 89' lang='lat' dir='ltr'>Ego</span> 
     </span>
    </p>
   </div>
   <div class='ocr_carea' id='block_1_44' title="bbox 307 4356 1966 4430">
    <p class='ocr_par' dir='ltr' id='par_1_44' title="bbox 307 4356 1966 4430">
     <span class='ocr_line' id='line_1_44' title="bbox 307 4356 1966 4430; baseline 0.001 -15"><span class='ocrx_word' id='word_1_299' title='bbox 307 4373 442 4415; x_wconf 89' lang='lat' dir='ltr'>sum</span> <span class='ocrx_word' id='word_1_300' title='bbox 473 4360 512 4405; x_wconf 79' lang='grc' dir='ltr'><strong>Α</strong></span> <span class='ocrx_word' id='word_1_301' title='bbox 545 4360 604 4414; x_wconf 89' lang='lat' dir='ltr'>et</span> <span class='ocrx_word' id='word_1_302' title='bbox 649 4361 710 4412; x_wconf 83' lang='grc' dir='ltr'>Ω.</span> <span class='ocrx_word' id='word_1_303' title='bbox 742 4357 813 4414; x_wconf 90' lang='lat' dir='ltr'>Et</span> <span class='ocrx_word' id='word_1_304' title='bbox 864 4356 1005 4414; x_wconf 90' lang='lat' dir='ltr'>dicit</span> <span class='ocrx_word' id='word_1_305' title='bbox 1055 4374 1292 4430; x_wconf 88' lang='lat' dir='ltr'>ponam,</span> <span class='ocrx_word' id='word_1_306' title='bbox 1326 4357 1383 4413; x_wconf 92' lang='lat' dir='ltr'>id</span> <span class='ocrx_word' id='word_1_307' title='bbox 1441 4363 1531 4414; x_wconf 87' lang='lat' dir='ltr'>est</span> <span class='ocrx_word' id='word_1_308' title='bbox 1589 4358 1966 4416; x_wconf 88' lang='lat' dir='ltr'>constituam.</span> 
     </span>
    </p>
   </div>
   <div class='ocr_carea' id='block_1_45' title="bbox 307 4445 1970 4521">
    <p class='ocr_par' dir='ltr' id='par_1_45' title="bbox 307 4445 1970 4521">
     <span class='ocr_line' id='line_1_45' title="bbox 307 4445 1970 4521; baseline 0.002 -19"><span class='ocrx_word' id='word_1_309' title='bbox 307 4457 349 4502; x_wconf 88' lang='lat' dir='ltr'>n</span> <span class='ocrx_word' id='word_1_310' title='bbox 378 4445 684 4504; x_wconf 80' lang='lat' dir='ltr'>Excelsum</span> <span class='ocrx_word' id='word_1_311' title='bbox 715 4464 831 4521; x_wconf 73' lang='lat' dir='ltr'>prae</span> <span class='ocrx_word' id='word_1_312' title='bbox 863 4447 1099 4521; x_wconf 89' lang='lat' dir='ltr'>regibus</span> <span class='ocrx_word' id='word_1_313' title='bbox 1126 4452 1290 4503; x_wconf 73' lang='lat' dir='ltr'>terrae</span> <span class='ocrx_word' id='word_1_314' title='bbox 1318 4465 1332 4504; x_wconf 87' lang='lat'><strong>:</strong></span> <span class='ocrx_word' id='word_1_315' title='bbox 1357 4447 1468 4504; x_wconf 89' lang='lat' dir='ltr'>hoc</span> <span class='ocrx_word' id='word_1_316' title='bbox 1493 4453 1582 4504; x_wconf 88' lang='lat' dir='ltr'>est</span> <span class='ocrx_word' id='word_1_317' title='bbox 1603 4465 1783 4521; x_wconf 84' lang='lat' dir='ltr'>regna</span> <span class='ocrx_word' id='word_1_318' title='bbox 1806 4465 1970 4506; x_wconf 89' lang='lat' dir='ltr'>mun-</span> 
     </span>
    </p>
   </div>
   <div class='ocr_carea' id='block_1_46' title="bbox 305 4535 1970 4610">
    <p class='ocr_par' dir='ltr' id='par_1_46' title="bbox 305 4535 1970 4610">
     <span class='ocr_line' id='line_1_46' title="bbox 305 4535 1970 4610; baseline 0.002 -19"><span class='ocrx_word' id='word_1_319' title='bbox 305 4535 367 4591; x_wconf 92' lang='lat' dir='ltr'>di</span> <span class='ocrx_word' id='word_1_320' title='bbox 399 4535 450 4592; x_wconf 91' lang='lat' dir='ltr'>ei</span> <span class='ocrx_word' id='word_1_321' title='bbox 482 4540 694 4592; x_wconf 90' lang='lat' dir='ltr'>cuncta</span> <span class='ocrx_word' id='word_1_322' title='bbox 723 4536 993 4609; x_wconf 85' lang='lat' dir='ltr'>subjicio.</span> <span class='ocrx_word' id='word_1_323' title='bbox 1017 4535 1120 4592; x_wconf 90' lang='lat' dir='ltr'>Vel</span> <span class='ocrx_word' id='word_1_324' title='bbox 1153 4535 1587 4610; x_wconf 86' lang='lat' dir='ltr'>primogenitus</span> <span class='ocrx_word' id='word_1_325' title='bbox 1619 4553 1688 4592; x_wconf 80' lang='lat' dir='ltr'>ex</span> <span class='ocrx_word' id='word_1_326' title='bbox 1716 4538 1970 4595; x_wconf 91' lang='lat' dir='ltr'>mortuis</span> 
     </span>
    </p>
   </div>
   <div class='ocr_carea' id='block_1_47' title="bbox 304 4623 1972 4700">
    <p class='ocr_par' dir='ltr' id='par_1_47' title="bbox 304 4623 1972 4700">
     <span class='ocr_line' id='line_1_47' title="bbox 304 4623 1972 4700; baseline 0.001 -19"><span class='ocrx_word' id='word_1_327' title='bbox 304 4624 524 4682; x_wconf 89' lang='lat' dir='ltr'>dicitur</span> <span class='ocrx_word' id='word_1_328' title='bbox 556 4643 569 4682; x_wconf 92' lang='lat'>:</span> <span class='ocrx_word' id='word_1_329' title='bbox 603 4625 1030 4700; x_wconf 87' lang='lat' dir='ltr'>primogenitus</span> <span class='ocrx_word' id='word_1_330' title='bbox 1061 4641 1296 4698; x_wconf 90' lang='lat' dir='ltr'>quoque</span> <span class='ocrx_word' id='word_1_331' title='bbox 1329 4623 1515 4680; x_wconf 85' lang='lat' dir='ltr'>Patris</span> <span class='ocrx_word' id='word_1_332' title='bbox 1540 4624 1740 4680; x_wconf 68' lang='lat' dir='ltr'>interni</span> <span class='ocrx_word' id='word_1_333' title='bbox 1771 4630 1828 4682; x_wconf 89' lang='lat' dir='ltr'>et</span> <span class='ocrx_word' id='word_1_334' title='bbox 1852 4644 1972 4683; x_wconf 88' lang='lat' dir='ltr'>ma-</span> 
     </span>
    </p>
   </div>
   <div class='ocr_carea' id='block_1_48' title="bbox 303 4714 1062 4788">
    <p class='ocr_par' dir='ltr' id='par_1_48' title="bbox 303 4714 1062 4788">
     <span class='ocr_line' id='line_1_48' title="bbox 303 4714 1062 4788; baseline 0.001 -18"><span class='ocrx_word' id='word_1_335' title='bbox 303 4714 412 4770; x_wconf 84' lang='lat' dir='ltr'>tris</span> <span class='ocrx_word' id='word_1_336' title='bbox 441 4714 722 4788; x_wconf 83' lang='lat' dir='ltr'>Virginis.</span> <span class='ocrx_word' id='word_1_337' title='bbox 1054 4733 1062 4740; x_wconf 92' lang='grc'><strong>·</strong></span> 
     </span>
    </p>
   </div>
   <div class='ocr_carea' id='block_1_49' title="bbox 301 4801 1968 4864">
    <p class='ocr_par' dir='ltr' id='par_1_49' title="bbox 301 4801 1968 4864">
     <span class='ocr_line' id='line_1_49' title="bbox 301 4801 1968 4864; baseline 0.003 -5"><span class='ocrx_word' id='word_1_338' title='bbox 301 4803 373 4859; x_wconf 89' lang='grc'>28</span> <span class='ocrx_word' id='word_1_339' title='bbox 444 4805 508 4860; x_wconf 87' lang='lat' dir='ltr'>In</span> <span class='ocrx_word' id='word_1_340' title='bbox 533 4813 804 4861; x_wconf 64' lang='lat' dir='ltr'>aeternum</span> <span class='ocrx_word' id='word_1_341' title='bbox 841 4802 1064 4859; x_wconf 82' lang='lat' dir='ltr'>servabo</span> <span class='ocrx_word' id='word_1_342' title='bbox 1112 4801 1203 4855; x_wconf 88' lang='lat' dir='ltr'>illi</span> <span class='ocrx_word' id='word_1_343' title='bbox 1246 4801 1692 4858; x_wconf 87' lang='lat' dir='ltr'>miseribordiam</span> <span class='ocrx_word' id='word_1_344' title='bbox 1737 4821 1968 4864; x_wconf 89' lang='lat' dir='ltr'>meam:</span> 
     </span>
    </p>
   </div>
   <div class='ocr_carea' id='block_1_50' title="bbox 445 4889 1478 4962">
    <p class='ocr_par' dir='ltr' id='par_1_50' title="bbox 445 4889 1478 4962">
     <span class='ocr_line' id='line_1_50' title="bbox 445 4889 1478 4962; baseline -0.001 -15"><span class='ocrx_word' id='word_1_345' title='bbox 445 4893 513 4948; x_wconf 84' lang='lat' dir='ltr'>Et</span> <span class='ocrx_word' id='word_1_346' title='bbox 541 4899 926 4949; x_wconf 85' lang='lat' dir='ltr'>testamentum</span> <span class='ocrx_word' id='word_1_347' title='bbox 953 4905 1137 4945; x_wconf 84' lang='lat' dir='ltr'>meum</span> <span class='ocrx_word' id='word_1_348' title='bbox 1165 4889 1324 4960; x_wconf 78' lang='lat' dir='ltr'>ﬁdele</span> <span class='ocrx_word' id='word_1_349' title='bbox 1353 4891 1478 4962; x_wconf 85' lang='lat' dir='ltr'>ipsi.</span> 
     </span>
    </p>
   </div>
   <div class='ocr_carea' id='block_1_51' title="bbox 375 4978 1967 5053">
    <p class='ocr_par' dir='ltr' id='par_1_51' title="bbox 375 4978 1967 5053">
     <span class='ocr_line' id='line_1_51' title="bbox 375 4978 1967 5053; baseline 0.003 -16"><span class='ocrx_word' id='word_1_350' title='bbox 375 4985 415 5037; x_wconf 89' lang='lat' dir='ltr'>C</span> <span class='ocrx_word' id='word_1_351' title='bbox 445 4982 514 5037; x_wconf 91' lang='lat' dir='ltr'>Et</span> <span class='ocrx_word' id='word_1_352' title='bbox 544 4980 656 5036; x_wconf 91' lang='lat' dir='ltr'>hoc</span> <span class='ocrx_word' id='word_1_353' title='bbox 695 4980 913 5035; x_wconf 88' lang='lat' dir='ltr'>dicitur</span> <span class='ocrx_word' id='word_1_354' title='bbox 943 4995 978 5035; x_wconf 92' lang='lat' dir='ltr'>a</span> <span class='ocrx_word' id='word_1_355' title='bbox 1007 4978 1196 5035; x_wconf 87' lang='lat' dir='ltr'>forma</span> <span class='ocrx_word' id='word_1_356' title='bbox 1242 4979 1416 5048; x_wconf 82' lang='lat' dir='ltr'>servi,</span> <span class='ocrx_word' id='word_1_357' title='bbox 1449 4980 1591 5053; x_wconf 89' lang='lat' dir='ltr'>quia</span> <span class='ocrx_word' id='word_1_358' title='bbox 1637 4982 1967 5042; x_wconf 86' lang='lat' dir='ltr'>misericor-</span> 
     </span>
    </p>
   </div>
   <div class='ocr_carea' id='block_1_52' title="bbox 304 5068 1968 5144">
    <p class='ocr_par' dir='ltr' id='par_1_52' title="bbox 304 5068 1968 5144">
     <span class='ocr_line' id='line_1_52' title="bbox 304 5068 1968 5144; baseline 0.004 -18"><span class='ocrx_word' id='word_1_359' title='bbox 304 5071 464 5126; x_wconf 89' lang='lat' dir='ltr'>diam</span> <span class='ocrx_word' id='word_1_360' title='bbox 499 5069 688 5124; x_wconf 83' lang='lat' dir='ltr'>Patris</span> <span class='ocrx_word' id='word_1_361' title='bbox 718 5073 932 5124; x_wconf 73' lang='lat' dir='ltr'>zeterno</span> <span class='ocrx_word' id='word_1_362' title='bbox 972 5068 1194 5125; x_wconf 88' lang='lat' dir='ltr'>honore</span> <span class='ocrx_word' id='word_1_363' title='bbox 1241 5070 1503 5144; x_wconf 88' lang='lat' dir='ltr'>suscepit</span> <span class='ocrx_word' id='word_1_364' title='bbox 1536 5088 1550 5128; x_wconf 91' lang='lat'><strong>:</strong></span> <span class='ocrx_word' id='word_1_365' title='bbox 1584 5073 1677 5128; x_wconf 92' lang='lat' dir='ltr'>cui</span> <span class='ocrx_word' id='word_1_366' title='bbox 1709 5074 1848 5130; x_wconf 89' lang='lat' dir='ltr'>data</span> <span class='ocrx_word' id='word_1_367' title='bbox 1877 5080 1968 5133; x_wconf 89' lang='lat' dir='ltr'>est</span> 
     </span>
    </p>
   </div>
   <div class='ocr_carea' id='block_1_53' title="bbox 304 5155 1963 5232">
    <p class='ocr_par' dir='ltr' id='par_1_53' title="bbox 304 5155 1963 5232">
     <span class='ocr_line' id='line_1_53' title="bbox 304 5155 1963 5232; baseline 0.005 -20"><span class='ocrx_word' id='word_1_368' title='bbox 304 5161 565 5232; x_wconf 87' lang='lat' dir='ltr'>potestas</span> <span class='ocrx_word' id='word_1_369' title='bbox 587 5155 646 5211; x_wconf 91' lang='lat' dir='ltr'>in</span> <span class='ocrx_word' id='word_1_370' title='bbox 675 5155 818 5212; x_wconf 85' lang='lat' dir='ltr'>coelo</span> <span class='ocrx_word' id='word_1_371' title='bbox 841 5163 898 5214; x_wconf 87' lang='lat' dir='ltr'>et</span> <span class='ocrx_word' id='word_1_372' title='bbox 918 5157 977 5214; x_wconf 90' lang='lat' dir='ltr'>in</span> <span class='ocrx_word' id='word_1_373' title='bbox 1000 5160 1622 5217; x_wconf 86' lang='lat' dir='ltr'>terra.&#39;l‘estamentum</span> <span class='ocrx_word' id='word_1_374' title='bbox 1651 5163 1818 5220; x_wconf 86' lang='lat' dir='ltr'>ﬁdele</span> <span class='ocrx_word' id='word_1_375' title='bbox 1839 5169 1926 5220; x_wconf 88' lang='lat' dir='ltr'>est</span> <span class='ocrx_word' id='word_1_376' title='bbox 1950 5181 1963 5222; x_wconf 90' lang='lat'><strong>:</strong></span> 
     </span>
    </p>
   </div>
   <div class='ocr_carea' id='block_1_54' title="bbox 306 5245 1969 5323">
    <p class='ocr_par' dir='ltr' id='par_1_54' title="bbox 306 5245 1969 5323">
     <span class='ocr_line' id='line_1_54' title="bbox 306 5245 1969 5323; baseline 0.008 -23"><span class='ocrx_word' id='word_1_377' title='bbox 306 5245 448 5319; x_wconf 88' lang='lat' dir='ltr'>quia</span> <span class='ocrx_word' id='word_1_378' title='bbox 477 5261 839 5319; x_wconf 70' lang='lat' dir='ltr'>quaecunque</span> <span class='ocrx_word' id='word_1_379' title='bbox 871 5247 1162 5322; x_wconf 77' lang='lat' dir='ltr'>propheta:</span> <span class='ocrx_word' id='word_1_380' title='bbox 1188 5249 1256 5304; x_wconf 88' lang='lat' dir='ltr'>de</span> <span class='ocrx_word' id='word_1_381' title='bbox 1279 5249 1406 5323; x_wconf 87' lang='lat' dir='ltr'>ipso</span> <span class='ocrx_word' id='word_1_382' title='bbox 1430 5252 1969 5323; x_wconf 60' lang='lat' dir='ltr'>praedixeruntpm-</span> 
     </span>
    </p>
   </div>
   <div class='ocr_carea' id='block_1_55' title="bbox 305 5332 911 5406">
    <p class='ocr_par' dir='ltr' id='par_1_55' title="bbox 305 5332 911 5406">
     <span class='ocr_line' id='line_1_55' title="bbox 305 5332 911 5406; baseline 0.005 -16"><span class='ocrx_word' id='word_1_383' title='bbox 305 5334 407 5390; x_wconf 89' lang='lat' dir='ltr'>nia</span> <span class='ocrx_word' id='word_1_384' title='bbox 433 5332 725 5406; x_wconf 86' lang='lat' dir='ltr'>completa</span> <span class='ocrx_word' id='word_1_385' title='bbox 755 5342 911 5392; x_wconf 88' lang='lat' dir='ltr'>sunt.</span> 
     </span>
    </p>
   </div>
   <div class='ocr_carea' id='block_1_56' title="bbox 305 5421 1964 5508">
    <p class='ocr_par' dir='ltr' id='par_1_56' title="bbox 305 5421 1964 5508">
     <span class='ocr_line' id='line_1_56' title="bbox 305 5421 1964 5508; baseline 0.009 -30"><span class='ocrx_word' id='word_1_386' title='bbox 305 5421 378 5478; x_wconf 84' lang='lat'><strong>29</strong></span> <span class='ocrx_word' id='word_1_387' title='bbox 451 5422 516 5478; x_wconf 85' lang='lat' dir='ltr'>Et</span> <span class='ocrx_word' id='word_1_388' title='bbox 535 5439 742 5494; x_wconf 86' lang='lat' dir='ltr'>ponam</span> <span class='ocrx_word' id='word_1_389' title='bbox 779 5426 839 5480; x_wconf 88' lang='lat' dir='ltr'>in</span> <span class='ocrx_word' id='word_1_390' title='bbox 885 5427 1147 5482; x_wconf 51' lang='lat' dir='ltr'>safculum</span> <span class='ocrx_word' id='word_1_391' title='bbox 1172 5435 1226 5493; x_wconf 55' lang='grc' dir='ltr'>ἐς</span> <span class='ocrx_word' id='word_1_392' title='bbox 1268 5432 1463 5486; x_wconf 68' lang='grc' dir='ltr'>δία-ιιιὶ</span> <span class='ocrx_word' id='word_1_393' title='bbox 1505 5438 1519 5496; x_wconf 75' lang='grc' dir='ltr'>ζ</span> <span class='ocrx_word' id='word_1_394' title='bbox 1588 5449 1769 5490; x_wconf 82' lang='lat' dir='ltr'>semen</span> <span class='ocrx_word' id='word_1_395' title='bbox 1797 5437 1916 5508; x_wconf 79' lang='lat' dir='ltr'>ejus</span> <span class='ocrx_word' id='word_1_396' title='bbox 1945 5455 1964 5492; x_wconf 91' lang='lat'><strong><em>:</em></strong></span> 
     </span>
    </p>
   </div>
   <div class='ocr_carea' id='block_1_57' title="bbox 448 5511 1425 5584">
    <p class='ocr_par' dir='ltr' id='par_1_57' title="bbox 448 5511 1425 5584">
     <span class='ocr_line' id='line_1_57' title="bbox 448 5511 1425 5584; baseline 0.006 -18"><span class='ocrx_word' id='word_1_397' title='bbox 448 5511 512 5567; x_wconf 85' lang='lat' dir='ltr'>Et</span> <span class='ocrx_word' id='word_1_398' title='bbox 541 5511 799 5568; x_wconf 82' lang='lat' dir='ltr'>thronum</span> <span class='ocrx_word' id='word_1_399' title='bbox 825 5514 944 5584; x_wconf 84' lang='lat' dir='ltr'>ejus</span> <span class='ocrx_word' id='word_1_400' title='bbox 972 5517 1114 5570; x_wconf 79' lang='lat' dir='ltr'>sicut</span> <span class='ocrx_word' id='word_1_401' title='bbox 1141 5516 1256 5572; x_wconf 84' lang='lat' dir='ltr'>dies</span> <span class='ocrx_word' id='word_1_402' title='bbox 1285 5519 1425 5574; x_wconf 73' lang='lat' dir='ltr'>caeli.</span> 
     </span>
    </p>
   </div>
   <div class='ocr_carea' id='block_1_58' title="bbox 372 5597 1960 5676">
    <p class='ocr_par' dir='ltr' id='par_1_58' title="bbox 372 5597 1960 5676">
     <span class='ocr_line' id='line_1_58' title="bbox 372 5597 1960 5676; baseline 0.009 -20"><span class='ocrx_word' id='word_1_403' title='bbox 372 5597 415 5656; x_wconf 92' lang='lat' dir='ltr'>C</span> <span class='ocrx_word' id='word_1_404' title='bbox 441 5598 736 5658; x_wconf 64' lang='lat' dir='ltr'>Smculum</span> <span class='ocrx_word' id='word_1_405' title='bbox 766 5601 962 5676; x_wconf 61' lang='lat' dir='ltr'>smul;</span> <span class='ocrx_word' id='word_1_406' title='bbox 993 5604 1288 5676; x_wconf 86' lang='lat' dir='ltr'>signiﬁcat</span> <span class='ocrx_word' id='word_1_407' title='bbox 1317 5607 1724 5666; x_wconf 60' lang='lat' dir='ltr'>aeternitatem.</span> <span class='ocrx_word' id='word_1_408' title='bbox 1750 5613 1960 5671; x_wconf 90' lang='lat' dir='ltr'>Semen</span> 
     </span>
    </p>
   </div>
   <div class='ocr_carea' id='block_1_59' title="bbox 300 5685 1962 5766">
    <p class='ocr_par' dir='ltr' id='par_1_59' title="bbox 300 5685 1962 5766">
     <span class='ocr_line' id='line_1_59' title="bbox 300 5685 1962 5766; baseline 0.008 -20"><span class='ocrx_word' id='word_1_409' title='bbox 300 5685 480 5748; x_wconf 88' lang='lat' dir='ltr'>David</span> <span class='ocrx_word' id='word_1_410' title='bbox 510 5688 778 5746; x_wconf 85' lang='lat' dir='ltr'>Christus</span> <span class='ocrx_word' id='word_1_411' title='bbox 809 5691 1173 5759; x_wconf 88' lang='lat' dir='ltr'>est,thronus</span> <span class='ocrx_word' id='word_1_412' title='bbox 1197 5694 1327 5765; x_wconf 84' lang='lat' dir='ltr'>ejus</span> <span class='ocrx_word' id='word_1_413' title='bbox 1348 5699 1608 5766; x_wconf 85' lang='lat' dir='ltr'>potestas</span> <span class='ocrx_word' id='word_1_414' title='bbox 1629 5705 1720 5756; x_wconf 90' lang='lat' dir='ltr'>est</span> <span class='ocrx_word' id='word_1_415' title='bbox 1748 5701 1962 5760; x_wconf 84' lang='lat' dir='ltr'>futurri</span> 
     </span>
    </p>
   </div>
   <div class='ocr_carea' id='block_1_60' title="bbox 292 5777 1850 5856">
    <p class='ocr_par' dir='ltr' id='par_1_60' title="bbox 292 5777 1850 5856">
     <span class='ocr_line' id='line_1_60' title="bbox 292 5777 1850 5856; baseline 0.006 -18"><span class='ocrx_word' id='word_1_416' title='bbox 292 5777 506 5856; x_wconf 86' lang='lat' dir='ltr'>judicii</span> <span class='ocrx_word' id='word_1_417' title='bbox 541 5795 554 5836; x_wconf 88' lang='lat'><strong>:</strong></span> <span class='ocrx_word' id='word_1_418' title='bbox 587 5777 649 5834; x_wconf 89' lang='lat' dir='ltr'>in</span> <span class='ocrx_word' id='word_1_419' title='bbox 672 5794 790 5854; x_wconf 89' lang='lat' dir='ltr'>qua</span> <span class='ocrx_word' id='word_1_420' title='bbox 811 5779 1118 5856; x_wconf 84' lang='lat' dir='ltr'>fulgebunt</span> <span class='ocrx_word' id='word_1_421' title='bbox 1139 5781 1289 5856; x_wconf 85' lang='lat' dir='ltr'>justi</span> <span class='ocrx_word' id='word_1_422' title='bbox 1321 5781 1538 5843; x_wconf 63' lang='lat' dir='ltr'>caelesti</span> <span class='ocrx_word' id='word_1_423' title='bbox 1569 5785 1850 5850; x_wconf 81' lang='lat' dir='ltr'>claritate.</span> 
     </span>
    </p>
   </div>
   <div class='ocr_carea' id='block_1_61' title="bbox 1204 443 2813 523">
    <p class='ocr_par' dir='ltr' id='par_1_61' title="bbox 1204 443 2813 523">
     <span class='ocr_line' id='line_1_61' title="bbox 1204 443 2813 523; baseline -0.012 0"><span class='ocrx_word' id='word_1_424' title='bbox 1204 462 1267 523; x_wconf 90' lang='lat' dir='ltr'>S.</span> <span class='ocrx_word' id='word_1_425' title='bbox 1315 456 1714 523; x_wconf 79' lang='lat' dir='ltr'>BRUNONIS</span> <span class='ocrx_word' id='word_1_426' title='bbox 1759 449 2385 516; x_wconf 67' lang='lat' dir='ltr'>HEBBIPOIENSIS</span> <span class='ocrx_word' id='word_1_427' title='bbox 2433 443 2813 507; x_wconf 88' lang='lat' dir='ltr'>EPISCOPI.</span> 
     </span>
    </p>
   </div>
   <div class='ocr_carea' id='block_1_62' title="bbox 1979 569 3720 659">
    <p class='ocr_par' dir='ltr' id='par_1_62' title="bbox 1979 569 3720 659">
     <span class='ocr_line' id='line_1_62' title="bbox 1979 569 3720 659; baseline -0.012 -18"><span class='ocrx_word' id='word_1_428' title='bbox 1979 589 2036 659; x_wconf 69' lang='grc' dir='ltr'><strong>Α</strong></span> <span class='ocrx_word' id='word_1_429' title='bbox 2065 583 2137 639; x_wconf 89' lang='grc'><strong>30</strong></span> <span class='ocrx_word' id='word_1_430' title='bbox 2199 583 2265 640; x_wconf 76' lang='lat' dir='ltr'>Si</span> <span class='ocrx_word' id='word_1_431' title='bbox 2338 586 2570 644; x_wconf 78' lang='lat' dir='ltr'>autem:</span> <span class='ocrx_word' id='word_1_432' title='bbox 2613 569 3720 659; x_wconf 68' lang='lat' dir='ltr'>dereliquet-iutfiliiejuslegemmeam:</span> 
     </span>
    </p>
   </div>
   <div class='ocr_carea' id='block_1_63' title="bbox 1996 1971 2046 2037">
    <p class='ocr_par' dir='ltr' id='par_1_63' title="bbox 1996 1971 2046 2037">
     <span class='ocr_line' id='line_1_63' title="bbox 1996 1971 2046 2037; baseline 0 0"><span class='ocrx_word' id='word_1_433' title='bbox 1996 1971 2046 2037; x_wconf 90' lang='lat' dir='ltr'><strong>B</strong></span> 
     </span>
    </p>
   </div>
   <div class='ocr_carea' id='block_1_64' title="bbox 3602 430 3719 491">
    <p class='ocr_par' dir='ltr' id='par_1_64' title="bbox 3602 430 3719 491">
     <span class='ocr_line' id='line_1_64' title="bbox 3602 430 3719 491; baseline -0.009 0"><span class='ocrx_word' id='word_1_434' title='bbox 3602 430 3719 491; x_wconf 75' lang='lat'>332</span> 
     </span>
    </p>
   </div>
   <div class='ocr_carea' id='block_1_65' title="bbox 2197 657 3422 740">
    <p class='ocr_par' dir='ltr' id='par_1_65' title="bbox 2197 657 3422 740">
     <span class='ocr_line' id='line_1_65' title="bbox 2197 657 3422 740; baseline -0.014 -11"><span class='ocrx_word' id='word_1_435' title='bbox 2197 673 2263 730; x_wconf 86' lang='lat' dir='ltr'>Et</span> <span class='ocrx_word' id='word_1_436' title='bbox 2297 671 2356 728; x_wconf 81' lang='lat' dir='ltr'>in</span> <span class='ocrx_word' id='word_1_437' title='bbox 2383 668 2624 740; x_wconf 77' lang='lat' dir='ltr'>iudiciis</span> <span class='ocrx_word' id='word_1_438' title='bbox 2649 667 2792 724; x_wconf 85' lang='lat' dir='ltr'>meis</span> <span class='ocrx_word' id='word_1_439' title='bbox 2821 680 2934 722; x_wconf 78' lang='lat' dir='ltr'>non</span> <span class='ocrx_word' id='word_1_440' title='bbox 2963 657 3422 719; x_wconf 79' lang='lat' dir='ltr'>ambulaverint.</span> 
     </span>
    </p>
   </div>
   <div class='ocr_carea' id='block_1_66' title="bbox 2135 741 3724 825">
    <p class='ocr_par' dir='ltr' id='par_1_66' title="bbox 2135 741 3724 825">
     <span class='ocr_line' id='line_1_66' title="bbox 2135 741 3724 825; baseline -0.014 -6"><span class='ocrx_word' id='word_1_441' title='bbox 2135 761 2176 819; x_wconf 91' lang='lat' dir='ltr'>C</span> <span class='ocrx_word' id='word_1_442' title='bbox 2207 762 2322 818; x_wconf 78' lang='lat' dir='ltr'>llos</span> <span class='ocrx_word' id='word_1_443' title='bbox 2352 759 2501 816; x_wconf 90' lang='lat' dir='ltr'>duos</span> <span class='ocrx_word' id='word_1_444' title='bbox 2531 774 2736 814; x_wconf 88' lang='lat' dir='ltr'>versus</span> <span class='ocrx_word' id='word_1_445' title='bbox 2765 755 2909 812; x_wconf 89' lang='lat' dir='ltr'>dicit</span> <span class='ocrx_word' id='word_1_446' title='bbox 2940 753 3011 809; x_wconf 91' lang='lat' dir='ltr'>de</span> <span class='ocrx_word' id='word_1_447' title='bbox 3041 749 3254 825; x_wconf 90' lang='lat' dir='ltr'>populo</span> <span class='ocrx_word' id='word_1_448' title='bbox 3275 741 3724 804; x_wconf 83' lang='lat' dir='ltr'>Christiano.Fi-</span> 
     </span>
    </p>
   </div>
   <div class='ocr_carea' id='block_1_67' title="bbox 2063 835 3723 916">
    <p class='ocr_par' dir='ltr' id='par_1_67' title="bbox 2063 835 3723 916">
     <span class='ocr_line' id='line_1_67' title="bbox 2063 835 3723 916; baseline -0.011 -7"><span class='ocrx_word' id='word_1_449' title='bbox 2063 851 2127 909; x_wconf 90' lang='lat' dir='ltr'>lii</span> <span class='ocrx_word' id='word_1_450' title='bbox 2152 851 2311 909; x_wconf 90' lang='lat' dir='ltr'>enim</span> <span class='ocrx_word' id='word_1_451' title='bbox 2341 849 2622 907; x_wconf 87' lang='lat' dir='ltr'>dicuntur</span> <span class='ocrx_word' id='word_1_452' title='bbox 2644 843 2962 904; x_wconf 85' lang='lat' dir='ltr'>Christiani</span> <span class='ocrx_word' id='word_1_453' title='bbox 2991 839 3271 916; x_wconf 90' lang='lat' dir='ltr'>quoniam</span> <span class='ocrx_word' id='word_1_454' title='bbox 3300 835 3562 894; x_wconf 84' lang='lat' dir='ltr'>Ecclesia</span> <span class='ocrx_word' id='word_1_455' title='bbox 3591 849 3723 891; x_wconf 80' lang='lat' dir='ltr'>ma-</span> 
     </span>
    </p>
   </div>
   <div class='ocr_carea' id='block_1_68' title="bbox 2063 931 3460 1013">
    <p class='ocr_par' dir='ltr' id='par_1_68' title="bbox 2063 931 3460 1013">
     <span class='ocr_line' id='line_1_68' title="bbox 2063 931 3460 1013; baseline -0.012 -14"><span class='ocrx_word' id='word_1_456' title='bbox 2063 946 2152 999; x_wconf 88' lang='lat' dir='ltr'>tre</span> <span class='ocrx_word' id='word_1_457' title='bbox 2181 959 2252 999; x_wconf 78' lang='lat' dir='ltr'>ex</span> <span class='ocrx_word' id='word_1_458' title='bbox 2276 957 2432 1013; x_wconf 88' lang='lat' dir='ltr'>aqua</span> <span class='ocrx_word' id='word_1_459' title='bbox 2458 943 2516 996; x_wconf 89' lang='lat' dir='ltr'>et</span> <span class='ocrx_word' id='word_1_460' title='bbox 2540 936 2761 1012; x_wconf 87' lang='lat' dir='ltr'>Spiritu</span> <span class='ocrx_word' id='word_1_461' title='bbox 2793 937 2998 992; x_wconf 90' lang='lat' dir='ltr'>sancto</span> <span class='ocrx_word' id='word_1_462' title='bbox 3029 931 3460 1006; x_wconf 83' lang='lat' dir='ltr'>regenerantur.</span> 
     </span>
    </p>
   </div>
   <div class='ocr_carea' id='block_1_69' title="bbox 2064 1021 3275 1103">
    <p class='ocr_par' dir='ltr' id='par_1_69' title="bbox 2064 1021 3275 1103">
     <span class='ocr_line' id='line_1_69' title="bbox 2064 1021 3275 1103; baseline -0.012 -15"><span class='ocrx_word' id='word_1_463' title='bbox 2064 1033 2130 1088; x_wconf 91' lang='grc'>31</span> <span class='ocrx_word' id='word_1_464' title='bbox 2163 1085 2178 1096; x_wconf 78' lang='grc'><em>,</em></span> <span class='ocrx_word' id='word_1_465' title='bbox 2206 1031 2274 1088; x_wconf 89' lang='lat' dir='ltr'>Si</span> <span class='ocrx_word' id='word_1_466' title='bbox 2293 1029 2565 1103; x_wconf 75' lang='lat' dir='ltr'>iustitia:</span> <span class='ocrx_word' id='word_1_467' title='bbox 2593 1043 2757 1084; x_wconf 85' lang='lat' dir='ltr'>meas</span> <span class='ocrx_word' id='word_1_468' title='bbox 2780 1021 3229 1100; x_wconf 83' lang='lat' dir='ltr'>profanaverint</span> <span class='ocrx_word' id='word_1_469' title='bbox 3260 1035 3275 1075; x_wconf 89' lang='lat'><strong>:</strong></span> 
     </span>
    </p>
   </div>
   <div class='ocr_carea' id='block_1_70' title="bbox 2207 1108 3321 1176">
    <p class='ocr_par' dir='ltr' id='par_1_70' title="bbox 2207 1108 3321 1176">
     <span class='ocr_line' id='line_1_70' title="bbox 2207 1108 3321 1176; baseline -0.012 0"><span class='ocrx_word' id='word_1_470' title='bbox 2207 1123 2287 1176; x_wconf 85' lang='lat' dir='ltr'>Et</span> <span class='ocrx_word' id='word_1_471' title='bbox 2320 1118 2608 1176; x_wconf 81' lang='lat' dir='ltr'>mandata</span> <span class='ocrx_word' id='word_1_472' title='bbox 2636 1133 2760 1172; x_wconf 87' lang='lat' dir='ltr'>mea</span> <span class='ocrx_word' id='word_1_473' title='bbox 2784 1131 2900 1171; x_wconf 78' lang='lat' dir='ltr'>non</span> <span class='ocrx_word' id='word_1_474' title='bbox 2927 1108 3321 1170; x_wconf 80' lang='lat' dir='ltr'>custoeicrint.</span> 
     </span>
    </p>
   </div>
   <div class='ocr_carea' id='block_1_71' title="bbox 2141 1193 3730 1280">
    <p class='ocr_par' dir='ltr' id='par_1_71' title="bbox 2141 1193 3730 1280">
     <span class='ocr_line' id='line_1_71' title="bbox 2141 1193 3730 1280; baseline -0.013 -14"><span class='ocrx_word' id='word_1_475' title='bbox 2141 1209 2183 1266; x_wconf 90' lang='lat' dir='ltr'>C</span> <span class='ocrx_word' id='word_1_476' title='bbox 2213 1208 2273 1266; x_wconf 92' lang='lat' dir='ltr'>Si</span> <span class='ocrx_word' id='word_1_477' title='bbox 2324 1207 2593 1280; x_wconf 85' lang='lat' dir='ltr'>justitias</span> <span class='ocrx_word' id='word_1_478' title='bbox 2621 1204 2856 1272; x_wconf 86' lang='lat' dir='ltr'>Christi,</span> <span class='ocrx_word' id='word_1_479' title='bbox 2906 1203 2965 1259; x_wconf 90' lang='lat' dir='ltr'>id</span> <span class='ocrx_word' id='word_1_480' title='bbox 2995 1205 3105 1269; x_wconf 88' lang='lat' dir='ltr'>est,</span> <span class='ocrx_word' id='word_1_481' title='bbox 3145 1196 3421 1256; x_wconf 84' lang='lat' dir='ltr'>mandata</span> <span class='ocrx_word' id='word_1_482' title='bbox 3450 1193 3580 1266; x_wconf 89' lang='lat' dir='ltr'>ejus</span> <span class='ocrx_word' id='word_1_483' title='bbox 3612 1207 3730 1249; x_wconf 84' lang='lat' dir='ltr'>non</span> 
     </span>
    </p>
   </div>
   <div class='ocr_carea' id='block_1_72' title="bbox 2055 1281 3730 1370">
    <p class='ocr_par' dir='ltr' id='par_1_72' title="bbox 2055 1281 3730 1370">
     <span class='ocr_line' id='line_1_72' title="bbox 2055 1281 3730 1370; baseline -0.013 -10"><span class='ocrx_word' id='word_1_484' title='bbox 2055 1297 2456 1361; x_wconf 61' lang='lat' dir='ltr'>custodierint</span> <span class='ocrx_word' id='word_1_485' title='bbox 2481 1313 2662 1370; x_wconf 88' lang='lat' dir='ltr'>supra</span> <span class='ocrx_word' id='word_1_486' title='bbox 2683 1293 2968 1352; x_wconf 88' lang='lat' dir='ltr'>nominati</span> <span class='ocrx_word' id='word_1_487' title='bbox 2994 1289 3118 1358; x_wconf 89' lang='lat' dir='ltr'>ﬁlii,</span> <span class='ocrx_word' id='word_1_488' title='bbox 3148 1288 3208 1344; x_wconf 90' lang='lat' dir='ltr'>in</span> <span class='ocrx_word' id='word_1_489' title='bbox 3230 1281 3730 1357; x_wconf 81' lang='lat' dir='ltr'>subsequentibus</span> 
     </span>
    </p>
   </div>
   <div class='ocr_carea' id='block_1_73' title="bbox 2071 1378 3322 1462">
    <p class='ocr_par' dir='ltr' id='par_1_73' title="bbox 2071 1378 3322 1462">
     <span class='ocr_line' id='line_1_73' title="bbox 2071 1378 3322 1462; baseline -0.012 -16"><span class='ocrx_word' id='word_1_490' title='bbox 2071 1388 2156 1446; x_wconf 89' lang='lat' dir='ltr'>eis</span> <span class='ocrx_word' id='word_1_491' title='bbox 2187 1387 2366 1462; x_wconf 86' lang='lat' dir='ltr'>digna</span> <span class='ocrx_word' id='word_1_492' title='bbox 2396 1386 2764 1460; x_wconf 89' lang='lat' dir='ltr'>promittitur</span> <span class='ocrx_word' id='word_1_493' title='bbox 2791 1381 3020 1441; x_wconf 86' lang='lat' dir='ltr'>evenire</span> <span class='ocrx_word' id='word_1_494' title='bbox 3046 1378 3322 1436; x_wconf 82' lang='lat' dir='ltr'>vindicta.</span> 
     </span>
    </p>
   </div>
   <div class='ocr_carea' id='block_1_74' title="bbox 2071 1471 3414 1547">
    <p class='ocr_par' dir='ltr' id='par_1_74' title="bbox 2071 1471 3414 1547">
     <span class='ocr_line' id='line_1_74' title="bbox 2071 1471 3414 1547; baseline -0.012 -11"><span class='ocrx_word' id='word_1_495' title='bbox 2071 1480 2142 1536; x_wconf 84' lang='lat'>32</span> <span class='ocrx_word' id='word_1_496' title='bbox 2219 1477 2482 1535; x_wconf 81' lang='lat' dir='ltr'>Visitabo</span> <span class='ocrx_word' id='word_1_497' title='bbox 2512 1476 2571 1533; x_wconf 83' lang='lat' dir='ltr'>in</span> <span class='ocrx_word' id='word_1_498' title='bbox 2601 1476 2768 1547; x_wconf 80' lang='lat' dir='ltr'>virga</span> <span class='ocrx_word' id='word_1_499' title='bbox 2799 1471 3137 1546; x_wconf 78' lang='lat' dir='ltr'>iniquitates</span> <span class='ocrx_word' id='word_1_500' title='bbox 3166 1481 3362 1525; x_wconf 72' lang='lat' dir='ltr'>eorum</span> <span class='ocrx_word' id='word_1_501' title='bbox 3395 1481 3414 1520; x_wconf 91' lang='lat'><strong><em>:</em></strong></span> 
     </span>
    </p>
   </div>
   <div class='ocr_carea' id='block_1_75' title="bbox 2219 1566 3252 1639">
    <p class='ocr_par' dir='ltr' id='par_1_75' title="bbox 2219 1566 3252 1639">
     <span class='ocr_line' id='line_1_75' title="bbox 2219 1566 3252 1639; baseline -0.012 -15"><span class='ocrx_word' id='word_1_502' title='bbox 2219 1572 2285 1625; x_wconf 84' lang='lat' dir='ltr'>Et</span> <span class='ocrx_word' id='word_1_503' title='bbox 2315 1567 2376 1624; x_wconf 83' lang='lat' dir='ltr'>in</span> <span class='ocrx_word' id='word_1_504' title='bbox 2399 1566 2738 1624; x_wconf 83' lang='lat' dir='ltr'>verberibus</span> <span class='ocrx_word' id='word_1_505' title='bbox 2756 1567 3006 1639; x_wconf 78' lang='lat' dir='ltr'>peccata</span> <span class='ocrx_word' id='word_1_506' title='bbox 3027 1574 3252 1617; x_wconf 86' lang='lat' dir='ltr'>eorum.</span> 
     </span>
    </p>
   </div>
   <div class='ocr_carea' id='block_1_76' title="bbox 2145 1640 3734 1728">
    <p class='ocr_par' dir='ltr' id='par_1_76' title="bbox 2145 1640 3734 1728">
     <span class='ocr_line' id='line_1_76' title="bbox 2145 1640 3734 1728; baseline -0.013 -15"><span class='ocrx_word' id='word_1_507' title='bbox 2145 1657 2187 1713; x_wconf 90' lang='lat' dir='ltr'>C</span> <span class='ocrx_word' id='word_1_508' title='bbox 2215 1656 2428 1714; x_wconf 84' lang='lat' dir='ltr'>Visitat</span> <span class='ocrx_word' id='word_1_509' title='bbox 2473 1656 2532 1712; x_wconf 88' lang='lat' dir='ltr'>in</span> <span class='ocrx_word' id='word_1_510' title='bbox 2580 1655 2764 1728; x_wconf 84' lang='lat' dir='ltr'>virga,</span> <span class='ocrx_word' id='word_1_511' title='bbox 2799 1651 3035 1726; x_wconf 90' lang='lat' dir='ltr'>quando</span> <span class='ocrx_word' id='word_1_512' title='bbox 3082 1645 3341 1707; x_wconf 81' lang='lat' dir='ltr'>districto</span> <span class='ocrx_word' id='word_1_513' title='bbox 3383 1640 3636 1716; x_wconf 85' lang='lat' dir='ltr'>judicat,</span> <span class='ocrx_word' id='word_1_514' title='bbox 3670 1641 3734 1728; x_wconf 78' lang='lat' dir='ltr'>ut</span> 
     </span>
    </p>
   </div>
   <div class='ocr_carea' id='block_1_77' title="bbox 2073 1727 3734 1820">
    <p class='ocr_par' dir='ltr' id='par_1_77' title="bbox 2073 1727 3734 1820">
     <span class='ocr_line' id='line_1_77' title="bbox 2073 1727 3734 1820; baseline -0.011 -17"><span class='ocrx_word' id='word_1_515' title='bbox 2073 1744 2388 1820; x_wconf 87' lang='lat' dir='ltr'>Apostolus</span> <span class='ocrx_word' id='word_1_516' title='bbox 2410 1746 2510 1813; x_wconf 91' lang='lat' dir='ltr'>ait,</span> <span class='ocrx_word' id='word_1_517' title='bbox 2535 1727 2691 1812; x_wconf 85' lang='lat' dir='ltr'>Quid</span> <span class='ocrx_word' id='word_1_518' title='bbox 2717 1742 2918 1814; x_wconf 87' lang='lat' dir='ltr'>vultis,</span> <span class='ocrx_word' id='word_1_519' title='bbox 2949 1741 3010 1797; x_wconf 91' lang='lat' dir='ltr'>in</span> <span class='ocrx_word' id='word_1_520' title='bbox 3038 1737 3206 1811; x_wconf 82' lang='lat' dir='ltr'>virga</span> <span class='ocrx_word' id='word_1_521' title='bbox 3228 1733 3456 1792; x_wconf 88' lang='lat' dir='ltr'>veniam</span> <span class='ocrx_word' id='word_1_522' title='bbox 3485 1730 3558 1788; x_wconf 85' lang='lat' dir='ltr'>ad</span> <span class='ocrx_word' id='word_1_523' title='bbox 3589 1727 3734 1820; x_wconf 78' lang='lat' dir='ltr'>vos?</span> 
     </span>
    </p>
   </div>
   <div class='ocr_carea' id='block_1_78' title="bbox 2076 1818 3732 1909">
    <p class='ocr_par' dir='ltr' id='par_1_78' title="bbox 2076 1818 3732 1909">
     <span class='ocr_line' id='line_1_78' title="bbox 2076 1818 3732 1909; baseline -0.012 -16"><span class='ocrx_word' id='word_1_524' title='bbox 2076 1818 2141 1909; x_wconf 46' lang='lat' dir='ltr'>(I—</span> <span class='ocrx_word' id='word_1_525' title='bbox 2154 1837 2201 1894; x_wconf 72' lang='grc' dir='ltr'><em>Γ</em></span> <span class='ocrx_word' id='word_1_526' title='bbox 2202 1853 2282 1892; x_wconf 91' lang='lat' dir='ltr'>or.</span> <span class='ocrx_word' id='word_1_527' title='bbox 2317 1836 2416 1908; x_wconf 81' lang='lat' dir='ltr'>IV.)</span> <span class='ocrx_word' id='word_1_528' title='bbox 2446 1835 2660 1891; x_wconf 89' lang='lat' dir='ltr'>Visitat</span> <span class='ocrx_word' id='word_1_529' title='bbox 2690 1848 2926 1907; x_wconf 90' lang='lat' dir='ltr'>quoque</span> <span class='ocrx_word' id='word_1_530' title='bbox 2954 1830 3015 1886; x_wconf 90' lang='lat' dir='ltr'>in</span> <span class='ocrx_word' id='word_1_531' title='bbox 3046 1819 3650 1909; x_wconf 86' lang='lat' dir='ltr'>verberibus,quando</span> <span class='ocrx_word' id='word_1_532' title='bbox 3670 1818 3732 1874; x_wconf 93' lang='lat' dir='ltr'>in</span> 
     </span>
    </p>
   </div>
   <div class='ocr_carea' id='block_1_79' title="bbox 2077 1908 3735 2006">
    <p class='ocr_par' dir='ltr' id='par_1_79' title="bbox 2077 1908 3735 2006">
     <span class='ocr_line' id='line_1_79' title="bbox 2077 1908 3735 2006; baseline -0.011 -24"><span class='ocrx_word' id='word_1_533' title='bbox 2077 1908 2248 1983; x_wconf 88' lang='lat' dir='ltr'>nobis</span> <span class='ocrx_word' id='word_1_534' title='bbox 2279 1925 2464 1982; x_wconf 89' lang='lat' dir='ltr'>levius</span> <span class='ocrx_word' id='word_1_535' title='bbox 2492 1923 2824 1981; x_wconf 89' lang='lat' dir='ltr'>vindicatur</span> <span class='ocrx_word' id='word_1_536' title='bbox 2841 1919 2999 2006; x_wconf 76' lang='lat' dir='ltr'>quod</span> <span class='ocrx_word' id='word_1_537' title='bbox 3024 1908 3551 1990; x_wconf 85' lang='lat' dir='ltr'>delinquimus.Vel</span> <span class='ocrx_word' id='word_1_538' title='bbox 3572 1909 3735 1982; x_wconf 83' lang='lat' dir='ltr'>virga</span> 
     </span>
    </p>
   </div>
   <div class='ocr_carea' id='block_1_80' title="bbox 2075 2011 3128 2089">
    <p class='ocr_par' dir='ltr' id='par_1_80' title="bbox 2075 2011 3128 2089">
     <span class='ocr_line' id='line_1_80' title="bbox 2075 2011 3128 2089; baseline -0.006 -18"><span class='ocrx_word' id='word_1_539' title='bbox 2075 2015 2350 2089; x_wconf 90' lang='lat' dir='ltr'>percutit,</span> <span class='ocrx_word' id='word_1_540' title='bbox 2382 2011 2614 2087; x_wconf 82' lang='lat' dir='ltr'>ﬂagella</span> <span class='ocrx_word' id='word_1_541' title='bbox 2636 2029 2771 2069; x_wconf 89' lang='lat' dir='ltr'>vero</span> <span class='ocrx_word' id='word_1_542' title='bbox 2800 2011 3128 2068; x_wconf 86' lang='lat' dir='ltr'>verberant.</span> 
     </span>
    </p>
   </div>
   <div class='ocr_carea' id='block_1_81' title="bbox 2073 2088 3730 2168">
    <p class='ocr_par' dir='ltr' id='par_1_81' title="bbox 2073 2088 3730 2168">
     <span class='ocr_line' id='line_1_81' title="bbox 2073 2088 3730 2168; baseline -0.011 -6"><span class='ocrx_word' id='word_1_543' title='bbox 2073 2088 2144 2162; x_wconf 86' lang='grc'>33</span> <span class='ocrx_word' id='word_1_544' title='bbox 2181 2105 2650 2164; x_wconf 68' lang='lat' dir='ltr'>Misericordia&quot;:</span> <span class='ocrx_word' id='word_1_545' title='bbox 2661 2112 2854 2159; x_wconf 86' lang='lat' dir='ltr'>autem</span> <span class='ocrx_word' id='word_1_546' title='bbox 2865 2115 3062 2157; x_wconf 85' lang='lat' dir='ltr'>meam</span> <span class='ocrx_word' id='word_1_547' title='bbox 3074 2113 3189 2154; x_wconf 78' lang='lat' dir='ltr'>non</span> <span class='ocrx_word' id='word_1_548' title='bbox 3204 2095 3540 2168; x_wconf 76' lang='lat' dir='ltr'>dispergam</span> <span class='ocrx_word' id='word_1_549' title='bbox 3550 2088 3730 2148; x_wconf 82' lang='lat' dir='ltr'>abeo:</span> 
     </span>
    </p>
   </div>
   <div class='ocr_carea' id='block_1_82' title="bbox 2180 2193 3161 2269">
    <p class='ocr_par' dir='ltr' id='par_1_82' title="bbox 2180 2193 3161 2269">
     <span class='ocr_line' id='line_1_82' title="bbox 2180 2193 3161 2269; baseline -0.011 -15"><span class='ocrx_word' id='word_1_550' title='bbox 2180 2199 2372 2269; x_wconf 81' lang='lat' dir='ltr'>Neque</span> <span class='ocrx_word' id='word_1_551' title='bbox 2400 2195 2612 2252; x_wconf 77' lang='lat' dir='ltr'>nocebo</span> <span class='ocrx_word' id='word_1_552' title='bbox 2643 2193 2705 2249; x_wconf 80' lang='lat' dir='ltr'>in</span> <span class='ocrx_word' id='word_1_553' title='bbox 2729 2193 2982 2249; x_wconf 86' lang='lat' dir='ltr'>veritate</span> <span class='ocrx_word' id='word_1_554' title='bbox 3009 2203 3161 2244; x_wconf 86' lang='lat' dir='ltr'>mea.</span> 
     </span>
    </p>
   </div>
   <div class='ocr_carea' id='block_1_83' title="bbox 2145 2268 3729 2358">
    <p class='ocr_par' dir='ltr' id='par_1_83' title="bbox 2145 2268 3729 2358">
     <span class='ocr_line' id='line_1_83' title="bbox 2145 2268 3729 2358; baseline -0.011 -18"><span class='ocrx_word' id='word_1_555' title='bbox 2145 2288 2186 2339; x_wconf 91' lang='lat' dir='ltr'>C</span> <span class='ocrx_word' id='word_1_556' title='bbox 2214 2268 2528 2358; x_wconf 83' lang='lat' dir='ltr'>superiora</span> <span class='ocrx_word' id='word_1_557' title='bbox 2558 2284 2630 2341; x_wconf 90' lang='lat' dir='ltr'>de</span> <span class='ocrx_word' id='word_1_558' title='bbox 2661 2280 2944 2339; x_wconf 90' lang='lat' dir='ltr'>membris</span> <span class='ocrx_word' id='word_1_559' title='bbox 2974 2277 3157 2334; x_wconf 83' lang='lat' dir='ltr'>dixit:</span> <span class='ocrx_word' id='word_1_560' title='bbox 3189 2290 3348 2332; x_wconf 87' lang='lat' dir='ltr'>nunc</span> <span class='ocrx_word' id='word_1_561' title='bbox 3373 2286 3506 2328; x_wconf 90' lang='lat' dir='ltr'>vero</span> <span class='ocrx_word' id='word_1_562' title='bbox 3534 2268 3608 2324; x_wconf 89' lang='lat' dir='ltr'>de</span> <span class='ocrx_word' id='word_1_563' title='bbox 3635 2284 3729 2324; x_wconf 84' lang='lat' dir='ltr'>ca-</span> 
     </span>
    </p>
   </div>
   <div class='ocr_carea' id='block_1_84' title="bbox 2075 2356 3727 2447">
    <p class='ocr_par' dir='ltr' id='par_1_84' title="bbox 2075 2356 3727 2447">
     <span class='ocr_line' id='line_1_84' title="bbox 2075 2356 3727 2447; baseline -0.011 -18"><span class='ocrx_word' id='word_1_564' title='bbox 2075 2372 2194 2447; x_wconf 89' lang='lat' dir='ltr'>pite</span> <span class='ocrx_word' id='word_1_565' title='bbox 2249 2356 2534 2446; x_wconf 77' lang='lat' dir='ltr'>loquitur.</span> <span class='ocrx_word' id='word_1_566' title='bbox 2596 2372 2749 2430; x_wconf 91' lang='lat' dir='ltr'>Dicit</span> <span class='ocrx_word' id='word_1_567' title='bbox 2802 2369 2960 2428; x_wconf 89' lang='lat' dir='ltr'>enim</span> <span class='ocrx_word' id='word_1_568' title='bbox 3019 2368 3232 2424; x_wconf 85' lang='lat' dir='ltr'>Pater:</span> <span class='ocrx_word' id='word_1_569' title='bbox 3266 2356 3727 2447; x_wconf 83' lang='lat' dir='ltr'>misericordiam</span> 
     </span>
    </p>
   </div>
   <div class='ocr_carea' id='block_1_85' title="bbox 2074 2445 3725 2532">
    <p class='ocr_par' dir='ltr' id='par_1_85' title="bbox 2074 2445 3725 2532">
     <span class='ocr_line' id='line_1_85' title="bbox 2074 2445 3725 2532; baseline -0.012 -11"><span class='ocrx_word' id='word_1_570' title='bbox 2074 2445 2246 2521; x_wconf 77' lang='lat' dir='ltr'>suam</span> <span class='ocrx_word' id='word_1_571' title='bbox 2275 2445 2387 2520; x_wconf 83' lang='lat' dir='ltr'>non</span> <span class='ocrx_word' id='word_1_572' title='bbox 2421 2480 2482 2520; x_wconf 90' lang='lat' dir='ltr'>se</span> <span class='ocrx_word' id='word_1_573' title='bbox 2511 2481 2545 2519; x_wconf 92' lang='lat' dir='ltr'>a</span> <span class='ocrx_word' id='word_1_574' title='bbox 2567 2462 2798 2520; x_wconf 86' lang='lat' dir='ltr'>Christo</span> <span class='ocrx_word' id='word_1_575' title='bbox 2827 2453 3292 2532; x_wconf 85' lang='lat' dir='ltr'>dispergere,scd</span> <span class='ocrx_word' id='word_1_576' title='bbox 3321 2455 3444 2509; x_wconf 89' lang='lat' dir='ltr'>tota</span> <span class='ocrx_word' id='word_1_577' title='bbox 3472 2445 3725 2523; x_wconf 86' lang='lat' dir='ltr'>plenitu-</span> 
     </span>
    </p>
   </div>
   <div class='ocr_carea' id='block_1_86' title="bbox 2074 2533 3727 2625">
    <p class='ocr_par' dir='ltr' id='par_1_86' title="bbox 2074 2533 3727 2625">
     <span class='ocr_line' id='line_1_86' title="bbox 2074 2533 3727 2625; baseline -0.013 -13"><span class='ocrx_word' id='word_1_578' title='bbox 2074 2554 2211 2610; x_wconf 89' lang='lat' dir='ltr'>dine</span> <span class='ocrx_word' id='word_1_579' title='bbox 2242 2554 2592 2610; x_wconf 88' lang='lat' dir='ltr'>condonare.</span> <span class='ocrx_word' id='word_1_580' title='bbox 2633 2553 2832 2625; x_wconf 86' lang='lat' dir='ltr'>Neque</span> <span class='ocrx_word' id='word_1_581' title='bbox 2865 2549 3081 2606; x_wconf 90' lang='lat' dir='ltr'>nocebo</span> <span class='ocrx_word' id='word_1_582' title='bbox 3113 2563 3128 2602; x_wconf 86' lang='lat'><strong>:</strong></span> <span class='ocrx_word' id='word_1_583' title='bbox 3163 2560 3299 2601; x_wconf 85' lang='lat' dir='ltr'>nam</span> <span class='ocrx_word' id='word_1_584' title='bbox 3338 2547 3396 2598; x_wconf 88' lang='lat' dir='ltr'>et</span> <span class='ocrx_word' id='word_1_585' title='bbox 3423 2539 3474 2597; x_wconf 91' lang='lat' dir='ltr'>si</span> <span class='ocrx_word' id='word_1_586' title='bbox 3502 2533 3727 2594; x_wconf 87' lang='lat' dir='ltr'>inimici</span> 
     </span>
    </p>
   </div>
   <div class='ocr_carea' id='block_1_87' title="bbox 2075 2627 3727 2718">
    <p class='ocr_par' dir='ltr' id='par_1_87' title="bbox 2075 2627 3727 2718">
     <span class='ocr_line' id='line_1_87' title="bbox 2075 2627 3727 2718; baseline -0.012 -17"><span class='ocrx_word' id='word_1_587' title='bbox 2075 2643 2345 2718; x_wconf 84' lang='lat' dir='ltr'>permissi</span> <span class='ocrx_word' id='word_1_588' title='bbox 2380 2648 2520 2701; x_wconf 88' lang='lat' dir='ltr'>sunt</span> <span class='ocrx_word' id='word_1_589' title='bbox 2550 2660 2775 2710; x_wconf 91' lang='lat' dir='ltr'>nocere,</span> <span class='ocrx_word' id='word_1_590' title='bbox 2809 2640 2868 2696; x_wconf 90' lang='lat' dir='ltr'>in</span> <span class='ocrx_word' id='word_1_591' title='bbox 2893 2637 3136 2695; x_wconf 88' lang='lat' dir='ltr'>veritate</span> <span class='ocrx_word' id='word_1_592' title='bbox 3165 2639 3364 2692; x_wconf 84' lang='lat' dir='ltr'>tamen</span> <span class='ocrx_word' id='word_1_593' title='bbox 3393 2627 3577 2686; x_wconf 88' lang='lat' dir='ltr'>Patris</span> <span class='ocrx_word' id='word_1_594' title='bbox 3607 2642 3727 2682; x_wconf 88' lang='lat' dir='ltr'>non</span> 
     </span>
    </p>
   </div>
   <div class='ocr_carea' id='block_1_88' title="bbox 2073 2718 3730 2806">
    <p class='ocr_par' dir='ltr' id='par_1_88' title="bbox 2073 2718 3730 2806">
     <span class='ocr_line' id='line_1_88' title="bbox 2073 2718 3730 2806; baseline -0.011 -16"><span class='ocrx_word' id='word_1_595' title='bbox 2073 2738 2165 2790; x_wconf 87' lang='lat' dir='ltr'>est</span> <span class='ocrx_word' id='word_1_596' title='bbox 2196 2733 2381 2790; x_wconf 84' lang='lat' dir='ltr'>Filius</span> <span class='ocrx_word' id='word_1_597' title='bbox 2410 2731 2608 2801; x_wconf 66' lang='lat' dir='ltr'>laesus,</span> <span class='ocrx_word' id='word_1_598' title='bbox 2635 2732 2808 2806; x_wconf 88' lang='lat' dir='ltr'>cujus</span> <span class='ocrx_word' id='word_1_599' title='bbox 2828 2733 3018 2786; x_wconf 91' lang='lat' dir='ltr'>totum</span> <span class='ocrx_word' id='word_1_600' title='bbox 3041 2724 3331 2784; x_wconf 88' lang='lat' dir='ltr'>mundum</span> <span class='ocrx_word' id='word_1_601' title='bbox 3352 2718 3576 2778; x_wconf 82' lang='lat' dir='ltr'>redemit</span> <span class='ocrx_word' id='word_1_602' title='bbox 3597 2732 3730 2806; x_wconf 84' lang='lat' dir='ltr'>san-</span> 
     </span>
    </p>
   </div>
   <div class='ocr_carea' id='block_1_89' title="bbox 2075 2805 3729 2898">
    <p class='ocr_par' dir='ltr' id='par_1_89' title="bbox 2075 2805 3729 2898">
     <span class='ocr_line' id='line_1_89' title="bbox 2075 2805 3729 2898; baseline -0.012 -17"><span class='ocrx_word' id='word_1_603' title='bbox 2075 2823 2254 2898; x_wconf 83' lang='lat' dir='ltr'>guine</span> <span class='ocrx_word' id='word_1_604' title='bbox 2278 2839 2291 2878; x_wconf 91' lang='lat'>:</span> <span class='ocrx_word' id='word_1_605' title='bbox 2316 2828 2374 2879; x_wconf 89' lang='lat' dir='ltr'>et</span> <span class='ocrx_word' id='word_1_606' title='bbox 2403 2821 2545 2896; x_wconf 90' lang='lat' dir='ltr'>quia</span> <span class='ocrx_word' id='word_1_607' title='bbox 2572 2805 2773 2878; x_wconf 84' lang='lat' dir='ltr'>omnia</span> <span class='ocrx_word' id='word_1_608' title='bbox 2817 2816 3080 2875; x_wconf 88' lang='lat' dir='ltr'>veritatis</span> <span class='ocrx_word' id='word_1_609' title='bbox 3129 2813 3333 2870; x_wconf 89' lang='lat' dir='ltr'>ordine</span> <span class='ocrx_word' id='word_1_610' title='bbox 3362 2810 3592 2898; x_wconf 78' lang='lat' dir='ltr'>constat</span> <span class='ocrx_word' id='word_1_611' title='bbox 3612 2805 3729 2862; x_wconf 78' lang='lat' dir='ltr'>im-</span> 
     </span>
    </p>
   </div>
   <div class='ocr_carea' id='block_1_90' title="bbox 2075 2893 3729 2986">
    <p class='ocr_par' dir='ltr' id='par_1_90' title="bbox 2075 2893 3729 2986">
     <span class='ocr_line' id='line_1_90' title="bbox 2075 2893 3729 2986; baseline -0.011 -17"><span class='ocrx_word' id='word_1_612' title='bbox 2075 2893 2234 2986; x_wconf 75' lang='lat' dir='ltr'>pleta</span> <span class='ocrx_word' id='word_1_613' title='bbox 2271 2912 2330 2968; x_wconf 89' lang='lat' dir='ltr'>in</span> <span class='ocrx_word' id='word_1_614' title='bbox 2378 2893 2631 2978; x_wconf 86' lang='lat' dir='ltr'>Christo,</span> <span class='ocrx_word' id='word_1_615' title='bbox 2665 2927 2794 2983; x_wconf 58' lang='lat' dir='ltr'>quas</span> <span class='ocrx_word' id='word_1_616' title='bbox 2845 2908 3014 2964; x_wconf 88' lang='lat' dir='ltr'>Pater</span> <span class='ocrx_word' id='word_1_617' title='bbox 3055 2920 3159 2980; x_wconf 89' lang='lat' dir='ltr'>per</span> <span class='ocrx_word' id='word_1_618' title='bbox 3206 2899 3518 2977; x_wconf 84' lang='lat' dir='ltr'>prophetas</span> <span class='ocrx_word' id='word_1_619' title='bbox 3561 2893 3729 2950; x_wconf 83' lang='lat' dir='ltr'>dixit.</span> 
     </span>
    </p>
   </div>
   <div class='ocr_carea' id='block_1_91' title="bbox 2075 2995 3235 3073">
    <p class='ocr_par' dir='ltr' id='par_1_91' title="bbox 2075 2995 3235 3073">
     <span class='ocr_line' id='line_1_91' title="bbox 2075 2995 3235 3073; baseline -0.01 -13"><span class='ocrx_word' id='word_1_620' title='bbox 2075 3002 2240 3060; x_wconf 91' lang='lat' dir='ltr'>Unde</span> <span class='ocrx_word' id='word_1_621' title='bbox 2270 3007 2328 3059; x_wconf 90' lang='lat' dir='ltr'>et</span> <span class='ocrx_word' id='word_1_622' title='bbox 2356 3001 2522 3059; x_wconf 87' lang='lat' dir='ltr'>addit</span> <span class='ocrx_word' id='word_1_623' title='bbox 2550 3019 2564 3059; x_wconf 90' lang='lat'><strong>:</strong></span> <span class='ocrx_word' id='word_1_624' title='bbox 2596 3000 2724 3058; x_wconf 87' lang='lat' dir='ltr'>Non</span> <span class='ocrx_word' id='word_1_625' title='bbox 2755 2995 3099 3073; x_wconf 82' lang='lat' dir='ltr'>profanabo,</span> <span class='ocrx_word' id='word_1_626' title='bbox 3124 2996 3235 3049; x_wconf 87' lang='lat' dir='ltr'>etc.</span> 
     </span>
    </p>
   </div>
   <div class='ocr_carea' id='block_1_92' title="bbox 2074 3090 3397 3166">
    <p class='ocr_par' dir='ltr' id='par_1_92' title="bbox 2074 3090 3397 3166">
     <span class='ocr_line' id='line_1_92' title="bbox 2074 3090 3397 3166; baseline -0.011 -16"><span class='ocrx_word' id='word_1_627' title='bbox 2074 3095 2145 3150; x_wconf 71' lang='grc'><strong>34</strong></span> <span class='ocrx_word' id='word_1_628' title='bbox 2216 3094 2397 3166; x_wconf 78' lang='lat' dir='ltr'>Neque</span> <span class='ocrx_word' id='word_1_629' title='bbox 2421 3090 2725 3166; x_wconf 83' lang='lat' dir='ltr'>pro/anabo</span> <span class='ocrx_word' id='word_1_630' title='bbox 2755 3093 3144 3145; x_wconf 82' lang='lat' dir='ltr'>testamentum</span> <span class='ocrx_word' id='word_1_631' title='bbox 3167 3097 3347 3138; x_wconf 87' lang='lat' dir='ltr'>meum</span> <span class='ocrx_word' id='word_1_632' title='bbox 3377 3096 3397 3136; x_wconf 94' lang='lat'><em>:</em></span> 
     </span>
    </p>
   </div>
   <div class='ocr_carea' id='block_1_93' title="bbox 2216 3161 3729 3256">
    <p class='ocr_par' dir='ltr' id='par_1_93' title="bbox 2216 3161 3729 3256">
     <span class='ocr_line' id='line_1_93' title="bbox 2216 3161 3729 3256; baseline -0.015 -16"><span class='ocrx_word' id='word_1_633' title='bbox 2216 3185 2283 3240; x_wconf 86' lang='lat' dir='ltr'>Et</span> <span class='ocrx_word' id='word_1_634' title='bbox 2299 3161 2737 3256; x_wconf 42' lang='lat' dir='ltr'>gum-procedunt</span> <span class='ocrx_word' id='word_1_635' title='bbox 2755 3179 2822 3235; x_wconf 86' lang='lat' dir='ltr'>de</span> <span class='ocrx_word' id='word_1_636' title='bbox 2840 3177 3002 3234; x_wconf 86' lang='lat' dir='ltr'>labiis</span> <span class='ocrx_word' id='word_1_637' title='bbox 3025 3175 3160 3231; x_wconf 88' lang='lat' dir='ltr'>meis</span> <span class='ocrx_word' id='word_1_638' title='bbox 3179 3187 3290 3228; x_wconf 85' lang='lat' dir='ltr'>non</span> <span class='ocrx_word' id='word_1_639' title='bbox 3307 3161 3514 3243; x_wconf 80' lang='lat' dir='ltr'>faciam</span> <span class='ocrx_word' id='word_1_640' title='bbox 3546 3164 3729 3256; x_wconf 62' lang='lat' dir='ltr'>irrita.</span> 
     </span>
    </p>
   </div>
   <div class='ocr_carea' id='block_1_94' title="bbox 2147 3249 3733 3346">
    <p class='ocr_par' dir='ltr' id='par_1_94' title="bbox 2147 3249 3733 3346">
     <span class='ocr_line' id='line_1_94' title="bbox 2147 3249 3733 3346; baseline -0.015 -16"><span class='ocrx_word' id='word_1_641' title='bbox 2147 3272 2190 3329; x_wconf 91' lang='lat' dir='ltr'>C</span> <span class='ocrx_word' id='word_1_642' title='bbox 2218 3249 2344 3329; x_wconf 77' lang='lat' dir='ltr'>Non</span> <span class='ocrx_word' id='word_1_643' title='bbox 2389 3249 2716 3346; x_wconf 75' lang='lat' dir='ltr'>profanavit</span> <span class='ocrx_word' id='word_1_644' title='bbox 2761 3269 2931 3325; x_wconf 89' lang='lat' dir='ltr'>Pater</span> <span class='ocrx_word' id='word_1_645' title='bbox 2975 3265 3398 3322; x_wconf 87' lang='lat' dir='ltr'>testamentum</span> <span class='ocrx_word' id='word_1_646' title='bbox 3445 3269 3651 3346; x_wconf 64' lang='lat' dir='ltr'>suum1</span> <span class='ocrx_word' id='word_1_647' title='bbox 3672 3249 3733 3346; x_wconf 80' lang='lat' dir='ltr'>id</span> 
     </span>
    </p>
   </div>
   <div class='ocr_carea' id='block_1_95' title="bbox 2078 3341 3734 3436">
    <p class='ocr_par' dir='ltr' id='par_1_95' title="bbox 2078 3341 3734 3436">
     <span class='ocr_line' id='line_1_95' title="bbox 2078 3341 3734 3436; baseline -0.014 -16"><span class='ocrx_word' id='word_1_648' title='bbox 2078 3366 2188 3435; x_wconf 90' lang='lat' dir='ltr'>est,</span> <span class='ocrx_word' id='word_1_649' title='bbox 2219 3341 2583 3436; x_wconf 78' lang='lat' dir='ltr'>Scripturam</span> <span class='ocrx_word' id='word_1_650' title='bbox 2610 3363 2875 3418; x_wconf 86' lang='lat' dir='ltr'>sanctam</span> <span class='ocrx_word' id='word_1_651' title='bbox 2902 3349 3362 3422; x_wconf 88' lang='lat' dir='ltr'>mentiendo,sed</span> <span class='ocrx_word' id='word_1_652' title='bbox 3394 3361 3590 3436; x_wconf 83' lang='lat' dir='ltr'>rerum</span> <span class='ocrx_word' id='word_1_653' title='bbox 3616 3341 3734 3436; x_wconf 71' lang='lat' dir='ltr'>ﬁde</span> 
     </span>
    </p>
   </div>
   <div class='ocr_carea' id='block_1_96' title="bbox 2079 3429 3733 3522">
    <p class='ocr_par' dir='ltr' id='par_1_96' title="bbox 2079 3429 3733 3522">
     <span class='ocr_line' id='line_1_96' title="bbox 2079 3429 3733 3522; baseline -0.014 -13"><span class='ocrx_word' id='word_1_654' title='bbox 2079 3429 2422 3511; x_wconf 81' lang='lat' dir='ltr'>honorabile</span> <span class='ocrx_word' id='word_1_655' title='bbox 2455 3450 2588 3508; x_wconf 84' lang='lat' dir='ltr'>fecit</span> <span class='ocrx_word' id='word_1_656' title='bbox 2619 3467 2634 3508; x_wconf 88' lang='lat'><strong>:</strong></span> <span class='ocrx_word' id='word_1_657' title='bbox 2669 3450 2810 3506; x_wconf 91' lang='lat' dir='ltr'>dum</span> <span class='ocrx_word' id='word_1_658' title='bbox 2830 3465 2960 3522; x_wconf 73' lang='lat' dir='ltr'>qua:</span> <span class='ocrx_word' id='word_1_659' title='bbox 2980 3458 3292 3520; x_wconf 85' lang='lat' dir='ltr'>progressa</span> <span class='ocrx_word' id='word_1_660' title='bbox 3309 3440 3444 3497; x_wconf 89' lang='lat' dir='ltr'>sunt</span> <span class='ocrx_word' id='word_1_661' title='bbox 3466 3436 3538 3492; x_wconf 92' lang='lat' dir='ltr'>de</span> <span class='ocrx_word' id='word_1_662' title='bbox 3557 3429 3733 3489; x_wconf 88' lang='lat' dir='ltr'>labiis</span> 
     </span>
    </p>
   </div>
   <div class='ocr_carea' id='block_1_97' title="bbox 2079 3521 3736 3616">
    <p class='ocr_par' dir='ltr' id='par_1_97' title="bbox 2079 3521 3736 3616">
     <span class='ocr_line' id='line_1_97' title="bbox 2079 3521 3736 3616; baseline -0.013 -17"><span class='ocrx_word' id='word_1_663' title='bbox 2079 3543 2230 3616; x_wconf 87' lang='lat' dir='ltr'>ejus,</span> <span class='ocrx_word' id='word_1_664' title='bbox 2264 3543 2322 3600; x_wconf 91' lang='lat' dir='ltr'>id</span> <span class='ocrx_word' id='word_1_665' title='bbox 2352 3546 2461 3612; x_wconf 88' lang='lat' dir='ltr'>est,</span> <span class='ocrx_word' id='word_1_666' title='bbox 2493 3558 2598 3616; x_wconf 89' lang='lat' dir='ltr'>per</span> <span class='ocrx_word' id='word_1_667' title='bbox 2627 3521 2865 3598; x_wconf 83' lang='lat' dir='ltr'>sanctos</span> <span class='ocrx_word' id='word_1_668' title='bbox 2905 3533 3239 3611; x_wconf 86' lang='lat' dir='ltr'>prophetas,</span> <span class='ocrx_word' id='word_1_669' title='bbox 3270 3527 3436 3588; x_wconf 88' lang='lat' dir='ltr'>nulla</span> <span class='ocrx_word' id='word_1_670' title='bbox 3482 3521 3736 3581; x_wconf 72' lang='lat' dir='ltr'>falsitate</span> 
     </span>
    </p>
   </div>
   <div class='ocr_carea' id='block_1_98' title="bbox 2078 3633 2565 3690">
    <p class='ocr_par' dir='ltr' id='par_1_98' title="bbox 2078 3633 2565 3690">
     <span class='ocr_line' id='line_1_98' title="bbox 2078 3633 2565 3690; baseline -0.002 -2"><span class='ocrx_word' id='word_1_671' title='bbox 2078 3633 2379 3690; x_wconf 86' lang='lat' dir='ltr'>destructa</span> <span class='ocrx_word' id='word_1_672' title='bbox 2407 3637 2565 3690; x_wconf 90' lang='lat' dir='ltr'>sunt.</span> 
     </span>
    </p>
   </div>
   <div class='ocr_carea' id='block_1_99' title="bbox 2078 3723 3075 3796">
    <p class='ocr_par' dir='ltr' id='par_1_99' title="bbox 2078 3723 3075 3796">
     <span class='ocr_line' id='line_1_99' title="bbox 2078 3723 3075 3796; baseline -0.01 -16"><span class='ocrx_word' id='word_1_673' title='bbox 2078 3724 2150 3779; x_wconf 87' lang='lat'>35</span> <span class='ocrx_word' id='word_1_674' title='bbox 2222 3723 2402 3780; x_wconf 87' lang='lat' dir='ltr'>Semel</span> <span class='ocrx_word' id='word_1_675' title='bbox 2417 3723 2613 3796; x_wconf 86' lang='lat' dir='ltr'>juravi</span> <span class='ocrx_word' id='word_1_676' title='bbox 2639 3723 2699 3777; x_wconf 85' lang='lat' dir='ltr'>in</span> <span class='ocrx_word' id='word_1_677' title='bbox 2727 3727 2910 3776; x_wconf 87' lang='lat' dir='ltr'>sancto</span> <span class='ocrx_word' id='word_1_678' title='bbox 2937 3732 3075 3772; x_wconf 88' lang='lat' dir='ltr'>meo.</span> 
     </span>
    </p>
   </div>
   <div class='ocr_carea' id='block_1_100' title="bbox 2221 3793 3734 3878">
    <p class='ocr_par' dir='ltr' id='par_1_100' title="bbox 2221 3793 3734 3878">
     <span class='ocr_line' id='line_1_100' title="bbox 2221 3793 3734 3878; baseline -0.017 -7"><span class='ocrx_word' id='word_1_679' title='bbox 2221 3814 2282 3869; x_wconf 88' lang='lat' dir='ltr'>Si</span> <span class='ocrx_word' id='word_1_680' title='bbox 2310 3793 2482 3870; x_wconf 81' lang='lat' dir='ltr'>David</span> <span class='ocrx_word' id='word_1_681' title='bbox 2509 3812 2781 3868; x_wconf 86' lang='lat' dir='ltr'>mentiar:</span> <span class='ocrx_word' id='word_1_682' title='bbox 2792 3824 2970 3865; x_wconf 85' lang='lat' dir='ltr'>semen</span> <span class='ocrx_word' id='word_1_683' title='bbox 2983 3806 3102 3878; x_wconf 87' lang='lat' dir='ltr'>ejus</span> <span class='ocrx_word' id='word_1_684' title='bbox 3115 3804 3174 3859; x_wconf 84' lang='lat' dir='ltr'>in</span> <span class='ocrx_word' id='word_1_685' title='bbox 3183 3807 3454 3875; x_wconf 59' lang='lat' dir='ltr'>aeternum</span> <span class='ocrx_word' id='word_1_686' title='bbox 3472 3793 3734 3850; x_wconf 82' lang='lat' dir='ltr'>manebit.</span> 
     </span>
    </p>
   </div>
   <div class='ocr_carea' id='block_1_101' title="bbox 2148 3884 3738 3965">
    <p class='ocr_par' dir='ltr' id='par_1_101' title="bbox 2148 3884 3738 3965">
     <span class='ocr_line' id='line_1_101' title="bbox 2148 3884 3738 3965; baseline -0.016 -4"><span class='ocrx_word' id='word_1_687' title='bbox 2148 3905 2190 3961; x_wconf 91' lang='lat' dir='ltr'>C</span> <span class='ocrx_word' id='word_1_688' title='bbox 2219 3903 2538 3960; x_wconf 83' lang='lat' dir='ltr'>Hominum</span> <span class='ocrx_word' id='word_1_689' title='bbox 2569 3898 2929 3957; x_wconf 86' lang='lat' dir='ltr'>consuetudo</span> <span class='ocrx_word' id='word_1_690' title='bbox 2959 3901 3048 3952; x_wconf 88' lang='lat' dir='ltr'>est</span> <span class='ocrx_word' id='word_1_691' title='bbox 3078 3886 3646 3965; x_wconf 84' lang='lat' dir='ltr'>frequenterjurare,</span> <span class='ocrx_word' id='word_1_692' title='bbox 3671 3884 3738 3936; x_wconf 92' lang='lat' dir='ltr'>ut</span> 
     </span>
    </p>
   </div>
   <div class='ocr_carea' id='block_1_102' title="bbox 2077 3973 3733 4066">
    <p class='ocr_par' dir='ltr' id='par_1_102' title="bbox 2077 3973 3733 4066">
     <span class='ocr_line' id='line_1_102' title="bbox 2077 3973 3733 4066; baseline -0.014 -17"><span class='ocrx_word' id='word_1_693' title='bbox 2077 3995 2162 4051; x_wconf 92' lang='lat' dir='ltr'>eis</span> <span class='ocrx_word' id='word_1_694' title='bbox 2192 3992 2413 4066; x_wconf 90' lang='lat' dir='ltr'>aliquid</span> <span class='ocrx_word' id='word_1_695' title='bbox 2442 3991 2630 4066; x_wconf 89' lang='lat' dir='ltr'>possit</span> <span class='ocrx_word' id='word_1_696' title='bbox 2660 3989 2816 4046; x_wconf 90' lang='lat' dir='ltr'>credi</span> <span class='ocrx_word' id='word_1_697' title='bbox 2849 4005 2863 4044; x_wconf 92' lang='lat'><strong>:</strong></span> <span class='ocrx_word' id='word_1_698' title='bbox 2901 3987 3058 4044; x_wconf 88' lang='lat' dir='ltr'>Deus</span> <span class='ocrx_word' id='word_1_699' title='bbox 3087 3988 3282 4040; x_wconf 87' lang='lat' dir='ltr'>autem</span> <span class='ocrx_word' id='word_1_700' title='bbox 3329 3974 3511 4036; x_wconf 88' lang='lat' dir='ltr'>semel</span> <span class='ocrx_word' id='word_1_701' title='bbox 3548 3973 3733 4046; x_wconf 80' lang='lat' dir='ltr'>jurat,</span> 
     </span>
    </p>
   </div>
   <div class='ocr_carea' id='block_1_103' title="bbox 2077 4065 3736 4158">
    <p class='ocr_par' dir='ltr' id='par_1_103' title="bbox 2077 4065 3736 4158">
     <span class='ocr_line' id='line_1_103' title="bbox 2077 4065 3736 4158; baseline -0.014 -17"><span class='ocrx_word' id='word_1_702' title='bbox 2077 4084 2180 4158; x_wconf 90' lang='lat' dir='ltr'>qui</span> <span class='ocrx_word' id='word_1_703' title='bbox 2211 4065 2373 4140; x_wconf 86' lang='lat' dir='ltr'>nulla</span> <span class='ocrx_word' id='word_1_704' title='bbox 2398 4065 2676 4138; x_wconf 80' lang='lat' dir='ltr'>varietate</span> <span class='ocrx_word' id='word_1_705' title='bbox 2705 4077 2986 4151; x_wconf 87' lang='lat' dir='ltr'>temporis</span> <span class='ocrx_word' id='word_1_706' title='bbox 3022 4073 3392 4158; x_wconf 83' lang='lat' dir='ltr'>immutatur.</span> <span class='ocrx_word' id='word_1_707' title='bbox 3423 4065 3736 4158; x_wconf 64' lang='lat' dir='ltr'>Juramen-</span> 
     </span>
    </p>
   </div>
   <div class='ocr_carea' id='block_1_104' title="bbox 2078 4151 3734 4244">
    <p class='ocr_par' dir='ltr' id='par_1_104' title="bbox 2078 4151 3734 4244">
     <span class='ocr_line' id='line_1_104' title="bbox 2078 4151 3734 4244; baseline -0.015 -14"><span class='ocrx_word' id='word_1_708' title='bbox 2078 4151 2206 4230; x_wconf 47' lang='lat' dir='ltr'>t-um</span> <span class='ocrx_word' id='word_1_709' title='bbox 2238 4176 2436 4228; x_wconf 90' lang='lat' dir='ltr'>autem</span> <span class='ocrx_word' id='word_1_710' title='bbox 2464 4171 2594 4244; x_wconf 89' lang='lat' dir='ltr'>ejus</span> <span class='ocrx_word' id='word_1_711' title='bbox 2623 4169 3157 4234; x_wconf 82' lang='lat' dir='ltr'>diximus,ventura</span> <span class='ocrx_word' id='word_1_712' title='bbox 3175 4151 3598 4235; x_wconf 89' lang='lat' dir='ltr'>promittere.Si</span> <span class='ocrx_word' id='word_1_713' title='bbox 3621 4151 3734 4208; x_wconf 87' lang='lat' dir='ltr'>Da-</span> 
     </span>
    </p>
   </div>
   <div class='ocr_carea' id='block_1_105' title="bbox 2076 4247 3737 4330">
    <p class='ocr_par' dir='ltr' id='par_1_105' title="bbox 2076 4247 3737 4330">
     <span class='ocr_line' id='line_1_105' title="bbox 2076 4247 3737 4330; baseline -0.014 -11"><span class='ocrx_word' id='word_1_714' title='bbox 2076 4262 2172 4319; x_wconf 90' lang='lat' dir='ltr'>vid</span> <span class='ocrx_word' id='word_1_715' title='bbox 2203 4262 2474 4330; x_wconf 88' lang='lat' dir='ltr'>mentiar,</span> <span class='ocrx_word' id='word_1_716' title='bbox 2501 4260 2560 4318; x_wconf 92' lang='lat' dir='ltr'>id</span> <span class='ocrx_word' id='word_1_717' title='bbox 2593 4265 2682 4316; x_wconf 91' lang='lat' dir='ltr'>est</span> <span class='ocrx_word' id='word_1_718' title='bbox 2711 4275 2828 4315; x_wconf 90' lang='lat' dir='ltr'>non</span> <span class='ocrx_word' id='word_1_719' title='bbox 2861 4254 3136 4321; x_wconf 84' lang='lat' dir='ltr'>mentiar,</span> <span class='ocrx_word' id='word_1_720' title='bbox 3168 4249 3219 4307; x_wconf 89' lang='lat' dir='ltr'>si</span> <span class='ocrx_word' id='word_1_721' title='bbox 3245 4247 3404 4306; x_wconf 88' lang='lat' dir='ltr'>enim</span> <span class='ocrx_word' id='word_1_722' title='bbox 3441 4247 3532 4302; x_wconf 88' lang='lat' dir='ltr'>est</span> <span class='ocrx_word' id='word_1_723' title='bbox 3556 4256 3737 4314; x_wconf 84' lang='lat' dir='ltr'>nega-</span> 
     </span>
    </p>
   </div>
   <div class='ocr_carea' id='block_1_106' title="bbox 2079 4332 3623 4426">
    <p class='ocr_par' dir='ltr' id='par_1_106' title="bbox 2079 4332 3623 4426">
     <span class='ocr_line' id='line_1_106' title="bbox 2079 4332 3623 4426; baseline -0.014 -17"><span class='ocrx_word' id='word_1_724' title='bbox 2079 4352 2194 4408; x_wconf 88' lang='lat' dir='ltr'>tive</span> <span class='ocrx_word' id='word_1_725' title='bbox 2219 4349 2663 4426; x_wconf 89' lang='lat' dir='ltr'>positum,quod</span> <span class='ocrx_word' id='word_1_726' title='bbox 2691 4347 2866 4406; x_wconf 90' lang='lat' dir='ltr'>etiam</span> <span class='ocrx_word' id='word_1_727' title='bbox 2895 4361 3041 4402; x_wconf 90' lang='lat' dir='ltr'>usus</span> <span class='ocrx_word' id='word_1_728' title='bbox 3066 4336 3402 4399; x_wconf 90' lang='lat' dir='ltr'>communis</span> <span class='ocrx_word' id='word_1_729' title='bbox 3427 4332 3623 4426; x_wconf 76' lang='lat' dir='ltr'>habet.</span> 
     </span>
    </p>
   </div>
   <div class='ocr_carea' id='block_1_107' title="bbox 2148 4420 3734 4499">
    <p class='ocr_par' dir='ltr' id='par_1_107' title="bbox 2148 4420 3734 4499">
     <span class='ocr_line' id='line_1_107' title="bbox 2148 4420 3734 4499; baseline -0.015 0"><span class='ocrx_word' id='word_1_730' title='bbox 2148 4420 2354 4499; x_wconf 73' lang='lat' dir='ltr'>Semen</span> <span class='ocrx_word' id='word_1_731' title='bbox 2387 4420 2604 4497; x_wconf 76' lang='lat' dir='ltr'>Christi</span> <span class='ocrx_word' id='word_1_732' title='bbox 2635 4443 2774 4496; x_wconf 92' lang='lat' dir='ltr'>sunt</span> <span class='ocrx_word' id='word_1_733' title='bbox 2803 4451 3008 4494; x_wconf 90' lang='lat' dir='ltr'>omnes</span> <span class='ocrx_word' id='word_1_734' title='bbox 3056 4429 3244 4489; x_wconf 88' lang='lat' dir='ltr'>sancti</span> <span class='ocrx_word' id='word_1_735' title='bbox 3285 4431 3345 4484; x_wconf 90' lang='lat' dir='ltr'>et</span> <span class='ocrx_word' id='word_1_736' title='bbox 3371 4440 3502 4482; x_wconf 88' lang='lat' dir='ltr'>vere</span> <span class='ocrx_word' id='word_1_737' title='bbox 3532 4420 3734 4480; x_wconf 85' lang='lat' dir='ltr'>Chris-</span> 
     </span>
    </p>
   </div>
   <div class='ocr_carea' id='block_1_108' title="bbox 2078 4510 3735 4604">
    <p class='ocr_par' dir='ltr' id='par_1_108' title="bbox 2078 4510 3735 4604">
     <span class='ocr_line' id='line_1_108' title="bbox 2078 4510 3735 4604; baseline -0.014 -17"><span class='ocrx_word' id='word_1_738' title='bbox 2078 4531 2224 4588; x_wconf 88' lang='lat' dir='ltr'>tiani</span> <span class='ocrx_word' id='word_1_739' title='bbox 2259 4547 2272 4587; x_wconf 91' lang='lat'><strong>:</strong></span> <span class='ocrx_word' id='word_1_740' title='bbox 2308 4530 2409 4604; x_wconf 89' lang='lat' dir='ltr'>qui</span> <span class='ocrx_word' id='word_1_741' title='bbox 2442 4530 2501 4585; x_wconf 90' lang='lat' dir='ltr'>in</span> <span class='ocrx_word' id='word_1_742' title='bbox 2534 4531 2738 4586; x_wconf 90' lang='lat' dir='ltr'>sancta</span> <span class='ocrx_word' id='word_1_743' title='bbox 2761 4521 3199 4582; x_wconf 86' lang='lat' dir='ltr'>conversatione</span> <span class='ocrx_word' id='word_1_744' title='bbox 3247 4531 3436 4589; x_wconf 88' lang='lat' dir='ltr'>usque</span> <span class='ocrx_word' id='word_1_745' title='bbox 3465 4512 3524 4568; x_wconf 91' lang='lat' dir='ltr'>in</span> <span class='ocrx_word' id='word_1_746' title='bbox 3555 4510 3735 4566; x_wconf 85' lang='lat' dir='ltr'>ﬁnem</span> 
     </span>
    </p>
   </div>
   <div class='ocr_carea' id='block_1_109' title="bbox 2077 4608 3548 4694">
    <p class='ocr_par' dir='ltr' id='par_1_109' title="bbox 2077 4608 3548 4694">
     <span class='ocr_line' id='line_1_109' title="bbox 2077 4608 3548 4694; baseline -0.014 -16"><span class='ocrx_word' id='word_1_747' title='bbox 2077 4621 2512 4694; x_wconf 89' lang='lat' dir='ltr'>permanebunt</span> <span class='ocrx_word' id='word_1_748' title='bbox 2541 4618 2724 4691; x_wconf 89' lang='lat' dir='ltr'>hujus</span> <span class='ocrx_word' id='word_1_749' title='bbox 2749 4614 2878 4672; x_wconf 67' lang='lat' dir='ltr'>vitm</span> <span class='ocrx_word' id='word_1_750' title='bbox 2907 4617 2966 4671; x_wconf 91' lang='lat' dir='ltr'>et</span> <span class='ocrx_word' id='word_1_751' title='bbox 2993 4615 3126 4686; x_wconf 88' lang='lat' dir='ltr'>post</span> <span class='ocrx_word' id='word_1_752' title='bbox 3153 4608 3214 4666; x_wconf 90' lang='lat' dir='ltr'>in</span> <span class='ocrx_word' id='word_1_753' title='bbox 3245 4611 3548 4664; x_wconf 71' lang='lat' dir='ltr'>aaternum.</span> 
     </span>
    </p>
   </div>
   <div class='ocr_carea' id='block_1_110' title="bbox 2001 4695 3694 4794">
    <p class='ocr_par' dir='ltr' id='par_1_110' title="bbox 2001 4695 3694 4794">
     <span class='ocr_line' id='line_1_110' title="bbox 2001 4695 3694 4794; baseline -0.012 -27"><span class='ocrx_word' id='word_1_754' title='bbox 2001 4727 2048 4794; x_wconf 76' lang='grc' dir='ltr'>Ι)</span> <span class='ocrx_word' id='word_1_755' title='bbox 2077 4711 2148 4766; x_wconf 87' lang='grc'><strong>36</strong></span> <span class='ocrx_word' id='word_1_756' title='bbox 2223 4713 2286 4766; x_wconf 88' lang='lat' dir='ltr'>Et</span> <span class='ocrx_word' id='word_1_757' title='bbox 2317 4711 2544 4767; x_wconf 82' lang='lat' dir='ltr'>thronus</span> <span class='ocrx_word' id='word_1_758' title='bbox 2573 4708 2693 4780; x_wconf 88' lang='lat' dir='ltr'>ejus</span> <span class='ocrx_word' id='word_1_759' title='bbox 2712 4707 2855 4762; x_wconf 88' lang='lat' dir='ltr'>sicut</span> <span class='ocrx_word' id='word_1_760' title='bbox 2879 4704 2960 4760; x_wconf 92' lang='lat' dir='ltr'>sol</span> <span class='ocrx_word' id='word_1_761' title='bbox 2985 4710 3044 4760; x_wconf 87' lang='lat' dir='ltr'>tn</span> <span class='ocrx_word' id='word_1_762' title='bbox 3073 4706 3358 4772; x_wconf 82' lang='lat' dir='ltr'>conspectu</span> <span class='ocrx_word' id='word_1_763' title='bbox 3383 4708 3502 4751; x_wconf 84' lang='lat' dir='ltr'>meo</span> <span class='ocrx_word' id='word_1_764' title='bbox 3521 4698 3596 4759; x_wconf 64' lang='grc' dir='ltr'>ξιξ-ι</span> <span class='ocrx_word' id='word_1_765' title='bbox 3613 4695 3694 4757; x_wconf 70' lang='lat' dir='ltr'>et:</span> 
     </span>
    </p>
   </div>
   <div class='ocr_carea' id='block_1_111' title="bbox 2290 4794 3302 4870">
    <p class='ocr_par' dir='ltr' id='par_1_111' title="bbox 2290 4794 3302 4870">
     <span class='ocr_line' id='line_1_111' title="bbox 2290 4794 3302 4870; baseline -0.014 -13"><span class='ocrx_word' id='word_1_766' title='bbox 2290 4801 2434 4856; x_wconf 87' lang='lat' dir='ltr'>sicut</span> <span class='ocrx_word' id='word_1_767' title='bbox 2463 4799 2599 4854; x_wconf 84' lang='lat' dir='ltr'>luna</span> <span class='ocrx_word' id='word_1_768' title='bbox 2621 4798 2865 4870; x_wconf 80' lang='lat' dir='ltr'>perfecta</span> <span class='ocrx_word' id='word_1_769' title='bbox 2895 4794 2954 4850; x_wconf 87' lang='lat' dir='ltr'>in</span> <span class='ocrx_word' id='word_1_770' title='bbox 2985 4799 3253 4850; x_wconf 68' lang='lat' dir='ltr'>aeternum</span> <span class='ocrx_word' id='word_1_771' title='bbox 3283 4806 3302 4844; x_wconf 90' lang='lat'><strong><em>:</em></strong></span> 
     </span>
    </p>
   </div>
   <div class='ocr_carea' id='block_1_112' title="bbox 2220 4879 3312 4960">
    <p class='ocr_par' dir='ltr' id='par_1_112' title="bbox 2220 4879 3312 4960">
     <span class='ocr_line' id='line_1_112' title="bbox 2220 4879 3312 4960; baseline -0.01 -16"><span class='ocrx_word' id='word_1_772' title='bbox 2220 4890 2285 4946; x_wconf 83' lang='lat' dir='ltr'>Et</span> <span class='ocrx_word' id='word_1_773' title='bbox 2314 4890 2464 4946; x_wconf 87' lang='lat' dir='ltr'>testis</span> <span class='ocrx_word' id='word_1_774' title='bbox 2493 4889 2550 4944; x_wconf 88' lang='lat' dir='ltr'>in</span> <span class='ocrx_word' id='word_1_775' title='bbox 2585 4887 2714 4943; x_wconf 76' lang='lat' dir='ltr'>caelo</span> <span class='ocrx_word' id='word_1_776' title='bbox 2741 4885 2942 4960; x_wconf 84' lang='lat' dir='ltr'>ﬁdelis.</span> <span class='ocrx_word' id='word_1_777' title='bbox 2973 4879 3312 4954; x_wconf 86' lang='lat' dir='ltr'>Diapsalma.</span> 
     </span>
    </p>
   </div>
   <div class='ocr_carea' id='block_1_113' title="bbox 2149 4966 3740 5038">
    <p class='ocr_par' dir='ltr' id='par_1_113' title="bbox 2149 4966 3740 5038">
     <span class='ocr_line' id='line_1_113' title="bbox 2149 4966 3740 5038; baseline -0.013 -2"><span class='ocrx_word' id='word_1_778' title='bbox 2149 4983 2190 5036; x_wconf 92' lang='lat' dir='ltr'>C</span> <span class='ocrx_word' id='word_1_779' title='bbox 2218 4979 2493 5035; x_wconf 90' lang='lat' dir='ltr'>Thronus</span> <span class='ocrx_word' id='word_1_780' title='bbox 2523 4977 2624 5036; x_wconf 90' lang='lat' dir='ltr'>Dei</span> <span class='ocrx_word' id='word_1_781' title='bbox 2656 4975 2855 5034; x_wconf 86' lang='lat' dir='ltr'>anima</span> <span class='ocrx_word' id='word_1_782' title='bbox 2893 4971 3084 5029; x_wconf 85' lang='lat' dir='ltr'>ﬁdelis</span> <span class='ocrx_word' id='word_1_783' title='bbox 3129 4972 3240 5036; x_wconf 87' lang='lat' dir='ltr'>est,</span> <span class='ocrx_word' id='word_1_784' title='bbox 3273 4966 3334 5022; x_wconf 91' lang='lat' dir='ltr'>in</span> <span class='ocrx_word' id='word_1_785' title='bbox 3381 4979 3498 5038; x_wconf 87' lang='lat' dir='ltr'>qua</span> <span class='ocrx_word' id='word_1_786' title='bbox 3540 4975 3740 5018; x_wconf 86' lang='lat' dir='ltr'>revera</span> 
     </span>
    </p>
   </div>
   <div class='ocr_carea' id='block_1_114' title="bbox 2075 5050 3734 5138">
    <p class='ocr_par' dir='ltr' id='par_1_114' title="bbox 2075 5050 3734 5138">
     <span class='ocr_line' id='line_1_114' title="bbox 2075 5050 3734 5138; baseline -0.013 -12"><span class='ocrx_word' id='word_1_787' title='bbox 2075 5069 2344 5127; x_wconf 88' lang='lat' dir='ltr'>Christus</span> <span class='ocrx_word' id='word_1_788' title='bbox 2373 5067 2794 5138; x_wconf 87' lang='lat' dir='ltr'>insidet,atque</span> <span class='ocrx_word' id='word_1_789' title='bbox 2826 5062 2984 5119; x_wconf 89' lang='lat' dir='ltr'>lucet</span> <span class='ocrx_word' id='word_1_790' title='bbox 3003 5060 3155 5117; x_wconf 90' lang='lat' dir='ltr'>sicut</span> <span class='ocrx_word' id='word_1_791' title='bbox 3174 5055 3262 5114; x_wconf 91' lang='lat' dir='ltr'>sol</span> <span class='ocrx_word' id='word_1_792' title='bbox 3285 5072 3298 5111; x_wconf 93' lang='lat'><strong>:</strong></span> <span class='ocrx_word' id='word_1_793' title='bbox 3323 5059 3382 5112; x_wconf 91' lang='lat' dir='ltr'>et</span> <span class='ocrx_word' id='word_1_794' title='bbox 3399 5051 3552 5110; x_wconf 89' lang='lat' dir='ltr'>sicut</span> <span class='ocrx_word' id='word_1_795' title='bbox 3571 5050 3734 5116; x_wconf 87' lang='lat' dir='ltr'>luna,</span> 
     </span>
    </p>
   </div>
   <div class='ocr_carea' id='block_1_115' title="bbox 2076 5140 3735 5232">
    <p class='ocr_par' dir='ltr' id='par_1_115' title="bbox 2076 5140 3735 5232">
     <span class='ocr_line' id='line_1_115' title="bbox 2076 5140 3735 5232; baseline -0.013 -16"><span class='ocrx_word' id='word_1_796' title='bbox 2076 5160 2136 5216; x_wconf 92' lang='lat' dir='ltr'>id</span> <span class='ocrx_word' id='word_1_797' title='bbox 2161 5163 2561 5232; x_wconf 86' lang='lat' dir='ltr'>est,compago</span> <span class='ocrx_word' id='word_1_798' title='bbox 2592 5153 2854 5229; x_wconf 88' lang='lat' dir='ltr'>corporis</span> <span class='ocrx_word' id='word_1_799' title='bbox 2884 5151 3071 5208; x_wconf 89' lang='lat' dir='ltr'>nostri</span> <span class='ocrx_word' id='word_1_800' title='bbox 3096 5151 3230 5223; x_wconf 88' lang='lat' dir='ltr'>post</span> <span class='ocrx_word' id='word_1_801' title='bbox 3249 5140 3735 5232; x_wconf 85' lang='lat' dir='ltr'>resurrectionem</span> 
     </span>
    </p>
   </div>
   <div class='ocr_carea' id='block_1_116' title="bbox 2077 5229 3740 5304">
    <p class='ocr_par' dir='ltr' id='par_1_116' title="bbox 2077 5229 3740 5304">
     <span class='ocr_line' id='line_1_116' title="bbox 2077 5229 3740 5304; baseline -0.012 0"><span class='ocrx_word' id='word_1_802' title='bbox 2077 5229 2460 5304; x_wconf 75' lang='lat' dir='ltr'>c1ariﬁcata.C</span> <span class='ocrx_word' id='word_1_803' title='bbox 2484 5229 2554 5303; x_wconf 85' lang='lat' dir='ltr'>Et</span> <span class='ocrx_word' id='word_1_804' title='bbox 2582 5245 2751 5302; x_wconf 89' lang='lat' dir='ltr'>testis</span> <span class='ocrx_word' id='word_1_805' title='bbox 2785 5241 2978 5299; x_wconf 89' lang='lat' dir='ltr'>ﬁdelis</span> <span class='ocrx_word' id='word_1_806' title='bbox 3010 5257 3025 5298; x_wconf 89' lang='lat'><strong>:</strong></span> <span class='ocrx_word' id='word_1_807' title='bbox 3057 5237 3323 5296; x_wconf 83' lang='lat' dir='ltr'>Christus</span> <span class='ocrx_word' id='word_1_808' title='bbox 3352 5236 3462 5301; x_wconf 88' lang='lat' dir='ltr'>est,</span> <span class='ocrx_word' id='word_1_809' title='bbox 3495 5229 3598 5304; x_wconf 90' lang='lat' dir='ltr'>qui</span> <span class='ocrx_word' id='word_1_810' title='bbox 3629 5233 3740 5285; x_wconf 86' lang='lat' dir='ltr'>tes-</span> 
     </span>
    </p>
   </div>
   <div class='ocr_carea' id='block_1_117' title="bbox 2073 5317 3736 5410">
    <p class='ocr_par' dir='ltr' id='par_1_117' title="bbox 2073 5317 3736 5410">
     <span class='ocr_line' id='line_1_117' title="bbox 2073 5317 3736 5410; baseline -0.013 -16"><span class='ocrx_word' id='word_1_811' title='bbox 2073 5337 2388 5394; x_wconf 89' lang='lat' dir='ltr'>timonium</span> <span class='ocrx_word' id='word_1_812' title='bbox 2417 5333 2718 5410; x_wconf 88' lang='lat' dir='ltr'>perhibuit</span> <span class='ocrx_word' id='word_1_813' title='bbox 2740 5333 2811 5390; x_wconf 91' lang='lat' dir='ltr'>de</span> <span class='ocrx_word' id='word_1_814' title='bbox 2835 5332 3096 5401; x_wconf 87' lang='lat' dir='ltr'>veritate,</span> <span class='ocrx_word' id='word_1_815' title='bbox 3125 5343 3252 5403; x_wconf 73' lang='lat' dir='ltr'>quas</span> <span class='ocrx_word' id='word_1_816' title='bbox 3283 5327 3374 5382; x_wconf 86' lang='lat' dir='ltr'>est</span> <span class='ocrx_word' id='word_1_817' title='bbox 3401 5323 3547 5395; x_wconf 89' lang='lat' dir='ltr'>ipse,</span> <span class='ocrx_word' id='word_1_818' title='bbox 3578 5322 3634 5375; x_wconf 91' lang='lat' dir='ltr'>et</span> <span class='ocrx_word' id='word_1_819' title='bbox 3665 5317 3736 5373; x_wconf 91' lang='lat' dir='ltr'>de</span> 
     </span>
    </p>
   </div>
   <div class='ocr_carea' id='block_1_118' title="bbox 2074 5411 3736 5502">
    <p class='ocr_par' dir='ltr' id='par_1_118' title="bbox 2074 5411 3736 5502">
     <span class='ocr_line' id='line_1_118' title="bbox 2074 5411 3736 5502; baseline -0.013 -17"><span class='ocrx_word' id='word_1_820' title='bbox 2074 5443 2247 5502; x_wconf 86' lang='lat' dir='ltr'>Opere</span> <span class='ocrx_word' id='word_1_821' title='bbox 2271 5426 2460 5482; x_wconf 88' lang='lat' dir='ltr'>Patris</span> <span class='ocrx_word' id='word_1_822' title='bbox 2490 5425 2551 5480; x_wconf 93' lang='lat' dir='ltr'>in</span> <span class='ocrx_word' id='word_1_823' title='bbox 2581 5420 2988 5480; x_wconf 88' lang='lat' dir='ltr'>mundo.Dicit</span> <span class='ocrx_word' id='word_1_824' title='bbox 3009 5434 3144 5476; x_wconf 86' lang='lat' dir='ltr'>vero</span> <span class='ocrx_word' id='word_1_825' title='bbox 3177 5431 3312 5474; x_wconf 89' lang='lat' dir='ltr'>eum</span> <span class='ocrx_word' id='word_1_826' title='bbox 3343 5413 3403 5470; x_wconf 90' lang='lat' dir='ltr'>in</span> <span class='ocrx_word' id='word_1_827' title='bbox 3425 5411 3556 5468; x_wconf 78' lang='lat' dir='ltr'>aeto</span> <span class='ocrx_word' id='word_1_828' title='bbox 3585 5422 3736 5502; x_wconf 42' lang='lat' dir='ltr'>esset</span> 
     </span>
    </p>
   </div>
   <div class='ocr_carea' id='block_1_119' title="bbox 2072 5494 3738 5592">
    <p class='ocr_par' dir='ltr' id='par_1_119' title="bbox 2072 5494 3738 5592">
     <span class='ocr_line' id='line_1_119' title="bbox 2072 5494 3738 5592; baseline -0.013 -18"><span class='ocrx_word' id='word_1_829' title='bbox 2072 5494 2206 5592; x_wconf 74' lang='lat' dir='ltr'>quia</span> <span class='ocrx_word' id='word_1_830' title='bbox 2231 5517 2311 5572; x_wconf 89' lang='lat' dir='ltr'>ibi</span> <span class='ocrx_word' id='word_1_831' title='bbox 2338 5519 2460 5589; x_wconf 84' lang='lat' dir='ltr'>post</span> <span class='ocrx_word' id='word_1_832' title='bbox 2488 5515 2868 5572; x_wconf 83' lang='lat' dir='ltr'>Ascensionem</span> <span class='ocrx_word' id='word_1_833' title='bbox 2895 5527 3057 5569; x_wconf 86' lang='lat' dir='ltr'>suam</span> <span class='ocrx_word' id='word_1_834' title='bbox 3080 5517 3178 5566; x_wconf 82' lang='lat' dir='ltr'>est.</span> <span class='ocrx_word' id='word_1_835' title='bbox 3213 5507 3252 5564; x_wconf 82' lang='lat' dir='ltr'>C</span> <span class='ocrx_word' id='word_1_836' title='bbox 3285 5505 3376 5564; x_wconf 76' lang='grc' dir='ltr'>νει</span> <span class='ocrx_word' id='word_1_837' title='bbox 3406 5505 3466 5558; x_wconf 83' lang='lat' dir='ltr'>in</span> <span class='ocrx_word' id='word_1_838' title='bbox 3493 5499 3644 5592; x_wconf 68' lang='lat' dir='ltr'>calo,</span> <span class='ocrx_word' id='word_1_839' title='bbox 3681 5494 3738 5592; x_wconf 81' lang='lat' dir='ltr'>id</span> 
     </span>
    </p>
   </div>
   <div class='ocr_carea' id='block_1_120' title="bbox 2074 5587 3736 5670">
    <p class='ocr_par' dir='ltr' id='par_1_120' title="bbox 2074 5587 3736 5670">
     <span class='ocr_line' id='line_1_120' title="bbox 2074 5587 3736 5670; baseline -0.012 -7"><span class='ocrx_word' id='word_1_840' title='bbox 2074 5587 2151 5664; x_wconf 78' lang='lat' dir='ltr'>est</span> <span class='ocrx_word' id='word_1_841' title='bbox 2178 5587 2382 5663; x_wconf 67' lang='lat' dir='ltr'>caelesti</span> <span class='ocrx_word' id='word_1_842' title='bbox 2406 5607 2627 5662; x_wconf 86' lang='lat' dir='ltr'>homine</span> <span class='ocrx_word' id='word_1_843' title='bbox 2655 5608 2714 5660; x_wconf 89' lang='lat' dir='ltr'>et</span> <span class='ocrx_word' id='word_1_844' title='bbox 2745 5605 2988 5660; x_wconf 87' lang='lat' dir='ltr'>sancto:</span> <span class='ocrx_word' id='word_1_845' title='bbox 3021 5600 3082 5657; x_wconf 91' lang='lat' dir='ltr'>in</span> <span class='ocrx_word' id='word_1_846' title='bbox 3110 5597 3210 5654; x_wconf 92' lang='lat' dir='ltr'>illo</span> <span class='ocrx_word' id='word_1_847' title='bbox 3233 5597 3366 5670; x_wconf 90' lang='lat' dir='ltr'>ipsa</span> <span class='ocrx_word' id='word_1_848' title='bbox 3383 5607 3530 5660; x_wconf 78' lang='lat' dir='ltr'>caro</span> <span class='ocrx_word' id='word_1_849' title='bbox 3560 5587 3736 5664; x_wconf 84' lang='lat' dir='ltr'>glori-</span> 
     </span>
    </p>
   </div>
   <div class='ocr_carea' id='block_1_121' title="bbox 2072 5679 3738 5766">
    <p class='ocr_par' dir='ltr' id='par_1_121' title="bbox 2072 5679 3738 5766">
     <span class='ocr_line' id='line_1_121' title="bbox 2072 5679 3738 5766; baseline -0.013 -12"><span class='ocrx_word' id='word_1_850' title='bbox 2072 5697 2440 5765; x_wconf 86' lang='lat' dir='ltr'>ﬁcata,testis</span> <span class='ocrx_word' id='word_1_851' title='bbox 2471 5699 2560 5751; x_wconf 89' lang='lat' dir='ltr'>est</span> <span class='ocrx_word' id='word_1_852' title='bbox 2591 5693 2782 5751; x_wconf 85' lang='lat' dir='ltr'>ﬁdelis</span> <span class='ocrx_word' id='word_1_853' title='bbox 2813 5693 2998 5766; x_wconf 88' lang='lat' dir='ltr'>hujus</span> <span class='ocrx_word' id='word_1_854' title='bbox 3029 5683 3440 5765; x_wconf 89' lang='lat' dir='ltr'>promissionis</span> <span class='ocrx_word' id='word_1_855' title='bbox 3462 5679 3738 5755; x_wconf 65' lang='lat' dir='ltr'>impletae,</span> 
     </span>
    </p>
   </div>
   <div class='ocr_carea' id='block_1_122' title="bbox 2071 5782 2883 5860">
    <p class='ocr_par' dir='ltr' id='par_1_122' title="bbox 2071 5782 2883 5860">
     <span class='ocr_line' id='line_1_122' title="bbox 2071 5782 2883 5860; baseline -0.006 -16"><span class='ocrx_word' id='word_1_856' title='bbox 2071 5803 2186 5845; x_wconf 88' lang='lat' dir='ltr'>non</span> <span class='ocrx_word' id='word_1_857' title='bbox 2220 5788 2277 5843; x_wconf 90' lang='lat' dir='ltr'>in</span> <span class='ocrx_word' id='word_1_858' title='bbox 2311 5787 2589 5844; x_wconf 81' lang='lat' dir='ltr'>damnato</span> <span class='ocrx_word' id='word_1_859' title='bbox 2622 5782 2883 5860; x_wconf 89' lang='lat' dir='ltr'>hpmine.</span> 
     </span>
    </p>
   </div>
  </div>
