3922 6496
236 457 345 519 333
1485 454 1896 517 EXPOSITIO
1940 456 2446 521 PSALMORUM.
3541 466 3659 530 334

240 590 302 644 37
381 590 472 642 Tu
504 602 656 642 vero
689 585 975 655 reputisti
1001 589 1055 641 et
1085 584 1403 658 despexisti
1435 603 1446 639 :
1905 622 1910 626 ς
1937 594 1989 656 Α
2022 585 2155 642 bere
2187 604 2299 644 non
2333 589 2565 644 meruit.
2599 589 2834 645 Confusi
2863 592 3003 645 sunt
3034 589 3465 657 etiam,scilicet
3491 596 3658 652 sorde

378 674 696 731 Distulisti
728 674 1026 730 Christum
1056 679 1240 728 tuum.
2020 674 2446 732 incredulitatis
2478 678 2775 745 suae,dum
2808 682 3008 749 gentes
3039 679 3111 734 ad
3143 696 3316 736 suum
3347 680 3656 738 Dominum

310 765 442 819 Haec
471 762 762 835 depulsio
795 766 853 818 et
883 763 1175 834 despectio
1229 762 1301 816 de
1350 779 1526 834 regno
1557 761 1905 830 Salomonis,
2020 765 2272 819 converti
2306 765 2524 831 vident,
2557 782 2733 837 quem
2764 766 2876 838 ipsi
2909 766 3266 822 occiderunt.

250 853 391 908 facta
421 856 514 908 est
545 851 607 906 in
643 851 905 924 posteris
935 851 1063 921 ejus
1098 868 1110 904 :
2019 853 2089 906 45
2165 854 2457 924 Usquequo,
2489 855 2733 922 Domine,
2768 856 2966 909 avertis
2996 856 3055 909 in
3083 856 3249 926 ﬁnem
3277 873 3297 910 :

314 941 478 1008 Quod
512 945 720 995 autem
754 939 837 994 ait
868 937 1170 1006 distulisti,
1205 956 1320 994 non
1355 939 1424 994 de
1455 937 1781 1006 Salomone,
1803 955 1907 995 nec
2158 941 2480 997 Exardescet
2508 943 2648 997 sicut
2678 943 2824 1010 ignis
2857 944 2944 996 ira
2969 945 3110 998 tua?

250 1029 424 1084 David
456 1027 690 1083 dictum
725 1043 857 1082 esse
890 1026 1266 1081 manifestum
1293 1031 1400 1093 est,
1430 1027 1529 1082 sed
1562 1027 1630 1082 de
1659 1027 1904 1082 Christo.
2086 1028 2127 1083 C
2159 1029 2306 1084 Petit
2338 1046 2490 1084 nunc
2522 1029 2808 1101 Propheta
2853 1029 3168 1085 Dominum
3199 1033 3263 1084 ut
3290 1030 3530 1088 Judaico
3553 1048 3653 1104 po-

244 1120 287 1173 A
309 1120 494 1183 Quem
517 1133 551 1170 a
573 1115 798 1188 populo
821 1115 1154 1170 Judzeorum
1183 1115 1350 1169 Pater
1371 1113 1615 1182 distulit,
1641 1132 1754 1170 non
1777 1115 1908 1170 abs-
2017 1115 2150 1187 pulo
2169 1116 2879 1190 miseratusindulgeat.ln
2902 1118 3108 1174 finem:
3133 1117 3323 1174 saeculi
3338 1119 3654 1177 terminum

243 1205 378 1260 tulit
411 1221 425 1260 :
463 1204 606 1276 quia
639 1201 906 1274 reliquias
937 1201 1106 1258 salva:
1139 1203 1276 1257 ﬁent
1305 1201 1365 1257 in
1399 1202 1530 1258 fine.
2015 1204 2324 1277 significat,
2360 1206 2592 1277 quando
2621 1205 2806 1261 Judzri
2855 1210 3280 1262 convertentur.
3315 1207 3655 1264 Exardesci-

238 1295 308 1348 38
382 1293 690 1348 Avertisti
717 1297 1128 1347 testamentum
1155 1292 1315 1346 servi
1342 1293 1438 1346 tui
1457 1311 1477 1345 .-
2014 1308 2146 1348 mus
2168 1292 2272 1362 ira,
2288 1309 2420 1350 cum
2450 1293 2740 1349 vindicare
2761 1293 3127 1367 disponimus
3153 1312 3165 1349 :
3191 1293 3502 1350 irascimur
3519 1312 3652 1352 vero

385 1379 742 1452 Profanasti
773 1381 838 1434 in
865 1385 1027 1435 terra
1055 1380 1461 1435 sanctuarium
1488 1383 1632 1451 ejus.
2014 1381 2398 1449 mediocriter,
2432 1383 2665 1454 quando
2697 1381 2950 1454 aliquem
2982 1398 3253 1438 sermone
3278 1383 3648 1456 corripimus.

234 1478 252 1495 '
308 1474 350 1524 C
379 1468 661 1526 Avertisti
691 1467 1212 1534 testamentum,id
1242 1471 1350 1534 est,
1384 1467 1443 1522 in
1470 1467 1644 1522 aliam
1678 1472 1901 1539 partem
2011 1469 2234 1539 Adiecit
2265 1469 2482 1541 itaque,
2516 1471 2667 1525 sicut
2698 1469 2872 1542 ignis,
2907 1469 3006 1542 qui
3030 1471 3258 1542 objecta
3283 1471 3595 1528 consumit.

231 1555 602 1614 transtulisti
639 1573 651 1610 :
691 1560 757 1610 ut
788 1555 944 1626 quod
974 1555 1192 1610 Judaais
1223 1556 1412 1610 fuerat
1445 1554 1902 1627 promissum,ad
2013 1558 2080 1610 46
2152 1557 2443 1613 Memorare
2498 1573 2622 1630 quae
2674 1575 2792 1614 mea
2840 1561 3144 1614 substantia
3177 1578 3194 1614 :
3224 1559 3474 1632 nunquid
3503 1563 3650 1616 enim

229 1646 509 1718 gentium
538 1643 858 1700 utilitatem
883 1643 1223 1716 perveniret.
1238 1644 1364 1698 Non
1387 1643 1542 1699 enim
1566 1644 1649 1699 eis
1670 1659 1898 1699 reman-
2221 1661 2358 1700 vane
2384 1647 2714 1702 constituisti

228 1735 311 1790 sit
343 1732 664 1804 templum,
697 1731 1113 1799 sacerdotium,
1138 1730 1351 1786 oblatio
1380 1730 1468 1786 vel
1499 1745 1772 1802 regnum:
1799 1731 1899 1786 sed
2166 1736 2220 1796 νε·-
2249 1733 2441 1789 Omnes
2483 1739 2496 1798 ξ
2541 1735 2684 1804 ﬁlios
2715 1734 3038 1790 hominum?

225 1821 558 1878 Christiani
590 1820 797 1888 omnia
829 1818 1166 1891 plenissime
1196 1825 1336 1875 sunt
1364 1819 1678 1874 consecuti.
1697 1820 1898 1874 Testa-
2078 1821 2118 1873 C
2146 1819 2330 1892 Rogat
2361 1821 2663 1893 Propheta,
2689 1826 2752 1877 ut
2775 1822 2951 1878 istam
2981 1838 3235 1888 carnem,
3261 1823 3512 1894 peccatis
3542 1824 3649 1878 ob-

224 1913 509 1966 mentum
547 1925 560 1963 :
597 1908 709 1963 hoc
741 1910 834 1963 est
864 1905 1174 1979 promissio
1195 1907 1523 1970 nativitatis
1549 1906 1668 1961 Dei.
1703 1906 1898 1961 Profa-
1927 1951 1975 2016 Β
2008 1908 2559 1975 noxiam,adventus
2589 1911 2678 1966 sui
2710 1910 2894 1982 gloria
2920 1910 3166 1966 liberare
3195 1911 3649 1984 dignetur;quia

330 2015 367 2016 η
421 1998 631 2016 γὶομικ,-.-
671 1999 749 2016 --ι
774 1994 1341 2016 :.___IE._!--____-___2_
1369 1992 1868 2016 _--__2__1-ﬁL_!_A_
2009 2013 2112 2016 ..-Α
2163 2001 2234 2016 --ι
2273 1997 2334 2016 ,1
2372 1997 2470 2016 1,-
2534 2014 2548 2016 -
2598 2003 2702 2016 ,_n,
2771 2015 2779 2016 κ
2815 2002 2826 2016 ι
2893 2015 2930 2016 ,,
2969 2015 3000 2016 η
3109 2015 3190 2016 κηκ
3232 1998 3291 2016 9“
3375 2003 3414 2016 γι
3488 2015 3494 2016 ,
3567 1999 3642 2016 ,,!

222 1998 640 2065 num,dictum
663 1999 754 2052 est
774 1994 1350 2067 irreligiosumzquia
1369 1992 1894 2060 venienteChristo,
1927 1992 1975 2016 ⁸³
2007 2013 2123 2051 non
2153 2001 2240 2052 est
2266 1997 2338 2052 ad
2371 1997 2478 2053 hoc
2525 2003 2736 2066 creata,
2768 2002 2836 2054 ut
2881 2015 3009 2054 eam
3061 1998 3443 2071 permitteret,
3475 1999 3645 2072 quasi

219 2085 566 2142 immolatio
596 2084 896 2157 pecudum
918 2088 974 2139 et
993 2083 1316 2138 observatio
1346 2083 1733 2138 Sabbatorum
1757 2082 1896 2137 sub-
2004 2101 2218 2140 vanum
2248 2085 2491 2157 aliquid,
2525 2086 2780 2142 interire.

219 2180 408 2230 mota:
443 2177 587 2229 sunt
617 2173 678 2227 in
711 2174 894 2238 terra,
914 2171 1020 2226 hoc
1043 2176 1132 2226 est
1152 2171 1210 2226 in
1233 2174 1352 2226 toto
1373 2171 1530 2236 orbe,
1559 2170 1652 2226 ubi
1675 2175 1763 2227 est
1791 2172 1893 2226 Ee-
2004 2173 2073 2227 47
2148 2173 2277 2240 Quis
2305 2182 2383 2229 est
2422 2175 2576 2230 homo
2607 2176 2705 2246 qui
2730 2177 2870 2230 vivet
2898 2182 2948 2230 et
2975 2191 3080 2230 non
3113 2175 3316 2231 videbit
3365 2183 3592 2232 mortem
3623 2195 3644 2234 :

217 2261 415 2318 clesia
441 2261 681 2318 Christi.
2145 2263 2305 2318 Eruet
2333 2265 2579 2317 animam
2605 2279 2764 2318 suam
2783 2262 2849 2318 de
2875 2279 3046 2317 manu
3077 2265 3247 2335 inferi
3260 2265 3644 2335 ?Diapsatma¢

208 2353 290 2406 39
374 2350 743 2408 Destruristi
770 2364 968 2404 omnes
997 2364 1152 2421 sepes
1179 2352 1306 2420 ejus
1336 2368 1354 2402 :
2073 2349 2114 2404 C
2139 2349 2279 2414 Quis
2310 2353 2398 2404 est
2439 2349 2613 2404 homo
2641 2366 2654 2404 :
2690 2349 3096 2422 interrogative
3144 2349 3455 2424 legendum
3502 2355 3592 2408 est
3621 2369 3634 2406 :

373 2439 642 2494 Posuisti
668 2436 1115 2510 ﬁrmamentum
1143 2441 1269 2509 ejus
1297 2436 1698 2510 formidinem.
2005 2437 2103 2491 ubi
2135 2437 2602 2492 subaudiendum
2635 2455 2646 2492 :
2681 2437 2896 2494 nullus.
2919 2442 3132 2493 Omnes
3162 2438 3319 2495 enim
3347 2438 3644 2512 homines,

289 2528 342 2582 Η
382 2526 685 2582 Destruxit
715 2541 908 2598 sepes,
943 2525 1000 2579 id
1053 2529 1142 2580 est
1188 2525 1363 2580 verba
1405 2524 1570 2596 legis.
1603 2527 1643 2577 C
1674 2523 1894 2578 Firma-
2002 2523 2120 2579 sive
2141 2523 2310 2594 justi,
2339 2525 2460 2580 sive
2493 2530 2838 2596 peccatores,
2872 2531 3119 2581 mortem
3148 2526 3429 2583 videbunt
3462 2545 3474 2584 :
3511 2544 3636 2600 qua:

205 2621 504 2671 mentum
536 2615 880 2670 Judazorum
916 2630 929 2668 :
962 2612 1224 2668 defensio
1280 2616 1369 2667 est
1419 2612 1517 2667 Dei
1573 2617 1630 2667 et
1659 2611 1890 2677 Christi,
2005 2612 2190 2684 primo
2234 2612 2455 2668 homini
2500 2613 2717 2668 inflicta
2762 2619 2850 2669 est
2878 2613 3001 2685 lege
3034 2615 3273 2685 peccati.
3308 2615 3484 2671 Eruet
3513 2615 3637 2670 ani-

205 2721 411 2776 qunm
440 2703 501 2758 in
527 2702 910 2757 formidinem
944 2701 1190 2772 posuisti
1207 2717 1220 2756 :
1236 2705 1302 2756 ut
1318 2699 1505 2772 culpis
1525 2699 1891 2766 facientibus,
2002 2700 2304 2756 mam?hic
2326 2701 2594 2757 similiter
2615 2702 3086 2758 subaudiendum
3108 2701 3412 2758 nullus.De
3435 2719 3637 2769 manu,

202 2793 428 2866 ipsum
455 2791 776 2847 Dominum
802 2789 1205 2860 formidarent,
1221 2790 1392 2862 cujus
1415 2787 1682 2844 solebant
1703 2787 1892 2842 muni-
2003 2789 2059 2844 id
2091 2793 2198 2855 est,
2225 2789 2295 2844 de
2325 2793 2607 2860 potestate
2635 2789 2805 2845 inferi
2840 2806 2852 2844 ;
2886 2806 3016 2861 quas
3045 2806 3078 2844 a
3107 2788 3266 2846 nullo
3297 2791 3368 2845 de
3398 2791 3512 2846 ista
3543 2807 3638 2863 po-

207 2882 386 2937 tione
413 2875 649 2936 vallari.
1997 2880 2204 2933 testate
2234 2882 2424 2949 potest
2453 2877 2595 2948 eripi
2630 2894 2642 2931 :
2677 2877 2788 2934 nisi
2840 2895 2941 2949 per
2983 2877 3171 2945 illum,
3205 2877 3304 2950 qui
3334 2878 3634 2935 moriendo

222 2971 295 3023 40
374 2970 777 3041 Diripuerunt
807 2983 938 3023 eum
959 2983 1156 3023 omnes
1183 2971 1548 3022 transeuntes
1578 2969 1739 3021 viam
1768 2983 1784 3020 :
2001 2966 2310 3036 prostravit
2342 2969 2607 3022 mortem.

371 3063 599 3115 Factus
620 3063 704 3111 est
727 3057 1116 3126 opprobrium
1145 3057 1351 3111 vicinis
1378 3057 1518 3110 suis.
1999 3055 2068 3107 48
2143 3056 2243 3112 Ubi
2269 3063 2396 3110 snnt
2420 3053 2812 3111 misericordiae
2839 3063 2952 3112 tuae
2979 3057 3247 3126 antiquae,
3281 3056 3515 3111 Domine
3543 3073 3562 3111 :

292 3150 344 3201 Α
375 3147 420 3201 C
482 3144 871 3218 Diripuerunt
920 3144 1210 3200 civitatem
1264 3141 1626 3199 Hierusalem
1685 3158 1889 3198 omnes
2140 3143 2290 3197 Sicut
2309 3141 2518 3213 jurasti
2545 3141 2716 3197 David
2756 3144 2811 3196 in
2846 3144 3070 3198 veritate
3099 3145 3244 3197 tua?

214 3239 612 3290 transeuntes
642 3233 820 3300 viam,
855 3232 967 3288 hoc
998 3237 1085 3288 est
1109 3237 1332 3307 gentes.
1357 3235 1396 3286 C
1427 3232 1626 3286 Merito
1658 3248 1890 3303 quoque
1935 3306 1942 3307 ί
1994 3270 2007 3285 .
2066 3231 2107 3286 C
2138 3229 2241 3285 Ubi
2273 3235 2411 3285 sunt
2441 3229 2886 3285 misericordias?
2907 3247 3021 3286 non
3045 3229 3156 3286 sub
3177 3229 3373 3286 dolore
3395 3231 3627 3297 dicitur,

211 3321 988 3396 populusJudaicusfactus
1004 3306 1479 3393 estdpprobrium
1495 3319 1729 3376 vicinis:
1750 3336 1888 3390 quo-
1915 3306 1958 3371 C
1993 3318 2092 3372 sed
2126 3317 2292 3389 quasi
2325 3317 2562 3373 tardans
2592 3317 2874 3374 Dominus
2904 3316 3252 3390 postulatur,
3266 3321 3333 3372 ut
3349 3317 3462 3374 cito
3484 3334 3629 3390 pra:-

211 3412 384 3468 niam
416 3409 656 3466 Christo
683 3409 924 3465 credere
953 3408 1160 3465 noluit.
1997 3410 2110 3462 stet
2137 3422 2150 3462 :
2185 3405 2338 3477 quod
2379 3421 2510 3461 cum
2561 3411 2797 3462 noverat
2843 3423 2972 3462 esse
3004 3405 3317 3462 facturum.
3347 3406 3630 3479 Antiquae

204 3501 268 3556 41
365 3499 684 3556 Exaltasti
713 3499 1026 3554 dexteram
1053 3497 1495 3569 deprimentium
1518 3511 1649 3551 eum
1677 3517 1696 3550 ,ο
1995 3492 2136 3548 dicit
2167 3510 2180 3548 :
2215 3509 2360 3564 quas
2388 3492 2629 3549 Abrahse
2664 3493 2871 3550 fecisse
2898 3493 3117 3550 sciebat
3140 3511 3154 3561 ;
3177 3494 3450 3566 antiquas
3475 3494 3631 3550 enim

365 3586 723 3659 thi/icasti
744 3603 946 3642 omnes
969 3587 1235 3642 inimicas
1261 3589 1408 3658 ejus.
1997 3597 2112 3636 non
2143 3581 2376 3650 diceret,
2410 3581 2522 3637 nisi
2553 3586 2688 3638 ante
2715 3581 2986 3638 Davidica
3015 3587 3278 3655 tempora
3309 3582 3487 3639 factas
3508 3597 3637 3639 esse

277 3678 327 3732 C
365 3675 661 3733 Exaltavit
691 3675 992 3730 dexteram
1024 3672 1754 3749 deprimentium:quando
1784 3671 1888 3727 Ju-
1997 3675 2386 3742 cognosceret.

202 3767 320 3821 dei
343 3764 631 3821 hostibus
651 3763 779 3818 suis
801 3762 1399 3828 traditi,vastissimas
1429 3762 1612 3816 caedes
1645 3759 1891 3832 pertule-
1996 3759 2066 3813 49
2135 3761 2335 3814 Memor
2361 3767 2489 3828 esto,
2511 3760 2754 3828 Domine,
2777 3761 3058 3832 opprobrii
3084 3776 3360 3816 servorum
3381 3767 3633 3816 tuorum:

204 3860 380 3910 runt.
415 3855 591 3908 Tunc
642 3851 802 3908 enim
847 3851 1015 3907 laetus
1046 3850 1298 3906 efﬁcitur
1330 3849 1621 3918 inimicus,
1655 3849 1888 3920 quando
2139 3847 2287 3914 Quod
2315 3850 2562 3904 continui
2590 3849 2650 3902 in
2667 3850 2792 3903 sinu
2821 3865 2938 3904 meo
2966 3849 3267 3904 multarum
3295 3850 3561 3917 gentium.

204 3960 423 3998 coram
460 3957 533 3996 eo
567 3940 926 3996 humiliatur
955 3939 1342 3994 adversarius.
2067 3938 2106 3989 C
2135 3935 2523 4007 Obprobrium
2554 3936 2796 4007 contigit
2826 3937 3008 3991 servis
3029 3935 3410 4008 Deizquando
3432 3934 3634 4006 gentes

205 4033 276 4086 42
362 4031 649 4086 Avertisti
674 4028 1040 4098 adjutorium
1067 4027 1272 4098 gladii
1299 4031 1424 4100 ejus
1453 4047 1474 4081 .-
1997 4039 2194 4079 amore
2226 4023 2512 4078 idolorum
2544 4024 3042 4095 persequebantur
3093 4022 3453 4078 Christianos
3479 4039 3492 4076 :
3526 4021 3634 4076 hoc

361 4121 434 4174 Et
467 4136 588 4174 non
617 4134 678 4173 es
704 4116 1052 4172 auxiliatns
1078 4119 1139 4172 ei
1165 4117 1225 4171 in
1256 4115 1415 4171 bello
1444 4131 1463 4169 :
1997 4111 2200 4168 eratin
2224 4112 2353 4167 sinu
2376 4111 2857 4178 Christianorum,
2882 4111 2940 4165 id
2963 4115 3071 4176 est,
3094 4110 3153 4165 in
3176 4113 3397 4166 secreto
3421 4109 3634 4164 mentis

276 4213 324 4264 C
356 4207 590 4264 Avertit
620 4207 688 4262 ad
689 4206 982 4278 jutorium
1010 4203 1187 4277 gladii
1219 4205 1347 4274 ejus
1377 4221 1388 4259 :
1421 4220 1555 4258 cum
1588 4203 1682 4259 ille
1712 4220 1894 4276 popu-
1997 4201 2386 4272 aﬂ'ectu;quia
2410 4199 2600 4272 palam
2622 4197 2905 4254 timebant
2933 4197 3113 4269 loqui,
3138 4198 3291 4253 unde
3312 4197 3634 4270 probaban-

208 4295 307 4354 lus
342 4301 622 4353 armatus
654 4295 811 4352 sicut
835 4294 1084 4350 inermis
1112 4293 1302 4349 factus
1331 4297 1441 4360 est,
1468 4296 1535 4347 ut
1564 4308 1697 4347 cum
1728 4290 1892 4364 prius
1997 4294 2093 4344 tur
2121 4287 2432 4361 exstingui.

205 4386 390 4458 pauci
419 4384 628 4458 plures
658 4384 998 4439 vincerent:
1024 4381 1218 4455 plures
1237 4386 1370 4454 post
1399 4381 1601 4453 paucis
1623 4380 1889 4436 resistere
1995 4379 2066 4432 50
2140 4377 2286 4445 Quod
2313 4378 2778 4448 exprobrauerunt
2806 4376 3023 4431 inimici
3048 4375 3152 4446 tui,
3183 4373 3408 4430 Domine
3437 4391 3456 4427 :

209 4491 330 4532 non
365 4473 658 4530 valerent.
2138 4465 2290 4537 Quod
2354 4465 2817 4537 exprobrauerunt
2886 4464 3358 4520 commutationem
3431 4460 3637 4518 Christi

211 4564 278 4619 t3
359 4562 664 4619 Πετιωὼιί
690 4577 820 4618 eum
841 4561 911 4616 ab
941 4559 1322 4615 emundatione
1353 4576 1372 4614 :
2213 4557 2314 4610 tui.

355 4653 427 4708 Et
457 4652 644 4708 sedem
675 4651 799 4722 ejus
829 4651 892 4705 in
922 4657 1069 4705 terra
1095 4649 1367 4704 coltisisti.
1917 4668 1966 4733 Β
2146 4642 2690 4733 Exprobraverunt:
2724 4639 2930 4733 indeii
2954 4638 3220 4733 videlicet
3248 4641 3306 4733 et
3341 4635 3634 4733 Pharisaei.

277 4744 326 4796 Δ
360 4741 404 4796 C
431 4739 794 4797 Destruxisti
821 4753 984 4805 eum,
1007 4736 1065 4792 id
1088 4741 1195 4805 est,
1222 4735 1517 4792 removisti
1539 4752 1637 4791 eos
1661 4735 1761 4806 qui
1784 4736 1883 4791 ob-
1918 4725 1961 4733 ”
1996 4734 2036 4788 C
2062 4732 2192 4803 Ipsa
2211 4735 2300 4787 est
2320 4729 2700 4786 commutatio
2719 4727 2934 4784 Christi
2959 4744 2972 4783 :
2997 4744 3113 4799 qua
3133 4726 3454 4782 obstinatos
3477 4725 3638 4780 dese-

216 4829 533 4886 stinatione
550 4828 776 4885 mentis
797 4826 1104 4882 Christum
1127 4840 1400 4897 spernere
1421 4823 1889 4880 maluerunt.Eos
1998 4821 2138 4889 ruit,
2169 4823 2226 4875 et
2254 4817 2454 4874 ﬁdeles
2485 4819 2554 4874 ad
2588 4819 2740 4873 dona
2771 4833 2889 4873 sua;
2921 4815 3153 4889 pietatis
3184 4813 3408 4871 ascivit.

218 4919 370 4975 enim
422 4919 498 4975 ab
543 4915 1002 4981 emundatione,
1036 4913 1093 4968 id
1135 4918 1224 4970 est
1273 4913 1406 4979 ﬁde,
1439 4929 1564 4985 qua
1609 4913 1891 4969 emundat
1996 4908 2057 4964 5|
2138 4907 2456 4964 Benedictus
2486 4908 2748 4964 Dominus
2782 4908 2841 4960 in
2867 4914 3139 4962 sete-mum
3169 4923 3186 4958 :

219 5009 404 5077 corda,
439 5008 724 5074 destruit,
743 5021 898 5077 quos
919 5001 1097 5058 etiam
1119 5003 1402 5057 damnare
1425 5001 1696 5058 decrevit.
1716 5001 1890 5056 Sedes
2137 4997 2284 5059 Fiat,
2317 4997 2436 5066 ﬁat.

222 5098 385 5152 etiam
416 5098 515 5154 hic
542 5114 655 5171 pro
685 5109 879 5171 regno
914 5090 1104 5163 posita
1132 5095 1256 5145 est:
1288 5106 1414 5161 quae
1443 5091 1648 5146 merito
1679 5089 1894 5145 dicitur
2069 5087 2109 5137 C
2159 5081 2505 5171 Benedictus
2553 5080 2836 5136 Dominus
2871 5097 2883 5136 :
2948 5083 3150 5136 contra
3204 5078 3641 5136 maledictiones

223 5181 269 5241 in
305 5192 454 5245 tem
485 5166 728 5253 “illisa,
749 5166 1000 5254 quando
1016 5177 1239 5234 divisus
1265 5176 1516 5250 populus
1537 5177 1595 5232 in
1617 5182 1738 5234 toto
1755 5177 1894 5232 orbe
1999 5170 2305 5245 gentilium
2337 5171 2589 5242 positum
2613 5169 3010 5241 est,quoniam
3042 5185 3169 5241 quae
3200 5168 3403 5224 dicunt
3425 5166 3508 5222 illi
3543 5183 3642 5223 ca—

217 5282 291 5332 est
317 5278 654 5353 dispersus,
692 5269 961 5330 ulterius
991 5282 1187 5340 regem
1217 5270 1274 5322 et
1302 5281 1546 5338 regnum
1581 5282 1693 5321 non
1727 5265 1891 5321 hahi-
2000 5261 2150 5316 duca
2177 5262 2333 5313 sunt.
2369 5259 2519 5313 Laus
2551 5262 2745 5353 autenm
2777 5256 3006 5312 Domini
3041 5261 3342 5353 permanet
3371 5255 3432 5353 in
3477 5259 3640 5353 ater-

222 5363 388 5427 tums,
409 5341 424 5353 ’
638 5341 645 5342 ί
711 5373 714 5376 '
2002 5363 2165 5406 num.
2198 5347 2496 5418 Sequitur,
2528 5345 2800 5411 fiatﬁat:
2837 5349 2900 5399 ut
2930 5345 3000 5399 de
3031 5344 3208 5398 tantis
3239 5341 3642 5415 promissioni-

208 5450 280 5517 44
341 5458 647 5518 Πίηιναδιί
674 5453 808 5509 dies
841 5446 1110 5515 temporis
1137 5444 1258 5516 ejus
1288 5463 1308 5500 :
1693 5461 1696 5464 ‘
2002 5438 2114 5493 bus
2144 5451 2314 5491 nemo
2343 5434 2655 5500 dubitaret,
2685 5432 2783 5488 ubi
2815 5431 3178 5488 conﬁrmatio
3209 5432 3416 5486 iterata
3445 5443 3638 5485 succe-

332 5548 658 5624 Per/adisti
686 5555 833 5601 eum
867 5533 1221 5624 confusione.
1257 5533 1593 5624 Diapsatma.
2005 5526 2188 5581 deret.
2519 5520 2534 5527 “

266 5642 301 5699 c
321 5619 601 5702 Mitior-aii
629 5633 796 5694 sunt
814 5625 956 5682 dies
981 5623 1143 5694 regni
1165 5621 1427 5689 Judaici;
1452 5621 1590 5694 quia
1616 5619 1898 5693 pollicita-
2417 5627 2617 5667 ORATIO
2655 5626 2727 5668 ex
2767 5625 2923 5666 PSAL.
2967 5621 3231 5702 Lmvui.

179 5687 1154 5797 ‘io;;;,“;},;;l;gpromlssam,
1179 5710 1249 5767 de
1267 5687 1429 5782 regni
1451 5687 1896 5778 aiternitate,ha-
2076 5703 2246 5770 Erue,
2281 5701 2541 5775 Domine,
2572 5699 2800 5758 animas
2849 5701 3100 5764 nostras,
3132 5693 3202 5748 de
3250 5705 3426 5747 manu
3474 5687 3624 5742 infer
