3922 6482
247 468 376 550 §37
1522 476 1926 550 EXPOSITIO
1971 478 2479 544 PSALMORUM.
3576 487 3694 548 338

331 611 375 664 Ο
409 615 741 666 Dexteram
803 609 958 665 enim
1004 608 1167 684 dicit,
1223 609 1537 670 Dominum
1587 610 1944 674 Salvatorem
1973 611 2029 684 Α
2281 617 2289 636 ¹
2644 637 2966 696 pSALMUS
3003 638 3110 696 XC.

265 705 510 776 petens:
539 705 611 757 ut
635 700 771 773 ipse
794 698 913 754 illis
936 703 1108 756 notus
1132 699 1252 766 ﬁat,
1277 716 1380 771 per
1400 715 1575 772 quem
1599 699 1794 766 omnia
1815 717 1948 773 pro-

265 771 474 848 i'utura
503 771 838 843 discimus.
878 787 949 842 Et
977 786 1261 851 eruditos,
1310 771 1444 855 etet,
1490 788 1546 844 id
1578 792 1685 855 est,
1719 771 1949 848 intelle-
2510 772 2916 813 ABGUMB‘WU‘“
2957 771 3112 810 PSA!"
3155 771 3243 809 κε’

271 882 433 935 ctum
469 875 771 948 habentes
803 875 861 932 in
893 874 1204 932 Dominum
1239 874 1951 958 Christum.Eruditusdif
2126 877 2168 932 C
2218 877 2503 958 Propheta
2554 879 2814 951 prtedicit
2861 895 3095 934 omnem
3153 878 3382 936 ﬁdelem
3438 878 3536 935 Dei
3595 880 3693 936 ad-

270 967 426 1022 citur
456 964 637 1038 quasi
672 981 746 1020 ex
775 963 937 1021 omni
970 981 1104 1021 rure
1134 963 1528 1038 elicitus.lpse
1549 965 1703 1022 enim
1736 972 1822 1022 est
1847 953 1945 1024 Dei
2047 953 2272 1036 jutorio
2305 967 2651 1023 circumdari
2688 983 2698 1022 :
2729 967 3079 1038 laudemque
3110 967 3320 1023 Christi
3369 967 3692 1024 denuntiat.

271 1055 461 1112 virtus
496 1058 555 1109 et
585 1053 888 1125 sapientia
920 1053 1128 1118 Patris,
1157 1069 1331 1125 quem
1384 1053 1479 1108 hic
1522 1055 1796 1126 postulat,
1831 1074 1946 1114 non
2411 1057 2524 1112 T'l‘.
2576 1061 2630 1120 -I-
2662 1060 2814 1111 Laus
2851 1058 3071 1114 cantici
3099 1057 3296 1112 David
3324 1076 3342 1110 .-

273 1142 583 1216 corporeis
615 1140 831 1209 oculis,
867 1141 968 1197 sed
1000 1141 1226 1196 erudito
1259 1142 1432 1198 corde
1464 1159 1830 1215 cognoscere.
2127 1145 2166 1199 C
2195 1145 2346 1201 Laus
2371 1144 2580 1202 cantici
2636 1149 2724 1200 est
2780 1143 2977 1200 divina
3022 1143 3300 1202 laudatio.
3332 1145 3507 1199 David
3538 1144 3693 1199 enim

276 1234 343 1288 15
421 1233 802 1296 Convertere,
844 1230 1100 1300 Domine,
1133 1246 1421 1303 usquequo
1450 1249 1467 1284 :
2057 1231 2150 1286 hic
2180 1232 2375 1304 ipsum
2409 1231 2751 1306 prophetam
2777 1231 3050 1304 dicit,qui
3072 1231 3319 1304 primam
3353 1235 3576 1304 partem
3594 1231 3699 1288 hu-

419 1325 493 1378 Et
519 1319 912 1389 deprecabitis
942 1327 1063 1375 esto
1091 1335 1266 1389 super
1294 1336 1484 1378 servos
1515 1330 1658 1378 tuos.
2047 1323 2151 1393 jus
2199 1321 2409 1392 psalmi
2457 1320 2621 1378 suavi
2681 1321 2960 1377 relatione
3007 1319 3270 1376 dicturus
3308 1325 3413 1376 est.
3448 1320 3515 1377 Et
3540 1319 3697 1377 hunc

261 1477 272 1485 .
343 1413 384 1464 ϐ
419 1407 693 1464 Postulat
722 1406 1015 1479 Propheta
1040 1407 1757 1480 Dominum,utjustitiam
1778 1427 1944 1467 suam
2055 1409 2338 1482 hymnum
2369 1410 2735 1466 daemonibus
2763 1409 2857 1481 pia
2888 1409 3238 1465 confidentia
3259 1424 3488 1480 semper
3516 1424 3694 1480 oppo-

270 1497 480 1571 aliqua
510 1495 761 1552 lenitate
794 1500 1096 1568 temperet,
1131 1501 1421 1568 quatenus
1452 1499 1673 1554 exorari
1708 1499 1893 1569 possit
1913 1517 1948 1555 a
2056 1498 2272 1564 nimus,
2298 1504 2362 1554 ut
2392 1515 2426 1554 a
2450 1497 2616 1554 nobis
2648 1498 2841 1571 potius
2872 1498 3008 1553 inde
3036 1497 3360 1565 vincantur,
3382 1497 3534 1574 unde
3557 1513 3693 1573 con-

261 1583 722 1661 peccatoribus,
747 1583 971 1656 quibus
994 1584 1156 1655 justo
1189 1586 1540 1642 noscebatur
1561 1587 1817 1643 iratus.H
1841 1587 1944 1644 Us-
2056 1591 2144 1642 tra
2171 1587 2499 1643 Creatorem
2535 1586 2756 1658 aliquid
2789 1585 2992 1642 doloso
3019 1585 3207 1640 dicere
3236 1588 3620 1660 tentaverunt.

263 1690 521 1748 .quequo
545 1677 634 1744 tu,
658 1688 839 1744 quem
867 1671 1159 1745 propheta
1181 1673 1449 1730 dixerunt
1472 1680 1803 1744 venturum,
1825 1681 1946 1732 tar-
2059 1676 2082 1730 1
2195 1677 2310 1745 Qui
2340 1675 2564 1730 habitat
2592 1677 2654 1732 in
2684 1675 2982 1747 adjutorio
3011 1674 3299 1729 Altissimi
3329 1693 3348 1727 .-

272 1761 542 1828 daveris,
575 1760 828 1816 Domine
849 1760 878 1815 ?
2195 1767 2261 1818 In
2282 1763 2646 1834 protectione
2672 1763 2781 1818 Dei
2825 1767 2881 1826 ἐι
2905 1759 3043 1816 caeli
3083 1768 3096 1825 ξ
3141 1759 3608 1834 commorabitur.

275 1853 349 1908 16
426 1850 654 1920 Repleti
679 1865 884 1919 sumus
913 1865 1082 1905 mane
1108 1850 1511 1907 misericordia
1541 1859 1642 1908 tua
1671 1869 1688 1906 :
2126 1850 2168 1906 C
2188 1851 2294 1916 Qui
2317 1849 2842 1916 habitat,habitarc
2863 1849 3017 1905 enim
3041 1854 3127 1904 est
3150 1847 3544 1920 permanentis
3575 1864 3689 1903 non

422 1938 494 1995 Et
524 1936 949 2041 essuuaoimus
977 1944 1033 1992 et
1062 1934 1338 1992 delectati
1377 1953 1572 1994 sumus
1603 1939 1660 1993 in
1687 1940 1948 1996 omnibus
1975 1973 2024 2041 Β
2055 1939 2425 2040 discedentis.
2459 1938 2563 2003 Qui
2601 1942 2837 2041 tantam
2883 1937 3061 2041 igitur
3096 1953 3443 2041 .spem,‘non
3479 1936 3536 2041 in
3564 1953 3695 2009 pro-

500 2027 705 2082 diebus
734 2025 976 2082 nostris.
1975 2024 2023 2041 ³¹
2055 2029 2200 2102 priis
2230 2027 2447 2106 viribus
2478 2027 2660 2101 ponit,
2691 2027 2790 2081 sed
2823 2027 2881 2081 in
2913 2024 3195 2082 Altissimi
3238 2024 3535 2082 voluntate
3561 2041 3695 2080 con-

351 2120 394 2172 C
426 2114 744 2189 Repletum
779 2129 845 2168 se
875 2112 1016 2169 dicit
1045 2129 1081 2169 a
1110 2112 1510 2170 misericordia
1541 2131 1731 2178 mane,
1756 2115 1812 2171 id
1835 2120 1944 2182 est,
2055 2115 2266 2182 stituit,
2294 2115 2427 2172 talis
2483 2115 2570 2170 vir
2622 2113 2944 2188 protegitur
2997 2129 3030 2167 a
3078 2113 3323 2170 Domino
3373 2111 3519 2168 cmli.
3552 2111 3698 2168 Dicit

271 2203 482 2262 lucida
530 2200 1033 2273 contemplatione
1082 2200 1202 2256 Dei.
1246 2201 1528 2268 Quoniam
1576 2203 1662 2258 vir
1709 2207 1947 2260 sanctus
2057 2204 2232 2271 enim,
2263 2205 2358 2274 qui
2393 2203 2486 2258 hic
2519 2203 2762 2270 habitat,
2797 2201 2915 2257 illic
2948 2201 3421 2266 commorabitur,
3456 2200 3562 2272 hoc
3589 2204 3695 2266 est,

271 2293 518 2370 Domini
552 2289 915 2365 praevidebat
945 2290 1257 2346 adventum
1293 2308 1306 2345 :
1342 2306 1578 2348 necesse
1617 2292 1728 2348 fuit
1758 2298 1821 2348 ut
1851 2310 1950 2349 cor
2058 2292 2155 2364 qui
2189 2293 2245 2347 in
2279 2293 2387 2347 isto
2420 2291 2628 2347 smculo
2658 2291 2728 2345 ab
2759 2290 2884 2362 ipso
2918 2307 3030 2344 non
3054 2288 3400 2355 discedit,iu
3425 2287 3523 2344 illo
3551 2304 3698 2344 sem-

271 2384 413 2454 ejus
446 2379 778 2437 axsultaret
821 2378 884 2434 in
918 2377 1106 2444 laude,
1138 2382 1197 2435 et
1241 2377 1628 2438 delectaretur
1673 2381 1947 2438 omnibus
2058 2397 2160 2454 per
2188 2397 2505 2437 mansurus
2533 2384 2640 2434 est.
3003 2381 3020 2394 ’

270 2447 497 2528 diebus
528 2468 659 2524 vita
691 2484 837 2524 sua.
2055 2447 2090 2526 ξ
2200 2470 2366 2525 Dicet
2399 2470 2642 2524 Domino
2664 2488 2683 2523 .-
2712 2471 3020 2540 Susceptor
3043 2447 3198 2521 meus
3233 2473 3357 2530 +es
3375 2470 3442 2532 tu
3482 2470 3495 2529 ζ
3540 2469 3596 2521 et
3616 2479 3699 2519 re-

275 2561 352 2616 17
432 2558 644 2615 Lutati
671 2571 877 2612 sumus
906 2571 1014 2624 pro
1039 2557 1241 2622 diebus
1270 2556 1472 2628 quibus
1494 2572 1594 2614 nos
1615 2558 1946 2615 humiliasti:
2268 2559 2499 2633 fugiam
2531 2573 2739 2622 meum,
2776 2560 2928 2612 Deus
2959 2571 3116 2610 meus
3148 2571 3166 2608 :

434 2646 624 2704 Annis
651 2646 862 2719 quibus
889 2645 1137 2702 vidimus
1166 2646 1338 2702 mala.
2197 2647 2454 2715 Sperabo
2487 2647 2548 2700 in
2576 2660 2726 2700 eum.

353 2739 398 2795 ί]
431 2736 651 2794 Narrat
680 2733 973 2807 Propheta
1002 2751 1064 2799 se
1095 2749 1222 2791 esse
1251 2733 1446 2791 laet-um
1481 2735 1537 2790 in
1571 2735 1684 2790 illis
1715 2736 1952 2792 tribula-
2129 2734 2170 2790 C
2214 2735 2330 2807 Hoc
2376 2719 2526 2789 dicet
2571 2731 2687 2799 ille,
2735 2732 2831 2803 qui
2885 2730 2993 2785 sibi
3055 2729 3243 2784 solum
3299 2725 3478 2794 credit
3535 2725 3697 2790 utile,

277 2821 1310 2896 tionibus,perquashumiliandum
1326 2823 1954 2894 populumzsalutariter
2060 2823 2214 2894 quod
2261 2823 2536 2895 dignatur
2567 2838 2819 2893 superna
2845 2821 3028 2892 pietas
3061 2821 3350 2889 praestare.
3385 2815 3526 2870 Cum
3559 2811 3700 2868 dicit

263 2913 611 2989 sentiebat.
646 2911 881 2982 Sciebat
914 2911 1069 2966 enim
1103 2909 1374 2966 ﬁdelibus
1403 2911 1540 2966 viris
1565 2912 1793 2968 noxiam
1826 2928 1952 2968 esse
2061 2929 2214 2978 vero,
2259 2912 2559 2981 susceptor
2608 2927 2792 2972 meus,
2826 2912 3011 2963 totum
3048 2923 3108 2960 se
3141 2904 3447 2960 conﬁrmat
3479 2902 3534 2956 in
3558 2901 3698 2989 ejus

283 2987 640 3076 superbiam
676 3016 688 3054 :
722 3003 784 3054 et
817 2998 947 3054 ideo
993 2997 1225 3054 laetatur
1255 2999 1311 3054 in
1347 2999 1821 3056 tribulationibus
1853 3018 1954 3072 per
2061 3001 2340 3055 beneficia
2381 2998 2708 3073 projecisse.
2747 2993 3048 3066 Refugium
3095 3010 3228 3048 cum
3281 2990 3438 3056 dicit,
3475 2987 3699 3044 nullum

285 3108 444 3163 quas
478 3087 791 3160 humilitas
824 3086 1174 3143 custoditur.
2063 3089 2171 3145 sibi
2198 3088 2352 3142 aliud
2377 3104 2501 3142 esse
2525 3087 2828 3162 proﬁtetur
2859 3080 3295 3164 auxiliumpsed
3329 3078 3560 3164 quando
3592 3076 3702 3164 hu-

292 3182 362 3235 18
443 3178 680 3247 Respice
710 3177 771 3233 in
801 3191 998 3232 servos
1018 3181 1148 3232 tuos
1173 3183 1230 3232 et
1260 3177 1318 3231 in
1349 3192 1527 3246 opera
1555 3186 1656 3234 tua
1687 3195 1703 3231 :
2056 3180 2158 3252 jus
2180 3176 2373 3232 saeculi
2401 3173 2843 3247 tempestatibus
2867 3169 3223 3244 quatitur,ad
3241 3171 3474 3240 portum
3500 3163 3704 3220 divinae

442 3268 512 3322 Et
544 3266 922 3336 dirige/ilics
951 3280 1170 3320 eorum.
1997 3330 2028 3336 _
2068 3263 2473 3322 misericordia:
2507 3280 2567 3322 se
2598 3262 2904 3333 confugere
2934 3257 3077 3313 velle
3108 3259 3371 3312 testatur.

362 3361 406 3412 C
435 3330 904 3423 Considera'hic,
941 3353 1156 3424 quibus
1185 3353 1378 3410 verbis
1410 3354 1682 3424 pietatem
1706 3355 1838 3412 boni
1867 3356 1958 3427 ju-
1986 3330 2029 3397 (ἶ
2067 3357 2100 3411 3
2207 3354 2492 3424 Quoniam
2542 3352 2658 3423 ipse
2705 3330 2986 3404 liberabit
3030 3362 3121 3400 me
3149 3344 3219 3430 de
3253 3341 3460 3416 laqueo
3487 3355 3708 3424 penan-

285 3446 446 3503 dicis
480 3443 786 3502 invitavit:
815 3446 881 3500 ut
911 3441 1103 3513 primo
1135 3441 1379 3497 diceret:
1405 3441 1642 3514 Respice
1672 3443 1731 3498 in
1763 3461 1960 3500 servos
2282 3443 2428 3497 tium
2461 3456 2473 3494 :

281 3542 454 3604 tuos,
481 3531 699 3588 deinde
728 3529 788 3585 in
821 3546 999 3602 opera
1029 3534 1164 3585 tua:
1191 3535 1482 3602 quatenus
1500 3535 1556 3588 et
1577 3532 1625 3587 si
1649 3531 1816 3588 factis
1837 3531 1961 3588 suis
2213 3534 2282 3586 Et
2313 3547 2351 3586 a
2381 3527 2554 3584 verba
2585 3541 2808 3595 aspero.

281 3603 537 3682 veniam
591 3636 710 3675 non
762 3622 1131 3678 mererentur
1183 3617 1463 3689 accipere,
1496 3635 1620 3674 eam
1654 3636 1757 3692 per
1789 3637 1962 3692 opera
2141 3619 2181 3675 C
2211 3618 2464 3691 Sperabo
2513 3617 2569 3670 iu
2617 3631 2749 3670 eum
2786 3630 2799 3667 :
2830 3627 3066 3668 causam
3118 3609 3258 3663 dicit
3308 3621 3412 3690 cur
3464 3603 3524 3659 in
3577 3618 3710 3692 eum

277 3709 602 3769 Creatoris
657 3707 1065 3780 impetrarent.
1124 3707 1286 3774 Quod
1313 3688 1753 3778 argumentum
1810 3688 1961 3780 apud
2072 3688 2303 3780 sperare
2335 3707 2578 3769 debeat;
2612 3701 2750 3774 quia
2774 3701 2897 3773 ipse
2929 3716 3036 3754 nos
3067 3699 3137 3752 ab
3167 3688 3560 3757 inimicorum,
3595 3688 3713 3746 sive

283 3802 576 3860 rhetores
611 3796 830 3854 dicitur
859 3812 894 3850 a
927 3794 1096 3850 laude
1118 3794 1360 3866 judicia.
2073 3793 2489 3868 spiritualium,
2521 3791 2638 3847 sive
2667 3787 3012 3851 carnalium,
3046 3788 3239 3857 potest
3292 3780 3538 3836 liberare
3586 3794 3712 3868 ver-

289 3891 367 3946 19
444 3889 528 3944 Et
556 3886 635 3941 sit
655 3883 935 3954 splendor
965 3865 1192 3940 Domini
1221 3884 1326 3940 Dei
1353 3883 1538 3939 nostri
1561 3900 1737 3954 super
1755 3901 1883 3942 nos:
1911 3895 1966 3942 et
2073 3865 2243 3938 sutiis
2277 3899 2290 3936 :
2339 3882 2437 3952 qui
2489 3880 2726 3951 laqueos
2773 3878 2997 3947 ponunt
3031 3874 3117 3941 (ut
3146 3869 3471 3954 venatores)
3499 3865 3716 3954 quibus

522 3953 704 4042 opera
737 3987 1016 4027 manuum
1045 3980 1376 4028 nostrarum
1408 3973 1595 4043 dirige
1623 3953 1800 4043 super
1829 3990 1962 4030 nos:
2074 3972 2304 4045 possint
2327 3969 2660 4040 ignorantes
2692 3964 2909 4019 dolosis
2939 3959 3169 4015 insidiis
3201 3953 3712 4050 irretire.Ve.rbu.m

612 4064 687 4118 Et
713 4078 861 4132 opus
891 4077 1166 4116 manuum
1195 4039 1751 4132 nostrarum'diriue
1791 4067 1804 4127 ζ
1854 4104 1866 4116 .
2076 4039 2487 4132 asperumﬁest,
2521 4070 2692 4108 omne
2721 4052 2960 4106 verbum
2984 4047 3135 4120 quod
3164 4047 3364 4100 contra
3384 4039 3718 4118 regulas'di-

370 4154 418 4208 ϐ
451 4151 751 4225 Splendor
781 4148 1014 4206 Domini
1047 4165 1225 4220 super
1251 4166 1358 4206 nos
1384 4153 1490 4217 est,
1517 4151 1748 4222 quando
1779 4150 1967 4206 crucis
2076 4149 2242 4231 vinas
2273 4145 2493 4200 dictum
2527 4145 2634 4197 est.
2675 4227 2712 4231 μ
2852 4227 2863 4231 _
2963 4223 2976 4231 _
3097 4221 3109 4231 .
3211 4220 3224 4231 .
3248 4220 3282 4231 η
3411 4217 3425 4231 .

288 4244 434 4314 ejus
466 4217 865 4314 impressione
897 4217 1264 4296 decoramur.
1297 4237 1483 4308 Opera
1526 4217 1723 4293 nostra
1770 4238 1971 4311 dirigit
2081 4230 2110 4282 4
2159 4228 2243 4304 ἧς
2290 4238 2354 4289 In
2421 4238 2434 4296 ζ
2476 4227 2741 4300 scapulis
2767 4227 2890 4281 suis
2918 4220 3284 4314 obumbrabit
3314 4217 3470 4273 tibi:

290 4312 492 4403 super
515 4312 644 4390 nos,
670 4325 910 4398 quando
931 4325 1109 4380 donat
1131 4324 1300 4381 nobis
1328 4325 1554 4380 veniam
1578 4331 1968 4398 peccatorum,
2223 4327 2288 4378 Et
2315 4323 2416 4376 sub
2444 4319 2650 4390 pennis
2678 4317 2803 4385 ejus
2835 4312 3123 4404 sperabis.
3287 4392 3298 4404 .
3373 4392 3386 4404 ἱ

295 4389 544 4475 υίόυω
578 4414 873 4471 fuerimus
915 4413 1192 4485 perversi,
1223 4411 1548 4468 efﬁciamur
1602 4416 1730 4485 ejus
1777 4432 1972 4472 corre-
2151 4413 2192 4467 C
2219 4408 2476 4482 Scapula:
2501 4406 2594 4460 Dei
2621 4421 2633 4460 :
2661 4407 2799 4458 sunt
2825 4389 3600 4494 operati-ones-mira‘bilium,
3621 4404 3724 4460 per

295 4508 505 4564 ctione
547 4503 891 4560 rectissimi.
916 4480 970 4556 Ἀ
1017 4500 1118 4557 Vel
1173 4518 1348 4574 opera
1405 4480 1684 4558 manuum
1747 4508 1972 4559 nostra-
2083 4517 2231 4575 quas
2259 4480 2415 4554 velut
2445 4493 2799 4567 quibusdam
2825 4485 3086 4543 humeris
3115 4482 3299 4576 virtus
3338 4480 3533 4534 divina
3555 4492 3722 4576 mon:

297 4614 441 4654 rum
474 4594 828 4666 diriguntur
849 4606 1030 4662 super
1061 4607 1188 4660 nos,
1211 4571 1456 4663 quando
1487 4607 1553 4644 ea
1582 4607 1694 4645 non
1728 4608 1830 4663 pro
1860 4595 1972 4646 ter-
2083 4571 2322 4646 stratur.
2357 4588 2562 4642 Pennas
2597 4585 2733 4638 sunt
2763 4577 2988 4670 monita
3017 4571 3434 4670 prophetarum
3469 4582 3496 4670 ε¹
3517 4571 3724 4670 qui

298 4650 830 4742 renarumurerum
863 4678 1131 4734 mercede
1155 4650 1510 4733 facimusEt
1531 4695 1679 4750 opus
1696 4650 1975 4736 manuum
2007 4688 2056 4751 Β
2087 4678 2442 4749 recipiantur
2467 4689 2613 4745 pura
2656 4671 2867 4732 mente,
2901 4662 3100 4718 fideles
3159 4655 3386 4758 animas
3550 4650 3726 4758 033108

302 4740 680 4837 nostrarum,
717 4768 777 4822 id
809 4771 903 4822 est
930 4765 1278 4822 charitatem
1316 4784 1329 4821 :
1362 4765 1547 4839 dirige
1569 4740 1753 4839 super
1782 4773 1980 4835 nos,ut
2007 4740 2050 4751 ﬂ
2089 4740 2274 4837 usque
2307 4740 2730 4836 perducunt.Et
2763 4758 2816 4811 si
2843 4767 3069 4825 quaeras
3099 4747 3238 4839 quid
3271 4746 3382 4800 ista
3411 4740 3726 4839 obumbra-

297 4862 510 4924 omnia
552 4831 740 4934 Opera
781 4859 989 4912 nostra
1037 4854 1158 4910 sint
1208 4872 1392 4912 unum
1441 4831 1589 4927 opus
1635 4831 1974 4913 charitatis:
2089 4831 2460 4925 tioprzestet:
2494 4849 2723 4913 dico,ut
2755 4859 2856 4916 per
2882 4841 3035 4896 diem
3060 4835 3145 4892 sol
3168 4850 3282 4890 non
3305 4831 3512 4888 uratte
3538 4842 3728 4898 neque

301 4953 446 5024 quia
487 4951 619 5023 ipse
669 4950 762 5003 est
813 4943 955 4999 ﬂnis
1006 4943 1275 5015 praecepti
1324 4947 1382 5002 et
1429 4943 1692 5000 omnium
1739 4960 1980 5016 operum
2091 4941 2231 4998 luna
2258 4958 2360 5013 per
2391 4943 2638 4994 noctem.
2682 5023 2697 5028 _
2751 5022 2803 5028 Δ-
2865 5025 2876 5028 _
3054 5016 3087 5028 Η
3232 5015 3244 5028 ο

305 5019 652 5099 nostrorum
690 5037 742 5109 (ι
777 5034 937 5093 Tim.
975 5031 1035 5103 ι).

2089 5032 2126 5085 5
2230 5034 2402 5086 Scuto
2430 5022 2826 5082 circumdabit
2855 5025 2910 5074 te
2939 5019 3161 5073 veritas
3188 5019 3315 5084 ejus
3343 5026 3361 5063 :

547 5109 551 5112 S
701 5108 706 5109 γ
2231 5120 2358 5175 Non
2387 5114 2616 5172 timebis
2643 5127 2684 5167 α
2711 5109 2920 5168 timore
2947 5108 3250 5159 nocturno.

759 5180 978 5226 annm
1016 5181 1086 5220 Ex
1125 5181 1283 5220 ps‘u"
1326 5181 1548 5222 Lnxlx'
2165 5208 2208 5262 Η
2239 5203 2573 5261 Circumdat
2613 5215 2717 5255 nos
2767 5195 2978 5252 veritas
3027 5193 3214 5253 scuto,
3239 5186 3296 5241 id
3327 5187 3436 5250 est,
3469 5179 3732 5238 Christus

365 5308 625 5370 Luciﬂui
659 5299 896 5363 sideris
928 5299 1106 5364 sator,
1139 5297 1510 5368 omnipotens
1543 5296 1715 5364 Deus,
1750 5297 1849 5367 qui
1881 5314 1984 5354 no-
2094 5314 2202 5353 sua
2226 5292 2599 5367 protectione,
2636 5303 2706 5343 ne
2737 5282 3078 5370 ardentibus
3109 5275 3345 5370 sagittis
3366 5269 3732 5370 diaboti‘Pelz'

297 5355 417 5460 var;
451 5398 690 5458 mundo
713 5385 1162 5457 lucem,fugata
1185 5385 1650 5450 nocte,restitues
1667 5402 1678 5439 :
1695 5385 1984 5450 satianos,
2096 5384 2407 5440 cutiamur.
2424 5381 2547 5437 Non
2580 5373 2918 5463 timebimus
2940 5386 2973 5424 a
2993 5369 3200 5463 timore
3220 5355 3732 5463 nocturne,lti_‘t3ffi

293 5504 666 5567 quesumus,
710 5475 1074 5538 remittente
1108 5473 1509 5530 misericordia
1538 5478 1656 5541 tua,
1692 5477 1756 5528 ut
1785 5489 1988 5529 omnes
2097 5470 2393 5530 diabolum
2427 5468 2523 5540 qui
2566 5480 2796 5576 semper
2844 5461 2901 5514 in
2933 5454 3188 5576 tenebris
3219 5454 3306 5548 est
3337 5443 3732 5576 :t‘pirgrlgt-

758 5571 772 5576 _
967 5562 1000 5576 ο.
1054 5566 1063 5576 ι
1193 5567 1202 5576 ι
1277 5560 1330 5576 ιιι
1447 5561 1458 5572 α
1591 5567 1599 5576 .
1756 5560 1790 5576 II
2098 5560 2150 5576 η’
2253 5558 2268 5576 ι
2346 5575 2354 5576 ,
2408 5557 2528 5576 I!_fa
2612 5554 2714 5576 S--l.
2768 5550 2822 5576 Ζ..
2878 5560 3068 5576 ΑιηιΑιηΛ
3141 5555 3292 5576 ιιονις
3659 5565 3674 5576 ι
3720 5567 3732 5576 ι

290 5542 671 5658 Saliis—Eun;
712 5562 1157 5630 obscuritates,
1189 5567 1244 5617 te
1274 5560 1661 5626 illuminante,
1682 5560 1987 5631 pellamus.
2098 5560 2223 5616 Sive
2253 5558 2361 5614 hoc
2392 5557 2554 5653 dicit,
2587 5554 2720 5658 licet
2767 5550 2825 5658 in
2877 5560 3069 5658 errore
3116 5542 3733 5658 .qttl‘l‘iilojrﬁzj

290 5615 671 5658 μειυᾱιυιυιυ
712 5615 1157 5630 V-'""""”"'
1197 5615 1235 5617 η
1277 5615 1286 5616 ί
1625 5615 1699 5631 ⁷ἰ
1828 5648 1836 5658 ,
1871 5648 1881 5659 α
2113 5615 2126 5616 ί
2496 5643 2506 5653 ,
2541 5615 2550 5621 ’
2656 5640 2664 5649 .
2825 5655 2830 5658 _
3168 5627 3176 5636 -
3274 5621 3286 5632 '
3338 5638 3348 5647 .
3466 5618 3475 5626 ‘
3587 5615 3735 5666 rom-

285 5674 384 5734 per
425 5669 787 5730 Dominum
851 5655 1130 5711 nostrum
1177 5651 1380 5708 Jesum
1431 5649 1730 5706 Christum
1782 5648 1990 5704 Filium
2104 5653 2293 5702 tamen
2321 5641 2700 5734 nonumcbis
2735 5638 2843 5694 sub
2877 5636 3039 5690 scuto
3063 5629 3350 5686 veritatis.
3379 5633 3518 5688 qum
3547 5630 3580 5683 P

281 5730 463 5834 tuum,
498 5765 623 5819 etc.
2108 5737 2203 5806 get
2233 5737 2289 5788 te
2318 5730 2482 5788 illud.
