1961 3249
123 209 182 242 ειι

760 211 963 242 EXPOSITIO
984 211 1224 244 PSALMORUM
1231 235 1239 243 .

1791 216 1850 251 342

130 279 148 307 2
202 278 256 307 Ad
271 278 515 308 annuntiandum
530 286 614 307 nune
627 278 858 307 misericordiam
873 283 953 307 tuam
964 286 974 306 :
989 278 1017 313 Α
1032 278 1102 307 dum
1119 279 1262 313 est._Quid
1279 277 1356 308 enim
1372 279 1489 316 prodest
1512 279 1535 308 si
1550 282 1615 309 ante
1630 281 1706 309 diem
1733 290 1780 310 rex
1796 282 1847 316 fui,

203 325 238 352 Et
254 323 418 352 veritatem
428 329 509 352 tuam
527 332 582 361 per
595 327 715 352 noctem.

167 370 188 396 C
202 367 386 396 Mirabiliter
394 368 456 396 vita
471 370 569 397 nostra
577 367 692 396 duobus
704 367 843 396 conclusa
855 370 899 396 est
910 377 969 396 ser-

139 412 285 442 monibus.
293 412 384 440 Mane
400 412 548 449 signiﬁcat
562 411 701 448 gaudium
715 420 721 439 :
734 414 763 440 et
779 414 848 440 tunc
860 412 970 440 miseri-

138 457 251 486 cordias
268 456 366 494 ipsius
382 456 559 485 annuntiare
574 457 791 484 debemus.l\'ox
803 457 911 484 indicat
922 456 970 484 tri-

137 502 248 531 stitiam
267 510 273 529 :
290 504 321 530 et
336 501 478 530 similiter
493 504 561 529 tunc
574 501 602 528 in
614 501 969 534 tri.bulationibus,verita-

136 549 193 575 tem
218 546 317 583 ipsius
341 546 533 583 praecipimur
548 546 733 578 annuntiare,
749 546 819 581 quia
839 546 919 581 juste
939 548 968 573 et

136 590 241 619 merito
258 590 401 627 patimur.
411 590 496 618 Sicut
510 589 588 618 enim
601 589 630 617 in
644 589 793 626 prosperis
807 590 968 617 misericor-

134 635 181 663 dia
195 634 442 671 ostenditur,qua
453 634 503 662 dat
519 633 687 670 indignis,et
698 633 786 661 malis
798 634 892 661 bonus
903 636 947 661 est
960 643 966 662 :

132 680 171 708 ita
186 679 219 707 in
232 678 368 707 adversis
381 678 491 706 veritas
508 680 697 711 monstratur,
710 687 768 714 qua
783 678 855 705 dixit
871 686 967 714 pecca-

133 725 212 752 tores
227 722 407 760 puniendos.

131 768 148 795 3
202 768 236 797 Ιιι
252 766 436 796 decachordo
449 767 588 801 psalterio
603 776 612 794 :

203 814 277 841 Cum
291 811 408 841 cantico
423 811 454 839 in
466 811 591 840 cithara.

164 857 186 885 C
201 855 428 885 Decachordum
440 856 727 892 psalterium,decem
740 857 882 891 praecepta
894 855 967 891 legis

130 903 211 929 sunt.
222 900 377 929 Canticum
392 903 422 928 et
439 900 550 928 cithara
563 903 605 928 est
620 900 761 937 gaudium
774 900 843 927 boni
857 900 963 936 operis,

1025 324 1112 352 hodie
1130 324 1158 351 in
1174 333 1289 353 carcere
1306 323 1413 352 morior
1429 332 1435 352 :
1452 333 1537 352 omne
1553 326 1629 360 quod
1657 327 1700 353 est
1723 326 1847 362 prmteri-

1024 371 1087 396 tum
1103 371 1131 396 et
1148 369 1234 396 ﬁnem
1252 368 1348 401 habet,
1366 368 1438 396 nihil
1452 371 1507 396 est.

1023 413 1040 439 9
1103 417 1129 446 ιθ
1142 413 1283 448 Quoniam
1304 415 1311 445 ζ
1328 421 1391 441 ecce
1403 413 1513 441 inimici
1525 414 1577 447 tui,
1597 414 1768 455 Domine-5’}.
1780 424 1845 451 quo.

1128 459 1207 486 niam
1223 467 1285 487 ecce
1301 460 1412 488 inimici
1428 460 1471 487 tui
1483 459 1618 494 peribunt
1632 468 1641 486 :

1094 503 1127 530 Et
1141 503 1344 539 dispergentur
1357 513 1453 532 omnes
1467 504 1516 540 qui
1529 508 1688 539 operantur
1707 504 1847 540 iniquita-

1131 551 1198 575 tem.

1058 593 1077 617 C
1091 591 1202 619 Inimici
1218 593 1266 620 Dei
1279 595 1347 620 sunt
1363 594 1529 620 daemonum
1546 592 1716 628 cultores,et
1725 593 1846 629 quicun-

1023 643 1078 671 que
1095 637 1245 672 przcceptis
1262 638 1325 672 ejus
1342 637 1456 665 obviare
1473 638 1619 673 satagunt.
1634 636 1677 664 Illi
1692 637 1769 665 enim
1785 638 1844 666 dis-

1022 682 1187 716 pergcntur,
1203 682 1319 716 quando
1335 691 1351 709 a
1373 690 1458 718 grege
1480 682 1593 709 Domini
1614 681 1722 709 fuerint
1746 690 1844 718 segre-

1022 725 1080 759 gati
1086 745 1091 752 .

1024 769 1056 796 10
1093 770 1123 797 Et
1138 770 1320 798 exaltabitur
1335 771 1407 798 sicut
1424 771 1568 798 unicornis
1583 778 1673 798 cornu
1687 778 1782 798 meum
1798 780 1804 797 :

1092 815 1124 841 Et
1139 819 1266 842 senectus
1279 823 1343 842 mea
1358 815 1387 843 in
1398 815 1598 842 misericordia
1613 815 1703 842 uberi.

1056 859 1075 884 C
1093 858 1141 885 llic
1152 859 1228 885 enim
1242 859 1612 890 unicornis,cxaltationem
1624 859 1841 894 signiﬁcatuni-

1022 902 1098 929 tatis.
1118 902 1168 929 Illa
1183 903 1261 929 cnim
1283 903 1392 937 unitas,
1410 904 1548 930 fortitudo
1573 903 1708 930 sublimis
1724 906 1777 934 est,
1793 903 1840 929 ubi

130 945 159 974 id
174 947 222 974 est
231 945 627 982 eleemosynarumjucunda
637 944 763 981 largitio.
773 944 888 972 Cithara
899 953 965 971 vero
980 962 1003 993 B
1021 949 1188 974 sanctorum
1205 946 1297 983 gloria
1312 947 1429 975 decorat
1440 947 1753 975 Eeclesiam.Sencctus
1773 955 1840 974 can-

129 991 238 1024 cantat,
253 989 304 1026 qni
315 998 405 1026 opera
420 989 498 1018 bona
516 989 625 1025 perflat
641 989 704 1016 sine
720 988 875 1024 asperitate
891 988 956 1016 tris-

128 1034 212 1063 titie.

128 1079 143 1107 4
200 1078 282 1116 Quia
295 1078 448 1107 delectasti
461 1086 516 1112 me,
530 1078 658 1111 Domine,
675 1078 705 1105 in
717 1079 834 1111 factura
849 1080 899 1105 tua
917 1085 923 1105 :

199 1125 236 1152 Bt
249 1123 282 1151 in
296 1123 435 1158 operibus
449 1130 587 1150 manuum
600 1126 718 1151 tuarum
733 1123 891 1150 exsultabo.

161 1168 184 1196 C
199 1167 383 1196 Deloctatam
399 1175 431 1195 se
447 1167 518 1195 dicit
533 1169 627 1195 mater
650 1166 786 1200 Ecclesia,
804 1166 832 1194 in
850 1167 960 1194 factura

122 1211 264 1241 Domini:
277 1211 419 1248 quoniam
436 1211 579 1247 quidquid
595 1211 664 1238 boni
675 1211 885 1247 acceperit,non
898 1211 960 1238 suis

121 1256 255 1291 meritis,
267 1256 320 1284 sed
337 1264 390 1285 suo
409 1255 532 1284 Domino
548 1255 711 1291 appiicavit.
723 1256 756 1283 Et
771 1255 913 1283 exsultare
929 1263 959 1283 se

122 1301 156 1329 in
173 1300 224 1329 Dei
239 1300 392 1337 operibus,
409 1308 467 1328 non
480 1308 546 1327 vero
568 1299 598 1327 in
621 1308 675 1327 sua
704 1299 846 1333 felicitate,
864 1300 913 1327 scd
929 1300 959 1327 in

127 1345 226 1382 ipsius
241 1344 396 1373 voluntate
410 1344 613 1380 proﬁtetur,ut
629 1344 669 1371 ait
679 1343 833 1379 Apostolus
846 1353 852 1371 :
866 1344 960 1380 Ipsius

128 1390 209 1418 enim
224 1389 403 1425 ﬁgmentum
420 1397 525 1416 sumus
540 1389 646 1424 (Ephcs.
663 1388 703 1424 ιι).

130 1434 148 1462 5
203 1434 300 1469 Quam
314 1433 502 1468 magni/team
515 1435 581 1460 sunt
601 1440 689 1466 opera
713 1437 773 1465 tua,
789 1433 907 1460 Domine
916 1432 928 1459 ,ν

201 1478 299 1507 Nimis
312 1477 466 1514 profunda:
479 1477 570 1514 factm
583 1481 649 1504 sunt
664 1477 851 1512 cogitationes
866 1481 930 1504 ιιιῐρ.

165 1525 186 1550 C
200 1521 395 1558 Obstupescit
406 1521 550 1557 Propheta
560 1521 760 1549 vehementius
770 1521 831 1557 ipsa
840 1529 926 1557 opera
937 1523 964 1549 et

130 1566 250 1596 Domini
263 1565 528 1603 magniﬁcentiam.
540 1565 633 1593 Nimis
645 1565 793 1601 profunda:
806 1567 873 1593 sunt
884 1566 963 1593 facta:

127 1611 329 1648 cogitationes
345 1610 411 1645 ejus
424 1618 430 1637 :
448 1611 480 1637 ut
495 1609 571 1637 sicut
582 1609 716 1637 diabolus
733 1617 783 1644 per
798 1609 963 1645 superbiam

127 1641 251 1689 corruit,
270 1654 313 1682 ita
328 1654 494 1682 humanum
510 1662 603 1690 genus
627 1654 764 1681 beneﬁcio
790 1654 964 1681 humilitatis
981 1641 1001 1673 ί)

126 1699 223 1736 possit
240 1698 366 1727 absolvi.
383 1697 455 1730 Quis
469 1697 524 1726 hoc
539 1700 567 1725 et
582 1697 689 1725 similia
706 1698 912 1733 prolundabit?

122 1744 141 1771 6
200 1744 255 1772 Vir
270 1742 414 1778 insipiens
427 1750 484 1770 non
499 1747 646 1777 cognoscet
660 1750 666 1769 :

198 1789 235 1816 Et
249 1788 360 1816 stultus
372 1794 431 1815 non
446 1787 587 1822 intelliget
602 1787 672 1815 hare.

161 1834 184 1861 C
198 1833 254 1862 Est
267 1832 315 1859 vir
330 1831 544 1868 insipiens,qui
560 1830 668 1858 caelesti
684 1831 827 1866 sapientia
842 1839 963 1858 evacua-

124 1879 222 1913 tus,ct
233 1875 522 1905 humanisversutiis
534 1875 675 1911 probatur
684 1883 748 1902 esse
757 1875 962 1911 plenissimus:

127 1921 187 1950 iste
200 1929 263 1949 non
280 1919 435 1957 cognoscit
459 1927 546 1955 opera
570 1918 634 1953 Dei;
651 1919 720 1954 quia
741 1919 856 1946 casuale
872 1918 965 1946 credit

122 1965 208 2002 quod
224 1964 351 2002 geritur.
368 1964 452 1992 Sicut
476 1963 596 1999 quidam
619 1963 785 1999 philosophi
804 1963 936 1991 dixerunt
955 1971 961 1990 ε

117 2010 245 2038 Stultus
260 2010 362 2038 autem
380 2008 483 2044 utique
498 2009 553 2041 est,
565 2006 615 2043 qui
632 2015 684 2035 nec
699 2007 798 2034 divina
813 2015 964 2043 recognos-

116 2055 177 2090 cit,
194 2062 250 2083 nec
277 2053 361 2090 ipsos
385 2051 486 2081 saeculi
511 2054 593 2079 actus
616 2050 762 2087 intelligit,
780 2059 853 2086 quos
877 2051 963 2087 vulgo

115 2099 232 2128 hrutos
249 2105 404 2126 vocamus.

110 2144 131 2170 7
193 2143 268 2172 Cum
284 2141 390 2169 exorti
400 2140 516 2177 fuerint
530 2144 696 2175 peccatores
710 2139 784 2167 sicut
793 2139 892 2174 fenum
909 2149 915 2167 :

195 2188 231 2216 Et
237 2185 441 2222 apparuerint
446 2192 544 2212 omnes
549 2184 599 2220 qui
605 2186 766 2219 operantur
773 2183 961 2219 iniquitatem.

155 2231 180 2260 C
195 2230 276 2259 Dicit
292 2230 374 2258 enim
389 2229 438 2257 hic
454 2228 556 2256 ﬂorere
567 2230 732 2265 peccatores
743 2227 819 2255 sicut
839 2228 938 2255 fenum
955 2236 960 2256 :

111 2276 174 2305 sed
192 2276 223 2304 in
239 2274 293 2303 illo
299 2273 416 2310 judicio
426 2281 477 2301 eos
487 2273 593 2301 asserit
603 2272 733 2300 celeriter
749 2272 907 2306 interirc,et
922 2272 962 2300 ibi

1018 990 1118 1018 didum
1147 993 1234 1027 caput
1259 991 1366 1019 habet:
1384 1000 1448 1026 quae
1473 991 1635 1019 similitudo
1664 992 1750 1019 datur
1766 994 1840 1018 recte

1015 1035 1163 1069 Ecclesire;
1179 1036 1318 1071 quoniam
1334 1035 1432 1063 omnia
1448 1035 1551 1063 merita
1575 1037 1756 1071 sanctorum,
1773 1038 1837 1063 tan<

1014 1088 1102 1115 quam
1118 1080 1181 1107 cani
1197 1079 1299 1115 capitis
1315 1080 1474 1115 purissima
1488 1080 1551 1107 lucc
1572 1080 1735 1116 fulgebunt,
1753 1081 1838 1116 cujus

1014 1126 1148 1151 senectus
1164 1124 1198 1151 ad
1214 1124 1301 1152 vitam
1319 1124 1399 1151 ducit
1415 1126 1595 1160 perpetuam.

1016 1168 1042 1195 ll
1084 1168 1116 1195 El
1130 1168 1259 1202 despemit
1274 1169 1373 1195 oculus
1389 1176 1468 1196 meus
1482 1169 1612 1196 inimicos
1627 1177 1704 1197 meos
1719 1178 1727 1195 :

1084 1212 1116 1239 Ei
1141 1212 1350 1247 insurgentibus
1373 1212 1401 1240 in
1424 1221 1468 1239 me
1491 1213 1711 1248 malignantibus
1735 1215 1832 1242 audiet

1119 1257 1199 1284 auris
1210 1265 1283 1284 mea.

1049 1303 1068 1328 C
1084 1300 1195 1328 Inimici
1213 1303 1290 1333 sunt,
1305 1301 1413 1329 scilicet
1426 1301 1565 1334 Ecclesim,
1584 1302 1705 1337 operarii
1723 1302 1831 1337 iniqui-

1015 1345 1093 1379 tatis,
1112 1354 1184 1381 quos
1200 1348 1267 1373 tunc
1284 1346 1405 1381 despicit
1430 1346 1514 1379 Deus,
1533 1346 1649 1381 quando
1670 1346 1697 1373 in
1716 1347 1835 1375 sinistra

1016 1392 1095 1426 parte
1111 1392 1275 1425 segregatos
1300 1398 1330 1416 se
1355 1398 1418 1416 esse
1442 1392 1630 1426 cognoscunt.
1647 1390 1833 1426 Insurgcntcs

1017 1437 1086 1462 sunt
1101 1434 1292 1469 malignantes
1307 1433 1476 1469 divites,qui
1494 1433 1539 1461 hic
1556 1436 1755 1469 paupertatem
1772 1435 1836 1463 des-

1018 1478 1137 1514 piciunt.
1155 1478 1212 1505 Hos
1241 1477 1360 1505 audient
1383 1486 1468 1505 aures
1493 1477 1646 1505 hominum
1677 1478 1805 1506 ﬁdelium
1825 1487 1831 1505 :

1018 1523 1135 1559 quando
1148 1522 1258 1554 dicunt,
1269 1521 1341 1553 Quid
1353 1522 1436 1549 nobis
1453 1522 1562 1557 profuit
1571 1522 1709 1557 superbia
1720 1523 1837 1551 nostra?

1020 1569 1094 1603 (Sep.
1111 1566 1148 1602 \'.)

1022 1613 1054 1638 12
1089 1613 1190 1639 Justus
1205 1614 1235 1637 ut
1251 1610 1346 1644 palma
1358 1609 1467 1645 ﬂorebit
1485 1618 1493 1636 :

1095 1658 1130 1683 Ut
1145 1655 1247 1682 cedrus
1264 1654 1362 1682 Libani
1376 1653 1629 1688 multiplicabitnr.

1054 1699 1191 1727 CJustus
1221 1701 1296 1726 recte
1322 1700 1508 1734 comparatur
1534 1697 1648 1733 palmae,
1674 1697 1734 1725 haec
1762 1698 1839 1726 enim

1019 1752 1107 1779 super
1121 1746 1213 1771 terras
1228 1743 1343 1778 hispida
1358 1744 1401 1770 est
1418 1750 1424 1769 :
1441 1742 1491 1770 sed
1510 1741 1557 1769 ubi
1574 1742 1610 1769 ad
1631 1750 1757 1777 superna
1772 1751 1838 1778 pro-

1018 1787 1146 1820 cesserit,
1163 1786 1398 1814 dulciSsimorum
1421 1787 1567 1814 fructuum
1594 1786 1734 1814 suavitate
1760 1796 1838 1814 com-

1019 1832 1123 1868 pletur.
1135 1832 1167 1858 Et
1181 1832 1258 1859 dicta
1272 1834 1315 1858 est
1331 1831 1428 1867 palma
1441 1839 1446 1858 :
1460 1831 1542 1866 quasi
1554 1830 1634 1866 pacis
1649 1830 1779 1858 alumna.
1792 1831 1838 1858 Sic

1017 1876 1233 1912 vitajustorum
1252 1875 1333 1903 duris
1355 1878 1399 1902 est
1424 1875 1452 1902 in
1475 1875 1529 1902 hoc
1554 1875 1663 1902 mundo
1687 1874 1837 1902 laboribus

1018 1920 1112 1956 plena,
1130 1921 1179 1947 sed
1193 1919 1222 1946 in
1238 1919 1373 1955 supernis
1388 1921 1431 1946 est
1455 1918 1660 1954 pulcherrima.
1676 1919 1783 1946 Ccdrus
1807 1919 1839 1946 li-

1018 1973 1108 2001 gnum
1125 1964 1196 1991 bene
1208 1963 1298 1996 olens,
1308 1963 1341 1990 ad
1359 1962 1487 1998 pondera
1497 1962 1639 1998 portanda
1650 1961 1836 1998 aptissimum

1018 2011 1046 2035 et
1060 2007 1263 2040 fortissimum,
1280 2009 1308 2034 ct
1328 2006 1453 2034 multum
1468 2005 1565 2041 palma
1577 2005 1684 2033 celsius
1706 2014 1837 2033 crescens

1018 2053 1105 2088 (quod
1122 2051 1246 2079 maxime
1262 2051 1291 2077 in
1307 2050 1416 2077 Libano
1441 2049 1547 2077 celsius
1573 2049 1837 2084 invenitur)justos

1017 2096 1161 2133 signiﬁcat
1177 2094 1302 2130 repletos
1316 2093 1401 2121 bonis
1417 2093 1563 2129 operibus.

1018 2141 1051 2168 13
1088 2139 1218 2168 Ptantati
1231 2139 1259 2166 in
1272 2138 1356 2166 domo
1369 2138 1501 2166 Domini:

1088 2185 1118 2212 In
1132 2184 1216 2211 atriis
1228 2184 1328 2210 domus
1345 2182 1396 2210 Dei
1410 2183 1504 2210 nostri
1517 2182 1667 2218 ﬂorebunt.

1052 2231 1071 2256 (ἒ
1086 2228 1237 2260 Plantatio,
1254 2227 1301 2254 hic
1326 2226 1539 2262 prazdestinatio
1564 2225 1612 2253 Dei
1639 2225 1810 2261 intelligitur
1827 2234 1834 2252 ε

1018 2273 1086 2310 quia
1112 2273 1168 2300 nisi
1193 2272 1258 2308 quis
1275 2271 1302 2298 in
1319 2279 1353 2298 ea
1368 2271 1515 2306 plantatus
1540 2270 1637 2302 fuerit,
1654 2271 1834 2298 crementum

112 2329 192 2349 cum
208 2319 250 2348 ad
260 2318 416 2355 judicium
438 2316 580 2350 venerint,
595 2316 734 2344 humanis
757 2316 961 2353 conspectibus
976 2321 1000 2353 Β
1017 2317 1217 2345 felicissimum
1247 2324 1304 2343 non
1333 2314 1460 2342 habebit.
1477 2314 1592 2342 Atrium
1615 2314 1693 2342 enim
1716 2314 1833 2341 initium

112 2364 313 2402 apparebunt
328 2362 421 2391 corda
443 2369 546 2390 eorum
570 2361 648 2395 aliis,
665 2369 728 2397 quae
752 2361 799 2388 hic
821 2369 959 2398 apparere

113 2418 179 2439 non
196 2409 375 2446 potuerunt.

111 2454 131 2483 8
192 2456 234 2484 Ut
249 2453 403 2481 intereant
418 2450 450 2479 in
463 2450 601 2479 sarculum
624 2449 761 2483 +sarcuti
781 2454 788 2485 ;
810 2458 816 2477 :

193 2499 240 2527 Tu
252 2501 358 2526 autem
372 2494 540 2525 Altissimus
555 2494 586 2522 in
599 2498 751 2528 aeternum,
768 2494 898 2523 Domine.

153 2545 178 2572 c
190 2542 340 2580 Sequitur
354 2547 450 2569 causa
463 2547 516 2567 eur
530 2541 690 2575 appareant
705 2547 712 2566 :
729 2546 786 2566 non
802 2538 902 2575 utique
923 2539 958 2566 ad

112 2586 316 2626 gloriam,sed
333 2586 369 2614 ut
380 2583 539 2612 intereant.
549 2582 671 2610 Pulchre
681 2582 759 2610 enim
774 2583 903 2619 exposita
917 2585 961 2611 est

113 2640 203 2669 ικιιη
217 2631 440 2661 damnatorum
457 2636 465 2665 ς
482 2635 542 2655 non
556 2627 634 2655 enim
651 2626 693 2654 sic
709 2629 882 2662 pereunt,ut
896 2635 960 2655 esse

111 2677 175 2714 iam
187 2675 346 2708 desinant,
362 2673 419 2702 sed
434 2671 466 2700 in
483 2670 625 2700 saeculum
641 2670 739 2698 seaculi
755 2670 958 2707 deﬁciunt,qui

117 2729 269 2760 nunquam
285 2729 306 2750 ε
318 2717 389 2748 suis
404 2715 618 2746 afﬂictionibus
633 2717 789 2743 exuuntur.
805 2715 847 2742 Tu
859 2718 957 2743 autem

116 2759 286 2797 “ﬂeuimus
302 2773 312 2794 :
330 2759 581 2793 subaudiendum
605 2761 649 2787 est
673 2759 868 2795 permanebis.
886 2759 907 2786 ll
924 2759 958 2786 Et

117 2811 239 2843 nihilost
253 2812 382 2841 bonum
398 2805 460 2834 nisi
475 2804 554 2841 quod
571 2806 712 2832 sternam
729 2805 782 2830 est.
798 2803 955 2834 Quodcun-

114 2866 163 2897 ςιιρ
175 2859 302 2890 bonum.
311 2855 416 2884 ﬁnem
434 2848 535 2884 habet,
551 2856 604 2877 nec
619 2848 695 2876 inter
710 2847 786 2875 bona
802 2855 956 2876 numeran-

1014 2362 1120 2389 dicitur
1149 2360 1311 2388 mansionis
1326 2367 1331 2386 :
1345 2359 1384 2386 ibi
1412 2358 1525 2386 llorcbit
1542 2359 1654 2394 justus,
1671 2358 1787 2393 quando
1803 2357 1833 2385 in

1014 2405 1064 2434 illo
1080 2406 1161 2433 initio
1177 2403 1396 2433 resurrectionis
1412 2403 1510 2430 audita
1526 2402 1661 2430 felicitate
1684 2401 1832 2438 gaudebit,

1014 2450 1043 2478 id
1072 2452 1126 2484 est,
1143 2449 1260 2486 quando
1284 2447 1379 2475 dicere
1406 2447 1526 2475 audiet:
1543 2446 1654 2481 Venite,
1677 2445 1833 2482 benedicti,

1014 2496 1068 2522 etc.

1016 2539 1049 2566 14
1086 2538 1179 2566 Adhuc
1193 2536 1464 2572 multiplicabuntur
1477 2535 1506 2563 in
1521 2539 1634 2564 senecta
1648 2535 1730 2563 uberi
1744 2543 1754 2563 :

1084 2583 1117 2610 Et
1132 2583 1200 2610 bene
1215 2582 1354 2617 patientes
1369 2585 1454 2608 erunt
1468 2584 1497 2607 ut
1512 2580 1692 2608 annuntient.

1049 2628 1070 2654 C
1084 2628 1205 2655 Seneeta
1214 2626 1367 2654 hominum
1380 2625 1460 2652 arida
1469 2626 1514 2652 est
1529 2633 1535 2652 :
1553 2623 1680 2652 Ecclesia
1689 2632 1755 2652 vero
1767 2626 1835 2651 tunc

1014 2671 1107 2706 magis
1122 2670 1223 2706 incipit
1237 2678 1301 2698 esse
1317 2668 1474 2701 uberrima,
1490 2661 1611 2704 quando.
1622 2668 1657 2696 ad
1674 2668 1762 2695 ﬁnem
1781 2675 1833 2694 sa:-

1012 2714 1071 2742 culi
1087 2714 1174 2742 fuerit
1193 2713 1326 2742 Domino’
1340 2713 1497 2741 miserante
1521 2713 1670 2748 perducta.
1686 2711 1762 2738 Bene
1785 2718 1834 2745 pa-

1013 2758 1116 2791 tientes
1131 2761 1216 2786 erunt
1232 2767 1239 2786 :
1257 2757 1326 2794 quia
1341 2757 1491 2793 passiones
1517 2757 1666 2784 beatorum
1691 2753 1830 2782 caelorum

1011 2811 1098 2839 regna
1114 2802 1299 2838 conquirunt.
1310 2802 1341 2830 Et
1356 2806 1419 2829 tunc
1429 2800 1603 2829 annuntient
1617 2797 1753 2835 quoniam
1765 2795 1829 2830 jus-

1010 2849 1073 2875 stus
1089 2850 1131 2875 est
1148 2847 1300 2880 Dominus,
1313 2848 1342 2874 et
1357 2845 1495 2882 quoniam
1510 2844 1607 2871 rectus
1620 2842 1678 2874 est,
1690 2840 1744 2867 σιο-
