3922 6420
321 441 441 515 3'48

322 585 396 644 15
467 582 749 660 Quoniam
775 591 954 643 rectus
985 581 1249 641 Dominus
1269 587 1414 643 Deus
1443 590 1624 640 noster
1651 600 1673 640 :

467 673 535 731 Et
561 691 674 732 non
706 681 786 732 est
811 675 1082 748 iniquitas
1113 675 1175 730 in
1197 691 1280 731 eo.

397 769 439 821 θ
467 763 755 830 Quoniam
790 768 985 821 rectus
1007 763 1294 820 Dominus
1320 779 1334 820 :
1356 763 1455 836 qui
1484 764 1669 820 servis
1691 762 1818 820 suis
1857 779 1993 836 pro-

328 851 516 910 missa
543 852 877 927 complevit,
899 857 957 910 et
976 870 1094 910 non
1125 857 1214 909 est
1243 853 1302 910 in
1350 870 1416 909 eo
1471 851 1753 926 iniquitas
1786 869 1800 907 :
1835 856 1901 908 ut
1930 852 1992 908 in

327 941 440 1006 hoc
472 942 695 1005 mundo
724 942 1094 1018 permisisset
1142 941 1458 1015 periclitari
1507 941 1810 1018 martyrio,
1841 957 1994 1014 quos

327 1027 410 1088 ibi
445 1044 561 1088 non
593 1035 931 1090 coronasset
958 1031 1220 1105 praamio.

840 1137 1043 1180 ORATIO
1079 1138 1152 1177 EX
1191 1137 1351 1178 PSAL.
1383 1138 1496 1178 XCI.

403 1207 725 1269 Exsultatio
783 1213 1000 1267 eterna
1054 1214 1418 1276 sanctorum,
1452 1211 1628 1279 Deus,
1660 1209 1760 1284 qui
1792 1210 1992 1283 justos

331 1296 576 1356 diversis
607 1298 895 1356 bonorum
918 1299 1163 1356 refectos
1183 1299 1522 1373 impendiis,
1548 1299 1756 1356 ﬂorere
1776 1300 1834 1355 in
1869 1299 1991 1374 pal-

331 1385 556 1446 mi'i'eris
575 1385 743 1445 atriis
774 1385 1356 1446 immarcessabiliter
1386 1389 1995 1462 facis,quazsumus.ut

332 1477 599 1534 remissis
630 1477 896 1535 molibus
926 1478 1512 1544 delictorum,eorum
1546 1478 1717 1535 nobis
1746 1480 1993 1536 societa-

330 1570 451 1624 tem
480 1565 796 1641 dignanter
839 1565 1167 1641 impertias.
1200 1569 1310 1625 Per
1355 1569 1672 1626 Dominum
1721 1571 1990 1626 nostrum

330 1654 537 1714 Jesum
561 1655 884 1726 Christum,
917 1660 1027 1713 etc.

895 1781 1225 1842 PSALMUS
1262 1782 1425 1842 XCII.

773 1914 1177 1957 AMUMINTUM
1216 1915 1375 1957 PSA!“
1415 1917 1551 1957 XCII.

409 2013 452 2072 C
483 2013 640 2071 Laus
676 2013 966 2082 Ecclesiae,
999 2015 1070 2072 de
1119 2015 1526 2074 Incarnatione
1575 2021 1634 2074 et
1691 2017 1761 2074 de
1813 2032 1992 2090 regno

337 2103 574 2162 Christi.

349 2193 448 2251 TT.
497 2199 554 2261 οξ-
579 2195 721 2252 Laus
747 2195 956 2252 cantici
983 2197 1093 2270 ipsi
1116 2196 1290 2254 David
1321 2199 1380 2252 in
1409 2196 1498 2253 die
1526 2205 1654 2254 ante
1697 2197 1998 2255 Sabbatum

789 2285 1006 2360 quando
1027 2285 1266 2358 fundata
1293 2294 1371 2343 est
1397 2295 1563 2344 terra.

405 2375 447 2429 C
474 2373 782 2430 Canticum
813 2375 885 2432 ad
918 2373 1153 2432 laudem
1199 2376 1449 2449 pertinet
1497 2376 1841 2433 divinitatis.
1876 2377 1995 2450 Ipsi

339 2460 516 2518 David
549 2478 562 2518 :
594 2459 822 2520 Christo
878 2467 1133 2537 aptatur.
1165 2469 1232 2521 In
1287 2465 1380 2522 die
1437 2470 1572 2523 ante
1619 2465 1944 2523 Sabbatum
1979 2483 1993 2522 :

339 2555 504 2607 sexta
534 2551 676 2608 feria
695 2555 806 2621 est,
837 2568 966 2625 quae
999 2554 1318 2611 Sabbatum
1349 2556 1641 2626 praecedit.
1675 2557 1856 2612 Terra
1903 2556 1999 2612 hic

339 2637 643 2696 hominem
672 2639 986 2714 significat,
1002 2641 1097 2698 cui
1127 2641 1344 2698 dicitur
1375 2661 1388 2699 :
1418 2645 1600 2700 Terra
1628 2661 1691 2700 es
1713 2649 1771 2700 et
1801 2645 1858 2702 in
1891 2649 2001 2701 ter-

342 2744 471 2784 ram
502 2727 618 2785 ibis
647 2729 804 2801 (Gen.
831 2730 960 2800 in):
997 2747 1173 2804 quem
1197 2730 1348 2788 inter
1376 2731 1541 2789 initia
1589 2749 1786 2790 rerum
1837 2740 1998 2793 sexto

340 2821 582 2875 Creator
610 2817 892 2876 condidit.

343 2907 368 2994 ξ
482 2905 750 2968 Dominus
777 2913 1034 2980 regnavit
1059 2910 1305 2968 decorem
1327 2911 1550 2969 indutus
1577 2921 1656 2970 est
1684 2933 1702 2969 :

483 2996 714 3055 Indutus
741 3006 822 3056 est
866 3001 1131 3057 Dominus
1174 3001 1560 3074 fortitudinem
1607 3011 1660 3061 et
1697 3006 2000 3078 prmeinxit

551 3102 629 3144 86.

409 3179 450 3233 ο
469 3175 860 3235 Considerans
892 3179 1180 3252 Propheta
1195 3186 1586 3254 quae-ventura
1605 3187 1996 3258 erant,regna-

333 3268 534 3323 turum
555 3281 684 3324 esse
705 3265 1184 3337 Dominum,cum
1209 3285 1425 3344 magna
1452 3271 1838 3330 exsultatione
1859 3289 1995 3331 con-

332 3354 612 3414 celebrat.
651 3355 931 3414 Decoer
982 3333 1194 3427 induit,
1229 3357 1287 3414 id
1308 3333 1448 3427 Vest,
1489 3361 1990 3434 pulchritudinem
2022 3333 2068 3403 (ἶ

333 3457 459 3502 sua
490 3443 819 3516 majestatis
848 3445 1137 3504 ostendit:
1159 3448 1396 3520 quando
1425 3449 1883 3524 transfiguratus
1905 3457 1995 3509 est

332 3533 396 3590 in
427 3537 626 3590 monte
655 3547 853 3590 eoram
885 3533 1196 3608 discipulis
1217 3537 1599 3610 (Matth.xvn).
1627 3539 1874 3596 Indutus
1903 3546 1995 3598 est

333 3621 627 3679 Dominus
673 3621 1077 3680 fortitudinem
1113 3641 1128 3692 ;
1162 3623 1304 3696 quia
1355 3625 1654 3683 diabolum
1704 3629 1994 3702 oppressit

335 3705 385 3768 Η
417 3710 485 3766 Et
515 3709 819 3782 praecinxit
847 3727 910 3766 se
941 3726 956 3765 :
986 3726 1122 3767 cum
1151 3711 1529 3771 multitudine
1569 3716 1834 3789 angelica
1879 3719 1991 3775 cir-

221 3823 228 3828 -
337 3797 654 3855 cumdatus
683 3799 962 3855 remeavit
981 3798 1054 3856 ad
1087 3799 1314 3858 Patrem
1348 3803 1483 3874 (Act.
1517 3804 1580 3874 1).

335 3887 374 3944 2
481 3889 712 3944 Etenim
737 3889 983 3961 ﬁrmavit
1011 3889 1197 3947 orbem
1242 3897 1298 3957 εξ·
1325 3900 1486 3950 τεν-τω
1528 3899 1542 3961 ζ
1588 3913 1606 3950 :

481 3979 598 4051 Qui
626 3993 737 4035 non
765 3972 1206 4037 commovebitur.

405 4067 447 4124 C
476 4065 754 4126 Firmavit
783 4068 984 4126 orbem
1017 4074 1202 4140 terrai,
1233 4069 1290 4126 id
1323 4075 1432 4141 est,
1469 4071 1782 4132 Ecclesium
1807 4077 1897 4149 (ut
1927 4077 1988 4134 in

333 4149 644 4230 Evangelio
679 4174 692 4214 :
723 4157 813 4214 Tu
859 4175 922 4214 es
966 4158 1169 4216 Petrus
1217 4163 1276 4216 et
1319 4177 1497 4234 super
1550 4161 1703 4220 hanc
1761 4169 1986 4237 petram

329 4244 628 4303 editicabo
677 4246 994 4304 Ecclesiam
1045 4265 1237 4305 meam
1283 4251 1670 4325 [Matth.xvx])
1700 4271 1828 4327 qua:
1867 4273 1986 4313 non

326 4334 792 4393 commovebitur
820 4335 1138 4407 ullatenus,
1155 4340 1422 4414 quamvis
1441 4341 1847 4416 persecutione
1874 4345 1986 4402 fre-

324 4427 574 4498 quenter
599 4429 858 4494 vexetur,

323 4513 359 4571 3
466 4514 676 4572 Parata
701 4513 852 4573 sedes
879 4523 974 4573 tua
999 4533 1070 4574 ex
1098 4522 1231 4575 tunc
1259 4537 1278 4576 :

468 4603 509 4670 Α
539 4603 746 4663 saeculo
771 4613 830 4662 tu
856 4622 929 4662 es.

1239 451 1303 512 S.
1351 450 1748 512 BRUNONIS
1791 449 2412 512 IIERBIPOLENSIS
2458 450 2837 512 EPISCOPI.

2005 581 2125 652 A5

2021 1959 2070 2027 B

3630 449 3738 511 3-H

2249 585 2336 665 ἥ
2383 585 2750 644 Elevaverunt
2776 581 3014 655 ﬂumina
3039 581 3240 656 [luctus
3267 595 3393 641 suos
3431 590 3452 650 τ
3496 601 3514 639 :

2244 676 2282 731 Α
2311 676 2528 732 rocibus
2557 691 2832 749 aquarum
2858 675 3184 732 multarum.

2173 764 2215 821 C
2245 764 2629 822 Elevaverunt
2676 764 2926 821 flumina
2975 763 3212 831 ﬂuctus,
3244 761 3302 818 id
3351 766 3465 829 est,
3508 761 3744 835 apostoli

2104 872 2406 912 sermones
2464 854 2765 928 irriguos:
2799 852 3080 926 ipsosque
3126 851 3187 908 in
3247 852 3749 926 praedicationibus

2101 961 2334 1001 erexere
2360 944 2776 1002 sanctissimis.
2809 944 2856 998 A
2901 942 3144 999 vocibus
3189 957 3476 1018 aquarum
3514 959 3528 997 :
3559 946 3751 1015 gentes

2103 1034 2562 1107 signiﬁcat,qua3
2597 1033 2669 1089 ad
2703 1031 3052 1089 catholicam
3088 1031 3263 1092 ﬁdem
3293 1031 3480 1089 Deum
3524 1030 3750 1088 laudan-

2101 1122 2176 1178 do
2207 1125 2582 1179 conveniunt.

2099 1212 2136 1267 6
2244 1211 2521 1269 Mirabites
2551 1212 2816 1272 elationes
2844 1212 3020 1270 maris
3052 1228 3072 1265 :

2245 1301 2516 1358 Mirabilis
2545 1301 2606 1357 in
2635 1302 2768 1358 altis
2798 1301 3081 1357 Dominus.

2173 1389 2214 1446 C
2245 1391 2537 1447 Elationes
2569 1391 2788 1449 maris:
2815 1390 3111 1463 sapientes
3131 1388 3376 1463 populos
3399 1389 3460 1454 in
3501 1379 3750 1444 Ecclesia

2102 1481 2389 1537 catholica
2433 1479 2728 1553 significat
2771 1497 2784 1535 :
2827 1494 3080 1552 quorum
3129 1476 3428 1534 mirabiles
3480 1476 3747 1534 elationes

2102 1574 2242 1627 tunc
2275 1571 2442 1637 fiunt,
2477 1569 2714 1642 quando
2763 1568 2824 1624 in
2872 1567 3169 1624 mandatis
3219 1565 3315 1624 Dei
3361 1565 3537 1623 arma
3567 1572 3750 1623 ments

2101 1659 2453 1718 consistunt.
2486 1657 2774 1714 Mirabilis
2803 1657 2863 1713 in
2894 1656 3032 1714 altis
3077 1653 3383 1714 Dominus.
3424 1655 3473 1712 Η
3517 1654 3748 1722 Quando

2103 1747 2317 1806 residet
2343 1747 2416 1806 ad
2457 1748 2755 1806 dexteram
2787 1746 2996 1804 Patris.

2097 1841 2135 1893 7
2249 1838 2575 1894 Testimonia
2597 1841 2695 1894 tua
2722 1836 3012 1894 credibilia
3035 1837 3185 1908 facta
3214 1843 3346 1892 sunt
3371 1835 3546 1891 nimis
3575 1851 3592 1888 :

2241 1928 2472 1984 Domum
2504 1931 2657 1984 tuam
2685 1927 2833 1983 decet
2860 1923 3194 1993 sanctitudo,
3225 1923 3474 1994 Domine,
3497 1926 3561 1979 in
3583 1923 3749 1993 longi-

2316 2016 2567 2072 tudinem
2595 2016 2836 2074 dierum.

2174 2108 2214 2160 C
2241 2105 2603 2161 Testimonia
2618 2105 2777 2162 enim
2801 2103 3218 2177 prophetarum
3261 2101 3442 2158 nimis
3462 2098 3751 2158 credibiiia

2106 2194 2258 2251 facta
2287 2200 2460 2250 sunt:
2487 2193 2626 2267 quia
2649 2192 3054 2250 incarnatione
3074 2190 3306 2250 Domini
3333 2190 3589 2248 revelata
3601 2193 3746 2256 sunt,

2106 2300 2235 2357 quas
2263 2283 2324 2338 in
2358 2284 2544 2342 sacris
2567 2281 2738 2339 libris
2767 2281 3120 2338 tenebantur
3143 2279 3388 2337 occulta.
3423 2283 3643 2336 Domus
3669 2280 3750 2333 est

2105 2372 2310 2446 utique
2335 2372 2684 2429 universalis
2717 2371 2990 2438 Ecclesia,
3023 2369 3176 2427 hanc
3206 2369 3370 2426 decet
3399 2367 3746 2432 sanctitudo,

2107 2463 2165 2519 id
2197 2466 2306 2530 est,
2347 2462 2583 2536 copiosa
2612 2461 2940 2518 benedictio
2969 2459 3184 2516 Christi
3213 2459 3644 2532 adventus,quo
3663 2453 3750 2512 ad-

2106 2557 2282 2609 ventu
2307 2569 2436 2608 eam
2460 2551 2542 2609 sic
2565 2555 2827 2619 ornat,ut
2845 2566 3150 2623 nunquam
3173 2544 3748 2620 deserat.Longitudo

2107 2642 2336 2698 dierum
2362 2658 2375 2697 :
2406 2642 2790 2698 aeternitatem
2825 2639 3137 2714 significat.
3162 2638 3332 2705 Nam,
3346 2637 3506 2694 sicut
3520 2635 3747 2710 quidam

2107 2731 2271 2788 dixit.
2307 2730 2634 2804 Longitudo
2655 2746 2770 2786 non
2803 2734 2912 2800 est,
2941 2729 3003 2785 in
3033 2745 3150 2802 qua
3178 2731 3268 2784 est
3312 2725 3539 2800 aliquid
3571 2729 3750 2781 extro-

2109 2837 2296 2878 mum.

2608 2923 2816 2965 ORATIO
2855 2925 2923 2964 EX
2965 2923 3122 2964 PSAL.
3163 2921 3296 2962 XCII.

2180 3015 2424 3076 Domino
2445 3015 2839 3088 omnipotens,
2873 3012 2974 3089 qui
3007 3017 3252 3089 paterna
3280 3012 3630 3086 praecinctus
3647 3007 3750 3065 vir-

2106 3111 2231 3164 tute
2250 3105 2485 3175 ccnlum,
2520 3121 2704 3174 mare,
2737 3109 3075 3176 terramque
3105 3102 3330 3172 locasti,
3364 3102 3575 3160 exaudi
3622 3115 3752 3172 sup-

2105 3196 2286 3273 plices
2319 3200 2471 3267 tuos,
2505 3199 2564 3251 et
2587 3195 2662 3250 da
2687 3193 3094 3252 credulitatem
3122 3191 3183 3248 in
3231 3189 3586 3249 testimoniis
3621 3187 3748 3254 tuis,

2104 3285 2284 3343 indue
2313 3303 2422 3343 nos
2453 3284 2859 3342 fortitudinem
2885 3288 2942 3340 et
2971 3282 3238 3339 decorem
3256 3277 3752 3340 sanctiﬁcationis.

2104 3375 2212 3444 Qui
2241 3391 2376 3432 cum
2411 3375 2576 3432 Patre
2602 3378 2658 3430 et
2689 3372 2854 3446 Filio,
2885 3376 2994 3429 etc.
3351 3377 3358 3384 '

2675 3487 3002 3548 PSALMUS
3037 3487 3222 3548 XCIII.

2567 3611 2973 3654 ARGUW
3011 3611 3168 3651 ΡΒΑΙ..
3200 3609 3361 3651 XCIII.

2171 3714 2214 3770 C
2244 3713 2438 3770 Oratio
2463 3713 2828 3780 fidelium,ut
2857 3730 2890 3769 a
2911 3709 3388 3786 persecutoribus
3414 3729 3427 3766 :
3453 3711 3554 3784 qui
3573 3709 3746 3767 Deum

2101 3801 2375 3879 ignorant
2408 3821 2422 3860 :
2455 3803 2800 3860 liberentur.

2297 3899 2354 3959 ᾧ
2377 3893 2493 3950 'I‘T.
2517 3894 2784 3950 Psalmus
2821 3890 2996 3948 David
3024 3898 3222 3964 quarta
3261 3890 3494 3945 Sabbati
3533 3897 3582 3953 ζ.

2171 3983 2213 4040 C
2262 3982 2532 4040 Psalmus
2588 3999 2602 4039 :
2655 3985 2921 4040 sanctam
2989 3979 3284 4054 signiﬁcat
3339 3977 3750 4052 operationem,

2100 4077 2309 4146 quarta
2331 4071 2567 4129 Sabbati
2593 4091 2605 4128 :
2633 4071 2776 4127 i‘cria
2799 4073 3010 4144 quarta
3035 4067 3211 4138 est,in
3233 4085 3349 4142 quo
3377 4066 3472 4123 die
3507 4063 3751 4124 lumina-

2099 4162 2187 4220 ria
2211 4163 2272 4219 in
2321 4163 2761 4219 firmamentum
2807 4159 2935 4217 cali
2983 4159 3137 4216 facta
3185 4161 3517 4216 narrantur.
3563 4155 3656 4214 Sic
3695 4151 3751 4206 in

2099 4251 2354 4310 Ecclesix
2403 4256 2543 4309 sunt
2589 4249 2818 4307 fundati
2865 4248 3055 4318 electi,
3089 4248 3160 4306 de
3191 4261 3444 4324 quorum
3475 4239 3752 4319 patientia

2094 4341 2362 4418 psalmus
2393 4341 2504 4398 iste
2533 4339 2859 4416 plurimum
2892 4340 3117 4395 narrat.

2097 4434 2123 4492 1
2237 4436 2385 4490 Deus
2412 4431 2687 4488 ultionum
2715 4429 2976 4486 Dominus
2996 4435 3023 4484 τ

2239 4522 2378 4578 Deus
2407 4522 2685 4578 uttionum
2715 4519 2884 4575 libere
2913 4517 3041 4589 egit.

2165 4611 2206 4668 C
2238 4615 2391 4668 Deus
2436 4609 2592 4666 enim
2641 4606 2905 4665 terribile
2950 4623 3165 4664 nomen
3210 4608 3348 4664 est:
3383 4601 3660 4678 quoniam
3683 4611 3748 4654 ex

397 4695 438 4749 C
467 4691 676 4751 Parata
706 4697 796 4752 est
825 4693 1020 4764 sedes,
1047 4696 1107 4752 id
1141 4701 1250 4762 est,
1293 4713 1464 4754 mens
1510 4698 1806 4770 fidelium;
1833 4702 1987 4760 sicut
2015 4709 2063 4776 ι)
2093 4698 2472 4772 Grmc0,quod
2496 4697 2789 4773 signiﬁcat
2812 4691 3745 4776 timorem,descendit.Ultionem

325 4785 416 4840 est
473 4781 600 4855 (ιω.
643 4785 794 4852 um)
827 4801 840 4839 :
873 4778 1064 4857 Super
1124 4801 1300 4857 quem
1356 4787 1675 4860 requiescit
1731 4790 1986 4864 Spiritus
2017 4775 2048 4776 ί
2096 4789 2384 4848 Dominus
2415 4787 3033 4860 est,quijudicaturus
3053 4784 3165 4842 erit
3188 4775 3746 4848 mundum,etultio-

332 4885 520 4940 meus,
535 4869 648 4927 nisi
681 4888 860 4946 super
887 4871 1175 4950 humilem
1196 4877 1254 4930 et
1282 4879 1628 4935 trementem
1659 4881 1834 4938 verba
1856 4899 1990 4941 mea

325 4961 384 5015 et
411 4959 717 5032 quietum?
741 4959 816 5018 Et
845 4963 1007 5031 tunc,
1031 4960 1090 5018 id
1123 4967 1231 5032 est,
1265 4964 1337 5021 ab
1371 4965 1776 5028 incarnatione
1819 4971 1986 5029 Chri-

325 5047 421 5106 sti.
563 5048 774 5105 sasculo
807 5068 821 5108 :
857 5051 1134 5109 deitatem
1187 5058 1337 5126 (qua!
1395 5061 1681 5116 coaeterna
1731 5077 1988 5136 regnans

493 5127 898 5278 fatremescit
948 5157 1077 5198 esse
1127 5143 1238 5198 sub
1295 5147 1582 5218 tempore)
1609 5127 1867 5208 ostendit
1925 5151 1986 5210 in

414 5241 496 5280 P18
524 5240 580 5278 ο.

414 5240 558 5280 1⁸18ῐο
566 5263 580 5278 .

324 5311 359 5370 4
465 5312 827 5370 Elevaverunt
849 5315 1106 5384 ﬂumina,
1139 5317 1383 5376 Domine.

466 5402 828 5459 Elevaverunt
855 5401 1101 5477 ﬂumina
1133 5422 1309 5464 vocem
1338 5427 1518 5470 suam.

397 5491 438 5548 C
469 5489 741 5581 Flumina
771 5489 1004 5548 Domini
1047 5499 1209 5562 sunt,
1241 5497 1508 5557 videlicet
1557 5506 1829 5578 apostoli,
1881 5509 1984 5581 qui

327 5577 400 5636 de
448 5579 666 5653 Spiritu
718 5585 921 5636 sancto
951 5582 1134 5654 potati
1183 5589 1342 5653 sunt,
1376 5605 1507 5660 qua:
1558 5577 1765 5651 merito
1813 5577 1982 5654 voces

327 5669 587 5725 é’levasse
619 5665 775 5724 dicta
803 5674 964 5736 sunt,
993 5673 1273 5743 quoniam
1325 5680 1545 5734 auctori
1597 5698 1735 5741 suus
1780 5683 1984 5744 laudes

330 5756 670 5817 salutariter
697 5757 1052 5817 obtulerunt.

2096 4879 2273 4936 nibus
2294 4877 2478 4950 justis
2509 4875 2730 4950 afﬂiget
2759 4874 3110 4932 obstinatos.
3143 4873 3346 4930 Libero
3373 4870 3512 4946 egit,
3541 4868 3602 4926 id
3641 4867 3744 4928 est,

2097 4967 2258 5027 nullo
2287 4965 2644 5042 impediente
2667 4969 2860 5022 totum
2891 4963 3184 5021 mundum
3209 4960 3520 5040 judicabit.

2093 5061 2130 5116 2
2233 5057 2518 5122 imitare,
2551 5057 2649 5129 qui
2663 5055 2884 5130 judicas
2912 5063 3119 5112 terram
3159 5059 3176 5119 ξ
3218 5071 3240 5108 ,ο

2239 5146 2416 5204 Redde
2438 5147 2856 5204 retributionem
2881 5143 3156 5218 superbis.

2164 5238 2206 5294 C
2227 5237 2398 5293 Tunc
2443 5233 2732 5292 exaltatus
2779 5238 2871 5291 est
2907 5249 3105 5290 coram
3131 5229 3440 5304 discipulis
3472 5245 3486 5284 :
3517 5221 3742 5301 quando

2093 5344 2229 5385 eum
2260 5326 2320 5382 in
2351 5325 2658 5398 majestate
2687 5341 2797 5381 sua
2827 5323 2898 5380 ad
2932 5321 3181 5397 gloriam
3223 5322 3456 5378 constat
3501 5326 3744 5373 resurre-

2091 5416 2247 5473 xisse
2279 5412 2957 5489 perpetuam.Judicabit
2985 5415 3204 5468 terram
3229 5427 3243 5466 :
3268 5407 3504 5484 quando
3542 5401 3746 5472 majes-

2093 5507 2232 5562 tatis
2263 5522 2381 5560 sua;
2411 5503 2630 5559 ditione
2659 5502 2954 5574 judicabit
3000 5505 3265 5556 terrenos
3311 5495 3601 5554 homines.
3633 5494 3742 5542 Su-

2094 5594 2255 5669 perbi
2278 5598 2476 5650 autem
2501 5592 2580 5648 illi
2629 5597 2788 5659 sunt,
2815 5591 2914 5664 qui
2949 5591 3008 5646 in
3039 5606 3149 5646 sua
3200 5587 3562 5659 malignitate
3607 5575 3738 5636 deii-

2092 5685 2274 5741 ciunt.
2301 5683 2425 5738 Illis
2455 5699 2592 5755 ergo
2626 5681 2930 5738 retributio
2962 5679 3399 5751 redditur,cum
3421 5669 3736 5731 audierint:

2093 5778 2178 5829 Ite
2209 5773 2270 5828 in
2302 5772 2520 5846 ignem.
