3922 6460
200 490 319 551 315

195 618 232 677 3
310 619 611 697 Usquequo
634 626 965 694 peccatores,
996 616 1220 679 Domine
1251 637 1272 677 .-

381 709 687 783 Usquequo
712 713 1016 782 peccatores
1042 709 1471 779 gloriabuntur?

263 796 310 853 ll
346 813 470 852 non
504 794 745 853 sufﬁcit
774 797 860 853 eis
901 801 1233 871 peccatores
1279 813 1431 866 esse,
1462 799 1562 854 sed
1610 796 1783 855 etiam
1817 797 1876 856 in

195 886 458 958 peccatis
516 883 880 958 gloriantur.
912 885 1104 941 Prima
1144 885 1362 959 quippe
1409 885 1718 944 infelicitas
1765 891 1875 955 est,

194 990 491 1046 peccare:
527 975 828 1043 secunda,
869 972 929 1031 in
976 973 1091 1030 ﬁne
1137 973 1266 1029 vitae
1316 973 1715 1048 paenitentiam
1762 992 1876 1032 non

192 1078 389 1135 agere,
423 1062 595 1135 quod
628 1061 1042 1136 gloriabundis
1073 1062 1131 1141 in
1160 1062 1389 1121 malitia
1434 1063 1662 1121 evenire
1710 1064 1875 1121 solet.

191 1148 233 1204 C
260 1150 371 1216 Qui
404 1151 469 1205 in
506 1150 611 1207 die
631 1149 875 1223 judicii,
908 1150 955 1206 si
989 1150 1084 1207 hic
1115 1167 1231 1209 non
1274 1152 1608 1221 emendant,
1641 1151 1877 1227 gloriari

191 1255 307 1297 non
367 1242 660 1312 possunt.
727 1237 881 1294 Dicit
936 1255 1095 1313 ergo,
1150 1255 1461 1311 quousque
1514 1240 1880 1314 gloriantur?

190 1326 363 1401 quasi
421 1326 660 1383 diceret
705 1342 901 1399 usque
952 1326 1023 1381 ad
1076 1327 1252 1383 linem
1303 1327 1453 1397 vitai,
1488 1328 1648 1403 quia,
1681 1334 1883 1403 postea

187 1415 457 1471 cessabit
486 1413 781 1489 gloriatio
806 1419 863 1470 et
889 1412 1132 1471 malitia.

188 1504 221 1558 4
296 1504 651 1575 ΕΙῙαὸυηιω·
673 1507 731 1558 ct
757 1503 1047 1576 loquentur
1075 1505 1424 1579 iniquitatem
1455 1522 1474 1561 :

292 1594 624 1664 Loquentur
651 1606 843 1648 omnes
872 1592 969 1663 qui
989 1600 1288 1664 operantur
1317 1594 1674 1665 injustitiam.

253 1680 296 1735 C
326 1678 432 1752 qui
465 1683 618 1736 sunt
668 1677 777 1751 qui
822 1677 1146 1752 loquuntur
1191 1679 1590 1754 iniquitatem,
1625 1681 1739 1739 nisi
1790 1679 1874 1754 illi

190 1766 296 1840 qui
327 1750 543 1825 dicunt
564 1785 584 1823 :
611 1750 771 1835 Quid
797 1750 966 1825 nobis
986 1767 1246 1842 proderit
1266 1750 1317 1827 si
1331 1769 1493 1841 juste
1518 1750 1880 1833 vixerimus?

190 1861 289 1912 aut
318 1856 467 1930 quid
502 1854 634 1911 illis
666 1853 1016 1930 profuit,qui
1041 1856 1100 1914 in
1120 1856 1233 1913 hac
1253 1856 1373 1917 vita
1394 1858 1717 1915 conversati
1740 1866 1880 1919 sunt

184 1944 563 2014 innocenter,
594 1943 706 2017 qui
739 1947 807 1999 ut
835 1943 1024 2001 caeteri
1057 1946 1271 2002 mortui
1302 1945 1485 2005 sunt?

181 2033 217 2090 5
287 2034 571 2105 Populum
602 2041 789 2099 tuum,
818 2033 1069 2101 Domine,
1101 2032 1539 2093 humiliaverunt
1563 2053 1580 2088 :

232 2168 239 2174 .
284 2122 351 2177 Et
378 2121 784 2179 hzrcditatem
814 2124 965 2176 tuam
993 2130 1348 2178 vexavcrunt.

249 2211 291 2267 C
321 2212 430 2267 Per
478 2209 806 2284 populum,
860 2209 1013 2267 viros
1054 2209 1202 2267 dicit
1246 2206 1671 2283 ﬁdelesfquos
1722 2212 1867 2268 dicit

183 2298 531 2356 humiliatos
566 2316 582 2355 :
619 2296 909 2373 quoniam
942 2302 1056 2357 Deo
1096 2299 1484 2357 contumelias
1512 2299 1634 2355 ﬁeri
1664 2302 1863 2357 audie-

184 2388 342 2455 bant,
377 2405 630 2447 necesse
664 2391 759 2443 est
797 2386 953 2442 enim
1004 2388 1275 2461 devotum
1327 2386 1615 2453 famulum
1666 2388 1863 2446 dolore

182 2476 455 2544 cruciari,
481 2476 740 2549 quando
772 2473 993 2548 aliquid
1024 2474 1614 2532 irreverentissimum
1643 2477 1712 2533 de
1744 2478 1862 2534 Deo

183 2565 454 2622 audierit.
494 2564 915 2621 Hereditatem
967 2562 1109 2619 dicit
1151 2562 1401 2637 populos
1448 2564 1856 2621 Christianos:

182 2670 324 2726 quos
355 2652 707 2711 innumeris
738 2651 1008 2707 cladibus
1028 2668 1064 2707 a
1085 2652 1355 2727 superbis
1385 2653 1857 2725 persecutoribus

181 2745 407 2801 constat
438 2757 577 2803 esse
605 2743 877 2797 vexatos.
1732 2760 1737 2767 -

180 2831 215 2885 6
284 2831 525 2887 Viduam
553 2839 609 2886 et
631 2829 906 2885 advenam
936 2830 1331 2901 interfecerunt
1358 2848 1377 2883 :
1417 2874 1424 2881 .

280 2920 343 2975 Et
360 2917 625 2993 pupillos
656 2917 994 2982 occiderunt.

246 3008 290 3065 Η
319 3007 517 3064 Vidua
552 3025 567 3064 :
603 3005 940 3063 secundum
969 3003 1358 3079 tropologiam
1392 3009 1481 3062 est
1503 3005 1702 3077 anima
1722 3024 1852 3080 pec-

1477 491 1889 553 EXPUSITIO
1932 490 2442 555 PSALMORUM.
3511 490 3633 557 346

1907 631 1964 699 Α
1992 640 2098 696 per
2119 622 2308 698 legem
2340 641 2506 681 suam
2537 626 2596 681 et
2622 619 2958 699 prophetas,
2991 636 3108 679 non
3157 624 3403 696 arguet?
3429 627 3633 697 arguet

1989 712 2210 787 utique.
2243 713 2349 785 Qui
2406 714 2572 769 docet
2617 712 2915 769 hominem
2965 710 3301 777 scientiam,
3345 710 3469 784 ipse
3515 730 3631 770 non

1984 800 2205 857 habet?
2234 801 2411 858 habet
2434 800 2704 858 videlicet
2735 816 2749 856 :
2787 798 2928 873 quia
2954 798 3256 873 plenitudo
3287 797 3543 857 scientiae
3571 800 3633 857 in

1985 887 2103 944 Deo
2132 894 2242 945 est.

1986 993 2046 1050 ll
2091 997 2349 1052 Dominus
2376 998 2478 1053 scit
2506 997 2858 1068 cogitationes
2889 994 3172 1051 hominum
3204 1012 3223 1048 :

2094 1087 2371 1156 Quoniam
2401 1100 2562 1142 vana
2587 1093 2733 1140 sunt.

2056 1173 2097 1224 C
2125 1170 2511 1244 Cogitationes
2537 1172 2693 1227 enim
2727 1169 2931 1229 talium
2955 1167 3260 1227 hominum
3283 1167 3521 1224 omnino
3542 1183 3634 1222 va-

1987 1256 2246 1315 nissimas
2272 1264 2445 1315 sunt:
2470 1277 2617 1334 quas
2646 1258 2930 1316 Dominus
2961 1256 3285 1330 novit,quia
3312 1254 3422 1331 ipsi
3444 1272 3547 1331 per
3569 1271 3632 1311 se

1988 1363 2162 1403 nosse
2192 1364 2306 1403 non
2339 1348 2719 1421 possunt,qui
2751 1346 2945 1420 pravis
2974 1344 3428 1419 cogitationibus
3457 1359 3630 1399 occu-

1986 1439 2218 1508 pantur.
2250 1439 2478 1494 Vanum
2509 1436 2666 1492 enim
2702 1435 2974 1499 dicimus,
3007 1432 3291 1506 quidquid
3324 1449 3359 1488 a
3385 1431 3630 1488 veritate

1987 1521 2249 1580 discedit.
2283 1524 2570 1599 quidquid
2600 1522 2804 1580 utilem
2836 1540 2950 1581 non
2981 1522 3157 1579 habet
3184 1520 3464 1576 fructum.

1989 1630 2055 1687 12
2088 1634 2285 1687 Beatus
2313 1632 2470 1687 homo
2493 1647 2653 1703 quem
2680 1634 2742 1688 tu
2762 1629 3053 1699 erudieris,
3086 1628 3309 1684 Domine
3340 1643 3353 1681 :

2090 1718 2157 1774 Et
2181 1718 2247 1774 de
2274 1720 2386 1792 lege
2414 1727 2511 1781 tua
2536 1719 2781 1781 docueris
2811 1734 2954 1775 eum.

2044 1806 2100 1863 (Γ.
2125 1810 2340 1867 Contra
2364 1824 2564 1877 vanos,
2594 1808 2743 1865 bene
2772 1806 3011 1879 ponitur
3040 1806 3267 1863 beatus.
3300 1802 3447 1875 Quia
3474 1802 3628 1859 sicut

1987 1894 2069 1951 illi
2101 1895 2337 1953 caducis
2365 1895 2812 1971 cogitationibus
2847 1894 3183 1961 eluduntur,
3208 1893 3292 1949 ita
3310 1890 3461 1967 justi
3490 1891 3624 1947 doc-

1900 1989 1949 2055 B
1984 1983 2149 2040 trina:
2176 1983 2426 2041 ccclesiis
2474 1984 2712 2043 veritate
2753 1984 3083 2051 ﬁrmantur,
3116 1982 3381 2054 ﬁuntque
3428 1994 3627 2037 revera

1976 2072 2438 2145 beati,quoniam
2469 2090 2716 2130 munera
2744 2072 2994 2130 cmlestis
3024 2070 3322 2144 sapientia
3352 2084 3622 2143 percepe-

1976 2162 2187 2219 runt.H
2221 2161 2383 2218 Unde
2413 2166 2565 2220 certe
2592 2161 2749 2231 felix,
2781 2160 2921 2235 quia
2950 2164 3063 2219 Deo
3105 2158 3386 2233 magistro
3417 2156 3621 2225 utitur.

1975 2254 2053 2305 De
2102 2250 2246 2322 lege,
2274 2249 2330 2305 id
2376 2255 2485 2317 est,
2516 2250 2830 2323 Scripturis
2878 2248 3115 2305 sanctis.
3150 2245 3340 2302 Lectio
3389 2261 3621 2318 quoque

1970 2337 2133 2395 illius
2162 2336 2473 2413 Scriptura:
2504 2344 2718 2399 sanctae
2748 2336 2978 2413 mitigat
2999 2334 3405 2399 tribulationes
3425 2352 3442 2403 ;
3465 2333 3620 2390 unde

1972 2426 2242 2502 sequitur
2272 2444 2285 2483 :
2322 2426 2393 2483 Ut
2421 2427 2677 2500 mitiges,
2707 2431 2817 2482 etc.

1966 2531 2038 2590 43
2078 2534 2142 2590 Ut
2167 2535 2459 2605 mitiges-j—
2501 2536 2555 2591 ei
2597 2541 2612 2599 ζ
2680 2550 2716 2591 α
2743 2532 2932 2593 diebus
2958 2532 3125 2588 malis
3160 2548 3173 2586 :

2072 2626 2246 2679 Donec
2271 2621 2519 2693 fodiatur
2543 2624 2816 2695 peccatori
2836 2623 3011 2693 fovea.

2037 2731 2078 2782 C
2102 2729 2344 2784 Constat
2370 2743 2499 2784 esse
2531 2726 2881 2785 beneﬁcium
2914 2729 3129 2783 sancte
3158 2724 3328 2796 legis,
3352 2727 3416 2781 ut
3437 2723 3495 2781 in
3519 2722 3618 2781 ad-

1963 2814 2147 2871 versis
2172 2814 2344 2871 istius
2376 2815 2583 2872 mundi
2629 2814 2995 2873 Christianus
3041 2813 3198 2870 dicat
3243 2811 3611 2886 patientiam,

1960 2918 2081 2976 qua
2107 2904 2306 2965 omnia
2334 2904 2386 2959 ei
2416 2903 2762 2975 mitigantur
2800 2903 3063 2960 adversa.
3100 2901 3232 2958 Dies
3274 2899 3415 2961 mali
3463 2914 3609 2972 pre-

1960 3007 2102 3048 sens
2130 2992 2387 3049 mundus
2414 2997 2525 3059 est,
2546 2992 2606 3048 in
2626 3010 2742 3066 quo
2760 2994 2962 3065 justus
2991 2993 3287 3065 exspectat
3306 2987 3609 3051 tolerando

184 3096 382 3165 catrix,
416 3112 554 3169 qua
586 3095 787 3155 Deum
829 3110 1030 3150 verum
1078 3093 1297 3150 amisit.
1348 3092 1560 3167 Popilli
1606 3112 1738 3152 vero
1767 3095 1852 3151 illi

180 3189 333 3254 sunt,
365 3184 469 3258 qui
504 3183 753 3239 Patrem
786 3181 968 3238 Deum
1000 3199 1117 3249 non
1144 3183 1365 3251 habent
1401 3199 1549 3255 quos
1592 3183 1850 3240 haeretici

180 3272 540 3331 interﬁciunt
572 3288 587 3327 :
627 3271 791 3327 sicut
818 3276 877 3326 et
904 3270 1066 3344 pravi
1097 3269 1328 3339 divites,
1361 3276 1566 3329 caetero
1594 3272 1850 3331 humiles

182 3361 444 3434 altlgunt.

176 3449 209 3502 'l
276 3453 341 3506 Et
368 3451 649 3507 dixerunt
680 3466 701 3505 :
731 3449 852 3504 Non
883 3447 1086 3505 videbit
1113 3448 1377 3505 Dominus
1404 3467 1424 3504 :

269 3539 378 3597 Nec
400 3538 694 3609 intelliget
715 3538 859 3593 Deus
880 3536 1064 3595 Iacob.

1960 3096 2067 3152 per
2087 3079 2427 3153 patientiam
2456 3081 2717 3147 adversa,
2747 3082 2930 3137 donec
2965 3079 3241 3138 omnibus
3287 3074 3607 3151 peccatori—

1960 3168 2074 3225 bus
2103 3168 2265 3225 lovea
2291 3168 2685 3225 damnationis
2714 3172 3070 3241 praeparetur
3092 3171 3326 3226 eterna.

1961 3276 2029 3331 it
2066 3275 2207 3343 Quia
2235 3291 2342 3331 non
2376 3275 2598 3347 repellet
2622 3276 2884 3332 Dominus
2908 3275 3123 3346 plebem
3148 3288 3308 3331 mm
3332 3289 3351 3327 :

2066 3365 2131 3420 Et
2156 3363 2529 3421 hereditatem
2560 3379 2719 3419 utam
2746 3379 2857 3420 non
2884 3363 3245 3451 derelinquat.

2036 3468 2078 3525 C
2109 3468 2341 3529 Plebem
2389 3486 2581 3540 suam,
2615 3468 2755 3526 dicit
2802 3468 3175 3537 ﬁdelissimos
3214 3464 3607 3538 Christianos,

1964 3559 2063 3631 qui
2097 3559 2168 3615 ad
2201 3559 2514 3615 Dominum
2546 3563 2665 3615 tota
2693 3558 2909 3621 mentis
2938 3556 3261 3614 intentione
3304 3553 3606 3626 festinant.

238 3627 634 3722 Q‘Fitimnt
667 3624 833 3682 enim
882 3625 1205 3722 ἀθωεῗηίθδι
1240 3629 1423 3722 Dfmm
1475 3643 1593 3684 non
1639 3626 1857 3722 vidisse
1961 3624 2280 3705 llureditas
2310 3652 2400 3704 est
2428 3648 2840 3722 humanaque:
2862 3647 2935 3703 ad
2965 3659 3363 3703 successorem
3392 3624 3608 3716 prioris

178 3714 322 3805 mela
350 3714 598 3805 motum
629 3729 774 3770 cum
806 3717 1069 3805 P9993},
1096 3714 1332 3805 (ἶυεξξξάο
1358 3730 1421 3805 ³49
1450 3731 1564 3771 που
1591 3716 1856 3805 εξπίίυηί
1962 3734 2189 3792 Domini
2222 3741 2409 3794 morte
2437 3714 2916 3805 transfertur,sed
2949 3734 3083 3803 licet
3105 3714 3608 3805 hereditas-Chri-

173 3803 273 3859 sub
319 3803 626 3861 celeritate
683 3800 964 3874 percelli:
999 3801 1142 3858 dum
1190 3801 1289 3857 ille
1337 3800 1473 3874 pius
1519 3804 1840 3860 moderato:

2009 3824 2035 3878 .i
2060 3826 2138 3880 sit
2164 3842 2271 3881 suo
2302 3832 2504 3884 sancto
2535 3824 2820 3900 sanguine
2862 3824 3177 3897 acquisita,
3202 3825 3405 3878 tamen
3450 3835 3607 3876 nun-

170 3891 447 3951 sxclamat
482 3891 685 3950 :Nolo
728 3894 982 3947 mortem
1031 3890 1355 3963 peccatoris
1380 3892 1591 3963 (Ezech.
1624 3894 1849 3967 xxxx")-

174 3984 314 4038 Deus
343 3982 530 4039 Jacob
565 3997 580 4036 :
618 3979 849 4037 dicitur
876 3982 1030 4036 Deus
1052 3978 1372 4036 Christiani
1402 3981 1622 4055 populi.

170 4071 201 4125 8
270 4072 596 4143 lntelligite,
633 4069 966 4141 insipientes
999 4071 1060 4124 in
1088 4069 1292 4141 populo
1321 4086 1341 4124 .-

270 4159 335 4216 Et
361 4161 547 4229 stulti,
583 4157 899 4230 aliquando
927 4158 1117 4230 sapite.

234 4249 274 4303 (Ξ
302 4249 676 4323 insipientes
698 4244 838 4301 illos
864 4243 1138 4319 appellat,
1168 4245 1268 4318 qui
1301 4244 1361 4300 in
1413 4245 1666 4303 Ecclesia
1706 4264 1844 4306 con-

175 4335 380 4406 stituti,
411 4336 710 4393 felicitate
738 4330 924 4406 hujus
953 4333 1150 4391 seculi
1199 4334 1477 4407 gaudent.
1512 4334 1689 4391 Stulti
1736 4354 1843 4394 au-

171 4426 279 4481 tem
332 4425 480 4481 dicit
538 4422 762 4497 sapite,
790 4422 850 4477 id
899 4426 1008 4490 est,
1038 4439 1143 4479 vos
1191 4420 1294 4495 qui
1338 4438 1486 4479 verte
1543 4421 1841 4501 religionis

1954 3929 2135 3986 quam
2165 3914 2355 3986 perdit
2384 3931 2561 3971 suum
2592 3918 2912 3979 auctorem,
2936 3912 3036 3977 sed
3054 3929 3188 3968 cum
3204 3909 3332 3983 ipso
3346 3907 3605 3982 posside-

1953 4002 2053 4058 tur
2080 4018 2328 4076 semper.

1954 4107 2026 4165 15
2064 4106 2423 4179 Quoadusque
2440 4108 2661 4181 justitia
2688 4113 3025 4163 convertatur
3054 4106 3112 4160 in
3129 4102 3410 4177 judicium
3430 4120 3458 4159 .-

2058 4198 2125 4255 Et
2152 4197 2250 4268 qui
2265 4197 2433 4268 juxta
2465 4196 2661 4253 illam?
2687 4210 2871 4251 omnes
2898 4194 2997 4266 qui
3025 4196 3167 4250 recto
3194 4198 3321 4251 sunt
3347 4189 3504 4249 corde
3527 4197 3584 4256 {-3

2124 4284 2449 4356 Diapsalma
2490 4290 2505 4351 ζ
2551 4324 2565 4338 .

2021 4390 2062 4446 C
2081 4390 2244 4447 Tunc
2259 4387 2868 4460 converteturjustitia
2882 4386 3191 4444 hominum
3208 4385 3266 4442 in
3276 4384 3592 4456 judicium,

1949 4478 2183 4551 quando
2211 4477 2554 4543 sedentibus
2579 4474 2859 4549 apostolis
2891 4490 3069 4547 super
3088 4473 3397 4535 duodecim
3426 4473 3596 4539 sedes

1947 4567 2244 4624 dabuntur
2262 4566 2444 4640 justis
2473 4564 2712 4638 praemia
2741 4567 2975 4633 aeterna,
3005 4560 3597 4639 etjustijudicabunt

1946 4655 2255 4729 impios.Et
2283 4655 2383 4728 qui
2405 4655 2577 4727 juxta
2605 4652 2765 4709 illam
2793 4648 3229 4724 (interrogando
3280 4648 3440 4721 dicit.)
3472 4649 3591 4705 sci-

1865 4713 1914 4779 D
1941 4713 2079 4801 licet
2098 4713 2436 4817 justitiam;l
2467 4713 2819 4816 Respondet,
2848 4713 3072 4797 omne;
3085 4742 3241 4797 recto
3272 4713 3466 4797 corde.

1942 4852 2012 4906 16
2046 4852 2182 4921 Quis
2204 4857 2493 4908 consumet
2517 4848 2661 4906 mihi
2687 4847 2944 4905 adversus
2969 4844 3337 4916 malignantes
3354 4845 3380 4898 Ρ

2040 4946 2097 5007 -:-
2143 4943 2251 4999 Aut
2290 4948 2305 5007 ς
2364 4942 2494 5013 quis
2537 4938 2701 4997 stabit
2746 4952 2961 4994 meeum
3003 4932 3260 4993 adverm
3305 4939 3589 5005 operante:

171 4518 443 4584 expertes,
477 4510 924 4585 blasphematis
963 4515 1182 4584 aperte,
1215 4510 1476 4582 dicentes
1518 4516 1702 4568 Deum
1734 4530 1840 4572 nec

170 4600 351 4658 videro
380 4618 490 4659 nec
517 4598 865 4672 intelligere
893 4599 1203 4656 hominum
1230 4600 1383 4657 tacta
1406 4616 1419 4654 :
1440 4600 1836 4675 vos,inquam,

172 4689 323 4745 stulti
355 4695 413 4747 et
438 4690 785 4755 dementes,
817 4687 1098 4744 advertite
1126 4686 1401 4759 pietatem
1432 4688 1552 4745 Dei.

168 4776 201 4830 9
264 4779 370 4847 Qui
392 4780 688 4852 plantavit
716 4792 913 4833 aurem
940 4792 1055 4833 non
1082 4776 1270 4832 audiet
1302 4793 1315 4832 :

263 4869 366 4925 Aut
393 4871 495 4940 qui
522 4868 705 4941 finxit
733 4865 956 4921 oculum
983 4881 1096 4921 non
1119 4864 1425 4921 considerat
1442 4870 1468 4920 γ

228 4953 268 5009 ο
297 4955 396 5012 Isti
426 4972 645 5013 versus
673 4953 1033 5026 increpative
1062 4951 1481 5027 legendi‘sunt.
1504 4954 1834 5014 Ostendunt

172 5041 315 5099 enim
344 5043 405 5101 in
426 5043 550 5101 Deo
585 5058 726 5101 esse
756 5043 1005 5099 virtutes
1034 5041 1313 5099 audiendi
1342 5040 1729 5117 videndique;
1762 5062 1830 5103 ac
2108 5028 2504 5104 “59W?

168 5127 211 5183 si
238 5129 388 5189 dicat
416 5150 433 5190 :
469 5131 585 5200 Qui
614 5131 733 5188 tibi
766 5129 1054 5203 plantavit
1080 5146 1283 5186 aurem
1314 5148 1431 5187 non
1461 5132 1701 5188 audiet?
1729 5150 1830 5191 au-
2006 5134 2050 5190 C
2078 5136 2353 5193 Testatur
2378 5134 2537 5191 enim
2564 5133 2833 5191 Christus
2863 5129 2977 5189 sibi
3014 5128 3212 5188 solum
3243 5132 3426 5185 Deum
3454 5144 3586 5186 esse

170 5214 272 5274 dist
296 5237 449 5279 vers.
483 5220 700 5295 Et'qui
747 5216 917 5275 ﬁnxit
962 5218 1199 5275 oculum
1247 5219 1319 5275 ad
1366 5219 1679 5278 videndum
1711 5239 1828 5280 non
1936 5222 2262 5294 adjutorem
2292 5229 2496 5280 contra
2524 5222 2813 5296 malignos
2860 5219 3127 5293 spiritus.
3158 5219 3230 5274 Et
3255 5216 3582 5290 interroga.

166 5303 345 5364 videt?
371 5314 417 5367 Β
448 5310 625 5368 Certe
650 5314 817 5366 totus
846 5307 1047 5365 oculos
1084 5310 1196 5374 est,
1227 5309 1328 5380 qui
1371 5312 1569 5366 omnia
1611 5310 1769 5367 videt
1800 5328 1814 5367 :
1926 5312 2041 5367 tive
2069 5311 2382 5385 legendum
2424 5316 2522 5368 est
2549 5329 2566 5368 :
2597 5312 2735 5384 quis
2781 5306 3137 5381 consurget?
3165 5307 3225 5363 id
3272 5310 3363 5367 est
3408 5320 3581 5361 nemo

166 5394 307 5454 totus
331 5412 553 5467 manus
578 5402 696 5468 est,
727 5395 869 5469 quia
899 5395 1100 5453 omnia
1134 5401 1409 5468 operatur
1439 5416 1454 5454 :
1487 5402 1545 5454 et
1574 5399 1816 5470 qidquid
1929 5414 2032 5469 pro
2064 5417 2157 5457 me
2186 5401 2465 5456 adversus
2494 5400 2790 5456 daemones
2814 5401 3144 5453 certaturus
3170 5394 3582 5461 assistet,dum

171 5486 410 5544 membra
440 5492 656 5544 nostra
682 5484 903 5554 valent,
929 5483 1058 5559 ipse
1083 5488 1377 5556 operatur.
1927 5486 2122 5558 potius
2149 5487 2416 5545 homines
2437 5505 2538 5545 eos
2564 5488 2737 5545 malis
2758 5485 3193 5542 imitationlbus
3216 5483 3581 5555 subsequan-

172 5568 229 5622 10
260 5573 360 5641 Qui
383 5578 624 5649 corripit
655 5582 842 5647 gentes
866 5591 979 5630 non
1008 5580 1211 5648 arguet
1238 5592 1260 5627 :
1927 5579 2043 5630 tur.
2080 5577 2192 5631 Aut
2220 5576 2354 5648 quis
2382 5576 2608 5632 stabit?
2632 5576 2688 5631 id
2739 5578 2828 5631 est
2874 5571 3074 5629 nullus
3119 5572 3298 5628 stabit
3344 5572 3403 5625 in
3451 5569 3576 5625 acie

258 5666 367 5735 Qui
392 5666 549 5723 docet
577 5665 868 5722 hominem
892 5662 1225 5721 scicntimn?
1926 5667 2277 5731 certaturus,
2310 5665 2476 5737 quasi
2516 5664 2761 5721 diversis
2800 5660 3017 5734 jaculis
3062 5656 3475 5722 vulnerandus,
3509 5659 3573 5710 ut

228 5745 266 5803 C
291 5752 393 5820 Qui
422 5754 677 5828 corripit
720 5755 947 5825 gentes,
970 5752 1039 5809 id
1078 5756 1194 5819 est,
1228 5751 1328 5823 qui
1370 5752 1570 5810 erudit
1596 5757 1813 5826 gentes
1930 5768 2046 5811 non
2078 5754 2442 5813 defendendo
2473 5754 2575 5811 sed
2605 5751 2880 5828 patiendo
2911 5752 3042 5806 stet.
