3922 6434
322 423 441 486 34⁸1

328 559 396 617 17
468 559 592 617 Nisi
620 558 755 633 quia
779 557 1042 617 Dominus
1071 556 1285 631 adjuvit
1313 574 1400 614 me
1430 574 1450 612 :

468 649 833 707 Paulominus
860 648 1131 705 habitavit
1161 649 1217 703 in
1247 648 1463 721 inferno
1493 648 1681 705 anima
1710 664 1854 704 mea.

398 742 439 797 C
468 738 622 797 Dicit
652 738 812 796 enim
847 754 860 794 :
894 737 1007 796 nisi
1041 737 1181 810 quia
1207 736 1511 805 Dominus,
1545 756 1651 794 vox
1682 737 1897 794 Christi
1930 737 1990 795 in

327 846 581 904 persona
611 830 1037 896 membrorum,
1073 844 1139 885 ac
1170 827 1220 885 si
1248 828 1407 885 dicat
1438 844 1451 884 :
1479 829 1539 884 In
1572 827 1737 885 illam
1768 828 1991 885 foveam

1244 424 1310 484 S.
1356 421 1752 486 BRUNONIS
1800 421 2425 485 HEltlilPOLENSlS
2469 422 2848 485 EPISCUPI.

2104 664 2212 704 ma:
2243 651 2624 722 preparatur.
2661 647 2730 703 Et
2760 651 2909 704 Deus
2941 662 3108 704 meus
3138 645 3196 702 in
3244 646 3605 721 adjutorium
3634 648 3759 724 spei

2103 736 2572 805 meae.Quoniam
2603 735 2699 794 hic
2727 736 2919 794 adhuc
2949 752 3113 810 spem
3145 736 3454 807 habemus,
3487 755 3605 794 non
3637 756 3759 796 rem

2100 830 2373 884 tenemus
2403 844 2417 882 :
2452 827 2555 883 sed
2605 843 2769 901 spem
2820 825 2882 882 in
2933 826 3131 882 futuro
3179 824 3594 901 relinquimus,
3623 828 3762 902 quia

329 919 600 994 protinus
629 917 996 984 incidissem,
1028 917 1089 973 in
1120 934 1238 991 qua
1265 921 1601 991 peccatores
1644 923 1871 975 certum
1904 921 1994 975 est
2092 918 2220 989 jam
2252 921 2519 974 nostrum
2550 916 2908 973 desiderium
2942 915 3333 989 possidemus.

329 1025 503 1082 posse
534 1006 1214 1081 demergi.Paulominus
1245 1006 1627 1074 habitaverat,
1663 1006 1720 1063 id
1752 1012 1862 1076 est,
1892 1024 1989 1063 va-

330 1096 423 1156 nis
471 1098 962 1171 persuasionibus
1014 1096 1302 1170 potuisset
1352 1095 1539 1170 decipi
1590 1096 1790 1153 anima
1838 1114 1988 1164 mea,

330 1185 445 1242 nisi
475 1185 786 1243 meruisset
816 1203 850 1242 a
881 1185 1126 1242 Domino
1151 1183 1409 1241 liberari.

331 1276 399 1332 18
471 1274 535 1332 Si
561 1276 807 1333 dicebam
831 1293 851 1330 :
881 1280 1061 1334 Motus
1088 1284 1167 1331 est
1191 1291 1286 1347 pes
1315 1291 1468 1331 meus
1499 1292 1519 1330 :

470 1365 841 1422 Misericordia
870 1370 985 1433 tua,
1023 1367 1274 1432 Domine,
1305 1363 1601 1437 adjuvabat
1626 1380 1731 1420 me.

398 1456 441 1511 C
473 1456 573 1512 Hic
603 1455 954 1512 beneﬁcium
994 1453 1311 1511 celerrimas
1360 1454 1747 1511 confessionis
1796 1456 1990 1510 osten-

328 1545 580 1611 ditur,ut
609 1562 743 1601 cum
776 1562 837 1599 se
870 1544 1047 1600 homo
1076 1542 1311 1617 lapsum
1343 1543 1401 1599 in
1449 1542 1703 1615 peccatis
1751 1544 1992 1600 conﬁte-

326 1634 653 1703 tur,statim
679 1649 926 1689 munera
946 1632 1143 1689 divina
1163 1631 1495 1688 dimittendi
1517 1636 1754 1705 peccata
1785 1632 1990 1689 subse-

330 1721 682 1797 quuntur.Si
714 1722 897 1795 igitur
924 1721 1189 1778 dicebam
1217 1720 1448 1778 :Motus
1477 1726 1569 1778 est
1599 1739 1703 1795 pes
1734 1722 1988 1789 meus,id

329 1816 421 1870 est
452 1811 704 1885 peccavi,
738 1827 917 1884 quam
949 1811 1151 1867 statim
1181 1810 1298 1867 dixi
1346 1827 1480 1868 vero
1528 1812 1721 1876 corde,
1755 1810 1990 1867 miseri-

2098 1008 2169 1063 23
2242 1008 2307 1063 Et
2330 1007 2512 1064 reddet
2530 1007 2648 1063 illis
2672 1007 3021 1079 iniquitatem
3052 1007 3291 1077 ipsorum
3319 1023 3340 1062 :

2245 1100 2311 1155 Et
2340 1098 2397 1152 in
2425 1096 2648 1152 malitia
2679 1112 2867 1152 eorum
2895 1095 3170 1168 disperdet
3194 1112 3282 1152 eos
3312 1113 3333 1153 :

2268 1189 2358 1267 .31.-
2406 1184 2695 1259 Disperdet
2724 1186 2850 1241 illos
2880 1203 2900 1241 :
2931 1186 3191 1242 Dominus
3218 1185 3360 1241 Deus
3383 1194 3587 1242 noster.

2172 1276 2213 1332 C
2245 1277 2312 1332 Et
2340 1276 2543 1332 reddet
2574 1273 2776 1341 illis,id
2807 1278 2897 1331 est
2928 1274 3206 1331 retribuet
3234 1272 3406 1331 malis
3431 1275 3760 1333 secundum

2098 1369 2232 1423 vota
2263 1364 2536 1439 nequitiae
2566 1369 2772 1432 sunt,et
2796 1366 2934 1421 nota
2958 1363 3113 1438 quod
3139 1364 3250 1420 hoc
3272 1364 3758 1435 nomen,malitia,

2100 1459 2190 1512 est
2219 1471 2403 1529 capax
2431 1454 2698 1512 omnium
2729 1453 3067 1521 criminum,
3099 1453 3254 1511 sicut
3283 1453 3540 1511 charitas
3561 1458 3652 1513 est
3671 1471 3765 1511 ca-

2101 1562 2211 1619 pax
2242 1543 2509 1601 omnium
2539 1531 2846 1601 virtutum.
2881 1542 3189 1617 Disperdet
3215 1560 3335 1613 eos,
3368 1542 3426 1599 id
3457 1547 3572 1614 est,
3594 1561 3631 1601 a
3652 1561 3760 1602 suo

2100 1651 2280 1709 regno
2311 1632 2533 1691 alienos
2565 1632 2796 1691 efﬁciet.

2574 1740 2780 1781 ORATIO
2817 1741 2886 1779 EX
2927 1740 3086 1779 PSAL.
3127 1738 3281 1780 XCIII.

2173 1812 2349 1870 Erudi
2381 1830 2511 1881 nos,
2534 1811 3134 1881 Domine,secundum
3155 1810 3590 1869 benevolentiae
3609 1811 3756 1887 legis

330 1900 530 1957 cordia
557 1904 661 1957 tua
688 1900 1002 1974 adjuvabat
1031 1916 1144 2001 me.
1178 1900 1431 1956 Tantum
1473 1898 1623 1956 valet
1672 1899 1992 1956 accelerata
2018 1934 2067 2001 Β
2100 1906 2233 1970 tuae,
2266 1906 2324 1958 et
2350 1907 2477 1959 esto
2508 1902 2679 1958 nobis
2707 1901 2769 2001 in
2800 1900 3178 1958 tribulatione
3205 1901 3628 1976 refugium,qui
3657 1901 3759 1959 ho-

328 1990 640 2060 confessio,
675 1994 739 2047 ut
767 1994 905 2047 ante
935 1988 1269 2047 remittatur
1315 1993 1623 2064 peccatum
1672 2005 1851 2062 quam
1883 2005 1989 2063 pu-

329 2080 546 2138 niatur.

328 2168 399 2226 l9
468 2168 778 2228 Secundum
803 2170 1215 2229 multitudinem
1242 2169 1492 2227 dolorum
1517 2185 1763 2227 meorum
1790 2170 1850 2225 in
1870 2186 1990 2226 cor-

539 2259 800 2318 demeo:

469 2349 873 2408 Consolationes
893 2357 1000 2407 tua!
1043 2350 1463 2423 laetiﬁcaverunt
1508 2350 1758 2407 animam
1806 2366 1987 2407 meam

396 2437 443 2496 Η
475 2439 813 2497 Secundum
844 2439 1310 2507 multitudinem,
1341 2439 1401 2496 id
1422 2443 1531 2508 est,
1560 2443 1849 2514 quantum
1872 2441 1987 2497 fuit

324 2527 556 2602 pondus
584 2528 1169 2601 pmnitentim,tantus
1201 2529 1312 2585 fuit
1332 2546 1617 2585 numerus
1640 2527 1987 2586 consolatio-

326 2616 656 2683 num.Quia
684 2617 921 2690 quando
946 2616 1037 2691 egi
1068 2617 1474 2690 paenitentiam
1505 2622 1563 2675 et
1592 2617 1848 2675 sustinui
1881 2617 1983 2674 tri-

326 2702 693 2762 hulationem
719 2704 781 2760 in
812 2705 1087 2778 praesenti
1114 2706 1256 2772 vita,
1281 2710 1423 2762 tunc
1451 2704 1743 2763 consolari
1772 2706 1986 2779 gaude-

327 2794 465 2850 bam
495 2793 557 2851 in
589 2794 808 2861 futura,
842 2798 900 2851 et
930 2798 1150 2867 quanto
1181 2794 1371 2869 magis
1419 2795 1509 2869 egi
1558 2795 1981 2868 pmnitentiam,

327 2886 491 2941 tanto
521 2884 712 2958 magis
743 2884 1080 2942 consolatus
1094 2902 1159 2942 es
1174 2885 1483 2945 me.Unam
1501 2885 1985 2960 fndilacrymam,

326 2989 509 3030 unam
541 2974 729 3031 merui
760 2974 1253 3045 consolationem;
1285 2976 1485 3033 decem
1521 2976 1645 3033 fudi
1671 2974 1981 3050 lacrymas,

325 3063 528 3121 decem
559 3063 746 3122 merui
777 3064 1226 3123 consolationes.
1251 3067 1402 3133 Quot
1432 3065 1693 3138 patimur
1719 3065 1983 3137 vulnera,

322 3156 409 3210 tot
425 3170 722 3211 meremur
734 3158 791 3213 et
811 3159 1141 3225 coronas,et
1161 3156 1506 3230 magnitudo
1531 3154 1982 3214 tribulationum

324 3244 670 3319 magnitudo
699 3244 1075 3318 prmmiorum
1105 3250 1215 3303 est.

322 3336 395 3390 20
465 3335 728 3409 Nunquid
755 3334 1002 3394 adhaeret
1028 3336 1134 3393 tibi
1159 3335 1311 3393 sedes
1336 3336 1645 3409 iniquitatis
1676 3354 1695 3392 :

467 3425 575 3494 Qui
600 3426 770 3498 ﬁngis
801 3425 1040 3483 laborem
1072 3428 1129 3481 in
1156 3424 1465 3499 praecepto?

390 3512 434 3570 C
464 3513 790 3586 Nunquid?
818 3514 1084 3588 negative
1129 3513 1447 3587 legendum
1497 3518 1605 3572 est.
1640 3514 1821 3571 Sedes
1870 3513 1982 3571 ini-

323 3598 567 3676 quitatis
591 3618 653 3658 es
685 3601 892 3659 mundi
922 3602 1103 3674 huius
1131 3601 1481 3675 voluptuosa
1510 3604 1825 3676 possessio,
1851 3620 1979 3678 quae

320 3689 572 3748 Domino
601 3689 854 3746 adserere
881 3707 996 3747 non
1029 3693 1241 3764 potest.
1274 3691 1635 3764 Praeceptum
1680 3692 1838 3749 enim
1870 3693 1981 3751 Do-

316 3776 470 3839 mini
500 3777 679 3835 habet
710 3794 723 3833 :
758 3779 919 3836 Beati
951 3780 1052 3853 qui
1081 3777 1287 3853 lugent
1316 3785 1372 3836 et
1393 3780 1492 3854 qui
1515 3781 1983 3854 perseeutionem

320 3867 630 3943 patiuntur
657 3871 895 3942 propter
915 3867 1234 3941 justitiam,
1267 3869 1549 3942 quoniam
1597 3868 1846 3927 istorum
1892 3876 1984 3929 est

322 3973 570 4032 regnum
603 3956 883 4014 caelorum
913 3957 1120 4029 (Matth.
1154 3961 1229 4029 γ).
1266 3958 1333 4015 Et
1361 3962 1715 4033 praeceptum
1747 3959 1979 4019 Domini

322 4046 382 4104 in
410 4047 682 4123 praesenti
712 4047 923 4106 saaculo
954 4048 1215 4106 laborem
1240 4052 1298 4105 et
1326 4048 1586 4106 dolorem
1631 4049 1827 4118 habet,
1864 4069 1979 4109 non

319 4137 582 4211 requiem
615 4153 720 4195 nec
747 4137 1208 4213 gaudium.Quia
1237 4143 1399 4196 arcta
1430 4144 1487 4196 et
1507 4144 1760 4213 angusta
1777 4140 1871 4197 via
1891 4145 1982 4198 est

321 4245 450 4301 qum
472 4227 634 4284 ducit
652 4228 724 4285 ad
747 4227 1199 4303 vitam.Fingere
1214 4228 1371 4286 enim
1390 4228 1684 4303 plasmare
1701 4229 1978 4300 dicimus,

320 4321 378 4373 et
406 4316 508 4389 qui
540 4315 846 4386 mentitur,
878 4316 1100 4392 aliquid
1133 4318 1246 4375 sibi
1280 4317 1573 4392 plasmare
1601 4319 1852 4377 videtur.
1877 4320 1980 4377 Hic

317 4410 514 4464 autem
546 4402 764 4482 ﬁngere
784 4406 902 4463 Deo
923 4407 1389 4475 attribuitur,ille
1419 4409 1694 4466 formavit
1718 4408 1978 4467 laborem

316 4496 377 4553 in
410 4502 714 4571 praecepto.
748 4497 795 4555 H
828 4498 1008 4555 Nemo
1038 4499 1196 4554 enim
1224 4498 1527 4556 dormiens
1559 4500 1890 4556 coronatur.

315 4585 380 4643 2t
464 4586 770 4660 Captabunt
799 4589 861 4643 in
888 4589 1138 4644 animam
1166 4587 1305 4657 iusti
1332 4605 1352 4643 :

455 4676 523 4733 Et
550 4679 879 4750 sanguinem
905 4678 1247 4734 innocentem
1273 4675 1731 4733 condemnabunt.

386 4765 427 4824 C
452 4767 786 4841 Captabunt
827 4765 985 4822 enim
1028 4766 1194 4833 dixit,
1236 4765 1406 4838 quasi
1456 4765 1714 4838 captiose
1762 4770 1977 4824 tracta-

313 4856 482 4924 bunt,
515 4857 656 4930 quia
683 4871 883 4913 veram
915 4871 1158 4912 causam
1205 4853 1474 4911 criminis
1518 4854 1581 4910 in
1615 4856 1975 4930 martyribus

311 4950 714 5019 persecutores
741 4944 1005 5002 invenire
1043 4960 1163 5001 non
1209 4947 1478 5017 possunt.
1509 4944 1578 5003 Et
1623 4945 1974 5019 sanguinem

312 5035 684 5093 innocentem
717 5052 731 5092 :
766 5035 839 5091 ad
872 5033 1172 5092 Christum
1201 5032 1313 5090 hoc
1342 5035 1536 5106 potest
1580 5034 1804 5105 referri,
1837 5034 1978 5108 quia

310 5140 445 5180 vere
471 5123 755 5181 innocens
785 5140 891 5196 pro
929 5127 1131 5183 nostra
1173 5121 1573 5196 redemptione
1621 5124 1974 5183 sententiam

312 5212 546 5284 injustas
574 5212 984 5269 condemnatis
1014 5212 1255 5287 accepit.

311 5303 384 5357 22
454 5301 522 5357 Et
546 5304 728 5374 factus
752 5309 833 5357 vst
862 5303 1125 5358 Dominus
1151 5303 1297 5359 mihi
1321 5304 1380 5375 in
1412 5304 1691 5375 refugium
1720 5324 1740 5363 :

454 5391 521 5446 Et
548 5391 690 5446 Deus
717 5404 869 5446 meus
900 5391 962 5444 in
989 5389 1329 5461 adjutorium
1356 5392 1473 5462 spei
1499 5408 1656 5451 mea.

385 5481 425 5537 C
440 5476 547 5535 Hic
567 5478 825 5535 ostendit
840 5477 988 5533 nihil
1006 5478 1193 5535 valere
1209 5480 1641 5551 persecutiones
1662 5483 1970 5543 hominum

314 5573 516 5626 contra
537 5566 838 5624 Christum
868 5564 956 5621 vel
989 5571 1190 5623 contra
1215 5573 1582 5642 martyres,et
1612 5589 1678 5630 eo
1711 5577 1973 5648 tempore

315 5655 507 5730 magis
562 5655 708 5712 dicit
761 5653 1028 5711 divinum
1086 5656 1198 5713 sibi
1256 5659 1593 5732 provenisse
1651 5664 1967 5738 refugium,

317 5747 549 5821 quando
581 5745 859 5820 superbia
887 5743 1158 5805 humanae
1200 5749 1622 5824 persecutionis
1653 5754 1849 5812 studio
1878 5754 1967 5815 in-

2101 1992 2364 2050 minibus
2394 1991 2716 2064 prudenter
2743 1988 3015 2048 insinuas
3046 1991 3371 2059 scientiam,
3404 2006 3478 2048 ne
3502 1991 3754 2050 derelin-

2099 2087 2305 2156 quant.
2341 2083 2448 2140 Per
2477 2081 2793 2139 Dominum
2827 2083 3095 2137 nostrum
3123 2079 3349 2149 Jesum,
3379 2083 3488 2138 etc.

2651 2205 2984 2264 PSALMUS
3018 2204 3205 2263 XCIV.

2524 2339 2929 2382 ARGUMENTUM
2977 2339 3136 2380 PSAL.
3175 2338 3307 2380 XCIV
3314 2364 3328 2379 .

2166 2442 2209 2500 C
2233 2440 2525 2517 Propheta
2552 2440 2761 2498 incitat
2790 2438 3041 2514 populos
3070 2439 3143 2498 ad
3165 2438 3401 2497 laudem
3416 2437 3520 2498 Dei
3532 2439 3750 2498 venire.

2380 2532 2498 2589 TT.
2525 2537 2582 2600 σξη
2623 2533 2769 2587 Laus
2796 2532 3029 2587 canticis
3059 2532 3171 2602 ipsi
3196 2528 3370 2586 David
3409 2534 3427 2597 ζ
3495 2547 3513 2584 :

2165 2621 2207 2678 C
2239 2622 2414 2689 Laus,
2442 2621 2602 2678 vocis
2649 2619 2944 2695 signiﬁcat
2988 2618 3387 2689 devotionem;
3427 2617 3748 2688 canticum,

2093 2710 2449 2769 hilaritatem
2481 2709 2714 2768 mentis.
2743 2709 2906 2775 Quod
2938 2712 3257 2782 utrumque
3287 2708 3347 2767 in
3387 2724 3557 2782 opere
3584 2707 3746 2781 psal-

2094 2801 2303 2857 modiis
2335 2800 2508 2857 debet
2535 2816 2664 2857 esse
2712 2798 3022 2855 sociatum.
3058 2797 3174 2871 Ipsi
3220 2796 3420 2869 David,
3452 2796 3747 2873 signiﬁcat

2091 2890 2409 2960 Christum,
2442 2888 2536 2947 cui
2566 2888 2698 2946 laus
2728 2888 2842 2945 ista
2870 2891 3161 2945 cantatur.

2094 2982 2119 3038 1
2236 2981 2437 3049 Venite,
2468 2980 2802 3037 exsultemus
2826 2979 3077 3036 Domino.

2230 3071 2535 3128 Jubilemus
2562 3070 2669 3127 Deo
2695 3069 2934 3126 salutari
2959 3074 3161 3125 nostro.

2162 3160 2204 3217 C
2232 3159 2438 3217 Venite
2466 3157 2622 3217 enim
2654 3157 2772 3215 illis
2802 3156 3018 3214 dicitur
3063 3156 3165 3231 qui
3204 3156 3371 3231 longe
3400 3156 3571 3231 positi
3607 3173 3747 3215 sen-

2091 3248 2450 3322 tiuntur,qui
2476 3265 2539 3306 se
2570 3248 2822 3307 necdum
2843 3247 2976 3305 ﬁdei
2998 3244 3331 3320 integritate
3350 3246 3565 3320 populo
3584 3242 3746 3304 ﬁdeli

2011 3322 2056 3390 C
2086 3339 2433 3411 junxerunt.
2465 3339 2570 3396 Est
2599 3340 2796 3394 autem
2827 3335 3137 3394 exsultatio
3166 3336 3347 3409 huius
3376 3334 3593 3404 saeculi,
3616 3352 3744 3409 qua

2093 3431 2340 3502 occupat
2369 3427 2599 3485 animas
2624 3426 2911 3485 inﬁdeles.
2946 3425 3083 3485 Ideo
3113 3425 3335 3483 addidit
3362 3425 3501 3497 Deo,
3528 3425 3602 3482 de
3630 3442 3746 3499 quo

2091 3534 2228 3575 vera
2256 3521 2345 3575 est
2374 3516 2707 3575 exsultatio.
2738 3515 3002 3575 Jubilare
3029 3532 3159 3573 esse
3188 3530 3471 3589 magnum
3503 3515 3745 3573 modum

2093 3605 2323 3673 laetitiis,
2357 3607 2451 3663 cui
2481 3623 2676 3664 sermo
2707 3622 2823 3663 non
2855 3603 3095 3673 sufﬁcit,
3126 3620 3278 3678 sepe
3306 3602 3583 3662 diximus.

2089 3700 2127 3753 2
2232 3700 2684 3771 Prwoccupemus
2709 3694 2916 3770 faciem
2939 3695 3058 3768 ejus
3082 3695 3145 3752 in
3173 3695 3506 3766 confessione
3536 3712 3555 3751 :

2233 3787 2298 3843 Et
2321 3789 2380 3843 in
2406 3788 2638 3860 psalmis
2657 3785 2963 3859 jubilemus
2988 3785 3060 3841 ei.

2082 3935 2095 3947 ,
2164 3876 2205 3932 C
2239 3877 2660 3949 Prmoccupare,
2709 3879 2801 3932 est
2857 3873 3080 3948 aliquid
3139 3877 3273 3931 ante
3324 3873 3533 3945 facere,
3565 3889 3745 3947 quam

2094 3965 2189 4023 ille
2238 3966 2425 4040 possit
2472 3965 2667 4022 videre
2714 3963 2818 4038 qui
2862 3962 3121 4020 creditur
3167 3961 3458 4020 advenire.
3492 3961 3742 4030 Faciem,

2091 4055 2232 4112 dicit
2262 4058 2645 4129 conspectum
2676 4052 2891 4115 Christi
2914 4052 2972 4109 in
2996 4052 3242 4124 judicio,
3274 4051 3333 4109 id
3362 4055 3453 4110 est
3480 4056 3544 4109 ut
3573 4053 3749 4109 conﬁ-

2090 4149 2322 4203 teamur
2349 4144 2612 4203 facinora
2639 4147 2841 4201 nostra
2869 4147 3004 4200 ante
3024 4141 3367 4216 judicialem
3388 4140 3517 4213 ejus
3538 4142 3747 4199 adven-

2089 4239 2241 4291 tum.
2273 4234 2610 4292 .lubilemus
2638 4233 2699 4290 in
2731 4230 2997 4307 psalmis,
3030 4232 3077 4289 Η
3108 4230 3329 4288 scilicet
3370 4232 3430 4288 in
3470 4229 3744 4288 cordibus

2090 4324 2308 4382 nostris
2332 4322 2671 4398 psallentes,
2706 4321 2764 4378 id
2798 4325 2888 4380 est
2915 4321 3135 4396 gratias
3165 4324 3418 4397 agentes.

2086 4415 2124 4471 3
2234 4414 2507 4483 Quoniam
2535 4413 2677 4469 Deus
2706 4428 2944 4482 magnus
2971 4413 3237 4468 Dominus
3265 4428 3279 4467 :

2230 4504 2298 4559 Et
2325 4520 2427 4560 rea:
2450 4519 2680 4576 magnus
2707 4518 2874 4575 super
2901 4516 3083 4559 omnes
3110 4501 3255 4558 deos.

2158 4593 2201 4650 C
2230 4593 2486 4651 Dicendo
2515 4591 2696 4661 enim,
2729 4590 3011 4666 quoniam
3036 4594 3189 4648 Deus
3218 4605 3471 4664 magnus
3491 4588 3747 4647 ostendit

2005 4698 2054 4764 Ι)
2086 4682 2255 4739 illum
2286 4698 2417 4740 esse
2465 4681 2890 4756 potentiorem;
2922 4696 3177 4754 magnus
3225 4679 3441 4753 quippe
3485 4678 3581 4737 hic
3627 4695 3742 4736 non

2087 4772 2322 4842 dicitur,
2350 4770 2466 4828 nisi
2506 4770 2608 4845 qui
2657 4787 2904 4828 summae
2952 4768 3259 4844 potestatis
3305 4784 3500 4825 arcem
3547 4771 3742 4825 tenere

2086 4864 2470 4919 monstratur.
2502 4859 2652 4918 Deos
2681 4860 2859 4917 etiam
2907 4858 3179 4941 homines
3225 4861 3458 4915 sanctos
3489 4854 3746 4931 appellat

2084 4967 2262 5025 super
2293 4966 2442 5024 quos
2471 4947 2760 5008 Dominus
2781 4966 2883 5007 rex
2902 4965 3154 5023 magnus
3174 4946 3565 5021 est,quoniam
3586 4948 3745 5005 creat

2083 5040 2284 5098 omnia
2311 5044 2369 5097 et
2398 5039 2549 5114 regit
2579 5039 2872 5117 universa.

2083 5132 2118 5188 4
2228 5131 2373 5199 Quia
2400 5131 2462 5186 in
2483 5147 2658 5187 manu
2685 5130 2803 5203 ejus
2826 5134 2960 5187 sunt
2985 5145 3169 5188 omnes
3196 5128 3332 5201 ﬁnes
3362 5133 3529 5184 terra:
3556 5142 3577 5182 .-

2225 5221 2294 5276 Et
2325 5219 2648 5277 altitudines
2676 5221 2950 5277 montium
2976 5221 3152 5293 ipsius
3180 5220 3332 5274 sunt.

2154 5309 2196 5367 C
2223 5309 2395 5367 Fines
2419 5313 2590 5366 terra
2622 5309 2694 5367 ad
2726 5312 2931 5383 gentes
2977 5308 3230 5383 pertinet
3257 5305 3582 5372 universam,
3613 5318 3742 5376 quis

2080 5398 2311 5458 Christo
2342 5398 2500 5463 ﬁdeli
2531 5399 2834 5456 devotione
2875 5400 3153 5472 subjectae
3197 5400 3356 5459 sunt.
3387 5392 3742 5452 Altitudines

2081 5489 2723 5563 montium,potestates
2740 5487 2938 5546 saeculi
2955 5488 3325 5560 honoresque
3342 5481 3557 5542 terreni
3577 5485 3738 5549 sunt,

2080 5578 2183 5652 qui
2210 5582 2407 5635 tamen
2439 5576 2688 5635 Domino
2720 5578 2972 5652 subjecti
3005 5580 3232 5646 sunt,et
3251 5576 3381 5633 ideo
3400 5573 3589 5648 ipsius
3609 5587 3741 5629 esse

2078 5669 2375 5725 dicuntur.
2408 5668 2455 5725 Η
2489 5667 2714 5743 Pugillo
2745 5668 2924 5738 enim,
2948 5667 3008 5725 id
3030 5668 3429 5741 est,potestate
3446 5660 3743 5745 concludit

2078 5774 2314 5818 omnem
2346 5757 2722 5818 latitudinem
2745 5763 2940 5819 terras.

3632 418 3851 488 3t8'

2017 557 2071 624 Α
2101 557 2241 614 ﬁata
2260 556 2522 626 est.Quia
2550 572 2656 631 per
2682 554 2835 614 hanc
2863 554 2966 612 illa
2994 554 3294 615 beatitudo
3325 555 3620 615 coronalis
3639 558 3759 632 pal-
