5516 6554
109 626 231 688 349

104 760 141 815 5
251 760 539 832 Quoniam
569 759 738 830 ipsius
766 765 844 814 est
871 774 1028 831 mare
1051 766 1103 815 et
1132 774 1244 831 ipse
1272 760 1401 829 fecit
1431 758 1571 814 illud
1604 772 1616 814 :

256 850 325 903 Et
351 849 562 903 siccam
588 864 788 903 manus
814 848 932 918 ejus
960 851 1362 919 formaverunt.

180 935 222 992 C
249 936 414 992 Mare
445 935 740 1008 signiﬁcat
771 941 993 1008 gentes,
1029 953 1156 1008 quae
1188 936 1248 992 in
1295 929 1404 993 hcc
1437 935 1648 991 saeculo
1679 951 1775 990 va-

113 1025 218 1082 riis
246 1023 530 1080 vitiorum
563 1025 797 1081 flatibus
819 1029 1288 1092 commoventur;
1314 1023 1497 1095 arida,
1523 1023 1778 1096 populus

115 1113 305 1169 ﬁdelis
335 1116 450 1179 est,
485 1113 675 1169 fontes
725 1113 857 1168 ﬁdei
906 1113 1098 1168 adhuc
1147 1113 1352 1169 sitiens
1386 1129 1399 1167 :
1433 1129 1580 1184 quos
1627 1113 1778 1166 dono

117 1221 234 1260 suae
268 1201 689 1258 misericordia;
737 1193 974 1272 fundare
1022 1203 1301 1274 dignatus
1345 1206 1434 1256 est
1483 1201 1780 1256 Christus-

118 1291 217 1346 His
238 1289 522 1346 omnibus
542 1289 917 1362 jungendum
947 1293 1036 1345 est
1068 1308 1080 1344 :
1105 1289 1430 1361 jubilemus
1459 1289 1546 1344 ei.-

117 1408 152 1461 6
265 1405 482 1471 Venite,
514 1402 802 1460 adoremus
831 1411 882 1460 et
903 1403 1249 1476 procidamus
1279 1423 1300 1458 :

257 1495 321 1548 Et
345 1494 633 1564 plorcmus
662 1500 788 1548 ante
814 1494 1108 1548 Dominum
1156 1495 1252 1564 qui
1299 1494 1428 1564 fecit
1473 1509 1566 1548 nos
1597 1511 1615 1546 :
1647 1495 1779 1564 quia

330 1583 450 1653 ipse
478 1589 556 1637 est
582 1583 844 1636 Dominus
868 1584 1008 1638 Deus
1032 1589 1232 1637 noster.

187 1679 228 1735 C
257 1679 542 1734 Hortatur
574 1695 731 1734 nunc
759 1677 1157 1733 Christianum
1191 1676 1472 1750 pepulum
1493 1679 1777 1750 Propheta

121 1769 190 1824 ad
250 1766 722 1823 satisfactionem
775 1767 1150 1839 paenitentiae.
1181 1767 1527 1835 Adoremus,
1562 1767 1618 1823 id
1665 1771 1772 1834 est,

123 1857 377 1929 corporis
438 1855 753 1911 inﬂexione
812 1855 1205 1911 ineurvemus.
1266 1855 1662 1924 Procidamus,
1710 1862 1774 1912 ut

125 1950 252 2002 ante
284 1945 486 2017 ipsum
517 1962 624 2001 nos
648 1934 1354 2017 prosternam‘usdotaque
1376 1947 1772 2001 membrorum

127 2033 404 2090 ell‘usione
433 2034 770 2089 tendamur.
803 2034 948 2089 Ante
997 2033 1180 2088 Deum
1229 2033 1474 2104 plorare,
1507 2038 1595 2088 est
1646 2033 1772 2106 pios

130 2123 293 2178 fletus
316 2121 639 2188 eﬂ'undere,
672 2125 730 2176 et
750 2120 1009 2192 pessima
1037 2121 1189 2176 facta
1217 2121 1516 2177 damnare.
1546 2122 1692 2178 Nam
1723 2124 1770 2178 si
1803 2121 1850 2188 B

131 2214 245 2265 tota
271 2208 466 2266 cordis
493 2209 748 2281 puritate
777 2209 1176 2281 deprecemur,
1213 2209 1379 2266 facile
1410 2226 1516 2266 nos
1545 2211 1645 2282 qui
1691 2211 1775 2266 fe-

132 2299 285 2365 cit,et
313 2298 536 2354 refecit.
555 2299 626 2353 Et
655 2313 895 2354 causam
946 2297 1234 2370 triplicem
1266 2298 1444 2369 hujus
1485 2298 1773 2357 adoratio-

133 2386 220 2443 nis
247 2386 510 2458 subjicit,
541 2386 819 2457 quoniam
851 2386 976 2457 ipse
1005 2385 1142 2442 fecit
1170 2403 1297 2455 nos,
1329 2390 1436 2443 etc.

133 2501 167 2560 7
269 2502 333 2558 Et
360 2518 457 2558 nos
484 2501 722 2574 populus
746 2516 968 2573 pascuae
994 2502 1110 2573 ejus
1139 2519 1156 2554 :

266 2592 340 2646 Et
367 2606 489 2646 oves
521 2605 720 2644 manus
751 2590 889 2661 ejus.

200 2691 238 2741 C
264 2687 410 2744 Dicit
440 2686 604 2742 enim
636 2685 775 2758 quid
806 2685 927 2741 sint
957 2686 1176 2755 ﬁdeles,
1206 2687 1406 2758 utique
1454 2704 1587 2772 oves
1636 2705 1776 2760 pas-

136 2792 247 2830 cua
275 2775 531 2832 Domini.
565 2774 715 2838 Quia
746 2773 979 2830 aeternis
1035 2774 1258 2831 deliciis
1307 2775 1456 2831 felici
1499 2781 1653 2832 sorte
1684 2794 1774 2833 sa-

138 2865 247 2920 tian
257 2870 368 2920 tur.

139 2982 170 3033 8
269 2980 432 3036 Hodie
461 2981 522 3035 si
550 2995 733 3035 vocem
761 2979 876 3050 ejus
905 2978 1196 3034 audieritis
1232 2995 1244 3032 :

272 3069 444 3126 Nolite
472 3069 747 3126 obdurare
774 3068 936 3123 corda
967 3072 1164 3123 vestra.

208 3167 247 3222 C
276 3167 372 3222 llic
402 3166 606 3223 subdit
629 3183 804 3222 unam
823 3165 1214 3220 conditionem
1237 3165 1561 3222 necessario
1580 3183 1780 3238 prtere-

147 3254 410 3326 quisitam
439 3255 509 3312 ad
550 3255 761 3322 hoc,ut
790 3254 910 3309 sint
945 3253 1214 3320 homines
1233 3271 1364 3326 vero
1390 3271 1521 3310 oves
1544 3253 1774 3322 Christi,

148 3343 332 3399 dicens
366 3362 378 3399 :
414 3343 599 3400 Hodie
648 3342 697 3398 si
742 3358 940 3398 vocem
991 3343 1118 3413 ejus
1143 3341 1465 3398 audieritis.
1500 3343 1645 3398 Nam
1677 3343 1776 3414 qui

1346 625 1748 690 EXPOSITIO
1795 615 2302 689 PSAL'MORUM.

3407 601 3528 690 ese

1793 757 1849 824 Α
1879 757 1946 811 12
2017 758 2083 812 Et
2111 757 2208 812 isti
2236 773 2346 812 non
2375 765 2743 826 cognoverunt
2773 758 2892 814 vias
2922 774 3068 815 meas
3101 733 3142 813 :i

2105 854 2165 901 ut
2185 846 2380 917 juravi
2408 849 2464 901 in
2497 849 2582 902 ira
2612 863 2750 902 mea.

2033 935 2095 990 Si
2123 937 2428 992 introibant
2455 938 2512 992 in
2539 938 2778 1008 requiem
2807 953 3002 990 meam.

1962 1026 2001 1076 C
2034 1023 2102 1078 Et
2131 1024 2224 1078 isti
2259 1041 2372 1080 non
2401 1028 2793 1098 cognoverunt
2811 1025 2954 1088 vias,
2975 1024 3113 1096 quia
3141 1025 3528 1098 quadraginta

1892 1113 2178 1166 annorum
2223 1116 2481 1185 tempore
2531 1113 2814 1169 beneﬁcia
2857 1113 2958 1168 Dei
3002 1114 3148 1168 scire
3194 1113 3524 1169 noluerunt.

1890 1199 2128 1254 Duobus
2159 1200 2348 1256 modis
2371 1202 2572 1272 jurare
2603 1201 2818 1256 dicitur
2864 1201 3017 1256 Deus
3045 1201 3235 1271 :jurat
3266 1201 3528 1272 placatus

1890 1291 2062 1359 atque
2091 1287 2280 1356 mitis;
2306 1288 2400 1344 hic
2445 1294 2638 1346 autem
2673 1291 2874 1360 jurare
2905 1287 3119 1344 dicitur
3149 1289 3355 1355 iratus,
3391 1289 3528 1361 quia

1886 1375 2202 1432 vindictam
2253 1378 2516 1433 noscitur
2565 1377 2929 1434 comminari.
2962 1377 3109 1441 Quid
3159 1381 3248 1433 est
3277 1376 3436 1433 aliud
3468 1378 3526 1432 in

1884 1464 2146 1536 requiem
2178 1464 2275 1520 Dei
2307 1483 2421 1522 non
2467 1466 2725 1532 introire,
2761 1465 2874 1521 nisi
2923 1469 3204 1538 perpetua
3237 1469 3528 1522 tormenta

1885 1553 2198 1625 suscipere.
2231 1554 2504 1626 Negative
2535 1555 2712 1626 igitur
2741 1554 3050 1627 legendum
3082 1557 3192 1621 est,
3225 1553 3274 1610 si
3325 1553 3526 1610 introi-

1885 1640 2050 1708 bunt,
2079 1641 2134 1696 id
2167 1645 2256 1697 est
2281 1659 2394 1698 non
2426 1642 2770 1698 introibunt.

2353 1747 2556 1786 ORATIO
2595 1747 2663 1785 EX
2703 1747 2860 1786 PSAL.
2906 1748 3052 1786 XCIV.

1954 1816 2216 1874 Salutare
2247 1818 2528 1874 eximium
2570 1819 2836 1876 omnium
2867 1817 3240 1889 populorum,
3263 1817 3523 1884 Domine,

1883 1904 2105 1976 respice
2131 1905 2418 1977 propitius
2451 1922 2625 1978 super
2655 1922 2789 1960 oves
2819 1904 3011 1977 gregis
3040 1905 3145 1971 tni,
3181 1904 3383 1976 eisque
3419 1905 3526 1960 im-

1881 1993 2132 2066 pertiens
2193 1992 2277 2049 sal
2338 1993 2678 2065 prudentiae,
2726 1993 3092 2048 introducere
3149 1992 3382 2048 easdem
3439 1993 3527 2048 in-

1880 2080 2079 2136 noxiae
2110 2081 2524 2154 sempiternam
2557 2081 2816 2154 digneris
2846 2081 2905 2136 in
2936 2081 3213 2153 requiem.
3247 2081 3356 2147 Qui
3390 2097 3524 2138 cum

1883 2169 2048 2226 Patre
2079 2174 2137 2226 et
2166 2167 2304 2226 Filio
2334 2175 2390 2226 et
2419 2170 2658 2243 Spiritu,
2689 2174 2798 2226 etc.

2439 2303 2772 2361 PSALMUS
2812 2303 2975 2360 XCV.

2323 2435 2725 2475 ARGUMENTUM
2765 2436 2920 2475 PSAL.
2962 2436 3087 2473 XCV.

1953 2534 1994 2590 C
2026 2535 2178 2589 Laus
2222 2531 2482 2589 ﬁdelium
2529 2534 2599 2588 de
2643 2533 2853 2590 Christi
2908 2532 3307 2590 incarnatione
3355 2537 3413 2588 et
3454 2532 3526 2589 de

1884 2621 2230 2678 exultatione
2255 2622 2543 2678 Ecclesiae.

1953 2711 2067 2766 TT.
2108 2717 2162 2775 εξ·
2181 2711 2404 2779 Quando
2423 2711 2611 2767 domus
2630 2711 3005 2782 aediﬁcabatur
3016 2718 3133 2783 post
3149 2710 3528 2781 captivitatem

2323 2801 2596 2855 canticum
2627 2800 2755 2854 hinc
2783 2799 2959 2855 David
3001 2805 3015 2862 ;
3065 2841 3077 2853 .

1955 2889 2001 2944 Η
2033 2889 2073 2944 C
2103 2892 2320 2943 Domus
2353 2888 2509 2943 enim
2538 2887 2652 2943 ista
2680 2891 2769 2943 est
2799 2886 3141 2942 universalis
3173 2885 3442 2953 Ecclesia,
3466 2885 3525 2942 in

1885 2995 2001 3050 qua
2031 2977 2298 3033 Christus
2328 2975 2634 3032 inhabitat.
2669 2978 2801 3042 Quas
2843 2977 3138 3032 destructa
3185 2975 3523 3043 aediﬁcatur,

1885 3066 2117 3138 quando
2148 3065 2344 3120 anima
2373 3069 2503 3136 post
2531 3064 2922 3136 captivitatem
2958 3063 3286 3136 peccati,ad
3313 3061 3526 3119 intelli-

1885 3153 2140 3226 gentiam
2185 3152 2444 3208 veritatis
2502 3153 2738 3223 cmperit
2795 3153 3039 3208 Domino
3088 3154 3397 3223 praestante
3437 3166 3524 3207 re-

1886 3259 2107 3309 meare;
2142 3257 2246 3297 nec
2276 3240 2546 3296 aediﬁcari
2593 3240 2840 3311 desinet,
2872 3241 3053 3296 donec
3102 3257 3288 3312 usque
3331 3240 3404 3302 ad
3458 3239 3525 3294 ﬁ-

1885 3347 2017 3386 nem
2049 3329 2241 3386 sazculi
2273 3329 2813 3401 praedestinatorum
2856 3345 3138 3384 numerus
3189 3328 3522 3399 impleatur.

149 3448 334 3487 vocem
365 3431 600 3488 Domini
632 3448 747 3486 non
780 3430 1092 3498 audit,non
1122 3447 1260 3504 grex
1289 3430 1500 3486 dicitur
1519 3413 1776 3502 ejus,nec
1810 3481 1850 3504 η
1885 3420 1934 3475 Η
1963 3421 2172 3475 Totum
2207 3419 2421 3491 quippe
2452 3417 2793 3489 mysterium
2825 3417 3002 3488 hujus
3036 3416 3329 3504 psalmiin
3353 3413 3524 3504 titulo

154 3481 1490 3592 vero
1807 3481 1851 3549 C
1887 3512 2004 3576 est;
2039 3511 2158 3564 tota
2184 3481 2552 3562 vitairiostra:
2580 3481 2946 3562 sacramenta
2976 3481 3225 3561 etsalus
3255 3503 3312 3560 in
3354 3501 3522 3558 titulo

151 3612 394 3682 tempore
412 3608 673 3682 positum
690 3606 961 3675 est,velut
975 3607 1202 3664 dicatur
1225 3625 1237 3664 :
1263 3609 1617 3681 Quocunque
1641 3613 1780 3664 tem-

154 3713 278 3768 pore
304 3696 389 3753 vel
416 3697 678 3768 die,ejus
703 3712 903 3751 vocem
935 3695 1259 3766 audieritis,
1288 3695 1462 3753 nolite
1492 3696 1778 3756 obdurare

152 3786 313 3842 corda
338 3790 546 3842 vestra.

151 3901 181 3954 9
279 3902 427 3958 Sicut
449 3904 509 3957 in
542 3902 862 3957 irritatione
893 3919 910 3955 :

280 3991 586 4045 Secundum
617 3989 763 4046 diem
793 3990 1113 4045 tentationis
1145 3991 1204 4044 in
1234 3989 1459 4046 deserto.

215 4109 251 4160 ω
277 4106 538 4162 Tentatio
598 4106 758 4162 enim
803 4104 1048 4162 Judaica
1091 4110 1290 4162 contra
1331 4106 1562 4178 Moysen
1620 4106 1777 4178 gravi

155 4195 602 4252 murmuratione
652 4193 922 4261 surrexit,
951 4193 1150 4250 dicens
1197 4209 1298 4248 nec
1323 4210 1539 4266 eseam
1579 4193 1689 4250 sibi
1721 4194 1779 4249 in

156 4280 366 4339 deserto
396 4283 665 4352 dari,nec
697 4299 913 4354 aquam
943 4281 1257 4354 potabilem
1291 4281 1487 4338 divina
1516 4281 1780 4356 largitate

157 4371 393 4426 concedi.
410 4373 775 4443 Quapropter
795 4369 968 4441 culpa
987 4373 1296 4441 parentum
1327 4369 1458 4427 istis
1481 4371 1777 4443 repetitur,

159 4461 220 4511 ut
245 4457 428 4516 debita
453 4457 715 4514 vindicta
744 4457 1037 4513 timeatur.

165 4573 223 4626 10
293 4575 387 4630 Ubi
414 4581 760 4630 tentaverunt
786 4589 872 4629 me
897 4579 1075 4644 patres
1103 4573 1269 4627 vestri
1298 4591 1314 4626 :

288 4663 660 4728 Probaverunt
687 4666 740 4716 et
767 4661 1022 4717 viderunt
1049 4677 1212 4733 opera
1238 4676 1378 4716 mea.

225 4775 262 4831 C
288 4775 722 4851 Uhi,signiﬁcat
753 4776 811 4832 in
843 4776 1091 4832 deserto.
1121 4775 1206 4832 lbi
1227 4775 1496 4849 apparuit
1526 4780 1782 4848 potestas

1889 3602 2045 3652 sunt.

1888 3687 1915 3741 1
2031 3686 2250 3741 Cantate
2276 3685 2502 3740 Domino
2529 3685 2801 3740 canticum
2829 3699 3027 3738 novum
3059 3699 3071 3737 :

2031 3775 2252 3830 Cantate
2281 3775 2526 3839 Domino,
2559 3774 2732 3828 omnis
2763 3776 2930 3827 terra.

1959 3867 1998 3918 C
2027 3866 2233 3918 Cantat
2261 3861 2416 3918 enim
2451 3861 2692 3917 Domino
2714 3860 3006 3916 canticum
3040 3874 3250 3915 novum
3274 3858 3396 3930 qui,
3428 3875 3522 3914 ve-

1887 3956 2006 4008 tere
2036 3950 2270 4006 homine
2291 3949 2574 4022 deposito,
2607 3966 2710 4021 per
2736 3948 2984 4020 gratiam
3014 3947 3384 4019 baptismatis
3403 3945 3524 4002 feli-

1888 4039 2029 4094 citer
2056 4037 2384 4094 innovatur.
2418 4036 2622 4092 Omnis
2653 4040 2829 4104 terra,
2859 4035 3204 4091 catholicam
3239 4034 3530 4107 signiﬁcat

1887 4126 2226 4192 Ecclesiam,
2260 4141 2386 4196 qua:
2416 4141 2517 4196 per
2558 4128 2835 4178 cunctum
2867 4123 3064 4179 orbem
3113 4121 3374 4179 noscitur
3403 4137 3530 4178 esse

1888 4215 2119 4270 diffusa.
2144 4214 2301 4268 Nova
2329 4213 2537 4267 domus
2561 4226 2775 4266 novum
2806 4215 3062 4266 meretur
3089 4209 3406 4266 canticum.
3435 4213 3530 4264 In-

1889 4307 2096 4359 novata
2123 4301 2318 4357 anima
2347 4299 2637 4355 canticum
2671 4299 2924 4354 innovet.

1887 4396 1924 4446 2
2033 4392 2251 4446 Cantate
2278 4389 2502 4443 Domino
2531 4396 2582 4442 et
2611 4387 2905 4443 bencdicite
2925 4387 3139 4442 nomini
3165 4386 3282 4456 ejus
3317 4402 3329 4440 :

1900 4486 1903 4488 ’
2032 4478 2367 4534 Annuntiate
2393 4476 2457 4533 de
2485 4475 2575 4531 die
2596 4477 2654 4530 in
2683 4475 2829 4530 diem
2852 4475 3094 4530 salutare
3121 4474 3261 4546 ejus.

1962 4569 2003 4624 C
2026 4568 2244 4624 Nomen
2275 4566 2430 4622 enim
2457 4563 2558 4619 Dei
2575 4562 3241 4634 benedicimus,quando
3263 4565 3530 4618 nostrum

1892 4655 2144 4713 salutare
2174 4671 2274 4727 per
2297 4651 2493 4709 omnia
2514 4651 2880 4707 conﬁtemur.
2898 4649 2979 4705 De
3006 4650 3101 4705 die
3123 4649 3182 4704 in
3215 4649 3368 4704 diem
3390 4665 3534 4704 nun-

1893 4745 2091 4812 tiatur,
2115 4743 2346 4816 quando
2378 4741 2689 4797 adventum
2719 4737 2931 4794 Christi
2963 4741 3019 4793 et
3063 4737 3352 4810 prophetas
3408 4752 3534 4810 pro-

164 4823 512 4938 Dei,quand3
537 4823 675 4923 esca
704 4865 861 4921 venit
890 4881 958 4921 ex
989 4881 1119 4921 aere
1149 4823 1436 4938 potiisrque
1466 4823 1782 4938 exrlapide:
1814 4845 1862 4910 D
1893 4834 2192 4938 ξηίῗθττωίν
2211 4835 2282 4938 ‘et
2311 4827 2700 4938 ιθῖδηεθιίῗίδῖ
2733 4827 2958 4938 vexisse
3005 4823 3394 4938 decla’ﬁwm'
3437 4829 3534 4926 .lta

164 4951 237 5006 Ibi
265 4954 646 5026 probaverunt
690 4969 867 5026 opera
895 4968 1026 5008 mea
1056 4969 1068 5010 :
1103 4954 1336 5026 quando
1381 4970 1596 5010 manna
1638 4953 1786 5027 pluit

164 5041 805 5115 esurientibus,quando
830 5038 1196 5097 coturnicum
1227 5035 1538 5098 multitudo
1558 5043 1714 5099 venit
1733 5048 1790 5099 et

165 5144 330 5199 aquas
356 5131 504 5204 lapis
534 5130 903 5205 dedit(Exod.
925 5135 1064 5200 XVI).
1088 5131 1157 5185 Et
1184 5130 1482 5200 viderunt;
1507 5131 1616 5187 hoc
1643 5131 1787 5204 ipsis

167 5214 564 5293 improperium
595 5219 829 5276 dicitur.
861 5219 1010 5275 Nam
1038 5217 1312 5275 viderunt
1340 5222 1398 5274 et
1426 5223 1621 5276 tamen
1672 5237 1786 5277 non

169 5307 532 5365 crediderunt.

175 5420 224 5474 11
294 5425 663 5497 Quadraginta
691 5425 856 5480 annis
884 5424 1118 5496 offensus
1144 5424 1235 5494 fui
1267 5425 1606 5493 generationi
1651 5424 1740 5480 illi
1768 5441 1787 5481 :

293 5511 356 5566 Et
382 5512 504 5570 duri
530 5532 550 5569 :
577 5514 804 5585 Semper
831 5519 1020 5568 errant
1045 5509 1220 5567 corde.

235 5625 272 5679 A
295 5627 681 5702 Quadraginta
705 5627 1109 5694 annis,omnes
1127 5625 1362 5700 tempus
1377 5627 1505 5683 vita;
1536 5645 1786 5699 praesen-

171 5707 241 5792 tis
267 5712 565 5785 signiﬁcat;
601 5717 876 5772 denarius
923 5716 1137 5771 etenim
1187 5731 1467 5771 numerus
1497 5712 1786 5787 perfectus

181 5802 376 5871 est,qui
408 5804 542 5859 dum
576 5806 648 5861 ad
679 5809 933 5878 quatuor
963 5802 1167 5859 mundi
1199 5807 1391 5876 partes
1422 5803 1780 5876 adjungitur,

182 5885 241 5942 ad
261 5891 772 5966 quadragenarium
805 5909 989 5966 usque
1017 5890 1296 5966 pervenit.

1893 4922 2111 4978 factum
2142 4924 2231 4977 est
2268 4923 2332 4974 ut
2362 4919 2476 4974 duo
2507 4916 2768 4973 cmlestes
2817 4915 2940 4971 dies
2990 4913 3370 4970 annuntiasse
3400 4913 3528 4985 ejus

1895 5008 2140 5082 gloriam
2168 5003 2862 5079 comprobentur,scilicet
2880 5003 3061 5059 Vetus
3090 5002 3530 5059 Testamentum

1895 5101 1952 5153 et
1980 5097 2224 5152 Novum.
2249 5096 2295 5151 H
2317 5095 2585 5152 Christus
2611 5091 2765 5148 enim
2797 5093 2854 5148 in
2881 5096 3127 5164 utroque
3149 5091 3320 5147 lucet.
3346 5090 3534 5147 Nolite

1897 5202 2030 5241 eum
2062 5188 2290 5240 tantum
2318 5184 2377 5238 in
2404 5181 2598 5238 Veteri
2629 5181 2916 5248 nuntiare,
2936 5197 3005 5236 ne
3033 5178 3162 5236 sitis
3182 5179 3366 5234 Judaei
3393 5195 3405 5234 :
3431 5195 3536 5235 nec

1897 5273 2088 5329 solum
2120 5274 2178 5327 in
2209 5272 2385 5336 Novo,
2419 5288 2490 5327 ne
2521 5269 2649 5326 sitis
2679 5269 3006 5338 Manichazi,
3039 5268 3140 5325 sed
3189 5267 3249 5325 in
3286 5273 3536 5342 utroque

1896 5361 2130 5418 laudate
2161 5377 2318 5416 eum.

1893 5450 1928 5505 3
2036 5445 2372 5504 Annuntiate
2401 5449 2549 5502 inter
2575 5449 2759 5516 gentes
2788 5446 3024 5515 gloriam
3049 5447 3168 5518 ejus
3197 5463 3218 5502 :

2039 5541 2100 5592 In
2129 5538 2379 5592 omnibus
2403 5535 2618 5607 populis
2646 5533 2931 5589 mirabilia
2955 5534 3090 5604 ejus.

1964 5626 2005 5682 C
2035 5624 2318 5682 Dominus
2347 5623 2503 5679 enim
2535 5621 2787 5679 salvator
2814 5621 3175 5678 nuntiandus
3204 5625 3344 5685 erat,
3360 5623 3413 5675 et
3434 5635 3538 5690 per

1892 5719 2092 5789 gentes
2137 5729 2364 5786 quoque
2417 5710 2784 5784 praedicanda
2841 5714 2965 5766 erat
3001 5709 3183 5781 gloria
3224 5711 3370 5779 ejus,
3399 5707 3537 5777 quia

1891 5803 2037 5858 tanti
2096 5798 2361 5858 miraculi
2433 5799 2823 5871 praedicabant
2880 5801 3195 5852 auctorem.
3249 5791 3534 5850 Mirabilia

1892 5891 2021 5962 ejus
2051 5907 2065 5948 :
2100 5889 2394 5964 signiﬁcat
2421 5903 2700 5946 arcanum
2731 5883 3146 5948 incarnationis
3175 5879 3404 5948 Christi,
3430 5878 3528 5949 qui

4127 6333 5516 6436 _____.__‘

4078 6441 5516 6554 ἡ
