3922 6422
315 389 438 474 355

1243 388 1309 450 S.
1339 385 1736 451 BRUNONIS
1781 385 2404 450 HEBBIPOLENSIS
2447 381 2820 448 EPISCOPI.

3629 385 3744 450 356

321 519 526 576 laetari.
553 519 1082 591 Conﬁtenturjusti
1107 521 1450 578 memoriam
1475 521 1805 578 sanctitatis
1827 522 1976 600 ejus,
2009 525 2064 590 Α
2163 519 2204 574 C
2235 519 3263 600 Jubilate,dictum,estcummagna
3291 517 3742 576 delectationem

321 609 559 681 quando
594 608 652 664 in
685 608 785 664 illo
821 625 1000 681 regno
1031 615 1308 684 perpetuo
1341 611 1559 668 fuerint
1587 609 1978 678 collocati,re-

321 699 630 752 cordantcs
660 697 730 752 de
759 703 979 770 quanta
1021 697 1186 756 clade
1217 699 1396 772 huius
1427 699 1622 756 saeculi
1653 701 1770 757 Deo
1801 701 1978 756 mise-

321 795 486 842 tante
509 790 648 842 sunt
677 787 986 844 subtracti.

793 893 998 934 οιιΑΤιο
1037 894 1108 932 EI
1147 894 1306 934 PSAL.
1345 895 1494 934 XCVI.

392 963 600 1022 Custos
621 965 954 1022 animarum
975 969 1334 1034 sanctarum,
1351 967 1708 1038 Deus,cujus
1727 983 1976 1040 regnum

321 1057 411 1110 est
467 1071 604 1128 pars
661 1055 914 1128 perfecta
959 1055 1284 1127 justorum,
1330 1057 1582 1112 concede
1639 1057 1977 1130 prophetiae

319 1141 802 1218 evangelicasque
861 1143 1298 1200 coruscationes
1363 1145 1698 1218 pectoribus
1759 1146 1978 1202 nostris

319 1231 520 1300 inseri,
548 1237 606 1289 et
653 1233 702 1288 si
752 1233 892 1305 quid
937 1237 1028 1289 est
1083 1233 1382 1290 obtectum
1427 1233 1714 1290 velamine
1761 1235 1974 1306 prisco,

317 1321 534 1393 Spiritu
583 1327 786 1378 sancto
837 1321 1124 1379 revelante
1175 1323 1486 1395 pandetur.
1521 1327 1628 1380 Per
1661 1324 1976 1380 Dominum

318 1415 586 1467 nostrum
615 1411 820 1469 Jesum
852 1411 1152 1468 Christum
1179 1411 1416 1481 Filium,
1449 1417 1557 1470 etc.

855 1535 1181 1592 PSALMUS
1220 1535 1435 1592 XCVII.

737 1667 890 1708 ABGU
899 1669 1092 1706 MENTO
1101 1670 1142 1707 Μ
1185 1669 1338 1708 PSAL.
1383 1669 1532 1709 XCVII
1541 1694 1554 1708 .

389 1767 430 1824 C
461 1765 750 1840 PrOpbeta
769 1771 1102 1824 commonet
1123 1767 1404 1841 populum
1417 1768 1818 1824 Christianum
1833 1785 1970 1826 can-

2092 609 2374 681 gaudium
2407 609 2566 665 vocis
2597 607 3108 681 prosilire.0mnis
3139 611 3312 676 terra,
3327 608 3600 681 designat
3617 610 3742 665 uni-

2089 715 2318 754 versam
2353 697 2692 754 Ecclesiam.
2723 697 2992 766 Cantare,
3023 701 3112 754 est
3140 697 3330 753 ofﬁcio
3381 698 3501 754 oris
3541 698 3744 756 laudes

2087 803 2438 860 personare;
2467 787 2779 856 exsultare,
2805 803 2942 842 cum
2967 801 3180 858 magno
3201 801 3400 842 amore
3419 786 3744 844 animivota

2087 877 2422 946 declarare;
2457 876 2726 950 psallere,
2765 875 2936 932 boni
2985 875 3264 948 operibus
3311 875 3414 932 Dei
3465 877 3744 934 mandata

2085 965 2400 1038 complere.

2082 1057 2118 1110 7
2227 1055 2460 1112 Psallite
2517 1057 2746 1112 Domino
2793 1057 2854 1110 in
2901 1055 3135 1124 cithara,
3186 1059 3240 1120 μὶ·
3269 1057 3326 1110 in
3371 1055 3590 1112 cithara
3631 1061 3646 1121 ζ
3688 1063 3744 1110 et

2299 1161 2422 1200 voce
2447 1147 2652 1218 psalmi
2683 1163 2696 1200 :

2231 1235 2292 1290 In
2327 1235 2470 1291 tubis
2515 1241 2572 1299 -j-
2597 1235 2898 1290 ductilibus
2939 1239 2953 1299 ζ
2995 1238 3050 1289 et
3077 1249 3200 1290 voce
3227 1233 3368 1290 tubae
3397 1247 3630 1292 cornea.

2159 1323 2204 1378 Η
2239 1323 2442 1380 Psallit
2459 1323 2706 1380 Domino
2727 1324 2785 1379 in
2807 1323 3435 1396 citharaquiomnibus
3459 1325 3740 1381 membris

2087 1428 2148 1467 se
2180 1417 2410 1468 castum
2441 1413 2782 1484 praebuerit;
2807 1429 2924 1470 non
2956 1417 3147 1485 potest
3177 1417 3372 1470 autem
3399 1429 3526 1470 esse
3557 1429 3741 1470 sonus

2084 1501 2323 1558 citharae
2351 1501 2664 1574 perfectus,
2687 1503 2736 1558 si
2771 1517 2888 1558 una
2917 1501 3135 1558 chorda
3163 1501 3542 1570 defuerit;sic
3559 1503 3738 1559 etiam

2083 1589 2278 1658 homo,
2305 1591 2354 1648 si
2377 1608 2493 1648 uno
2515 1591 2748 1647 crimini
2771 1591 3004 1664 capitali
3027 1591 3514 1664 subjacebit,'no‘n
3537 1591 3742 1664 psallit

2081 1679 2329 1736 Domino
2361 1679 2418 1736 in
2452 1681 2698 1748 cithara,
2731 1681 2873 1754 quia
2901 1697 3021 1736 una
3045 1681 3263 1738 chorda
3291 1682 3472 1750 deest,
3505 1697 3610 1737 nec
3649 1685 3740 1737 est

2081 1769 2370 1840 perfectus
2401 1769 2636 1825 cithara
2669 1787 2870 1826 sonus.
2905 1773 2945 1824 C
2975 1769 3096 1826 Vox
3137 1767 3350 1842 psalmi
3397 1785 3632 1844 quoque
3663 1769 3734 1825 ad

317 1858 416 1966 tisi
439 1857 578 1958 novi
623 1855 1013 1966 exsultatioqe
1059 1856 1262 1924 laetari,
1295 1859 1532 1930 quando
1563 1857 1852 1916 mirabilis
1883 1865 1974 1918 est
1999 1897 2050 1966 Β
2079 1855 2478 1966 Laudationem
2507 1859 2764 1966 divinam
2783 1859 3052 1958 pertinet.
3071 1857 3736 1966 Tubzelduct‘iles,.sig‘ni-

317 1945 534 2004 Christi
569 1961 885 2001 concessus
918 1945 1220 2002 adventus.

702 2035 818 2091 TT.
851 2035 1101 2090 Psalmus
1147 2041 1202 2100 μέ·
1229 2035 1340 2108 ipsi
1367 2037 1538 2092 David
1569 2055 1590 2092 :

317 2125 344 2180 1
461 2125 686 2182 Cantate
717 2125 946 2181 Domino
974 2127 1252 2181 canticum
1279 2143 1480 2182 novum
1511 2144 1530 2182 :

461 2215 602 2283 Quia
632 2213 920 2270 mirabilia
948 2217 1100 2285 fecit.

385 2305 428 2359 C
457 2304 654 2359 Novus
682 2302 840 2359 enim
875 2301 1049 2358 homo
1080 2307 1316 2360 cantare
1346 2303 1517 2360 debet
1545 2303 1840 2360 canticum
1873 2321 1970 2360 no-

314 2409 474 2460 vum,
509 2409 624 2448 non
655 2391 749 2448 ille
779 2395 1068 2462 vetustus,
1101 2393 1204 2464 qui
1254 2393 1505 2448 necdum
1547 2395 1682 2450 Ade:
1734 2399 1972 2467 peccata

313 2483 610 2556 deponens
639 2482 700 2536 in
724 2481 808 2538 eis
841 2487 1190 2554 perseverat.
1207 2481 1430 2538 Novum
1461 2484 1758 2540 canticum
1782 2489 1871 2540 est
1897 2485 1969 2539 de

309 2571 540 2627 Domini
585 2571 988 2626 incarnatione
1040 2588 1276 2626 narrare
1307 2571 1396 2626 vel
1427 2577 1682 2628 cantare.
1719 2573 1966 2642 Novum,

315 2659 456 2731 quia
471 2675 776 2730 nunquam
801 2658 1023 2732 aliquid
1045 2659 1238 2716 simile
1269 2661 1528 2716 mundus
1561 2661 1972 2718 audivit.Fecit

315 2745 630 2820 mirabilia,
645 2749 880 2819 quando
903 2745 1066 2804 caecis
1089 2747 1310 2816 lumen,
1333 2747 1560 2804 claudis
1585 2765 1856 2822 gressum
1874 2753 1970 2808 do-

315 2839 494 2896 navit.

309 2931 348 2984 2
455 2927 704 2984 Salvavit
731 2926 844 2982 sibi
871 2925 1098 2982 dextera
1125 2927 1243 2999 ejus
1271 2946 1292 2984 :

455 3017 520 3073 Et
553 3016 837 3072 brachium
864 3024 1111 3072 sanctum
1139 3018 1276 3090 ejus.

383 3107 432 3164 H
456 3107 726 3163 Christus
757 3106 940 3174 enim,
972 3106 1209 3164 dextera
1253 3111 1310 3163 et
1357 3107 1668 3164 brachium
1728 3109 1962 3166 dicitur.

309 3195 556 3252 Dextera
583 3212 688 3268 pro
719 3196 950 3262 virtute,
966 3195 1276 3252 brachium
1307 3215 1410 3270 pro
1443 3198 1650 3254 robore
1681 3198 1774 3254 hic
1797 3199 1964 3272 poni-

307 3289 421 3340 tur.
439 3285 565 3358 Ipse
596 3283 838 3342 salvavit
867 3284 1169 3342 hominem
1200 3287 1440 3344 dextera
1460 3305 1569 3344 sua
1597 3287 1660 3344 in
1687 3287 1961 3356 salutem,
1995 3275 2038 3342 C

303 3375 406 3447 qui
438 3391 544 3430 suo
575 3375 712 3430 vitio
743 3374 1010 3447 perierat.
1045 3375 1086 3430 C
1116 3375 1244 3430 Sive
1291 3377 1676 3448 semetipsum
1719 3377 1962 3432 salvavit

303 3463 406 3535 qui
429 3463 592 3530 dixit,
609 3461 959 3518 Potestatem
983 3462 1170 3518 habeo
1201 3463 1456 3534 ponendi
1487 3465 1748 3520 animam
1765 3481 1958 3522 meam

303 3555 361 3606 et
389 3551 602 3606 iterum
628 3549 900 3606 sumendi
929 3567 1058 3604 eam
1093 3551 1272 3622 (Joan.
1305 3551 1386 3622 Χ).

302 3641 337 3693 3
445 3641 642 3694 Not-um
669 3639 797 3708 fecit
827 3639 1089 3694 Dominus
1113 3639 1356 3696 salutare
1383 3657 1546 3696 suum

443 3727 506 3782 In
535 3735 818 3798 conspectu
845 3729 1090 3798 gentium
1119 3729 1378 3785 reuelauit
1397 3731 1678 3799 justitiam
1705 3748 1882 3788 suam.

373 3815 416 3870 B
448 3815 660 3870 Notum
685 3815 817 3870 fecit
837 3814 1124 3870 Dominus
1149 3815 1427 3885 salutare,
1451 3819 1510 3874 id
1527 3824 1616 3875 est
1641 3820 1956 3876 Dominum

301 3903 680 3970 Salvatorem,
713 3904 814 3976 qui
848 3903 1124 3962 salutaris
1159 3909 1310 3961 recte
1340 3905 1571 3976 dicitur,
1597 3909 1736 3982 quia
1765 3911 1957 3968 omnis

302 3991 510 4051 salutis
539 3999 626 4050 est
655 3997 878 4050 auctor.
895 3995 964 4049 Et
989 3993 1262 4051 revelavit
1281 3997 1598 4068 justitiam,
1613 3999 1672 4054 id
1691 4005 1780 4056 est
1799 4001 1958 4056 Chri-

302 4089 480 4152 stum,
513 4083 614 4156 qui
643 4083 809 4157 prius
840 4085 950 4140 sub
982 4085 1239 4156 quodam
1271 4085 1556 4144 velamine
1603 4089 1956 4164 praedicatus

301 4173 490 4229 fuerat
518 4191 552 4228 a
580 4173 902 4246 prophetis.
936 4173 1060 4238 Quo
1089 4175 1378 4231 subducto
1409 4175 1468 4232 in
1502 4177 1630 4249 ejus
1675 4179 1954 4250 adventu,

299 4261 427 4334 ipsa
456 4261 631 4318 facies
661 4261 922 4319 veritatis
951 4261 1244 4335 apparuit.
1278 4262 1324 4319 H
1353 4263 1454 4320 Vel
1471 4265 1772 4336 justitiam
1801 4267 1952 4336 vitze,

299 4367 426 4423 quae
457 4349 868 4408 incredulitate
897 4349 1206 4408 hominum
1235 4353 1344 4409 fuit
1372 4354 1700 4413 obscurata.

296 4439 328 4493 4
437 4441 766 4497 Recordatus
795 4449 876 4497 est
903 4441 1304 4500 misericordia;-
1329 4459 1451 4501 ωδε
1477 4463 1500 4500 .-

437 4533 500 4588 Ει
527 4533 776 4588 veritatis
803 4547 924 4588 sua:
951 4531 1139 4588 domui
1167 4533 1362 4589 Israel.

2083 1947 2261 2003 ﬁcant
2289 1947 2512 2014 fideles,
2547 1947 2648 2020 qui
2679 1948 2924 2004 diversis
2983 1947 3358 2020 passionibus
3405 1947 3588 2015 tunsi,
3621 1947 3735 2004 Deo

2079 2035 2386 2108 largiente,
2415 2035 2632 2094 clarius
2663 2043 3005 2094 sonuerunt.
3037 2037 3162 2094 Vox
3191 2037 3341 2094 tuba:
3373 2053 3616 2104 corneae,
3647 2043 3738 2094 est

2079 2125 2196 2180 fixa
2223 2124 2532 2182 tolerantia
2561 2125 2876 2199 patientia,
2903 2143 3030 2200 qua
3059 2131 3126 2182 ut
3157 2143 3336 2182 cornu
3379 2131 3732 2200 perseverat.

2079 2215 2114 2268 8
2219 2215 2460 2271 Jubilate
2511 2217 2568 2272 in
2616 2223 2902 2288 conspectu
2949 2217 3098 2285 regis
3141 2215 3362 2272 Domini
3393 2233 3406 2272 :
3457 2224 3736 2272 moveatur

2291 2320 2447 2360 mare
2476 2311 2527 2360 et
2553 2305 2842 2376 plenitudo
2871 2306 2988 2377 ejus
3021 2323 3034 2362 :

2223 2394 2382 2448 Orbis
2427 2399 2482 2458 -ξ-
2509 2403 2788 2450 terrarum
2815 2401 2869 2450 et
2893 2395 2991 2466 qui
3019 2395 3274 2450 habitant
3303 2395 3360 2448 in
3391 2409 3450 2450 co
3485 2411 3498 2450 :

2149 2481 2192 2536 C
2223 2481 2376 2538 Dixit
2395 2482 2776 2554 jubilandum
2809 2499 2957 2548 esse,
2993 2499 3148 2538 nunc
3177 2483 3432 2539 ostendit
3462 2482 3734 2554 ubi,quia

2077 2575 2211 2626 ante
2241 2587 2460 2644 regem.
2491 2575 2902 2628 Commovetur
2951 2587 3130 2640 mare,
3165 2571 3398 2644 quando
3431 2571 3488 2626 in
3535 2571 3730 2626 futuro

2069 2659 2294 2732 judicio
2320 2660 2640 2734 impiorum
2663 2667 2900 2734 pectora
2919 2679 2952 2717 a
2971 2661 3368 2717 recordatione
3383 2659 3727 2716 delictorum

2077 2753 2536 2806 commoventur.
2553 2750 2620 2805 Et
2635 2749 2939 2822 plenitudo
2961 2751 3112 2821 ejus,
3128 2751 3334 2806 merito
3351 2749 3728 2821 dicitur,quia

2077 2837 2257 2894 multa
2289 2843 2528 2911 peccata
2555 2839 2997 2896 commiserunt.
3031 2839 3200 2896 Orbis
3231 2844 3518 2895 terrarum
3539 2855 3728 2894 move-

2075 2927 2255 2996 bitur,
2280 2929 2516 3001 quando
2539 2929 2598 2984 in
2623 2945 2832 2986 novam
2853 2927 3060 2985 faciem
3073 2929 3282 2997 veniet,
3299 2933 3362 2984 ut
3383 2927 3726 3001 praedictum

2075 3021 2164 3072 est
2189 3034 2200 3072 :
2225 3018 2336 3073 erit
2375 3017 2586 3073 caelum
2619 3035 2832 3074 novum
2875 3023 2934 3074 et
2971 3023 3129 3074 terra
3155 3035 3304 3074 nova
3333 3018 3414 3090 (ιι
3439 3019 3584 3074 Patr.
3619 3017 3728 3088 ιιι).

2077 3105 2143 3160 Et
2165 3105 2266 3179 qui
2299 3106 2589 3172 habitant,
2621 3106 2680 3162 id
2711 3111 2801 3163 est
2833 3107 3102 3162 homines
3127 3107 3186 3162 in
3217 3123 3306 3164 eo.

2071 3195 2107 3250 9
2215 3197 2479 3254 Flumina
2487 3195 2750 3268 plaudent
2767 3197 3134 3254 monusimui:
3151 3205 3356 3254 montes
3373 3197 3731 3254 exsultabant

2291 3303 2326 3341 a
2354 3293 2641 3358 conspectu
2671 3287 2895 3344 Domini
2928 3303 2942 3343 :

2211 3377 2488 3446 Quoniam
2517 3377 2664 3432 venit
2679 3377 2937 3449 judicare
2969 3383 3196 3433 terram.

2139 3465 2182 3520 C
2211 3463 2530 3524 Flumina:
2561 3470 2798 3522 sanctos
2855 3465 3008 3522 viros
3061 3465 3373 3539 signiﬁcat,
3417 3463 3518 3536 qui
3567 3465 3722 3520 bona

2069 3569 2246 3626 opera
2293 3553 2514 3612 ccelesti
2555 3557 2820 3612 ubertate
2869 3559 3271 3612 manaverant.
3301 3553 3508 3622 Simul,
3540 3553 3600 3610 id
3627 3559 3720 3610 est

2067 3659 2202 3699 cum
2243 3643 2490 3700 Domino
2530 3645 2846 3716 Salvatore,
2875 3645 2970 3702 cui
3019 3645 3294 3718 pradicta
3341 3659 3515 3717 opera
3565 3642 3728 3700 exhi-

2065 3732 2342 3788 buerunt.
2377 3733 2422 3789 Η
2453 3735 2699 3804 Montes,
2733 3734 3002 3808 apostoli.
3035 3737 3075 3791 C
3106 3733 3214 3799 Qui
3245 3732 3624 3792 exsultabant
3657 3733 3718 3788 in

2063 3827 2380 3896 conspectu
2409 3823 2662 3890 Domini,
2695 3825 2753 3880 in
2787 3824 3151 3896 judicatione
3181 3823 3398 3892 futura,
3430 3821 3711 3896 quoniam

2063 3913 2243 3978 venit,
2267 3911 2486 3969 scilicet
2510 3913 2778 3986 judicare
2804 3917 3158 3986 peccatores,
3183 3913 3288 3986 qui
3317 3917 3550 3968 terrena
3569 3927 3734 3968 sem~

2065 4019 2169 4075 per
2195 4001 2336 4058 vitia
2361 4001 2806 4075 concupiscunt,
2821 4001 3020 4058 etideo
3049 4007 3205 4058 terra
3236 4006 3386 4056 recte
3414 3995 3712 4056 dicuntur.

2067 4093 2134 4148 10
2205 4091 2480 4149 Judicabit
2505 4091 2688 4149 orbem
2731 4097 2788 4159 ~2-
2813 4101 3090 4148 terrarum
3131 4097 3144 4158 ζ
3191 4093 3248 4147 in
3269 4091 3512 4163 justitia.

2211 4185 2288 4238 Et
2311 4183 2537 4254 populos
2569 4185 2629 4238 in
2657 4183 2942 4255 mquitate.

2137 4271 2179 4326 C
2211 4272 2312 4328 Isti
2336 4274 2446 4327 sub
2459 4272 2700 4344 justitia
2721 4270 3032 4344 judicandi
3049 4275 3208 4338 sunt,
3225 4271 3324 4343 qui
3349 4269 3508 4326 nulla
3525 4269 3728 4324 remis-

2065 4360 2230 4417 sione
2261 4361 2671 4418 liberabuntur
2698 4377 2734 4416 a
2757 4377 2870 4418 sua
2899 4359 3346 4434 pertinacia.llli
3367 4377 3499 4418 vero
3521 4355 3726 4432 populi

2063 4451 2124 4506 in
2155 4450 2428 4523 aequitate
2449 4451 2756 4524 judicandi
2783 4455 2944 4518 sunt,
2974 4451 3256 4524 quoniam
3283 4449 3364 4508 ibi
3385 4449 3730 4524 praemiare-

2065 4539 2312 4614 cipiunt,
2343 4541 2444 4614 qui
2475 4541 2570 4597 hic
2599 4547 2836 4615 propter
2865 4556 3082 4598 nomen
3107 4540 3340 4597 Domini
3371 4537 3726 4614 gravissima

366 4617 414 4676 Η
439 4621 1466 4718 -Recordatus.est.misericordiam
1487 4623 1956 4696 populo,scilicet
1987 4653 2034 4718 Β
2069 4629 2328 4704 pericula
2357 4629 2746 4703 pertulerunt.

294 4709 580 4784 gentium.
613 4711 683 4766 Et
713 4709 976 4766 veritatis
1008 4729 1148 4779 suae,
1183 4711 1376 4782 quoad
1407 4711 1692 4784 populum
1724 4713 1954 4771 Judzeo-

295 4817 449 4872 rum,
477 4799 700 4856 scilicet
723 4815 896 4872 opere
927 4799 1230 4873 complens
1263 4799 1418 4872 quod
1449 4801 1798 4872 patriarchis
1819 4821 1954 4878 pro-

297 4889 556 4946 miserat.

291 4979 328 5031 5
438 4977 698 5035 Videt-imi
727 4995 912 5036 omnes
943 4979 1170 5034 termini
1199 4987 1366 5036 terra?
1397 4997 1410 5035 :

435 5067 689 5124 Salutare
717 5069 814 5125 Dei
841 5071 1038 5126 nostri.

364 5153 406 5208 C
435 5153 720 5212 Viderunt
749 5173 974 5224 omnes,
1007 5157 1068 5214 id
1115 5163 1206 5214 est
1253 5163 1447 5216 mente
1497 5167 1950 5233 conspexerunt,

294 5245 448 5315 quod
471 5261 572 5316 per
585 5248 768 5300 totum
785 5245 1076 5302 mundum
1099 5253 1326 5304 constat
1349 5249 1785 5317 effectumouaa
1805 5253 1950 5308 visio

296 5349 412 5388 non
444 5331 558 5387 nisi
594 5333 666 5388 ad
697 5335 873 5388 ﬁdem
925 5339 1015 5390 est
1064 5337 1386 5408 referenda,
1421 5341 1485 5392 ut
1533 5339 1706 5395 nobis
1764 5343 1952 5414 possit

293 5421 508 5478 veritas
537 5425 804 5476 constare
833 5421 1142 5486 verborum
1167 5443 1180 5493 ;
1213 5443 1318 5498 per
1345 5427 1522 5484 ﬁdem
1553 5429 1710 5485 enim
1745 5447 1950 5489 omnes

292 5507 532 5566 termini
563 5513 726 5563 terra:
759 5509 1034 5566 viderunt
1063 5513 1290 5570 Jesum.

291 5599 327 5653 ϐ
434 5597 684 5656 Jubilate
713 5597 962 5664 Domino,
997 5605 1173 5658 omnis
1198 5611 1344 5660 terra
1373 5624 1393 5661 :

437 5687 666 5746 Caritate
691 5691 742 5746 et
772 5687 1040 5748 cxsultate
1063 5700 1114 5749 et
1133 5693 1374 5768 psallite.

2531 4737 2742 4777 ORATIO
2779 4738 2850 4778 EX
2889 4738 3048 4778 PSAL.
3089 4737 3263 4778 XCVII.

2133 4809 2950 4878 Immitte,Domine,salutare
2970 4815 3142 4867 tuum
3165 4809 3462 4867 mentibus
3482 4807 3720 4874 nostris,

2061 4901 2162 4974 qui
2195 4899 2462 4956 revelasti
2479 4901 2782 4971 justitiam
2813 4906 2980 4958 tuam
3009 4901 3286 4974 gentibus
3317 4897 3630 4966 universis,
3659 4901 3724 4952 ut

2063 4989 2162 5062 qui
2195 4989 2496 5062 quondam
2527 4989 2786 5062 judicari
2817 4991 3028 5046 venisti
3061 5008 3164 5064 pro
3196 4988 3460 5064 perditis,
3493 4985 3722 5042 miseri-

2061 5080 2346 5150 cordiam,
2380 5095 2514 5135 cum
2547 5081 2874 5148 adveneris,
2907 5097 3012 5154 pro
3061 5081 3277 5154 quibus
3301 5079 3606 5152 judicatus
3635 5092 3718 5144 es,

2061 5169 2352 5243 largioris.
2387 5169 2494 5234 Qui
2529 5187 2662 5228 cum
2697 5170 2865 5228 Patre
2893 5175 2951 5228 et
2981 5171 3150 5240 Filio,
3181 5175 3292 5226 etc.

2585 5296 2918 5354 PSALMUS
2953 5296 3194 5354 XCVIII.

2466 5429 2874 5470 ARGUMENTUM
2913 5431 3073 5470 PSAL.
3115 5429 3310 5470 XCVIII.

2129 5529 2172 5586 C
2205 5529 2495 5604 Propheta
2523 5535 2858 5588 commonet
2887 5531 3139 5606 populos
3190 5499 3424 5586 Christo
3467 5527 3720 5584 Domino

2059 5619 2346 5688 conﬁteri,
2377 5637 2632 5696 eumque
2662 5621 2928 5696 adorare,
2953 5623 3094 5696 quia
3124 5621 3248 5678 suis
3281 5616 3554 5676 ﬁdelibus
3583 5633 3718 5690 pro-

2057 5709 2240 5786 pitius
2271 5711 2488 5768 existit.
