5516 6444
82 479 186 541 357
1278 473 1687 537 EXPOSITIO
1734 474 2234 539 PSALMORUM.
3330 492 3474 553 358'

401 598 405 603 ’
454 605 574 663 ΤΤ.
603 608 659 673 ἐκ
705 603 957 661 Psalmus
993 604 1165 663 David
1217 613 1231 674 ζ
1301 626 1320 661 :

146 700 185 757 C
212 700 315 755 Per
343 692 523 752 David
558 693 802 763 enim,et
830 710 1139 768 personam
1174 694 1469 768 loquentis
1516 695 1712 753 advor-

82 791 271 856 timus,
301 788 357 842 et
383 783 703 853 Christum,
736 800 915 839 manu
946 783 1153 841 fortem
1182 788 1241 841 et
1265 784 1709 842 desiderabilem

83 878 375 938 sentimus.
409 873 604 947 Ipsius
628 872 786 935 enim
833 872 1043 943 honor,
1072 872 1132 929 in
1179 872 1288 930 hoc
1336 873 1586 947 psalmo,
1616 890 1710 931 re-

80 984 250 1045 gnum
278 948 651 1039 potentiaque
680 964 966 1045 cantatur.

80 1077 104 1132 1
208 1072 466 1130 Dominus
492 1069 761 1139 regnavit,
792 1068 1104 1124 irascantur
1124 1069 1319 1142 populi
1350 1084 1364 1123 :

210 1160 312 1230 Qui
336 1157 487 1215 sedes
514 1173 680 1230 super
710 1156 1000 1214 Cherubim
1028 1175 1049 1213 :
1076 1164 1359 1214 moveatur
1385 1160 1552 1215 terra.

140 1269 182 1325 C
205 1267 348 1324 Cum
375 1262 608 1338 psalmo
647 1262 807 1328 dicit,
838 1262 1125 1320 Dominus
1170 1263 1450 1336 regnavit,
1477 1264 1715 1337 exponit

77 1355 342 1432 quoniam
374 1352 625 1426 gloriam
655 1368 774 1409 sum
816 1351 1258 1433 resurrectionis
1299 1353 1574 1409 ostendit.
1608 1352 1711 1409 Ille

76 1441 351 1516 enim,qui
377 1439 697 1497 resurrexit
725 1456 954 1512 nempe,
986 1439 1111 1512 ipse
1139 1441 1421 1513 regnavit.
1448 1441 1712 1498 Irascen-

79 1538 167 1590 tur
192 1529 408 1605 populi,
441 1528 491 1585 H
519 1527 609 1585 vel
639 1528 823 1584 Judaei
852 1527 942 1585 vel
973 1528 1219 1602 gentiles
1250 1547 1363 1585 non
1389 1530 1708 1598 credentes,

74 1623 113 1678 C
140 1618 283 1677 nihil
312 1617 469 1673 ultra
497 1615 726 1673 Christo
750 1617 1019 1673 nocituri.
1043 1616 1708 1688 Cherubim,Hebrzeum,

73 1708 353 1783 significat
370 1704 797 1779 plenitudinem
820 1706 1201 1774 scientias,ubi
1223 1707 1391 1779 quasi
1415 1707 1474 1763 in
1500 1707 1711 1765 throno

73 1814 174 1854 suo
199 1796 380 1852 Deum
413 1793 755 1849 manifeth
781 1795 1004 1850 sedere.
1032 1794 1330 1851 Moveatur
1371 1800 1544 1867 terra,
1576 1813 1712 1869 pos-

72 1885 213 1942 tulat
256 1885 593 1957 peccatores
640 1882 713 1938 ad
764 1883 1200 1940 conversionem
1247 1885 1632 1954 commoveri;
1665 1885 1712 1941 H

1739 609 1793 677 Α
1823 608 1859 662 6
1968 614 2174 682 Moyses
2200 618 2251 667 et
2277 611 2456 669 Aaron
2481 613 2539 668 in
2569 614 2938 674 sucerdotibus
2966 619 3082 692 ejus
3113 640 3133 678 :

1964 699 2027 754 Et
2053 699 2276 757 Samuel
2306 702 2450 759 inter
2474 719 2561 759 eos
2592 705 2689 776 qui
2714 706 2965 765 invocant
2992 726 3187 767 nomen
3214 713 3347 785 ejus.

1891 787 1932 841 C
1961 787 2187 861 Moyses
2215 792 2271 845 et
2298 791 2488 853 Aaron
2519 790 2579 848 in
2610 795 3009 854 sacerdotibus
3028 800 3459 871 ejus.0uamvis

1820 874 2046 964 Moyses
2077 878 2346 935 sacerdos
2375 895 2503 937 esse
2532 880 2668 938 alibi
2698 900 2811 940 non
2836 884 3137 960 legatur.H
3163 891 3232 946 Et
3259 908 3462 964 quam-

1816 962 1902 1055 vis
1933 963 2168 1022 illorum
2192 983 2346 1024 unus
2373 968 2541 1042 legis,
2575 970 2720 1028 alter
2749 976 3055 1033 sacerdotii
3076 962 3460 1055 teneatﬁregu-

1816 1051 1956 1121 lam,
1980 1058 2196 1126 tamen,
2224 1060 2467 1129 uterque
2497 1061 2840 1117 sacerdotali
2868 1067 3268 1136 praeconio,vel
3292 1051 3461 1128 in'le-

1817 1141 2047 1215 galibus
2075 1143 2163 1199 vel
2196 1145 2253 1200 in
2276 1146 2481 1203 vestris
2499 1147 2909 1210 tintinnabulis
2931 1155 3244 1214 adventum
3266 1159 3461 1216 Domi-

1818 1229 1879 1285 ni
1910 1231 2213 1288 nuntiavit.

1890 1322 1929 1373 C
1957 1320 2191 1377 Samuel
2223 1322 2388 1379 unxit
2419 1324 2597 1383 David
2629 1325 2688 1383 in
2710 1334 3127 1403 regem,tamen
3156 1353 3270 1395 non
3296 1355 3457 1397 acce-

1820 1405 1904 1478 pit
1921 1406 2193 1497 efficium
2222 1412 2705 1486 sacerdotis,quia
2733 1421 2856 1473 erat
2885 1419 2956 1475 de
2984 1421 3139 1478 tribu
3152 1408 3455 1497 'Ephraim,

1820 1495 1975 1551 unde
2004 1496 2333 1555 sacerdotes
2364 1500 2485 1556 fieri
2517 1519 2633 1557 non
2662 1502 2893 1575 licebat,
2919 1512 2975 1563 et
3005 1509 3131 1567 ideo
3164 1495 3277 1569 non
3307 1514 3462 1572 inter

1820 1584 2275 1653 sacerdotes,sed
2306 1587 2456 1644 inter
2482 1606 2580 1646 eos
2614 1592 2714 1664 qui
2745 1592 3013 1652 invocant
3034 1615 3244 1658 nomen
3268 1603 3458 1660 Domi-

1819 1670 1878 1727 ni
1909 1672 2146 1744 ponitur
2172 1673 2287 1730 bic.
2321 1675 2517 1733 Levita
2547 1695 2679 1735 vero
2713 1681 2842 1749 fuit,
2875 1684 3013 1756 quia
3059 1686 3202 1744 illud
3250 1689 3460 1748 linium

1819 1758 2019 1832 Ephod
2052 1761 2319 1833 portavit.
2356 1764 2401 1819 H
2433 1765 2594 1831 Quod
2627 1766 2917 1841 signiﬁcat
2943 1790 3115 1844 posse
3145 1777 3462 1837 candidum

1819 1847 2097 1938 efﬁci,qui
2127 1866 2231 1922 per
2257 1852 2657 1923 paenitentiam
2685 1874 2897 1915 nomen
2929 1860 3028 1918 Dei
3057 1864 3351 1938 invocans,
3372 1869 3462 1925 ni-

72 1936 516 2047 miam
538 1936 1225 2044 a...,.a'..'.'ps.as,
1254 1936 1712 2042 assuage;
1744 1973 1790 2038 Β
1820 1936 2989 2047 redegisse;ammissum.,

72 2061 257 2119 sanari
288 2078 405 2117 non
435 2064 652 2133 potest.
683 2059 928 2126 Quando
958 2075 1092 2116 vero
1133 2065 1290 2117 mota
1337 2060 1513 2117 fuerit
1541 2065 1598 2117 et
1628 2062 1717 2117 in-

72 2150 370 2207 tremuerit
396 2151 639 2221 propter
662 2152 923 2221 peccata,
954 2149 1265 2205 sanitatem
1298 2149 1521 2222 recipit.
1556 2149 1719 2206 Unde

76 2238 204 2296 alibi
235 2238 458 2294 dibitur
491 2254 507 2294 :
541 2236 697 2293 Sana
727 2235 1106 2293 contritiones
1137 2238 1434 2311 ejus,quia
1455 2242 1611 2295 mota
1631 2243 1720 2295 est

73 2328 237 2397 (Psai.
271 2329 403 2396 ιιι).

73 2436 108 2487 2
208 2434 473 2490 Dominus
504 2434 566 2489 in
596 2433 729 2488 Sion
756 2449 989 2503 magnus
1019 2451 1037 2488 :

212 2527 279 2580 Et
304 2523 556 2579 excelsus
583 2537 749 2593 super
776 2538 959 2578 omnes
981 2523 1221 2595 papiitos.

145 2628 186 2684 C
214 2617 354 2685 Sion
384 2628 809 2702 interpretatur
834 2628 1213 2701 speculatio,id
1248 2631 1336 2684 est
1364 2626 1635 2695 Ecclesia,
1659 2627 1719 2684 in

76 2734 188 2790 qua
216 2717 505 2775 Dominus
537 2716 880 2790 spiritaliter
898 2717 1088 2774 inesse
1109 2721 1502 2786 monstratur;
1525 2721 1581 2773 et
1601 2715 1717 2784 ille,

77 2822 244 2878 quem
275 2810 759 2879 contempserunt
789 2822 1059 2879 perversa
1087 2811 1300 2877 mente,
1336 2824 1434 2863 rex
1462 2811 1519 2863 et
1545 2805 1722 2863 excel-

74 2912 170 2952 sus
197 2912 374 2971 super
404 2911 615 2952 omnes
645 2894 891 2968 populos
919 2894 1155 2952 eminet.

74 3002 107 3056 3
212 3000 607 3076 Conﬁteantur
633 3002 849 3057 nomini
877 3009 968 3058 tuo
994 3018 1210 3075 magno.
1246 3002 1513 3072 Quoniam
1559 3004 1721 3059 terri-

279 3091 391 3148 bile
418 3098 474 3147 et
499 3099 755 3147 sanctum
783 3098 879 3146 est.

207 3181 273 3237 Et
295 3180 475 3237 honor
498 3180 646 3249 regis
666 3178 942 3251 judicium
968 3177 1172 3250 diligit.

136 3286 177 3342 C
199 3286 485 3360 Magnum
507 3285 738 3342 dictum
760 3289 850 3341 est
870 3301 1082 3342 nomen
1104 3285 1485 3358 Christi,quia
1502 3286 1721 3359 ubique

71 3336 1090 3446 aemili—132;}léEiHiiéfﬁHi;
1112 3336 1722 3447 ἒῖλὲιέ⁷ἷέιῖίιῖτῖιζ³εὲὶ
1749 3336 1792 3403 Ο

71 3464 328 3534 judicare
355 3463 525 3520 vivos
553 3468 614 3519 et
643 3468 941 3531 mortuos;
973 3462 1417 3536 sanctum,quia
1446 3464 1725 3519 immacu-

70 3550 182 3607 lata
208 3556 268 3608 et
295 3551 527 3609 cmlesti
547 3550 987 3608 conversatione
1008 3551 1556 3624 permansit.Honor
1571 3551 1724 3623 regis

66 3644 151 3697 est
177 3640 442 3714 gloriosa
469 3640 1019 3715 praedicatio,quam
1037 3638 1122 3695 illi
1145 3657 1376 3712 semper
1403 3639 1722 3708 otl'erimus,

66 3730 393 3786 conﬁtendo
426 3729 628 3802 ipsius
640 3730 875 3800 justum
896 3728 1209 3800 judicium.
1242 3727 1366 3794 Vel,
1398 3728 1605 3805 diligit,
1621 3729 1723 3785 ho-

65 3834 187 3886 nor,
219 3818 280 3873 id
311 3823 429 3885 est,
458 3815 662 3874 cultus
691 3834 807 3889 quo
838 3817 1023 3873 Deum
1055 3816 1445 3887 honoramus;
1482 3817 1724 3885 amat,id

65 3911 150 3961 est
189 3906 444 3979 requirit
494 3904 839 3979 diligentem
886 3905 1325 3972 advertentiam,
1359 3905 1724 3962 deliberatio-

62 4012 213 4065 nem,
242 3996 337 4052 sui
389 3994 591 4068 ipsius
632 3993 926 4065 judicium
974 3998 1033 4050 et
1082 3993 1378 4062 vilitatem,
1411 3998 1583 4066 atque
1625 3994 1726 4051 Dei

61 4082 471 4140 reverentiam.

59 4189 92 4243 4
199 4191 277 4246 Tu
302 4191 540 4262 parasti
566 4189 893 4246 directiones
916 4207 935 4245 :

196 4279 504 4335 Judicium
531 4283 588 4335 et
605 4279 889 4351 justitiam
916 4279 978 4333 in
1004 4278 1164 4335 Iacob
1192 4286 1251 4335 tu
1279 4278 1482 4355 fecisti.

128 4383 176 4440 Η
207 4384 578 4458 Prasparavit
624 4383 781 4440 Deus
828 4384 1181 4441 directiones
1230 4383 1291 4440 in
1338 4383 1592 4459 populis,
1623 4386 1726 4443 sed

61 4471 171 4544 ipsi
199 4473 444 4547 proprio
475 4471 626 4528 vitio
655 4471 952 4544 depravati
983 4476 1141 4528 sunt.
1176 4474 1217 4529 C
1242 4472 1542 4529 Judicium
1591 4473 1729 4529 fecit

58 4559 113 4615 in
142 4561 367 4634 populo
392 4560 589 4629 ﬁdeli,
614 4561 851 4632 quando
880 4559 933 4616 ei
966 4560 1203 4617 donavit
1230 4561 1448 4617 bonum
1474 4560 1726 4618 malum-

59 4666 167 4721 que
196 4651 549 4709 discernere
576 4668 591 4719 ;
616 4647 915 4721 justitiam
946 4665 1104 4718 vero,
1136 4666 1270 4706 cum
1293 4649 1509 4706 relictis
1526 4649 1722 4718 idolis,

54 4741 296 4795 creatori
346 4756 462 4797 suo
516 4737 739 4794 meruit
784 4738 1092 4795 deservire.
1126 4738 1191 4795 In
1227 4738 1425 4808 Jacob,
1455 4738 1515 4795 id
1544 4742 1637 4796 est
1662 4738 1723 4796 in

54 4842 416 4901 unoquoque
446 4824 640 4884 ﬁdeli.
1530 4850 1533 4857 ’

54 4934 89 4988 5
192 4935 458 5012 Εαςαιεαιε
488 4935 800 4991 Dominum
827 4934 998 4991 Deum
1025 4941 1271 4991 nostrum
1301 4953 1323 4990 :

190 5025 261 5080 Et
285 5023 528 5081 adorate
556 5021 855 5079 scabellum
886 5022 1086 5095 pedum
1129 5024 1248 5094 ejus
1297 5025 1554 5097 quoniam
1599 5041 1727 5081 san-

56 5117 200 5167 ctum
228 5119 331 5168 est.

122 5219 481 5277 Commonet
542 5216 838 5291 Propheta
893 5217 1131 5275 devotos
1196 5217 1463 5291 populos,
1521 5190 1729 5292 pradi-

58 5306 236 5362 cando
266 5306 676 5381 magnificare
725 5310 783 5361 et
827 5305 1081 5362 exaltare
1129 5320 1343 5362 nomen
1390 5307 1644 5376 Domini,
1678 5312 1736 5365 et

59 5393 294 5452 adorare
353 5391 724 5462 scabellum,
759 5394 803 5449 Η
832 5395 880 5449 Α
908 5397 948 5448 C
988 5393 1045 5449 id
1093 5398 1183 5450 est
1228 5410 1439 5467 corpus
1496 5395 1732 5464 Christi,

59 5483 207 5552 quod
239 5484 311 5541 de
343 5481 547 5540 Maria
579 5480 807 5555 virgine
838 5481 1179 5555 assumpsit.
1204 5482 1245 5539 C
1271 5482 1737 5553 Scabellum,hu-

60 5570 307 5629 manitas
341 5569 693 5629 divinitatis
721 5569 1279 5644 intelligitur.Pedes
1300 5570 1739 5644 ejus,stabilita-

58 5662 169 5716 tem
215 5659 564 5737 divinitatis
624 5658 937 5732 significat.
970 5657 1256 5724 Quoniam
1306 5665 1576 5718 sanctum
1623 5665 1736 5742 est,

62 5747 273 5806 scilicet
321 5766 552 5827 corpus
606 5746 840 5815 Christi,
872 5751 930 5804 et
959 5746 1303 5824 gloriosum,
1335 5752 1391 5806 et
1421 5749 1732 5811 adorabile.

1820 2028 1855 2079 7
1965 2026 2292 2083 lnvocabant
2320 2030 2612 2088 Dominum
2639 2042 2690 2089 et
2717 2036 2830 2108 ipse
2857 2026 3184 2100 exaudiebat
3208 2061 3294 2102 eos
3324 2065 3344 2107 :

1964 2116 2025 2170 In
2055 2116 2307 2173 columna
2334 2119 2495 2175 nubis
2523 2121 2842 2195 loquebatur
2868 2127 2939 2183 ad
2966 2145 3072 2187 eos.

1895 2202 1936 2258 C
1965 2204 2256 2270 Quantum
2286 2207 2472 2264 valeat
2501 2210 2805 2269 sinceritas
2848 2219 3146 2288 orationis,
3180 2222 3237 2278 in
3276 2225 3464 2283 brevi-

1825 2294 1941 2346 tate
1972 2292 2327 2351 declaratum
2358 2298 2613 2370 est,quia
2641 2300 2886 2359 fideliter
2916 2305 3097 2364 Deum
3130 2308 3464 2372 invocantes

1827 2378 2135 2471 efﬁcaciter
2163 2382 2452 2440 audiebat.
2488 2386 2549 2442 In
2590 2388 2861 2447 columna
2908 2396 3082 2452 nubis
3120 2397 3467 2471 loquebatur

1827 2471 1965 2523 tunc
1993 2467 2130 2539 illis,
2165 2471 2335 2526 nobis
2361 2476 2552 2529 autem
2584 2492 2687 2548 per
2716 2484 2983 2537 sanctum
3034 2467 3376 2556 scabellum,
3406 2491 3464 2548 id

1825 2561 1933 2700 ἵει,
1966 2574 2068 2628 per
2098 2558 2574 2631 incarnationem,
2608 2569 2664 2619 et
2692 2565 2851 2639 loqui
2881 2574 2938 2625 et
2967 2588 3243 2645 apparere
3267 2577 3466 2651 digna-

1854 2663 1923 2700 us
1950 2651 2057 2700 est.

1854 2663 1923 2701 us
1950 2651 2057 2701 est.

1827 2735 1861 2788 8
1970 2735 2353 2793 Custodiebant
2381 2742 2687 2798 testimonia
2713 2745 2828 2817 ejus
2859 2763 2873 2801 :

1969 2825 2035 2878 Et
2058 2833 2391 2897 prxceptum
2419 2831 2558 2899 quod
2585 2830 2730 2887 dedit
2759 2834 2891 2889 illis.

1899 2914 1939 2966 C
1971 2912 2178 2967 Reddit
2205 2931 2413 2973 causas
2444 2934 2624 2989 quare
2655 2936 2754 2976 eos
2782 2920 3066 2982 Dominus
3087 2929 3360 2987 exaudire
3380 2932 3469 2988 di-

1827 3001 2258 3092 gpareturlpse
2280 3003 2436 3060 enim
2467 3004 2731 3065 Christus
2756 3025 2887 3066 vere
2914 3010 3081 3070 illum
3121 3015 3331 3091 diligit,
3366 3021 3467 3092 qui

1830 3090 1958 3161 ejus
1989 3090 2265 3180 mandata
2289 3094 2563 3162 custodit,
2595 3099 2660 3151 ut
2685 3095 2810 3169 ipse
2839 3098 2919 3155 ait
2946 3118 2959 3156 :
2985 3101 3045 3157 Si
3075 3120 3171 3160 me
3199 3090 3469 3180 diligitis,

1830 3178 2109 3234 mandata
2137 3192 2266 3234 mea
2295 3185 2516 3237 servate
2547 3184 2728 3255 (Joan.
2750 3178 3468 3256 xlv).Testimonium_vero

1829 3265 1924 3322 hic
1949 3266 2161 3322 dicitur
2182 3285 2195 3336 ;
2229 3284 2334 3340 per
2360 3269 2755 3344 signa'aliqua
2772 3277 3151 3346 praecedentis
3172 3282 3255 3353 rei
3278 3283 3469 3355 posita

1831 3355 2198 3429 significatio.
2232 3356 2394 3413 Sicut
2433 3358 2492 3414 in
2540 3359 2665 3434 lege
2709 3361 2852 3418 dixit
2885 3381 2897 3419 :
2933 3365 3047 3422 Hoc
3078 3368 3188 3424 erit
3214 3370 3377 3427 vobis
3409 3372 3466 3428 in

1831 3443 2233 3500 testimonium
2264 3447 2442 3515 (Deut.
2475 3450 2575 3517 vx).

1829 3531 1866 3585 9
1973 3536 2227 3605 Domine,
2260 3535 2399 3590 Deus
2438 3544 2637 3604 noster,
2668 3546 2727 3594 tu
2775 3541 3125 3614 exaudiebas,
3176 3561 3264 3603 eos
3307 3548 3468 3618 Deus,

2043 3630 2102 3677 tu
2124 3624 2395 3694 propitius
2417 3625 2581 3696 fuisti
2600 3628 2678 3684 eis
2712 3646 2731 3682 :

1971 3709 2035 3765 Et
2065 3711 2324 3768 ulciscens
2354 3714 2411 3767 in
2438 3721 2494 3780 σία
2538 3731 2720 3772 omnes
2760 3723 2777 3785 ζ
2836 3714 3245 3779 adinventiones
3264 3740 3471 3782 eorum.

1902 3800 1941 3853 C
1972 3798 2224 3855 Dicendo
2282 3804 2343 3855 tu
2390 3803 2739 3861 exaudiebas
2788 3823 2906 3875 eos,
2938 3813 3002 3865 tu
3052 3811 3474 3886 eis'propitius

1833 3886 2279 3955 fuisti,ostendit
2298 3890 2532 3962 quidem
2558 3892 2844 3950 desideria
2864 3902 3198 3955 sanctorum
3224 3901 3282 3956 in
3307 3902 3475 3958 bonis

1832 3975 2213 4048 petitionibus
2246 3977 2425 4034 fuisse
2467 3980 2774 4053 completa.
2810 3983 2874 4038 Et
2905 3985 3193 4044 ulciscens
3241 3990 3300 4044 in
3348 4007 3472 4047 om-

1833 4080 1956 4133 nes,
1979 4069 2197 4132 etc.,ne
2225 4064 2309 4121 eis
2341 4066 2600 4124 humana
2628 4068 2799 4125 elatio
2829 4072 3131 4147 subripere
3161 4076 3470 4149 potuisset.

1831 4151 1978 4208 Nam
2008 4153 2273 4225 quamvis
2303 4153 2484 4227 aliqui
2515 4158 2701 4213 sancti
2731 4163 2871 4215 sunt
2899 4164 2956 4216 et
2985 4161 3186 4219 ﬁdeles
3225 4164 3352 4235 viri,
3388 4170 3472 4223 ta-

1834 4256 1967 4297 men
1999 4246 2222 4315 oportet
2251 4242 2310 4297 in
2340 4243 2424 4299 eis
2476 4243 2769 4302 vindicare
2815 4264 2918 4321 pro
2963 4252 3244 4324 tempore,
3275 4269 3348 4310 ne
3377 4271 3476 4313 cor

1834 4345 2035 4385 eorum
2065 4347 2236 4403 posse
2265 4332 2527 4389 videatur
2555 4334 2626 4389 ad
2660 4336 2995 4409 superbiam
3033 4340 3264 4397 deduci.
3294 4342 3473 4400 Adin-

1832 4418 2133 4476 ventiones
2174 4436 2306 4476 vero
2364 4437 2586 4491 eorum,
2620 4421 2881 4498 intelligo
2927 4427 3121 4484 studia
3169 4446 3372 4487 eorum
3419 4437 3476 4489 et

1833 4507 2195 4580 operationes
2217 4509 2623 4566 deficientes}!
2644 4510 2746 4567 Vel
2768 4512 2826 4569 in
2848 4513 3066 4571 bonum
3088 4515 3283 4592 accipe
3304 4518 3478 4577 ulcis-

1835 4610 1991 4666 cens,
2026 4602 2091 4654 ut
2116 4596 2272 4654 Deus
2295 4596 2497 4655 ulcisci
2525 4598 2886 4674 intelligatur
2912 4602 2971 4658 in
3010 4604 3475 4682 adinventiones,

1752 4701 1801 4767 D
1833 4684 1891 4740 id
1921 4690 2030 4755 est,
2064 4690 2265 4743 contra
2295 4687 2730 4747 adinventiones
2758 4706 2961 4747 eorum
3008 4692 3304 4764 facientes,
3338 4696 3476 4770 quia

1832 4772 2057 4847 placita:
2086 4779 2252 4832 erant
2280 4774 2525 4833 Domino
2570 4792 2771 4834 eorum
2820 4778 3076 4839 actiones
3113 4786 3170 4839 et
3198 4783 3474 4841 adiuven-

1835 4862 2046 4920 tiones.

1836 4952 1904 5007 10
1974 4953 2225 5010 Exaltate
2255 4955 2549 5012 Dominum
2594 4958 2765 5014 Deum
2805 4966 3051 5017 nostrum
3087 4968 3139 5018 et
3167 4960 3389 5020 adorata
3415 4965 3475 5021 in

2050 5050 2226 5099 monte
2253 5051 2436 5101 sancto
2465 5046 2581 5118 ejus
2613 5064 2627 5102 :

1980 5130 2248 5198 Quoniam
2274 5140 2493 5189 sanctus
2522 5136 2789 5193 Dominus
2816 5138 2955 5195 Deus
2981 5136 3177 5196 noster.

1907 5216 1949 5273 C
1976 5218 2307 5277 Notandum
2337 5226 2429 5278 est
2457 5222 2612 5279 enim
2659 5226 2813 5298 quod
2863 5231 3131 5283 sanctum
3160 5228 3475 5292 Dominum

1841 5306 1902 5363 in
1924 5312 2118 5364 monte
2139 5314 2337 5366 sancto
2355 5311 2614 5384 pracipit
2632 5313 3303 5388 adorandum,quoniam
3324 5317 3479 5374 sicut

1840 5394 1970 5452 laus
2001 5398 2129 5469 ejus
2160 5414 2275 5454 non
2306 5400 2573 5456 convenit
2600 5402 2685 5456 ori
2718 5419 2916 5476 pravo,
2949 5404 3033 5460 ita
3061 5421 3168 5461 nec
3197 5406 3324 5477 ejus
3352 5404 3479 5462 cul-

1842 5487 1985 5540 turae
2011 5485 2119 5541 loci
2152 5489 2342 5560 potest
2370 5504 2688 5562 congruam
2714 5491 3038 5564 turpitudo.

2265 5590 2466 5632 ORATIO
2503 5594 2572 5633 ΒΧ
2609 5594 2764 5635 PSAL.
2804 5595 2998 5636 XCVIII.

1912 5662 2196 5721 Sublimis
2225 5662 2420 5719 throni
2448 5664 2691 5724 Domine
2719 5670 2773 5724 te
2797 5671 2855 5724 et
2883 5683 3120 5724 oramus
3164 5671 3224 5724 et
3246 5682 3475 5739 quaesu-

1844 5767 1997 5821 mus,
2024 5757 2088 5810 ut
2117 5751 2389 5833 columna
2420 5754 2591 5814 nobis
2620 5754 2860 5816 luminis
2891 5753 3472 5830 refulgente,modum

4068 6222 5516 6444 Ἥ
