3922 6444
381 406 503 463 359

1300 399 1367 460 8.
1415 398 1813 460 BRUNONIS
1860 395 2484 458 HERBWOLENSIS
2530 397 2902 460 EPlSCOPl.

3695 401 3794 467 360

382 533 767 593 saccidutalis
798 531 1026 590 ordinis
1056 534 1112 588 te
1142 531 1381 588 custode
1403 531 1840 590 servemus.Per
1858 529 2051 587 Domi-
2076 531 2131 599 Α
2161 528 2279 585 sive
2312 529 2369 587 in
2401 530 2837 605 generationem
2870 534 2928 587 et
2955 527 3411 604 generationem.
3445 531 3512 587 Et
3541 502 3793 590 istudlsi-

381 642 525 682 num
561 628 829 680 nostrum
859 621 1067 678 Jesum
1098 620 1416 687 Christum,
1449 627 1559 678 etc.

931 710 1259 768 PSALMUS
1300 710 1488 767 XCIX.

810 816 1210 858 ARGUMENTUM
1258 817 1417 857 PSAL.
1458 816 1611 856 XCIX.

2153 620 2395 694 gnificat
2424 616 2708 677 saeculum
2738 619 2893 694 quod
2928 636 3082 676 nunc
3113 620 3327 693 agitur,
3359 624 3417 678 et
3455 620 3599 678 illud
3652 625 3791 697 quod

2152 708 2447 765 credimus
2477 725 2605 765 esse
2633 711 2969 776 venturum,
2997 708 3056 763 id
3087 713 3195 776 est,
3211 702 3490 767 saeculum
3520 709 3581 766 in
3610 708 3793 768 beato-

2150 814 2284 855 rum
2317 798 2553 872 gaudio.
2587 796 2691 854 Hic
2720 798 2878 856 enim
2909 797 3121 855 veritas
3153 797 3249 854 Dei
3280 796 3642 872 impletur,et
3671 818 3794 876 pro-

448 880 493 950 Ε
534 893 824 951 Admonet
878 889 1168 963 Propheta
1225 889 1663 946 universitatem
1724 886 2040 946 Dominum
2150 888 2338 944 missa
2364 889 2493 961 ejus
2525 888 2584 944 in
2613 887 2806 960 patria
2834 887 3075 950 veritate
3105 886 3492 961 complentur.

377 981 727 1041 exsultando
758 978 1021 1037 laudare.

592 1071 707 1129 TT.
739 1070 994 1127 Psalmus
1020 1074 1077 1134 {-
1116 1066 1293 1125 David
1324 1070 1381 1124 in
1411 1070 1748 1141 confessione
1792 1076 1807 1136 ζ
1878 1112 1892 1126 .

447 1150 488 1218 C
517 1158 816 1218 Confessio
841 1158 999 1218 enim
1030 1158 1200 1232 quasi
1233 1157 1493 1215 confacio
1523 1158 1886 1228 dicitur,sive
1917 1176 2036 1234 poe-

2643 993 2849 1033 ORATIO
2879 994 2947 1032 ET
2978 994 3134 1033 PSAL.
3166 993 3315 1033 XCIX.

2216 1066 2554 1124 Jubilamus
2586 1065 2966 1135 tibi,Domine
2998 1064 3296 1136 aeterne,in
3319 1066 3524 1123 laetitia
3541 1066 3800 1124 etessul-

2147 1157 2390 1225 tatione,
2422 1161 2750 1230 poscentes,
2772 1160 2839 1212 ut
2867 1155 3010 1212 dum
3042 1159 3218 1229 porta:
3248 1160 3552 1230 pectorum
3578 1162 3797 1213 nostro-

375 1250 623 1309 nitentia
652 1248 772 1307 sive
801 1247 930 1305 laus
962 1247 1285 1305 multorum
1308 1265 1408 1304 ore
1428 1248 1883 1316 celebrata.Quae
1906 1249 2036 1305 ideo
2147 1262 2278 1302 rum
2310 1246 2370 1302 in
2403 1245 2522 1303 tuis
2552 1246 2831 1304 laudibus
2860 1248 3217 1313 reserantur,
3231 1260 3463 1317 semper
3484 1246 3556 1303 ad
3579 1246 3794 1302 miseri-

371 1340 454 1399 sic
484 1336 791 1407 dicitur,ut
818 1336 891 1395 ad
923 1336 1213 1411 plurimos
1242 1337 1532 1410 pertinere
1555 1339 1727 1395 modo
1751 1344 2037 1396 monstre-
2143 1336 2405 1393 cordiam
2459 1335 2882 1408 veritatemque
2938 1335 3293 1409 pandantur.
3336 1335 3442 1391 Per
3486 1334 3793 1392 Dominum

368 1434 485 1489 tur.
520 1434 634 1487 Con
662 1427 820 1486 enim
854 1426 1035 1484 simul
1066 1425 1401 1501 signiﬁcare
1429 1432 1631 1484 notum
1662 1432 1769 1484 est“

370 1522 396 1575 1
510 1519 762 1579 Jubilate
786 1517 915 1601 Deo,
947 1518 1126 1572 omnis
1156 1524 1305 1573 terra
1335 1535 1354 1572 :

440 1660 461 1691 ._
510 1608 719 1693 Sci-vite
752 1609 989 1663 Domino
1021 1608 1079 1661 in
1111 1606 1333 1693 laetitia.

440 1688 481 1753 Ο
506 1686 795 1757 Ιήῦἱῖαιὼ
825 1701 915 1751 est
945 1694 1104 1750 enim
1135 1686 1349 1767 magno
1379 1695 1595 1753 mentis
1625 1697 1841 1770 gaudio
1871 1716 2032 1757 com-

367 1783 729 1856 moveri,non
758 1788 955 1840 tamen
987 1783 1047 1840 in
1078 1781 1385 1841 articulata
1423 1786 1599 1843 verba
1626 1804 2028 1861 prorumpere,

366 1881 423 1933 et
453 1872 565 1932 sub
587 1873 964 1947 jucunditate
994 1871 1242 1930 Domino
1286 1873 1582 1933 famulari.
1616 1876 1822 1933 Omnis
1851 1882 2027 1946 terra,

364 1980 485 2022 non
516 1964 588 2020 ad
620 1962 894 2020 tellurem
920 1961 1293 2019 referendum
1324 1967 1432 2032 est,
1468 1965 1570 2019 sed
1613 1964 1928 2039 allegorica
1956 1968 2026 2025 ad

364 2052 636 2111 homines
660 2056 891 2110 constat
920 2049 1189 2124 intelligi.
1219 2050 1338 2109 Ista
1366 2052 1571 2111 laetitia
1600 2054 1805 2128 utique
1834 2054 2025 2112 chari-

365 2148 456 2200 tas
487 2143 673 2211 est,de
706 2159 824 2216 qua
852 2139 1163 2213 Apostolus
1196 2140 1316 2197 ait:
1350 2142 1475 2199 Non
1498 2142 1882 2212 inflatur,non
1904 2145 2027 2221 agit

264 2230 279 2243 ⁸
360 2249 667 2307 perperam
719 2233 769 2305 (1
810 2230 932 2287 Cor.
981 2233 1139 2299 xm);
1191 2247 1307 2287 non
1366 2230 1524 2288 enim
1583 2240 2024 2292 murmurantes

360 2321 608 2379 Domino
640 2319 859 2378 servire
891 2316 1195 2390 debemus,
1228 2320 1371 2393 quia
1399 2320 1481 2376 sic
1513 2321 1699 2379 Deum
1741 2341 1858 2380 non
1893 2323 2021 2381 dili-

355 2413 573 2486 gimus.

353 2500 390 2557 2
498 2494 724 2557 Introite
756 2501 815 2555 in
843 2503 1130 2572 conspectu
1162 2498 1280 2572 ejus
1311 2518 1329 2555 :

497 2588 562 2645 in
588 2589 970 2645 exsultatione.

428 2676 474 2734 Η
510 2676 842 2745 lntroite,id
875 2681 985 2742 est,
1000 2693 1115 2732 non
1139 2675 1294 2746 jocis
1325 2676 1597 2750 turpibus
1629 2679 2019 2738 disssolvimi-

355 2765 437 2833 ni,
471 2764 573 2822 sed
604 2763 805 2821 omnia
834 2781 961 2837 qua:
995 2763 1186 2820 facitis
1223 2764 1283 2819 in
1313 2763 1563 2837 gloriam
1595 2767 1695 2823 Dei
1726 2769 1918 2826 facite.
1953 2771 2016 2828 In

352 2853 765 2920 exsultatione,
788 2852 829 2908 C
862 2851 971 2908 hoc
1000 2856 1190 2921 est,ut
1219 2852 1434 2926 gaudia
1466 2858 1603 2912 tunc
1635 2858 1884 2916 sumatis
1907 2859 2015 2915 hu-

353 2940 644 3011 militatis,
677 2940 912 3016 quando
944 2941 1215 3016 superbis
1248 2942 1531 3001 omnibus
1578 2946 1860 3018 probatur
1886 2966 2015 3008 esse

353 3030 655 3089 terribilis.

349 3118 386 3178 3
493 3120 702 3177 Scitote
729 3121 995 3193 quoniam
1022 3120 1289 3178 Dominus
1320 3123 1433 3194 ipse
1462 3131 1544 3180 est
1568 3124 1711 3182 Deus
1741 3144 1760 3182 :

489 3211 612 3284 Ipse
639 3210 770 3283 fecit
799 3226 897 3267 nos
927 3218 977 3266 el
1007 3227 1115 3267 non
1150 3212 1260 3284 ipsi
1285 3228 1401 3270 nos.

2145 1430 2414 1483 nostrum
2445 1426 2650 1483 Jesum
2681 1425 3003 1494 Christum,
3033 1428 3144 1480 etc.

2752 1549 3080 1607 PSALMUS
3133 1549 3193 1605 C.

2630 1683 3034 1725 ARGUMENTUH
3066 1684 3221 1723 ΡεΑι..
3250 1683 3306 1723 C.

2211 1785 2251 1841 C
2282 1781 2541 1839 Ecclesia
2588 1782 2712 1851 Dei,
2739 1780 3033 1854 judicium
3082 1789 3140 1837 et
3186 1779 3650 1838 misericordiam
3694 1783 3791 1839 de-

2139 1876 2358 1941 cantat,
2389 1887 2570 1945 seque
2599 1887 2717 1928 non
2748 1887 2883 1927 cum
2912 1870 3135 1944 iniquis
3184 1870 3287 1927 sed
3336 1885 3473 1927 cum
3516 1869 3791 1928 ﬁdelibus

2139 1962 2403 2019 habitare
2432 1962 2782 2035 congaudet.

2583 2050 2700 2107 TT.
2734 2050 2990 2106 Psalmus
3016 2050 3128 2122 ipsi
3153 2048 3347 2106 David.

2205 2143 2248 2199 C
2275 2139 2390 2215 Ipsi
2418 2140 2598 2197 David
2620 2140 2721 2195 ubi
2747 2138 3011 2213 ponitur,
3022 2143 3213 2196 totum
3235 2137 3452 2195 Christi
3474 2139 3789 2197 virtutibus

2134 2229 2484 2304 applicatur,
2517 2233 2584 2287 ut
2612 2227 2762 2285 nihil
2789 2228 2862 2285 de
2891 2228 3005 2285 isto
3030 2233 3260 2285 terreno
3290 2243 3424 2301 rege
3470 2226 3787 2301 intelligas,

2131 2320 2234 2376 sed
2268 2319 2469 2377 omnia
2496 2319 2569 2376 de
2599 2317 2701 2374 illo
2732 2317 2952 2374 caelesti
2984 2316 3166 2374 fuisse
3191 2317 3347 2373 dicta
3376 2332 3714 2390 cognoscas.

2132 2410 2158 2465 1
2274 2408 2713 2469 Misericordiam
2740 2416 2790 2464 et
2802 2407 3113 2481 judicium.

2275 2498 2514 2556 Cantabo
2543 2498 2667 2565 tibi,
2701 2499 2954 2556 Domine.

2126 2592 2164 2645 2
2272 2589 2519 2646 Psallam
2550 2593 2602 2645 et
2633 2588 2943 2658 intelligam
2972 2589 3032 2643 in
3056 2588 3146 2644 via
3176 2586 3529 2644 immaculata
3563 2605 3584 2643 .-

2272 2678 2496 2748 Quando
2528 2680 2711 2734 venies
2739 2677 2810 2734 ad
2838 2693 2944 2733 me.

2198 2768 2240 2823 C
2268 2767 2525 2825 Audiant
2555 2768 2758 2840 utique
2790 2766 3226 2823 misericordem
3250 2766 3561 2823 Dominum
3589 2783 3780 2841 pecca~

2125 2862 2303 2927 tores,
2336 2857 2438 2931 qui
2467 2856 2784 2931 desperant
2812 2856 2883 2912 de
2913 2854 3136 2924 salute;
3164 2853 3495 2930 intelligant
3542 2856 3777 2930 superbi

2115 2946 2403 3021 judicem,
2434 2946 2534 3020 qui
2566 2943 2791 3003 malum
2825 2961 3000 3001 suum
3034 2958 3148 3001 non
3179 2943 3472 3001 mstimant
3513 2961 3644 3002 esse
3672 2962 3777 3019 pu-

2122 3036 2407 3095 niendum
2429 3055 2442 3107 ;
2469 3035 2531 3092 in
2552 3035 2647 3093 his
2667 3034 2825 3092 enim
2845 3035 3079 3091 duobus
3099 3033 3470 3091 sermonibus
3490 3037 3548 3090 et
3570 3039 3777 3091 cuncta

2120 3144 2296 3201 opera
2316 3126 2418 3183 Dei
2440 3130 2498 3182 et
2515 3126 2696 3182 totius
2718 3124 2989 3182 Ecclesiae
3014 3123 3319 3181 aedificatio
3343 3124 3625 3198 probatur
3652 3142 3775 3181 esse

2121 3221 2375 3273 narrata.
2410 3215 2621 3272 Omnia
2650 3214 2808 3271 enim
2838 3213 2940 3270 Dei
2970 3229 3147 3287 opera
3190 3217 3331 3269 sunt
3376 3213 3775 3270 misericordia

362 3376 365 3377 ν
416 3303 456 3357 (3
487 3281 722 3367 Scitote,
756 3298 864 3356 hoc
893 3304 984 3356 est
1023 3281 1352 3373 intelligite,
1386 3318 1419 3357 ο
1448 3301 1655 3371 Judazi,
1688 3305 1846 3377 quod
1897 3306 2008 3365 iste
2037 3281 2082 3353 (ἶ
2119 3312 2177 3364 et
2196 3306 2514 3378 judicium,
2545 3304 2604 3361 id
2637 3310 2748 3372 est,
2777 3281 3026 3372 veritas,
3045 3302 3107 3358 in
3139 3303 3354 3376 quibus
3393 3303 3625 3360 duobus
3650 3318 3769 3359 om-

346 3388 840 3461 Dominus,quem
873 3385 1087 3445 Filium
1118 3390 1219 3445 Dei
1250 3390 1495 3447 minime
1523 3392 2013 3470 credidistis,ipse

342 3484 433 3535 est
463 3478 753 3549 Deus,qui
788 3477 923 3533 fecit
953 3476 1165 3534 caelum
1187 3483 1246 3535 et
1274 3480 1623 3554 terram,qui
1646 3499 1751 3539 nos
1774 3501 2012 3559 quoque

343 3566 416 3623 ad
450 3582 622 3623 suam
654 3565 974 3637 imaginem
1006 3563 1392 3638 plasmavit.H
1414 3568 1485 3624 Et
1513 3587 1630 3625 non
1664 3570 1857 3629 solum
1888 3590 2012 3631 cor-

341 3654 762 3729 poraliter,sed
799 3654 858 3710 in
892 3671 1107 3711 novum
1137 3654 1439 3713 hominem
1471 3658 1780 3730 recreavit;
1813 3667 1871 3719 et
1898 3663 2009 3721 hoc

342 3760 463 3800 non
496 3746 699 3798 nostro
727 3742 959 3810 merito,
995 3743 1097 3799 sed
1129 3759 1237 3799 suo
1266 3744 1441 3801 dono.

342 3834 375 3887 li
487 3831 729 3905 Papulas
757 3832 875 3901 eius
898 3840 950 3888 et
980 3848 1101 3889 oves
1124 3848 1351 3906 pascam
1388 3836 1505 3907 ejus
1553 3837 1776 3897 introitc
1814 3847 2007 3915 portas

555 3924 673 3996 ejus
702 3921 762 3977 in
790 3923 1146 3994 confessione.

480 4012 638 4067 Atria
667 4011 787 4083 ejus
817 4029 836 4066 :
868 4013 930 4068 in
960 4012 1183 4085 hymnis
1211 4014 1552 4086 conﬁtemini
1580 4017 1688 4074 illi.

408 4101 457 4159 Η
485 4099 662 4157 Venit
691 4095 763 4158 ad
797 4100 1082 4175 populum
1116 4102 1369 4171 fidelem,
1402 4122 1507 4178 per
1534 4111 2003 4182 comparationes

334 4188 768 4265 pulcherrimas
798 4191 1113 4249 ostendens
1144 4192 1284 4265 quid
1318 4194 1456 4250 sint.
1490 4195 1656 4267 Oves,
1690 4200 1830 4272 quia
1861 4209 2003 4263 sunt

333 4278 657 4355 simplices,
688 4284 746 4337 et
776 4280 901 4353 ipse
930 4298 1143 4339 earum
1174 4287 1379 4355 pastor
1405 4289 1495 4342 est
1539 4303 1730 4345 verus.
1764 4290 2001 4350 Pascuze

331 4372 486 4457 ejus,
523 4372 582 4428 id
615 4370 725 4457 es't,
760 4370 1093 4430 divinarum
1126 4372 1565 4448 Scripturarum
1614 4378 1807 4437 dulcis
1852 4400 1998 4457 epu-

329 4456 681 4518 latio.Portee
702 4456 1115 4531 'Domini,sunt
1130 4462 1377 4520 humilis
1407 4456 2001 4545 pcnnitentia,baptis~

330 4568 497 4607 mum
524 4556 848 4619 sacrum,ot
876 4552 1134 4609 charitas
1164 4557 1221 4609 et
1250 4552 1367 4610 alia
1397 4554 1555 4611 bona
1582 4573 1760 4630 Opera
1783 4564 1840 4617 et
1864 4578 1997 4619 san-

2121 3412 2225 3453 nes
2239 3395 2485 3452 virtutes
2502 3411 2631 3450 com
2640 3392 3152 3468 prehenduntur.H
3171 3393 3455 3449 Admonet
3466 3391 3771 3466 Propheta,

2122 3489 2187 3542 ut
2216 3482 2487 3559 quisquis
2517 3483 2671 3558 quod
2703 3482 2905 3557 psallit
2933 3481 3317 3555 intelligat,et
3344 3496 3555 3539 sensus
3584 3482 3773 3556 ipsius

2118 3574 2414 3649 psalmum
2447 3571 2894 3645 contempletur,
2917 3577 2974 3628 et
3000 3587 3114 3628 non
3145 3575 3392 3646 vagetur
3421 3586 3588 3630 mens
3619 3571 3774 3629 foras

2117 3670 2184 3722 ut
2214 3680 2312 3721 ore
2343 3664 2581 3738 quidem
2606 3662 2876 3720 videatur
2921 3660 3192 3735 psallere,
3227 3676 3395 3719 mens
3425 3666 3619 3718 anum
3645 3662 3773 3718 sine

2117 3755 2308 3811 fructu
2342 3752 2509 3811 sit.In
2538 3753 2634 3809 via
2657 3751 3057 3818 immaculata,
3088 3750 3130 3806 C
3161 3750 3301 3824 quia
3346 3749 3611 3808 Christus
3650 3762 3769 3807 non

2116 3843 2323 3900 habuit
2380 3846 2637 3916 peccata,
2670 3842 2771 3914 qui
2820 3840 2978 3897 hunc
3026 3839 3316 3896 mundum
3374 3838 3770 3896 immaculatis

2114 3933 2418 4008 gressibus
2447 3930 2790 3999 ambulavit,
2823 3934 2879 3987 et
2900 3929 3040 3986 ideo
3064 3929 3147 3985 ait
3176 3945 3191 3985 :
3229 3929 3348 4003 Ego
3380 3930 3439 3985 in
3464 3929 3577 3985 hoc
3602 3944 3771 3986 mun—

2111 4023 2187 4081 do
2208 4022 2345 4079 sine
2377 4019 2611 4077 macula
2641 4017 2983 4087 ambulabo,
3012 4023 3081 4075 ut
3108 4018 3301 4075 veniat
3330 4019 3401 4074 ad
3433 4034 3526 4075 me
3555 4018 3769 4093 imma-

2111 4110 2458 4170 culatum.H
2481 4109 2724 4176 Quando
2754 4109 3053 4177 venies,de
3074 4108 3329 4166 secundo
3359 4109 3486 4181 ejus
3515 4108 3767 4164 adventu

2110 4202 2271 4271 dicit,
2307 4200 2544 4275 quando
2573 4203 2867 4257 revertens
2915 4198 3223 4269 Dominus,
3256 4197 3410 4255 facta
3455 4196 3765 4255 hominum

2110 4291 2383 4365 exquirit.
2696 4286 2699 4289 ’
2910 4287 2915 4291 ’

2106 4383 2143 4439 3
2250 4378 2712 4439 Percmbulabam
2740 4378 2803 4434 in
2835 4379 3150 4437 innocentia
3175 4376 3351 4436 cordis
3381 4377 3492 4434 mei
3520 4393 3534 4434 :

2250 4474 2315 4529 In
2338 4469 2519 4527 medio
2548 4469 2742 4526 domus
2767 4482 2930 4527 meas.

2178 4562 2225 4619 li
2254 4559 2414 4619 Nihil
2448 4559 2534 4618 sic
2556 4558 2787 4633 placere
2806 4562 2922 4615 Deo
2953 4561 3021 4615 ut
3040 4557 3480 4631 simplicitatem
3508 4559 3566 4613 et
3593 4555 3763 4614 inno-

326 4646 441 4699 cta.
468 4639 631 4698 Atria
656 4643 807 4713 ejus,
841 4646 907 4697 ut
936 4641 1033 4698 hic
1065 4642 1390 4698 subaudias
1433 4643 1669 4712 intrate,
1702 4647 1996 4721 significat
2023 4660 2071 4727 Ι)
2103 4653 2379 4710 centiam.
2411 4649 2454 4706 C
2483 4649 2630 4706 Hinc
2658 4649 2835 4705 datur
2857 4647 3126 4722 intelligi,
3159 4647 3313 4720 quod
3352 4650 3589 4721 propter
3614 4646 3763 4703 sim-

328 4730 653 4805 prophetas
681 4734 739 4786 et
765 4728 1176 4803 evangelistas,
1199 4735 1256 4785 et
1287 4732 1625 4804 quicunque
1655 4741 1808 4793 recte
1840 4755 1985 4813 pm-

324 4818 686 4875 dicaverunt.
704 4817 868 4871 Dicta
898 4817 1057 4871 enim
1088 4813 1585 4886 illorum,Domini
1616 4827 1846 4881 constat
1864 4842 1992 4886 esse

202 4894 217 4902 ’
323 4906 482 4962 atria
512 4923 526 4961 :
558 4904 699 4978 quia
727 4920 830 4976 per
858 4903 988 4959 illos
1018 4908 1073 4959 et
1107 4903 1208 4961 illa
1237 4905 1309 4960 ad
1341 4922 1476 4962 eum
1513 4907 1648 4979 itur,
1681 4917 1739 4968 et
1772 4913 1914 4987 ipse,
1940 4919 1990 4975 si

322 4988 532 5050 devota
562 4992 757 5049 mente
787 4992 1169 5065 perquiritur,
1203 4993 1264 5049 in
1295 4995 1380 5051 eis
1413 4996 1725 5058 invenitur.

321 5084 359 5137 5
473 5080 712 5138 Laudate
735 5098 931 5138 nomen
961 5083 1078 5156 eius
1099 5086 1363 5157 quoniam
1380 5088 1567 5143 suavis
1585 5098 1663 5146 est
1682 5090 1946 5154 Dominus
1967 5117 1987 5153 :

366 5234 385 5239 _
465 5171 529 5226 In
558 5174 836 5227 aeternum
865 5174 1244 5230 misericordia
1270 5176 1391 5248 ejus
1418 5193 1431 5232 :
1462 5176 1516 5233 et
1541 5194 1711 5253 usque
1740 5183 1800 5239 in
1824 5202 1988 5256 gene-

536 5260 808 5316 rationem
834 5265 888 5317 et
915 5265 1322 5333 generationem
1351 5267 1554 5339 ueritas
1582 5270 1719 5342 ejus.

330 5426 341 5432 -
382 5342 434 5403 'C
462 5346 678 5405 Reddit
707 5364 944 5406 causam
979 5368 1159 5425 quare
1186 5354 1624 5425 praedicandum
1655 5364 1712 5415 et
1740 5358 1984 5423 laudan-

321 5436 465 5493 dum
496 5440 587 5494 est
617 5438 1097 5508 nomen.'Christi,
1132 5442 1411 5513 quoniam
1462 5447 1659 5504 suavis
1688 5455 1797 5508 est.
1831 5453 1977 5510 Sua-

314 5524 468 5615 vitas
485 5524 642 5582 enim
664 5525 779 5585 ista
801 5525 986 5583 nescit
1007 5527 1641 5592 babere‘fastidiumJn
1669 5544 1976 5615 aatcrnum,

315 5613 458 5687 quia
498 5632 633 5672 cum
686 5615 865 5673 semel
907 5615 1243 5690 praestiterit
1289 5625 1504 5678 caterua
1554 5624 1754 5684 futura
1798 5613 1972 5699 bona,

310 5719 557 5784 semper,
578 5706 650 5767 ab
675 5705 804 5788 ipso
835 5710 1143 5767 servantur
1187 5702 1388 5769 illazsa.
1420 5710 1712 5774 Saeculum
1750 5716 1970 5796 saeculi,

2102 4741 2423 4817 plicitatem
2452 4738 2944 4813 gratissimam,in
2966 4737 3157 4811 specie
3185 4736 3473 4795 columba:
3504 4735 3765 4810 Spiritus

2066 4820 2077 4837 “
2100 4835 2344 4888 sanctus
2358 4827 2659 4903 apparuit:
2675 4832 2732 4884 et
2746 4832 2984 4902 propter
2998 4825 3763 4900 mansuemdinemﬁgnum

2100 4938 2162 4978 se
2190 4917 2384 4977 vocari
2414 4916 2595 4974 Filius
2616 4917 2717 4974 Dei
2740 4917 3043 4992 elegit,per
3062 4916 3173 4975 hoc
3193 4917 3396 4991 utique
3417 4916 3761 4989 designans,

2097 5015 2375 5075 aeternam
2408 5006 2760 5082 sapientiam
2784 5006 3049 5064 habitare
3074 5007 3131 5063 in
3152 5003 3761 5081 pectoribusplacidis

2095 5104 2153 5157 et
2182 5097 2531 5157 humilibus.

2095 5191 2128 5246 4
2238 5188 2357 5246 Νοη
2382 5188 2757 5261 proponebum
2784 5194 2913 5243 ante
2940 5186 3121 5243 oculos
3148 5201 3295 5245 meos
3318 5202 3435 5245 rem
3463 5172 3757 5259 injustam.

2235 5274 2513 5335 Facientes
2535 5278 3026 5350 pra’varicationes
3052 5274 3219 5332 adici.

2090 5368 2126 5423 5
2234 5367 2351 5425 Non
2379 5364 2610 5422 adhwsit
2638 5367 2781 5422 mihi
2807 5382 2895 5422 csr
2917 5382 3157 5439 pravum
3183 5384 3205 5420 .-

2229 5452 2604 5514 Declinantem
2633 5472 2668 5511 a
2698 5472 2784 5512 me
2811 5454 3124 5529 malignum
3155 5470 3266 5512 non
3306 5454 3717 5527 cognoscebam.

2085 5609 2097 5616 ο
2159 5542 2201 5603 C
2224 5546 2397 5604 Juste
2416 5561 2554 5618 ergo
2584 5540 2727 5600 dicit
2758 5548 2963 5601 sancta
3003 5542 3400 5618 congregatio,
3433 5546 3567 5601 ante
3612 5552 3759 5600 ocu-

2084 5634 2173 5692 los
2192 5634 2387 5692 cordis
2411 5634 2501 5690 sui
2524 5650 2588 5691 se
2609 5650 2724 5689 non
2746 5634 3017 5707 posuisse
3040 5651 3159 5690 rem
3186 5632 3536 5706 inju'stitam,
3561 5640 3757 5706 quam

2082 5722 2652 5805 deponetrabilibus
2682 5740 2799 5781 suae
2840 5722 3063 5783 mentis
3111 5722 3456 5781 excluserat.
3480 5721 3669 5783 Recte
3702 5722 3754 5780 si
