5516 6550
162 588 268 650 361

1364 585 1779 651 EXPOSI'HO
1818 586 2334 657 PSALMORUM.
2412 620 2415 625 ν

166 716 389 789 quidem
423 731 515 770 res
546 711 678 771 illas
706 713 898 770 videre
931 732 1387 789 negamur,quas
1410 718 1586 772 nullis
1620 718 1800 774 delcc-
1831 729 1882 794 Α
1917 720 1982 775 10
2089 724 2149 778 In
2220 727 2490 781 matutino
2558 726 2947 797 interﬁeiebam
3012 742 3197 783 omne:
3259 739 3556 800 peccatores

166 804 479 865 tatiouibus
526 803 847 865 intuemur.
887 805 1396 869 Praevaricationes
1445 807 1618 873 odivi,
1668 809 1809 879 quia

165 891 657 968 praevaricationes
704 891 1013 954 hominum
1054 892 1282 967 jugiter
1328 893 1509 955 habui
1550 895 1803 962 odiosas,

166 998 298 1041 nam
325 980 596 1053 qumvis
625 984 760 1041 ante
789 980 993 1041 faciem
1023 986 1282 1040 nostram
1313 983 1567 1053 veniant,
1608 987 1805 1045 tamen

167 1086 275 1129 non
304 1074 441 1129 sunt
468 1068 531 1124 in
559 1074 876 1143 conspectu
907 1070 1123 1127 mentis
1152 1074 1384 1128 nostris.

229 1175 270 1231 ϐ
296 1175 405 1231 Cor
441 1191 688 1247 pravum
738 1176 896 1231 enim
946 1174 1238 1234 adhaerere
1282 1193 1400 1235 non
1449 1181 1655 1250 potest,
1688 1178 1803 1234 nisi

164 1265 352 1337 ligatis
378 1263 619 1319 funibus
640 1264 1435 1336 peccatorum.Declinantem
1459 1283 1492 1322 a
1516 1268 1691 1334 me,id
1715 1272 1805 1323 est

163 1352 624 1424 haereticum,qui
656 1352 852 1424 pravis
880 1353 1156 1409 doctrinis
1182 1370 1217 1409 a
1247 1354 1531 1411 catholica
1550 1356 1664 1411 ﬁde
1682 1355 1803 1411 dis-

161 1450 345 1517 sentit,
380 1466 495 1505 non
526 1450 949 1522 cognoscebam
985 1466 997 1506 :
1029 1466 1161 1507 cum
1211 1467 1273 1507 se
1323 1452 1496 1507 etiam
1543 1452 1800 1525 baptiza-

161 1547 281 1595 tum
311 1543 676 1607 asserat,non
708 1542 903 1594 tamen
934 1537 995 1593 in
1026 1555 1092 1595 eo
1123 1540 1464 1611 agnoscitur
1493 1542 1691 1597 divina
1719 1542 1801 1597 di-

161 1626 340 1694 lectio,
373 1627 474 1699 qui
510 1626 892 1698 blasphemus
917 1629 1197 1699 probatur
1243 1645 1279 1684 a
1324 1626 1588 1684 Domine.
1622 1628 1669 1685 Η
1699 1629 1800 1685 Vel

159 1716 489 1788 quicunque
519 1714 713 1771 malus
742 1714 1109 1771 Christianus
1148 1733 1251 1789 per
1302 1717 1626 1791 malignum
1657 1717 1801 1773 acci-

160 1805 329 1876 pitur.

158 1929 191 1984 6
298 1927 687 1985 Detrahentem
716 1935 917 1984 secreto
939 1931 1192 2001 proximo
1220 1908 1317 1990 suo
1346 1948 1365 1985 :

289 2017 442 2072 Hane
464 2016 849 2102 persequebar.

222 2135 260 2186 C
289 2130 553 2193 Detrahit
596 2131 906 2191 haereticus
926 2176 929 2183 ς
952 2136 1196 2198 secreto,
1224 2133 1459 2205 quando
1489 2133 1790 2190 absentem

155 2219 501 2276 catholicum
533 2218 731 2293 aliqua
760 2219 1128 2278 oblocutione
1155 2220 1452 2289 dilacerat,
1486 2238 1589 2278 nec
1619 2223 1793 2280 audet

154 2307 338 2381 palam
370 2307 741 2374 contendere,
773 2307 875 2382 qui
926 2325 989 2364 se
1036 2309 1194 2365 novit
1223 2309 1644 2366 irrationabilia
1666 2310 1789 2367 vin-

153 2395 356 2452 dicare.
390 2396 509 2452 Hos
537 2395 681 2451 dicit
710 2394 1241 2470 persequendos,ut
1269 2398 1340 2455 ad
1369 2397 1564 2467 studia
1583 2398 1789 2454 verita-

152 2484 221 2539 tis
248 2484 635 2541 concitentur.
669 2488 717 2539 Η
767 2481 866 2540 Vel
914 2486 986 2554 de
1039 2485 1300 2558 quolibet
1328 2484 1669 2545 detrahente
1697 2487 1790 2544 in-

150 2570 354 2645 tellige.

147 2690 180 2741 7
281 2687 528 2759 Superbo
558 2688 712 2744 oculo
742 2697 795 2743 et
823 2689 1137 2745 insatiabili
1166 2689 1323 2747 corde
1352 2707 1371 2745 :

286 2777 418 2832 Cum
447 2777 549 2833 hoc
572 2791 687 2833 non
705 2776 946 2833 edebam.

216 2890 255 2946 C
310 2891 573 2963 Superbo
631 2891 799 2947 oculo
854 2896 962 2961 est,
1027 2893 1125 2965 qui
1184 2893 1565 2965 praetumidos
1615 2909 1792 2967 prava

148 2979 791 3037 voluntatelnsatiahili
817 2982 1038 3051 corde(!
1057 2982 1364 3055 Cor.5):qui
1386 2999 1502 3037 non
1524 2982 1739 3038 recedit
1758 2999 1792 3037 a

151 3067 694 3141 blasphemiis.lllos
707 3069 766 3124 in
779 3073 1009 3125 tantum
1022 3068 1162 3126 dicit
1175 3070 1529 3139 vitandos,ut
1543 3086 1642 3125 nec
1654 3085 1788 3126 cum

150 3156 287 3228 ipsis
316 3157 642 3214 debeamus
674 3157 818 3214 inire
848 3158 1196 3227 convivium,
1216 3174 1288 3214 ne
1315 3175 1485 3214 aures
1514 3158 1788 3214 Christia-

151 3260 353 3301 norum
385 3246 803 3302 abominandis
832 3245 1215 3318 inquinentur
1244 3246 1631 3303 sermonibus.

144 3370 177 3425 8
281 3369 438 3433 Oculi
465 3372 583 3428 mei
610 3370 681 3426 ad
707 3371 893 3442 ﬁdeles
922 3379 1086 3428 terra:
1116 3380 1175 3429 ut
1202 3371 1386 3428 sedens
1413 3388 1623 3428 mecum
1652 3391 1671 3426 :

2164 817 2329 872 terrae
2364 832 2393 871 ελ

2096 901 2162 957 Ut
2195 901 2557 973 disperderem
2586 903 2652 960 de
2676 904 2894 961 civitate
2935 905 3156 963 Domini
3196 920 3382 963 omines
3425 922 3554 980 ope-

2162 999 2344 1047 runtes
2370 993 2739 1064 iniquitatem.

1983 1075 2025 1131 Ο
2057 1077 2368 1151 Postquam
2401 1080 2549 1136 dixit
2579 1072 2954 1139 malorum-se
2982 1081 3204 1155 fugisse
3240 1083 3551 1151 consortia,

1913 1166 2147 1237 exponit
2164 1184 2319 1225 nunc
2340 1169 2839 1240 quemadmodum
2860 1170 2932 1227 de
2951 1170 3409 1242 penetrabilibus
3429 1173 3553 1228 suis

1912 1253 2197 1325 expulerit
2223 1255 2382 1313 illam
2412 1262 2638 1329 partem
2661 1258 3044 1331 tyrannicae),
3074 1258 3299 1317 scilicet
3316 1276 3553 1334 pravam

1912 1342 2243 1399 daemonum
2275 1345 2805 1418 suggestionemdn
2837 1347 3144 1405 matutinis
3176 1364 3190 1403 :
3218 1348 3279 1404 in
3309 1346 3455 1422 ipsis
3474 1348 3561 1403 vi-

1911 1430 2119 1487 delicet
2135 1432 2480 1500 initiis,cum
2500 1432 2667 1490 nobis
2695 1434 3102 1507 suggestiones
3122 1433 3422 1492 diabolicae
3440 1453 3552 1497 οω-

1908 1520 2101 1591 perint
2128 1521 2285 1577 velut
2313 1522 2493 1579 dubia
2519 1521 2864 1594 crepuscula
2913 1538 3210 1597 apparere,
3237 1527 3378 1580 tunc
3416 1539 3551 1582 ora-

1909 1608 2065 1665 tione
2094 1610 2307 1666 debent
2335 1611 2489 1682 ejici,
2519 1626 2592 1666 ne
2638 1609 2918 1683 paulatim
2968 1611 3150 1667 noxiae
3196 1616 3544 1682 crescentes,

1906 1695 2062 1752 velut
2077 1698 2203 1754 dies
2221 1700 2331 1754 neb
2339 1698 3550 1772 ulosissima,comprebendant.Peccatores

1909 1788 2071 1841 terra:
2092 1791 2232 1842 sunt
2250 1782 2672 1859 daemones,qui
2692 1786 2944 1857 sicjuste
2972 1786 3548 1862 dicuntur,quoniam

1906 1877 2239 1944 peccatores
2283 1875 2523 1931 faciunt.
2572 1874 2875 1931 Civitatem
2904 1874 3004 1931 Dei
3038 1891 3051 1930 :
3084 1875 3343 1932 animam
3388 1876 3547 1949 piam

1907 1963 2100 2032 patres
2147 1979 2275 2019 esse
2321 1963 2613 2028 dixerunt,
2654 1964 2806 2019 unde
2859 1961 3123 2020 diabolus
3168 1963 3549 2037 disperditur,

1824 2088 1871 2154 Β
1906 2065 2040 2105 cum
2076 2067 2108 2105 a
2138 2068 2246 2108 sua
2274 2050 2596 2108 intentione
2629 2053 2973 2108 removetur.

2422 2155 2625 2195 ORATIO
2661 2155 2732 2194 EX
2772 2150 2928 2195 PSAL.
2970 2156 3023 2195 Ο.

1974 2226 2584 2298 Incomprehensibilis
2614 2226 2847 2295 virtute,
2867 2225 3142 2300 Deus,qui
3172 2226 3289 2283 tuis
3311 2225 3546 2287 famulis

1902 2312 2361 2371 misericordiam
2394 2320 2566 2387 atque
2586 2313 2878 2384 judicium
2908 2312 3221 2372 clementer
3246 2317 3533 2389 insinuas,

1899 2402 2147 2458 concede
2199 2403 2368 2459 nobis
2407 2403 2609 2459 fideles
2654 2401 2995 2476 intelligere,
3026 2404 3360 2478 rectumque
3387 2404 3541 2462 viam

1898 2490 2145 2564 ingredi,
2176 2491 2263 2547 vel
2295 2510 2328 2547 a
2355 2492 2605 2547 vanitate
2634 2489 3003 2547 exsecrabilis
3040 2490 3325 2568 superbiae
3363 2489 3544 2552 decli-

1899 2595 2058 2634 nare.
2091 2579 2200 2635 Per
2229 2579 2542 2636 Dominum
2578 2583 2843 2635 nostrum
2871 2579 3096 2647 Jesum,
3130 2580 3239 2637 etc.

2500 2684 2823 2743 PSALMUS
2860 2684 2946 2741 c1.
3049 2756 3053 2762 λ

2367 2770 2766 2812 ARGUMENTUM
2808 2772 2963 2811 PSAL.
3004 2772 3076 2812 Cl.

1967 2848 2008 2900 C
2037 2843 2324 2916 Propheta
2354 2842 2496 2900 dicit
2525 2844 2595 2900 de
2624 2859 2870 2917 persona
2907 2838 3225 2917 cujuslibet
3267 2845 3539 2920 pauperis

1891 2932 2058 3004 justi,
2094 2936 2159 2988 ut
2190 2930 2471 2987 Dominus
2501 2931 2574 2987 ad
2604 2931 2732 3002 ejus
2761 2946 2960 3003 preces
2982 2932 3258 2990 attendat.

1900 3022 1993 3075 TT.
2031 3021 2229 3076 Oratio
2252 3022 2515 3091 pauperis
2541 3036 2666 3075 eum
2695 3021 2899 3076 anxius
2932 3021 3106 3092 fuerit
3132 3029 3187 3078 et
3211 3030 3398 3079 eorum
3430 3024 3537 3080 Do-

2276 3110 2429 3163 mino
2454 3107 2708 3179 effuderit
2727 3123 2939 3180 precem
2963 3122 3141 3164 suam.

1971 3194 2014 3251 Η
2038 3194 2264 3268 Pauper
2278 3200 2368 3251 est
2378 3195 2887 3264 Christianus,non
2907 3196 3084 3268 hujus
3102 3196 3307 3253 mundi
3329 3204 3534 3253 carens

1896 3283 2137 3350 divitiis,
2174 3284 2272 3340 sed
2305 3283 2512 3356 spiritu
2546 3298 2784 3356 pauper.
2815 3285 2859 3341 C
2885 3284 3014 3341 Sive
3042 3282 3217 3342 etiam
3266 3294 3442 3358 egens
3472 3283 3533 3341 in

1897 3372 2005 3428 hoc
2038 3371 2268 3438 saeculo,
2299 3372 2401 3427 sed
2433 3370 2690 3444 locuples
2719 3371 2779 3427 in
2811 3366 2947 3441 Deo,
2979 3370 3138 3428 vitiis
3163 3388 3400 3440 vacuus,
3422 3372 3536 3427 vir-

274 3459 578 3516 Ambulans
607 3460 667 3515 in
695 3462 787 3517 via
819 3461 1167 3518 immaculata
1198 3461 1288 3516 hic
1330 3461 1473 3517 mihi
1495 3462 1781 3517 ministra-
1812 3450 1856 3517 C
1892 3460 2117 3516 tutibus
2147 3459 2374 3533 plenus.
2401 3460 2621 3516 Auxius
2651 3464 2757 3527 est,
2786 3460 2883 3532 qui
2913 3461 2972 3516 in
3003 3459 3162 3533 gravi
3191 3458 3527 3517 discrimine

348 3549 460 3605 bal.

207 3662 247 3717 C
278 3663 595 3720 Protitetur
628 3680 691 3720 se
720 3680 875 3720 n‘unc
904 3668 1104 3721 sancta
1123 3662 1648 3737 congregatiozillos
1669 3680 1788 3720 cor-

142 3751 230 3808 dis
252 3751 453 3809 oculos
475 3754 701 3808 sociare
727 3769 862 3808 cum
883 3753 1279 3825 sanctis,quos
1295 3753 1588 3809 avertebat
1608 3769 1641 3808 a
1663 3768 1787 3824 pes-

145 3840 330 3896 simis.
366 3840 600 3897 Fideles
628 3844 799 3896 terrae
827 3845 966 3903 sunt
990 3840 1442 3913 Christiani,qui
1478 3856 1577 3913 per
1599 3845 1785 3897 totum

142 3928 431 3985 mundum
462 3929 835 3996 babitant,et
859 3930 1063 3986 sedent
1083 3929 1261 3985 simul
1293 3930 1355 3985 in
1385 3928 1610 3985 unitate
1631 3928 1784 3985 ﬁdei.

143 4017 462 4075 Ambulans
482 4017 547 4073 in
577 4017 688 4084 via,
717 4017 839 4074 haec
868 4023 959 4079 est
987 4034 1122 4074 vera
1146 4021 1204 4074 et
1242 4018 1551 4073 manifesta
1580 4014 1787 4090 proba-

140 4105 219 4161 tio
245 4105 742 4175 Christianorum,
775 4110 834 4162 et
859 4106 919 4161 in
951 4123 1059 4162 sua
1086 4105 1206 4161 vita
1236 4103 1572 4173 clarescere,
1596 4108 1653 4161 et
1680 4105 1789 4163 bo-

1896 3548 2144 3621 positus,
2190 3547 2411 3604 nullam
2442 3552 2668 3621 partem
2698 3564 2875 3620 quam
2905 3548 3069 3621 sequi
3115 3547 3339 3617 debeat,
3371 3548 3531 3606 novit

1895 3637 2124 3710 eligere.
2157 3637 2362 3693 Coram
2395 3630 2639 3693 Domino
2672 3655 2686 3693 :
2719 3634 2894 3693 talem
2923 3630 3049 3693 vult
3078 3636 3397 3694 orationem
3440 3637 3530 3692 in-

1897 3724 2100 3798 telligi,
2132 3741 2261 3799 qua:
2293 3726 2365 3781 de
2389 3725 2586 3781 anima
2632 3723 2881 3782 sacculis
2930 3729 3065 3782 ante
3115 3725 3291 3798 pedes
3322 3725 3531 3797 regias,

1900 3814 2067 3885 quasi
2098 3808 2257 3869 auréi
2291 3812 2512 3869 metalli
2544 3812 2711 3885 copia
2739 3813 2948 3871 decora
2977 3812 3278 3871 fundatur.

1900 3904 1925 3958 1
2037 3903 2266 3958 Domine
2292 3902 2496 3958 exaudi
2521 3904 2822 3960 oralionem
2848 3919 3027 3960 meam
3056 3922 3079 3958 .-

2038 3992 2107 4046 Et
2135 3991 2345 4047 clamor
2369 4006 2521 4046 meus
2544 3991 2614 4046 ad
2643 3997 2693 4047 te
2720 3993 2922 4048 ueniat.

1969 4084 2009 4134 Ο
2038 4079 2254 4135 Videns
2284 4078 2565 4152 propheta
2584 4076 2719 4135 ante
2739 4080 3053 4135 adventum
3072 4079 3305 4136 Domini
3332 4078 3537 4136 huma-

126 4210 347 4250 norum
385 4194 801 4250 ministrorum
852 4194 1287 4251 conversatione
1333 4194 1606 4266 gaudere,
1639 4194 1792 4251 sicut
1898 4183 2005 4266 P09
2036 4181 2296 4266 cresce”?
2323 4180 2885 4266 θξτίῖνθδνρθῗδσηδω
2900 4167 3175 4266 ΒΫΠΡθῘίθ
3200 4167 3568 4266 φθνθίξίθίξί

141 4298 320 4354 supra
346 4283 499 4340 dixit
530 4300 545 4338 :
576 4284 726 4339 Cum
754 4286 957 4339 sancto
988 4287 1226 4338 sanctus
1255 4284 1392 4338 eris.
1425 4282 1594 4351 (Psal.
1625 4281 1787 4353 xvu).

144 4343 509 4443 Ecquamvis
538 4371 651 4427 hoc
681 4387 718 4426 a
743 4370 910 4429 laicis
955 4387 1073 4428 non
1117 4371 1195 4426 sit
1239 4343 1561 4443 exceptum,
1594 4343 1790 4426 tamen
1891 4343 2033 4444 Ᾰῆξθίῑ
2057 4343 2322 4444 ξιαῐξιονθι

715 4370 910 4429 »ἰδίως
955 4387 1073 4428 non
1117 4371 1195 4426 sit
1239 4343 1561 4443 exceptum,
1594 4343 1790 4426 tamen
1891 4343 2033 4444 εῙεῖίῖίι
2057 4343 2465 4444 ξίωξλθνθῐηῖυί
2493 4354 2893 4444 θοεῐῗῗδδθθνθθ,

1901 4430 2251 4504 plicationis,
2293 4430 2462 4501 cujus
2509 4429 2830 4486 orationem
2879 4430 2939 4486 in
2987 4428 3300 4487 clamorem
3331 4439 3535 4503 preru-

1900 4520 2057 4592 pisse
2087 4518 2354 4575 sentires.

1899 4611 1937 4662 2
2042 4609 2159 4664 Νοη
2183 4614 2393 4664 avertas
2414 4608 2617 4677 [aciem
2643 4614 2797 4664 tuam
2824 4623 2859 4663 ιι
2886 4622 2973 4665 me
2999 4625 3020 4663 :

141 4458 467 4529 specialiter
495 4460 784 4533 probatur
811 4458 1213 4515 sacerdotibus
1242 4458 1680 4531 impositum,ut
1705 4462 1790 4514 ta-

139 4544 222 4602 les
250 4547 559 4605 ministros
590 4547 864 4615 habeant,
898 4547 999 4620 qui
1043 4547 1255 4605 divinis
1302 4546 1519 4619 regulis
1551 4563 1664 4603 non
1698 4562 1791 4602 re-

141 4641 423 4709 pugnent.
1178 4641 1189 4652 '

141 4766 176 4823 9
278 4766 397 4826 Non
430 4768 711 4876 haoitabit
734 4770 796 4825 in
825 4769 1000 4827 medio
1025 4769 1215 4827 domus
1244 4783 1402 4837 mea},
1430 4771 1529 4842 qui
1552 4726 1687 4842 facit
1706 4785 1791 4826 su—
1827 4812 1875 4876 Β

350 4860 677 4931 superbiam
707 4876 726 4913 :

283 4946 390 5015 Qui
439 4949 688 5019 loquitur
726 4947 922 5020 iniqua
964 4964 1079 5002 non
1127 4946 1341 5002 direxit
1384 4947 1443 5002 in
1487 4949 1796 5018 consspectu

351 5037 644 5092 oculorum
664 5051 913 5091 meorum

208 5151 249 5205 (Σ
278 5151 466 5226 Negat
495 5152 655 5211 enim
687 5149 877 5209 ﬁdelis
910 5150 1181 5225 populus,
1215 5166 1351 5206 eum
1382 5150 1651 5223 superbis
1682 5149 1793 5207 sibi

143 5239 321 5295 fuisse
350 5239 621 5312 aliquam
651 5240 999 5313 portionem.
1034 5239 1197 5297 Unde
1247 5238 1655 5311 cognoscimus
1689 5253 1796 5292 nos

146 5326 348 5385 debere
376 5328 600 5385 habere
629 5327 772 5395 talia
792 5327 857 5385 in
885 5328 1182 5400 subjectos
1206 5326 1526 5398 judicia,ut
1548 5324 1793 5385 nullate-

145 5418 312 5473 tenus
336 5417 624 5491 pessimis
643 5416 985 5475 hominibus
1009 5416 1334 5474 faveamus:
1350 5431 1453 5471 nec
1464 5414 1631 5472 nobis
1647 5414 1797 5486 grati

146 5504 473 5574 videantur,
509 5522 612 5577 qui
649 5522 882 5562 morum
915 5504 1197 5577 pravitate
1224 5502 1443 5559 vitandi
1482 5506 1641 5559 sunt.
1675 5502 1799 5556 Non

148 5592 369 5660 direxit,
404 5594 472 5651 id
501 5598 622 5663 est,
648 5610 764 5663 non
804 5592 1050 5666 profecit
1098 5610 1111 5647 :
1162 5591 1294 5648 illos
1345 5590 1502 5647 enim
1549 5589 1802 5644 dicimus

151 5679 415 5755 dirigere,
448 5681 556 5756 qui
589 5682 918 5742 accedendo
949 5680 1281 5753 proﬁciunt,
1313 5676 1398 5733 vel
1437 5677 1632 5750 aliqua
1662 5693 1800 5749 pro-

150 5770 423 5840 speritate
451 5769 864 5829 meliorantur.
888 5769 1053 5835 Quod
1082 5767 1215 5824 istis
1244 5783 1356 5822 non
1390 5764 1802 5839 contingit,qui

120 5920 125 5925 ,
152 5861 398 5918 tortuosis
426 5858 679 5918 student
703 5859 915 5917 semitis
942 5856 1261 5914 mbulare.

468 5983 743 6049 Pareat.
792 5981 1029 6048 CXLII.

1897 4258 1987 4310 ter
2014 4253 2323 4326 asumpsit.
2357 4253 2549 4310 Primo
2579 4254 2739 4310 enim
2766 4254 2963 4326 posuit
2983 4253 3325 4322 orationem,
3355 4254 3538 4310 etud-

2060 4342 2465 4408 clamorem,ut
2493 4354 2870 4414 cognosceres
2896 4341 3153 4398 oravisse
3176 4341 3377 4398 studia
3393 4354 3538 4415 sup-

2042 4698 2104 4752 Ia
2134 4709 2453 4769 quacunque
2491 4695 2581 4751 die
2610 4696 2850 4752 tribulor
2889 4696 3101 4751 inclina
3129 4693 3202 4752 ad
3224 4704 3315 4752 me
3351 4700 3415 4760 με·
3436 4704 3536 4752 αι-

2111 4801 2230 4841 rem
2258 4792 2408 4840 tuam
2453 4789 2466 4849 ζ

1973 4875 2019 4931 C
2046 4871 2347 4946 Supplicat
2376 4872 2569 4945 itaque
2588 4884 2808 4946 pauper
2827 4872 3037 4941 iste,ne
3053 4888 3086 4927 a
3105 4874 3419 4946 conspectu
3440 4872 3541 4930 Dei

1904 4963 2182 5019 reddatur
2211 4960 2457 5017 alienus.
2483 4960 2544 5017 In
2577 4977 2926 5033 quacunque
2947 4959 3129 5030 die,id
3155 4964 3246 5018 est
3273 4968 3539 5034 quocun-

1905 5068 2024 5124 que
2047 5055 2305 5123 tempore
2334 5049 2652 5121 urgebatur
2678 5048 3021 5107 vulneribus
3058 5053 3424 5121 peccatorum
3452 5049 3543 5106 vel

1904 5157 2038 5196 cum
2077 5156 2210 5194 eum
2263 5136 2623 5197 detestabilis
2669 5137 2969 5211 premebat
2995 5137 3292 5193 inimicus.
3323 5137 3548 5197 Inclina

1903 5244 2126 5294 aurem,
2174 5227 2232 5282 id
2279 5230 2386 5291 est,
2421 5225 2609 5297 praebe
2638 5224 2925 5281 auditum.
2958 5225 3131 5283 Auris
3162 5225 3269 5283 Dei
3299 5243 3411 5299 pro
3432 5226 3543 5283 clo-

1872 5316 2127 5379 ,mentia
2175 5313 2433 5387 ponitur,
2476 5328 2595 5386 qua
2640 5330 2846 5386 preces
2887 5312 3218 5387 supplicum
3257 5314 3546 5387 benignas

1907 5404 2161 5461 exaudit.
2192 5402 2369 5458 Auris
2396 5401 2553 5458 enim
2583 5402 2656 5456 ab
2686 5401 2887 5457 auditu
2915 5400 3071 5459 dicta
3088 5400 3365 5458 sst.Licet
3389 5402 3545 5460 enim

1908 5509 2111 5549 omnes
2155 5491 2373 5557 videat,
2418 5505 2738 5562 omnesque
2782 5489 2999 5557 audiat,
3031 5489 3193 5546 solos
3217 5494 3417 5548 tamen.
3447 5505 3546 5549 eos

1910 5581 2111 5637 audire
2140 5579 2379 5646 dicitur,
2409 5576 2623 5650 quibus
2653 5583 2926 5650 praestare
2953 5577 3245 5651 dignatur.

1910 5670 1944 5724 3
2053 5670 2114 5724 In
2143 5681 2462 5739 quacunque
2488 5665 2578 5722 die
2608 5667 2923 5723 inroravere
2953 5673 3003 5722 te
3031 5683 3051 5721 :

2054 5756 2308 5814 Velbciter
2326 5753 2532 5811 exaudi
2558 5769 2666 5811 me.

1983 5844 2030 5902 Η
2060 5844 2125 5903 In
2155 5857 2503 5921 quacunque
2545 5841 2637 5901 die
2685 5858 2790 5920 pro
2836 5839 3230 5919 praestitibus
3260 5832 3546 5921 pressaris
