5516 6550
107 620 246 701 '365
423 734 426 736 Α
752 722 755 727 ι
1022 600 1027 647 ῖ
1298 600 1303 603 ἦ
1335 647 1747 711 exposmo
1790 651 2296 718 PSALMORUM.
3390 677 3510 736 366

133 774 187 871 Η.
208 773 466 829 Conlidat
495 789 632 871 ergo
658 773 757 844 qui
776 774 909 871 agit
929 775 1353 871 pmuitcntiam,
1376 780 1652 850 quoniam
1676 798 1763 837 ve-
1791 801 1845 865 Α
1875 784 2204 871 quebantur
2234 789 2479 861 apostoli
2512 794 2661 864 (Act.
2689 798 2773 863 ιι).
2805 795 2949 853 Hinc
2996 798 3208 855 factum
3240 809 3346 871 est,
3381 812 3443 861 ut
3472 824 3507 862 a

136 864 217 966 nit
244 866 472 966 tempus
502 862 817 966 miserandi
847 867 903 921 ct
928 862 1209 966 salvandi.
1248 954 1261 966 .
1348 930 1394 966 ﬂ.
1517 957 1526 966 -
1795 862 2040 928 "locali
2085 876 2447 966 Hierusalem
2498 862 2602 953 per
2656 862 2966 941 Ecclesiam
3022 862 3349 960 generalem
3408 893 3506 966 pia

135 956 197 1011 15
265 954 532 1023 Quoniam
555 946 887 1024 placuerunt
908 956 1078 1010 servis
1101 956 1210 1009 tuis
1241 953 1447 1028 lapides
1475 957 1591 1028 ejus
1625 974 1637 1011 :

261 1045 326 1098 Et
351 1049 509 1097 terra:
536 1042 654 1113 ejus
681 1042 1104 1097 miserebantur.

195 1134 234 1189 C
261 1134 464 1190 Servos
486 1131 717 1188 Domini
741 1130 1033 1204 apostolos
1062 1130 1221 1187 dicit.
1247 1131 1347 1187 Isti
1368 1131 1757 1205 beneplacitos

129 1223 445 1279 habuerunt
476 1220 702 1293 lapides
726 1221 875 1292 ejus,
908 1219 963 1275 id
993 1223 1083 1276 est
1110 1219 1488 1286 Christianos,
1523 1222 1757 1293 quando

126 1312 181 1368 in
208 1313 291 1369 eis
317 1311 787 1384 praedicationem
817 1324 987 1364 suam
1018 1309 1372 1364 fructuosam
1395 1325 1523 1364 esse
1552 1326 1756 1365 cerne—

125 1404 275 1458 bant.
288 1402 472 1457 Terraz
495 1401 624 1472 ejus
647 1398 1099 1465 miserebantur,
1115 1397 1250 1469 quia
1266 1414 1368 1469 per
1386 1397 1633 1470 gratiam
1652 1398 1752 1453 Dei

124 1489 434 1547 mandandi
467 1491 655 1554 erant,
689 1487 789 1559 qui
820 1491 1051 1543 terrena
1079 1489 1305 1540 tantum
1338 1485 1662 1557 sepiebant,
1694 1491 1751 1541 et

124 1580 243 1636 labe
270 1583 500 1634 terrena
528 1576 866 1632 sordebant.

124 1672 186 1726 16
251 1672 314 1725 Et
339 1668 605 1724 timebunt
631 1673 811 1737 gentes
836 1679 1035 1720 nomen
1063 1667 1237 1728 tuum,
1264 1663 1494 1719 Domine
1516 1680 1535 1717 :
1574 1720 1579 1724 ,

250 1760 312 1814 Et
332 1773 515 1814 omnes
545 1771 694 1825 reges
722 1762 884 1809 terrm
911 1753 1143 1823 gloriam
1173 1759 1343 1806 tuam.

184 1847 222 1903 C
251 1848 565 1918 Postquam
586 1843 742 1899 enim
764 1839 1268 1898 adventusChristi
1282 1837 1555 1895 salutaris
1576 1839 1631 1895 in
1642 1839 1746 1895 ful-

119 1937 207 2002 sit,
223 1940 418 2009 gentes
442 1950 735 1989 conversae
765 1936 903 1986 sunt
932 1946 1034 2002 per
1062 1929 1348 1984 timorem.
1375 1928 1489 1999 Ipsi
1512 1946 1745 2001 quoque

117 2025 344 2099 gloriam
358 2021 591 2079 Domini
605 2021 906 2077 verissime
924 2021 1299 2089 cognoscunt,
1314 2016 1412 2088 qui
1426 2017 1485 2070 in
1502 2018 1739 2073 firmita-

115 2119 165 2169 te
177 2112 301 2169 fidei
313 2112 661 2169 consistunt.
678 2110 862 2181 Reges
873 2106 1087 2177 etenim
1101 2108 1239 2161 sunt
1255 2105 1353 2177 qui
1375 2122 1613 2177 corpora
1635 2123 1741 2162 sua

115 2204 213 2258 rite
242 2204 463 2274 regunt,
496 2197 712 2255 divinis
770 2213 837 2253 ea
882 2195 1096 2268 regulis
1154 2194 1530 2250 intrenantes.
1562 2194 1608 2248 H
1635 2193 1735 2249 Vel

113 2309 266 2365 reges
287 2292 382 2363 qui
404 2289 570 2363 prius
593 2287 748 2344 idola
768 2285 1102 2341 metuebant
1121 2287 1177 2338 et
1196 2281 1611 2337 dmmoniorum
1635 2299 1735 2337 no-

114 2379 645 2445 mina-invocabant,
672 2391 827 2431 nunc
846 2389 1057 2429 nomen
1089 2374 1255 2425 tuum
1288 2371 1732 2426 venerabuntur.

112 2472 171 2524 17
243 2470 380 2537 Quia
402 2467 698 2539 aediﬁcavit
730 2465 997 2519 Dominus
1027 2461 1154 2516 Sion
1187 2479 1206 2514 :

238 2562 305 2614 Et
328 2557 541 2612 videtur
570 2557 631 2612 in
656 2554 833 2627 gloria
860 2568 982 2607 sua.
1266 2556 1273 2563 ’

173 2645 210 2701 C
239 2646 539 2701 {Ediﬁcata
567 2648 658 2699 est
688 2642 848 2707 Sion,
875 2640 984 2695 hoc
1031 2642 1121 2693 est
1168 2642 1352 2692 mater
1380 2636 1633 2693 Ecclesia
1662 2638 1731 2693 de

1870 967 2155 1034 praecepta
2183 965 2284 1021 Dei
2314 967 2707 1027 decurrerent.

1866 1049 1938 1104 23
2008 1055 2077 1114 In
2107 1056 2468 1113 conveniendo
2491 1060 2716 1131 populos
2747 1060 2809 1115 in
2835 1078 3009 1118 unum
3037 1072 3089 1121 et
3118 1081 3264 1138 reges
3287 1085 3305 1121 :

2012 1140 2074 1196 Ut
2101 1144 2340 1200 serviant
2366 1147 2614 1203 Domino.

1864 1225 1936 1281 24
2008 1230 2295 1301 Respondit
2319 1235 2373 1288 ei
2401 1235 2460 1289 in
2486 1237 2578 1290 via
2608 1238 2819 1294 virtutis
2841 1254 2961 1297 suae
2986 1255 3001 1297 :

2002 1317 2335 1376 Paucitatem
2361 1321 2575 1378 dierum
2603 1341 2849 1382 meorum
2874 1331 3076 1384 nuntia
3104 1331 3262 1386 mihi.

1932 1403 1972 1458 Ο
2000 1404 2133 1461 Ideo
2180 1408 2321 1465 dicit
2367 1413 2551 1468 venire
2595 1413 2842 1485 populos
2880 1415 2939 1471 in
2970 1434 3174 1489 unum,
3220 1423 3284 1475 ut
3310 1421 3494 1479 virtus

1860 1492 2151 1581 catholicae
2183 1497 2425 1556 unitatis
2455 1502 2808 1559 ostendatur.
2843 1504 3019 1561 Addit
3045 1510 3104 1562 et
3131 1523 3315 1581 reges,
3349 1509 3490 1577 sive,

1860 1583 1926 1634 ut
1950 1580 2063 1637 alia
2084 1582 2256 1640 habet
2277 1587 2605 1656 translatio,
2627 1606 2804 1663 regna
2824 1595 3132 1662 terrarum,
3156 1580 3220 1650 ut
3238 1597 3492 1655 serviant

1855 1668 2098 1727 Domino
2129 1673 2427 1731 caalorum.
2461 1677 2623 1733 Tunc
2652 1679 2841 1750 magis
2864 1678 3046 1737 libera
3079 1698 3092 1738 :
3127 1685 3359 1755 quando
3383 1703 3488 1742 au-

1857 1758 1997 1812 ctori
2024 1776 2129 1815 suo
2161 1760 2377 1817 fuerint
2406 1763 2560 1819 ﬁdeli
2594 1766 2869 1822 servitute
2899 1767 3098 1839 ligata.

1923 1845 1964 1900 C.
1995 1846 2315 1919 Respondit
2359 1850 2587 1908 Christo
2644 1855 2869 1910 vocanti
2901 1856 2972 1911 ad
3002 1855 3283 1915 virtutum
3313 1877 3488 1933 opera

1852 1937 2053 1990 sancta
2084 1936 2427 2005 Ecclesia,in
2456 1939 2927 1999 tribulationibus
2957 1946 3291 2004 constituta.
3316 1948 3378 2005 In
3394 1949 3488 2007 via

1850 2021 2101 2091 virtutis,
2119 2024 2174 2079 id
2206 2030 2293 2081 est
2321 2027 2622 2099 religionis
2652 2046 2800 2086 suae:
2829 2048 2943 2087 non
2976 2031 3197 2106 lingua,
3213 2036 3313 2091 sed
3339 2037 3482 2106 vita;

1849 2126 1964 2165 non
1996 2128 2151 2180 voce,
2177 2115 2277 2169 sed
2300 2115 2440 2182 ﬁde;
2467 2133 2579 2171 non
2602 2116 2873 2187 clamore,
2899 2121 3000 2176 sed
3030 2122 3219 2193 corde,
3243 2126 3484 2197 cupiens

1845 2213 2155 2269 agnoscere
2170 2200 2343 2257 linem
2357 2202 2642 2271 smculi,ut
2654 2204 2765 2259 cito
2778 2206 2850 2260 ad
2863 2204 3024 2262 illam
3035 2207 3481 2280 beatitudinem,

1848 2301 2022 2356 quam
2056 2288 2337 2346 Dominus
2367 2292 2636 2361 promisit
2666 2294 2963 2364 pervenire
2993 2300 3300 2353 mereatur.
3332 2297 3482 2355 Dicit

1843 2389 1976 2429 vero
2004 2375 2128 2431 dies
2157 2392 2360 2433 omnes
2390 2378 2652 2433 Ecclesia:
2691 2397 2874 2452 usque
2916 2383 2988 2437 ad
3033 2382 3210 2439 linem
3258 2385 3477 2458 saeculi,

1843 2462 2193 2532 paucitatem
2226 2465 2803 2538 dierum,respiciens
2829 2469 2900 2522 ad
2931 2471 3478 2545 aeternitatem,quia

1844 2552 2231 2624 quodcunque
2288 2553 2609 2609 ﬁniendum
2669 2560 2774 2623 est,
2810 2572 2922 2612 non
2973 2558 3257 2615 debemus
3286 2561 3477 2617 dicere

1841 2637 2102 2712 longum.

106 2735 239 2790 vivis
267 2734 562 2807 lapidibus
592 2731 890 2787 fabricata.
920 2732 1036 2783 Iste
1077 2728 1250 2781 etiam
1295 2727 1597 2795 Dominus,
1632 2726 1729 2796 qui
1836 2728 1909 2781 25
1978 2734 2059 2785 Ne
2089 2746 2294 2786 revoces
2320 2749 2406 2788 me
2434 2733 2493 2787 in
2522 2732 2750 2789 dimidio
2781 2735 2995 2790 dierum
3024 2752 3267 2793 meorum
3297 2753 3312 2793 :

106 2822 396 2879 aedificavit
422 2822 584 2889 Sion,
616 2818 907 2875 videbitur
934 2817 992 2871 in
1021 2815 1358 2889 gloriasua,
1392 2815 1644 2886 quando,
1672 2817 1729 2869 in

107 2912 189 2967 die
211 2910 432 2983 judicii,
461 2909 663 2965 haedos
693 2912 995 2979 sequestrat
1024 2905 1095 2959 ab
1127 2903 1294 2975 agnis
1319 2907 1371 2973 (1
1397 2908 1539 2959 Petr.
1573 2907 1656 2972 ιι).

106 3001 166 3054 18
232 3001 478 3072 Respexit
506 3000 569 3053 in
598 2998 901 3054 orationem
930 2994 1226 3049 humilium
1260 3008 1273 3045 :

231 3091 295 3145 Et
320 3104 429 3144 non
457 3087 666 3160 sprevit
688 3100 904 3158 precem
929 3098 1135 3138 eorum.

1976 2819 2039 2871 In
2069 2821 2415 2886 generatione
2441 2828 2494 2876 et
2519 2824 2928 2893 generationem
2953 2825 3091 2880 anni
3114 2827 3215 2881 tui.

1908 2903 1949 2960 C
1980 2906 2297 2963 Revocatur
2314 2907 2470 2964 enim
2486 2908 2545 2963 in
2568 2910 2812 2966 dimidio
2834 2910 3060 2967 dierum
3084 2928 3346 2983 suorum,
3373 2915 3471 2987 qui

1836 2993 1907 3048 ad
1941 2994 2182 3066 antiqua
2212 2996 2421 3052 delicta
2450 3000 2754 3053 revertitur
2786 3016 2799 3054 :
2827 2998 3119 3071 signiﬁcat
3144 3001 3302 3057 enim
3344 3003 3470 3059 die-

1836 3097 1966 3136 rum
1994 3082 2326 3151 dimidium,
2355 3084 2543 3157 ipsam
2586 3086 2977 3157 juventutem,
3008 3087 3069 3143 in
3099 3104 3216 3161 qua
3243 3088 3469 3176 lpbrica

167 3176 205 3232 C
241 3176 386 3233 Dicit
429 3176 611 3232 etiam
660 3172 981 3244 respexisse
1033 3170 1347 3227 Dominum
1403 3168 1723 3224 orationem
1832 3168 2097 3241 voluptas
2126 3173 2435 3243 appetitur,
2467 3173 2738 3230 etaetatis
2768 3175 2986 3230 fervore
3040 3168 3287 3234 crimina
3332 3176 3465 3250 plus

102 3281 430 3337 pauperum,
461 3263 523 3319 id
556 3267 647 3319 est
686 3259 946 3317 fidelium
972 3278 985 3328 ;
1020 3258 1159 3331 quia
1184 3257 1279 3312 ille
1309 3257 1507 3313 omnia
1535 3257 1722 3311 incor-

100 3353 306 3424 poralia
334 3357 665 3419 contuetur,
701 3350 873 3421 cujus
921 3346 1103 3404 oculis
1147 3345 1290 3401 nihil
1322 3346 1599 3418 probatur
1628 3361 1721 3400 oc-

100 3441 327 3513 cultum,
351 3442 457 3498 hoc
478 3444 570 3498 est
596 3444 791 3496 autem
821 3436 1007 3509 ipsius
1036 3435 1341 3507 respicere,
1367 3432 1586 3489 scilicet
1606 3450 1718 3488 non

96 3546 352 3601 spernere.

97 3620 160 3674 l9
226 3620 551 3675 Scribuntur
581 3618 698 3675 haec
726 3618 786 3672 in
813 3615 1158 3687 generatione
1186 3614 1361 3668 altera
1391 3629 1409 3666 :

225 3709 289 3763 Et
311 3710 545 3781 populus
575 3708 672 3779 qui
699 3706 975 3787 creabitur
1004 3702 1252 3758 laudabit
1281 3702 1589 3756 Dominum.

160 3796 202 3850 Η
230 3798 575 3853 Scribantur
601 3794 721 3850 haec
766 3793 826 3848 in
879 3791 1248 3864 generatione
1277 3789 1475 3855 altera,
1506 3788 1614 3844 hoc
1640 3792 1728 3843 est

94 3883 146 3939 in
168 3885 318 3942 Novo
339 3886 735 3950 Testamento,
758 3887 816 3938 et
836 3879 1315 3955 populus,utique
1335 3878 1724 3947 Christianus,

92 3962 182 4043 qui
211 3973 371 4045 prius
402 3972 663 4046 peccatis
696 3975 984 4036 mortuus,
1013 3968 1073 4023 in
1112 3985 1178 4023 eo
1226 3972 1315 4023 est
1345 3983 1447 4038 per
1474 3966 1722 4038 gratiam

91 4059 353 4131 baptismi
377 4059 814 4127 recreatus,iste
825 4056 1090 4113 videlicet
1109 4055 1371 4111 laudabit
1386 4054 1720 4110 Dominum.

90 4146 126 4202 C
153 4149 322 4217 Novo,
356 4149 583 4207 scilicet
623 4148 848 4204 cantico
882 4164 895 4202 :
928 4149 994 4201 ut
1039 4148 1148 4212 est,
1192 4144 1431 4199 Cantate
1478 4143 1723 4198 Domino

92 4238 370 4295 canticum
399 4255 641 4296 novum.

89 4328 153 4380 20
224 4328 360 4396 Quia
384 4328 666 4401 prospexit
694 4325 759 4381 de
789 4324 997 4397 excelso
1024 4331 1206 4378 sancto
1233 4337 1331 4378 suo
1362 4340 1380 4376 :

221 4417 479 4472 Dominus
508 4417 576 4472 de
604 4415 732 4470 caelo
774 4418 829 4478 -ἓ
856 4414 915 4467 in
944 4418 973 4489 ⁴ζ
1017 4420 1219 4468 terram
1244 4412 1473 4482 aspexit.

156 4502 196 4557 C
224 4503 526 4577 Prospexit
553 4505 625 4559 de
655 4502 902 4573 excelso,
934 4502 991 4556 id
1022 4504 1109 4557 est
1138 4501 1210 4555 de
1235 4499 1377 4554 cmlo
1411 4515 1424 4552 ε
1453 4498 1593 4553 dum
1616 4499 1724 4555 fra-

1832 3262 2120 3313 amantur.
2155 3259 2261 3315 Per
2289 3276 2472 3316 annos
2501 3262 2879 3318 aeternitatem
2912 3262 3157 3319 Domini.

1827 3346 1899 3400 26
1970 3347 2136 3403 Initio
2179 3354 2234 3413 o+
2259 3354 2338 3415 tu,
2370 3351 2605 3418 Domine
2645 3355 2659 3414 ζ

2703 3391 2720 3415 ,
2753 3359 2957 3406 terram
2979 3351 3229 3423 fundasti
3253 3371 3272 3407 :

1974 3435 2036 3488 Et
2062 3451 2224 3507 opera
2251 3452 2518 3492 manuum
2547 3444 2768 3492 tuarum
2812 3443 2867 3501 υί-
2892 3446 3022 3494 sunt
3060 3444 3074 3503 ζ
3116 3440 3257 3496 cali.

1754 3518 1797 3585 C
1904 3524 1943 3576 C
1971 3521 2115 3578 Cum
2141 3523 2283 3579 dicit
2310 3524 2476 3580 initio
2506 3542 2519 3580 :
2553 3525 2807 3581 ostendit
2864 3525 3002 3598 quia
3055 3526 3288 3584 Creator
3328 3533 3464 3585 ante

1834 3615 2130 3668 creaturas
2150 3628 2309 3684 suas,
2332 3612 2457 3668 sine
2478 3612 2673 3685 aliquo
2695 3613 2883 3681 initio,
2905 3614 3274 3687 cognoscitur
3291 3616 3463 3673 exsti-

1836 3698 1993 3756 tisse.
2028 3700 2136 3756 Per
2164 3717 2375 3757 manus
2408 3719 2421 3758 :
2456 3701 2550 3757 hic
2573 3702 2845 3758 virtutem
2869 3703 3157 3775 jussionis
3185 3704 3465 3762 debemus

1834 3786 2110 3859 accipere,
2145 3789 2297 3845 sicut
2352 3788 2635 3862 scriptum
2691 3794 2780 3846 est
2811 3808 2824 3847 :
2858 3792 2985 3864 Ipse
3036 3792 3181 3848 dixit
3225 3797 3283 3849 et
3317 3793 3468 3850 facta

1833 3881 1992 3944 sunt,
2024 3878 2325 3935 mandavit
2353 3880 2409 3934 et
2438 3883 2629 3935 creata
2659 3883 2798 3935 sunt
2826 3881 2998 3952 (Psal.
3031 3881 3227 3954 xxxii).

1831 3965 1902 4017 27
1972 3966 2083 4036 Ipsi
2104 3967 2381 4037 peribunt,
2414 3976 2471 4024 tu
2500 3976 2683 4023 autem
2707 3977 2995 4039 permanes
3022 3988 3046 4024 :

1971 4055 2037 4109 Et
2063 4070 2247 4110 omnes
2274 4058 2415 4112 sicut
2441 4057 2819 4111 vestimentum
2847 4060 3192 4112 veterascent.

1902 4140 1949 4196 Η
1980 4141 2094 4213 Ipsi
2115 4143 2415 4214 peribunt:
2431 4144 2600 4215 juxta
2619 4142 2786 4209 illud,
2800 4144 3008 4199 cmlum
3030 4149 3086 4199 et
3104 4147 3259 4200 terra
3279 4148 3467 4202 trans-

1831 4229 2001 4285 ibunt
2028 4232 2252 4299 (Matth.
2282 4235 2454 4299 xxw).
2504 4231 2545 4286 C
2593 4232 2679 4286 Tu
2727 4235 2920 4287 autem
2978 4232 3370 4304 permanebis,
3402 4234 3463 4288 in

1831 4316 2015 4389 gloria
2042 4318 2387 4389 majestatis.
2415 4317 2944 4387 Vestimentum,ad
2967 4320 3159 4393 carnis
3183 4319 3463 4393 fragilita-

1830 4411 1946 4461 tem
1976 4405 2203 4462 videtur
2232 4407 2571 4479 aptandum,
2602 4407 2711 4463 hoc
2741 4407 2896 4463 enim
2943 4411 3279 4478 veterascet,
3306 4410 3462 4481 quod

1831 4511 1990 4550 more
2018 4495 2196 4551 vestis
2227 4499 2410 4552 morte
2440 4495 2824 4552 consumitur.

94 4589 360 4660 gilitatem
387 4598 604 4650 nostra?
624 4590 1010 4647 humanitatis
1030 4587 1523 4660 assumpsit.Inde
1546 4587 1725 4659 igitur
1762 4578 1767 4583 ’
1826 4585 1898 4639 28
1972 4588 2038 4641 Et
2078 4586 2220 4640 sicut
2263 4585 2594 4655 opertorium
2647 4585 2883 4641 mutabis
2930 4600 3018 4640 eos
3074 4593 3125 4642 et
3168 4586 3462 4643 mutabun-

94 4680 305 4751 aspexit
323 4680 382 4736 in
406 4685 647 4748 terram,
672 4679 730 4735 id
755 4683 844 4735 est
863 4678 935 4734 ad
957 4676 1141 4733 nostri
1162 4675 1418 4748 corporis
1441 4674 1722 4748 fragilita-

94 4770 225 4834 tem,
256 4785 383 4840 quae
414 4768 623 4825 mundi
654 4767 813 4822 vitiis
841 4767 1147 4822 tenebatur
1173 4763 1439 4820 obnoxia.

90 4856 149 4909 2i
226 4858 287 4914 Ut
315 4858 537 4914 audiret
564 4859 795 4928 gemitus
821 4853 1240 4926 compedin
1269 4871 1290 4908 :

227 4946 288 5002 Ut
313 4948 546 5004 solveret
572 4947 717 5019 ﬁlios
748 4946 1213 5014 interemptorum.

155 5032 195 5087 C
222 5033 309 5089 Illi
358 5040 558 5091 autem
603 5032 917 5107 compediti
966 5031 1085 5087 sive
1120 5029 1416 5111 vinculati,
1450 5034 1590 5086 sunt
1619 5030 1723 5086 viri

94 5122 265 5177 sancti
286 5124 537 5179 vinculis
568 5124 980 5179 mandatorum
1011 5119 1253 5189 astricti,
1268 5136 1414 5191 quos
1425 5123 1724 5191 gementes

96 5212 255 5280 atque
275 5212 344 5267 ad
369 5229 431 5268 se
450 5212 772 5268 clamantes
793 5208 1073 5265 Dominus
1095 5207 1295 5263 audire
1316 5208 1588 5280 dignatus
1612 5211 1720 5263 est:

96 5299 154 5350 ut
182 5301 465 5356 mundum
500 5299 754 5373 propriis
804 5297 1057 5370 peccatis
1101 5296 1410 5361 irretitum,
1442 5294 1721 5351 beneficio

95 5398 202 5440 sua:
231 5387 631 5445 miserationis
679 5385 1000 5444 absolveret
1030 5401 1044 5440 :
1078 5390 1134 5441 et
1162 5383 1315 5439 filios
1343 5382 1721 5455 interempto-

96 5486 214 5529 rum
240 5477 400 5548 (quia
424 5475 719 5534 diabolica
747 5475 948 5531 fraude
972 5472 1253 5547 perempti
1286 5475 1444 5543 sunt)
1474 5488 1508 5528 a
1536 5475 1723 5544 pater-

97 5559 179 5616 nis
204 5564 495 5623 erroribus
527 5565 725 5621 divina
753 5563 1092 5620 fortitudine
1121 5560 1410 5617 liberaret.

95 5648 160 5702 22
230 5653 288 5708 Ut
316 5655 658 5710 annuntient
688 5654 747 5708 in
776 5652 907 5708 Sion
940 5666 1140 5705 nomen
1172 5650 1391 5707 Domini
1419 5667 1437 5703 :

225 5741 286 5795 Et
313 5742 532 5797 laudem
562 5743 679 5814 ejus
707 5743 769 5796 in
796 5738 1156 5796 Hierusalem.
1276 5789 1279 5821 ξ

162 5825 201 5880 C
224 5830 649 5899 Annuntiatum
663 5832 971 5885 estnomen
987 5825 1217 5880 Domini
1231 5823 1445 5880 Christi
1466 5824 1524 5880 in
1548 5824 1684 5880 Sion
1705 5842 1718 5882 :

101 5910 228 5974 dum
255 5914 333 5975 ibi
361 5918 627 5996 primum
656 5916 901 5975 diversis
930 5913 1150 5989 linguis
1188 5912 1481 5990 magnalia
1510 5913 1611 5972 Dei
1636 5913 1721 5973 lo-

1751 4878 1798 4943 D

1910 4679 1931 4698 ‘
2041 4681 2132 4729 tur
2158 4691 2179 4729 .·

1973 4763 2046 4818 Tu
2075 4771 2257 4819 autem
2297 4769 2352 4829 -ξ-
2381 4762 2522 4820 idem
2561 4767 2577 4827 ξ
2617 4764 2732 4836 ipse
2775 4778 2831 4820 es
2861 4779 2875 4820 :
2925 4771 2977 4820 et
3025 4763 3164 4819 anni
3217 4765 3301 4820 tui
3353 4778 3464 4820 non

2041 4852 2307 4924 deﬁcient.

1902 4940 1944 4996 Ο
1972 4940 2339 5013 Opertorium
2374 4941 2548 4998 caelos
2582 4940 2822 4997 forsitan
2844 4942 3127 4998 debemus
3146 4941 3462 5011 advertam,

1832 5029 1934 5100 qui
1966 5030 2037 5085 ad
2067 5028 2251 5085 vicem
2281 5028 2603 5095 velaminis,
2632 5018 2819 5085 terras
2847 5029 3147 5102 operiunt;
3179 5028 3282 5102 qui
3309 5029 3469 5085 simi-

1831 5116 1963 5173 liter
1991 5122 2057 5173 ut
2085 5117 2201 5174 alia
2241 5122 2697 5187 commutantur,
2728 5122 2931 5190 postea
2982 5118 3091 5174 sub
3148 5117 3468 5176 aeternitate

1831 5207 2114 5264 mansuri.
2145 5209 2306 5262 ldem
2343 5225 2356 5262 :
2389 5207 2645 5278 positum
2675 5211 2763 5264 est
2796 5211 2998 5264 contra
3024 5206 3127 5263 illa
3156 5224 3283 5280 quin
3314 5208 3469 5265 dicta

1830 5300 2004 5363 sunt;
2036 5294 2333 5366 quoniam,
2365 5295 2505 5350 dum
2534 5294 2636 5350 illa
2659 5294 2777 5351 sint
2805 5294 3468 5366 commutabilia,Domi-

1830 5400 1941 5438 nus
1972 5399 2202 5455 semper
2228 5381 2615 5455 immutabilis
2645 5388 2993 5454 perseverat.

1827 5473 1898 5527 29
1968 5472 2107 5529 Filii
2130 5487 2409 5528 servorum
2436 5479 2653 5527 tuorum
2680 5472 3003 5529 habitabant
3031 5492 3048 5528 :

1971 5560 2034 5615 Et
2060 5576 2240 5616 semen
2270 5575 2457 5616 eorum
2489 5561 2548 5615 in
2573 5560 2837 5617 saeculum
2864 5561 3151 5631 dirigetur.

1900 5649 1941 5704 Ο
1972 5648 2146 5703 Filios
2177 5665 2190 5702 :
2219 5648 2361 5704 dicit
2389 5647 2712 5721 discipulos
2741 5648 3157 5723 apostolorum,
3189 5665 3335 5721 quos
3365 5663 3465 5720 per

1830 5737 1962 5792 ﬁdei
1999 5740 2472 5807 uterum,sancta
2501 5737 2906 5809 praedicatione
2934 5739 3277 5811 genuerunt.
3293 5735 3462 5791 Inha-

1830 5816 2137 5882 bitabunt:
2173 5824 2452 5881 habitatio
2478 5824 2599 5881 haec
2630 5824 2822 5882 locum
2852 5824 3227 5882 beatitudinis
3246 5819 3463 5893 signiﬁ-

1830 5917 1923 5975 cat
1948 5931 1963 5975 :
1998 5929 2220 5987 semen,
2252 5930 2427 5992 opera
2455 5914 2739 5987 ﬁdelium,
2759 5930 2886 5992 quae
2910 5914 2970 5972 in
2991 5913 3099 5970 hoc
3128 5908 3345 5967 mundo
3366 5918 3457 5962 sea

4101 6306 5508 6550 -
