3922 6440
327 459 446 550 ³θῖ

1259 458 1324 520 S.
1372 456 1778 524 BRUNONIS
1819 455 2445 525 HERBIPOLENSIS
2487 453 2868 520 EPISGOPI.

3648 454 3766 548 119.8

334 594 658 660 minantur,
675 594 742 650 ut
760 590 821 649 in
841 590 943 650 illa
962 590 1513 658 aeternitatc,eorum
1536 591 1991 649 laudabilisi‘ru-
2024 600 2077 670 Α
2107 592 2144 646 5
2251 591 2363 662 Qui
2392 591 2562 663 replet
2591 592 2650 646 in
2682 591 2838 647 bonis
2866 587 3200 647 desiderium
3231 598 3388 666 tuum
3417 607 3438 647 .-

337 688 466 739 ctus
498 687 798 756 appareat.

847 831 1053 873 ORATIO
1089 832 1162 872 EX
1200 832 1357 874 PSAL.
1399 833 1474 872 Cl.

407 957 749 1028 Exorabilis,
771 956 1037 1024 Domine,
1062 957 1302 1040 intendo
1323 957 1383 1014 in
1407 957 1731 1018 orationem
1763 955 1994 1040 suppli-

337 1063 474 1104 cum
504 1052 764 1116 tuorum,
792 1051 861 1104 ut
891 1046 991 1122 qui
1021 1045 1082 1106 in
1130 1047 1387 1120 peccatis
1434 1045 1674 1116 detenti,
1708 1051 1995 1130 tanquam

337 1135 539 1194 fenum
559 1135 1126 1216 _aruimus,respectu
1150 1135 1405 1193 cmlestis
1419 1132 1832 1192 misericordiae
1856 1124 1996 1190 sub-

333 1225 614 1306 levemur.
646 1226 760 1308 _Per
788 1225 1109 1307 Dominum
1141 1230 1414 1284 nostrum
1435 1225 1641 1283 Jesum
1671 1223 1996 1293 Christum,

339 1319 450 1380 etc.

930 1440 1260 1530 PBALMUS
1299 1439 1414 1497 cu.

799 1547 1200 1596 ARGUMENTUM
1240 1547 1399 1587 PBAL.
1440 1546 1536 1586 Cll.

410 1667 452 1722 C
479 1663 774 1746 Propheta
801 1662 1242 1745 universitatem
1275 1664 1346 1720 ad
1389 1663 1489 1720 Dei
1517 1662 1721 1719 laudes
1750 1661 1999 1746 hortan-

341 1754 446 1834 ροτ
472 1753 543 1834 de
562 1737 984 1834 beneﬁciorum
1006 1751 1555 1826 plurimorum,quse
1577 1752 1703 1807 suis
1725 1737 2001 1832 fidelibus

343 1828 740 1921 administrat,
767 1837 1010 1916 munere
1040 1841 1390 1916 gratulatur.

615 1913 646 1928 ”
800 1913 804 1916 ⁷
845 1931 961 1988 TT.
1008 1913 1204 2004 élpsi
1242 1937 1258 1998 ζ
1301 1929 1499 1988 David.

2249 681 2620 738 Renovabitur
2646 687 2708 741 ut
2733 681 2944 753 aquilae
2959 683 3228 752 juventus
3260 687 3374 736 tua.

2175 769 2217 826 C
2247 769 2421 842 Reple
2449 786 2464 826 :
2497 786 2633 828 cum
2665 769 2754 828 eis
2783 769 3002 831 dicitur
3025 786 3039 825 :
3063 769 3288 854 Venite,
3311 769 3770 854 benedictijdeo

2102 874 2239 916 vero
2269 855 2480 932 aquilis
2525 857 2860 932 exemplum
2891 845 3309 940 introducitur,
3340 858 3483 932 quia
3511 857 3652 916 huic
3680 845 3774 917 avi

2097 947 2224 1020 jam
2257 951 2425 1005 tetate
2455 953 2744 1024 provecta,
2777 937 3012 1020 tantum
3045 937 3370 1024 supernum
3391 942 3620 1006 labium
3640 965 3774 1024 cor-

2105 1051 2218 1092 nea
2247 1021 2560 1092 inﬂexione
2589 1040 2870 1094 nasutum
2903 1025 3134 1106 crescit,
3159 1039 3225 1092 ut
3242 1021 3408 1119 escas
3431 1031 3549 1093 non
3571 1021 3772 1120 valeat

2107 1123 2281 1181 solita
2309 1123 2578 1182 libertate
2609 1126 2939 1202 decerpere.
2974 1127 3110 1206 Quae
3157 1123 3494 1200 intelligens
3531 1126 3690 1204 unde

2107 1212 2438 1290 periculum
2467 1214 2596 1270 vitae
2627 1213 2816 1288 possit
2844 1205 3140 1286 accedere,
3172 1213 3388 1271 dicitur
3415 1232 3480 1272 os
3509 1231 3688 1295 suum
3709 1205 3772 1298 in

2109 1320 2250 1359 saxo
2278 1301 2556 1378 expolire,
2578 1319 2890 1377 usquequo
2918 1302 3109 1360 valeat
3139 1303 3590 1383 manducare,“
3605 1303 3689 1361 ita
3708 1303 3772 1362 in

2110 1393 2415 1466 antiquam
2445 1391 2844 1450 valetudinem
2887 1409 3160 1450 escarum
3201 1393 3376 1450 solita
3399 1393 3775 1476 perceptione

2111 1484 2434 1556 revocatur.
2465 1481 2559 1540 Sic
2588 1481 2808 1549 anima,
2842 1483 2893 1562 si
2937 1499 3054 1539 non
3103 1479 3322 1540 desinit
3377 1485 3612 1562 peccata
3661 1499 3776 1562 sua

2109 1569 2363 1642 expolire
2393 1569 2453 1626 in
2485 1575 2669 1644 petra,
2683 1570 2744 1627 id
2774 1559 2953 1628 estin
2985 1569 3314 1639 Christo,in
3340 1559 3649 1644 pristinam
3673 1560 3770 1629 sa-

2112 1659 2358 1716 nitatem
2391 1659 2724 1730 revertitur,
2757 1660 3021 1734 recipere
3065 1661 3223 1717 enim
3261 1665 3402 1718 tunc
3431 1661 3582 1718 valet
3610 1661 3776 1718 cibos

2112 1747 2422 1806 salutares.

2109 1839 2146 1893 6
2255 1840 2484 1896 Faciens
2511 1839 2932 1896 misericordias
2965 1840 3230 1898 Dmninus
3259 1857 3275 1898 :

2255 1931 2324 1985 Et
2337 1927 2625 2001 judicium
2653 1930 2908 1986 omnibus
2937 1930 3214 2011 injuriam
3238 1931 3590 2010 patientibus.

417 2022 461 2078 C
499 2021 618 2098 Ipsi
665 1976 1774 2094 David-posit.unr1"est:‘newterrenum
1805 1976 2061 2102 regemB
2183 2015 2226 2071 Ο
2257 1976 2378 2072 ΙΙΙῶ
2407 2021 2604 2078 autem
2635 1976 3072 2081 misericordias
3101 1976 3388 2096 facitfqui
3408 1976 3632 2078 miserti
3654 2021 3776 2102 fue-

347 2111 527 2169 David
560 2111 915 2180 intelligeres.
949 2108 1250 2183 Significat
1293 2109 1449 2166 enim
1495 2107 1819 2178 Christum,
1851 2109 2004 2164 sicut

349 2217 502 2276 saepe
517 2200 644 2280 jam
665 2185 887 2280 dictum
910 2200 1207 2256 est.Totus
1232 2197 1324 2254 hic
1347 2198 1613 2272 psalmus
1637 2197 1865 2254 Domini
1883 2197 2006 2253 lau-

349 2290 422 2348 de
442 2288 696 2368 repletus
721 2293 828 2346 est.
853 2289 955 2345 Est
975 2287 1130 2345 enim
1153 2287 1386 2344 lucidus
1409 2286 1564 2344 tituli
1598 2287 1689 2344 sui
1720 2287 2004 2354 claritate,

349 2377 676 2436 consimilis
706 2381 771 2436 ut
799 2377 926 2434 sine
957 2375 1300 2434 difficultate
1326 2376 1744 2434 continentiam
1765 2378 1894 2449 ejus
1921 2376 2007 2432 in-

349 2466 608 2541 telligere
638 2467 980 2524 debeamus.

354 2557 380 2612 1
498 2555 752 2624 Benedic,
781 2558 975 2614 anima
1003 2572 1148 2628 mea,
1178 2557 1406 2614 Domino
1437 2573 1456 2612 :

494 2646 560 2702 Et
605 2647 796 2703 omnia
837 2660 964 2718 quae
1019 2646 1170 2702 intra
1225 2661 1312 2702 me
1366 2653 1498 2701 sunt
1551 2645 1772 2700 nomini
1821 2650 2007 2700 sancto

564 2737 704 2810 ejus.

425 2825 466 2880 C
495 2823 783 2897 Loquitur
829 2823 1116 2898 propheta
1163 2823 1234 2879 ad
1268 2822 1524 2880 animam
1553 2839 1744 2893 suam,
1777 2825 1842 2878 ut
1870 2838 2006 2879 cum

355 2913 532 2970 fuerit
553 2912 799 2972 diversis
829 2902 1098 2970 cladibus
1129 2911 1393 2979 liberata,
1428 2912 1846 2970 beneﬁciorum
1879 2928 2009 2967 om-

354 3003 520 3060 nium
552 3002 890 3060 recordetur
917 3006 1245 3058 auctorem:
1273 3018 1340 3058 ne
1371 3000 1485 3056 sibi
1517 3005 1620 3056 aut
1648 2999 1814 3056 alteri
1848 3004 2011 3073 putet

352 3108 482 3149 esse
513 3090 890 3148 tribuendum
923 3090 1079 3163 quod
1111 3107 1146 3147 a
1175 3089 1298 3147 solo
1329 3095 1441 3146 Deo
1487 3093 1719 3148 constat
1767 3106 2010 3146 conces-

352 3197 507 3242 sum.
534 3180 814 3240 Interiora
837 3199 850 3237 :
876 3184 1015 3237 sunt
1034 3177 1307 3254 cogitatio
1330 3183 1506 3250 recta,
1529 3179 1894 3251 virtutesque
1917 3195 2010 3244 ra-

349 3270 552 3352 tionis.
587 3255 596 3262 ’
1133 3270 1142 3280 “
1501 3267 1508 3272 ’

345 3360 384 3438 2_
491 3359 748 3438 Benedic,
781 3359 974 3444 anima
1004 3374 1152 3426 mea,
1183 3359 1412 3415 Domino
1441 3376 1461 3414 :

489 3450 555 3504 Et
581 3449 700 3528 noli
727 3447 980 3528 oblivisci
1005 3463 1190 3504 omnes
1220 3449 1604 3504 retributiones
1631 3448 1770 3520 ejus.

417 3537 466 3596 Η
498 3521 716 3615 Multas
735 3521 1162 3615 retributiones
1194 3537 1466 3609 praestitit
1494 3536 1665 3592 nobis
1694 3535 2002 3592 Dominus.

347 3626 391 3682 Ο
420 3625 495 3682 Ut
525 3623 624 3698 qui
657 3609 896 3698 eramus
925 3609 1086 3696 digni
1116 3615 1307 3695 poena,
1342 3621 1553 3698 dignos
1579 3642 1686 3680 nos
1714 3624 1848 3680 fecit
1875 3641 2005 3681 esse

346 3714 568 3771 honore
601 3729 614 3768 :
643 3713 800 3785 quod
831 3703 1096 3768 oblivisci
1129 3709 1270 3768 nulli
1305 3714 1396 3768 fas
1425 3705 1533 3769 est.
1566 3715 1706 3782 Quae
1729 3729 1864 3770 vero
1885 3714 2006 3790 sint

347 3801 474 3859 ista:
505 3800 920 3860 retributiones
950 3803 1010 3860 et
1044 3800 1346 3868 beneficia,
1379 3805 1806 3875 consequenter
1827 3820 2002 3870 enar-

348 3895 459 3960 rat,
492 3894 551 3946 et
579 3893 644 3972 ut
671 3889 846 3948 homo
876 3889 1138 3962 cogitans
1170 3889 1453 3947 beneficia
1482 3891 1824 3964 ipsius,tota
1844 3910 2004 3950 men-

347 3986 404 4038 te
433 3978 749 4060 collaudat.
782 3977 885 4036 Ille
913 3979 1070 4036 enim
1119 3977 1360 4036 laudare
1408 3998 1711 4054 nunquam
1759 3982 1998 4053 desinit,

348 4069 450 4143 qui
483 4067 694 4126 collata
722 4065 1004 4126 beneﬁcia
1034 4085 1150 4124 non
1179 4072 1374 4141 potest
1401 4069 1684 4138 oblivisci.

341 4160 380 4214 3
490 4158 598 4228 Qui
620 4159 964 4230 prapitiatur
984 4157 1238 4214 omnibus
1267 4159 1655 4232 iniquitatibus
1681 4163 1790 4219 luis
1821 4180 1838 4217 :

485 4249 595 4318 Qui
619 4233 781 4306 sanat
809 4263 994 4305 omnes
1024 4248 1344 4318 inﬁmitates
1374 4256 1517 4306 tuas.

406 4338 449 4394 C
479 4335 674 4394 Primo
694 4335 853 4393 enim
875 4335 940 4392 fit
961 4333 1251 4422 propitius
1273 4338 1526 4411 peccatis
1547 4341 1765 4397 nostris
1780 4358 1794 4397 :
1811 4358 1994 4422 quan-

335 4427 428 4494 do,
455 4425 722 4483 remissis
743 4423 1055 4504 delictis,in
1079 4413 1221 4499 pace
1241 4426 1520 4502 dignatur
1539 4413 1847 4502 suscipere
1859 4413 1991 4504 pec-

331 4519 578 4571 catores.
593 4517 772 4571 Sanat
792 4515 1166 4572 inﬁrmitates
1181 4533 1194 4571 :
1211 4516 1354 4572 dum
1376 4517 1662 4572 securitas
1679 4519 1990 4575 etimmor-

330 4603 529 4662 talitas
561 4603 618 4662 in
649 4603 1075 4672 resurrectione
1104 4605 1447 4664 conceditur
1471 4605 1761 4663 fidelibus.

331 4681 380 4748 ἰ’
474 4681 588 4765 Qui
623 4693 850 4751 redimit
875 4689 942 4750 de
970 4693 1198 4750 interitu
1227 4696 1398 4749 vitam
1430 4701 1580 4749 tuam
1609 4712 1628 4748 :

475 4783 582 4850 Qui
611 4792 836 4841 coronat
857 4792 910 4840 te
952 4787 1008 4845 -ξο
1034 4784 1096 4836 in
1138 4785 1152 4845 ζ
1195 4781 1573 4836 misericordia
1603 4790 1655 4840 et
1683 4785 1989 4844 miseratio-

545 4872 728 4933 nibus.

401 4961 444 5024 Β
474 4960 730 5019 Rcdimit
749 4961 821 5017 de
840 4956 1080 5014 interitu
1101 4957 1311 5014 vitam:
1337 4959 1573 5032 quando
1596 4977 1702 5018 nos
1723 4963 1796 5019 ab
1820 4969 1986 5022 teter-

326 5068 400 5108 na
423 5039 610 5110 morte
631 5046 1083 5113 submoverit,ut
1106 5064 1219 5102 non
1243 5048 1584 5123 audiamus:
1611 5054 1691 5108 lte
1713 5052 1770 5106 in
1788 5053 1982 5128 ignem

323 5140 886 5198 mternum.Coronat
908 5136 966 5192 in
988 5136 1392 5194 misericordia
1416 5156 1429 5194 :
1455 5141 1688 5211 quando
1703 5142 1828 5220 jam
1852 5144 1983 5200 bea-

2113 2105 2252 2174 rint,
2285 2109 2349 2161 ut
2379 2106 2439 2163 in
2471 2106 2783 2180 Evangelia
2812 2108 2928 2164 ait:
2949 2108 3106 2183 Beati
3140 2097 3774 2183 misericordeswtuth.

2113 2198 2190 2264 v),
2223 2201 2333 2251 etc.
2361 2175 2665 2251 Iudicium
2697 2195 2814 2252 illis
2846 2175 3157 2269 promittit,
3189 2175 3610 2343 quibpatientiie
3641 2215 3775 2258 ma-

2115 2298 2252 2339 nere
2277 2284 2648 2343 decorantur.
2679 2284 2897 2343 auibus
2929 2291 2988 2342 ct
3026 2285 3260 2343 dicitur.
3349 2283 3431 2343 iiii
3456 2288 3773 2343 vindictam

2115 2298 2252 2339 nere
2277 2284 2648 2353 decorantur,
2679 2284 2897 2358 quibus
2929 2291 2988 2342 ct
3026 2283 3260 2353 dicitur,
3287 2283 3431 2366 Mihi
3456 2288 3773 2346 vindictam

2114 2375 2172 2428 et
2200 2388 2306 2445 ego
2340 2372 2660 2428 retribuam
2692 2373 2885 2443 (Deut.
2919 2378 3118 2444 xxxii).
3151 2375 3452 2454 Judicium
3483 2377 3640 2434 enim
3665 2369 3772 2434 'bic

2113 2461 2430 2524 vindictam
2459 2460 2743 2535 intellige.

2113 2553 2148 2628 7_
2255 2551 2423 2607 Notas
2448 2553 2582 2623 fecit
2600 2553 2718 2608 vias
2745 2568 2876 2609 suas
2906 2554 3089 2628 Moysi
3109 2572 3131 2611 .·

2260 2640 2427 2698 Filiis
2454 2639 2630 2697 Israel
2657 2641 2967 2712 voluntates
2992 2658 3140 2722 suas.

2187 2731 2229 2787 C
2257 2729 2437 2786 Notas
2467 2729 2602 2786 fecit
2628 2731 2810 2804 Moysi
2835 2731 2982 2814 vias,
3014 2736 3080 2789 ut
3109 2733 3372 2816 perfecta}
3415 2733 3544 2816 ﬁdei
3575 2734 3774 2816 grani-

2119 2819 2232 2876 bus
2254 2819 2379 2876 vias
2409 2819 2640 2901 Domini
2669 2810 3230 2895 ambularet,etejus
3242 2810 3536 2903 justitiam
3563 2811 3774 2897 legem-

2117 2925 2232 2982 que
2289 2908 2702 2977 conscriberet,
2736 2915 2794 2966 et
2852 2927 3044 2968 mores
3102 2911 3354 2968 doceret.
3388 2913 3550 2969 Filiis
3596 2913 3774 2970 Israel

2116 2997 2447 3056 voluntates
2478 3015 2618 3054 suas
2649 2999 2925 3068 innotuit,
2941 3001 3340 3080 nonvias:qu_i
3373 3001 3541 3058 multi
3567 3018 3772 3059 eorum

2117 3085 2271 3145 viam
2305 3087 2532 3144 Domini
2565 3087 2860 3145 declinare
2881 3091 3769 3164 prmsumpserunt,voluntatcm

2119 3176 2337 3250 quippe
2368 3181 2675 3243 noverunt,
2707 3177 2808 3234 sed
2839 3183 3125 3252 precepts
3155 3195 3407 3249 servare,
3434 3184 3492 3236 et
3513 3179 3667 3238 viam
3689 3181 3772 3242 ire

2120 3265 2454 3336 noluerunt,
2485 3266 2615 3323 ideo
2648 3284 2762 3324 non
2792 3267 3008 3324 dicitur
3033 3267 3158 3326 vias
3185 3269 3272 3326 eis
3302 3268 3650 3339 innotuisse,
3665 3271 3768 3332 sed

2040 3343 2086 3412 C
2116 3354 2465 3412 voluntates.

2112 3443 2148 3496 8
2256 3443 2563 3500 Misericors
2589 3452 2642 3501 et
2670 3447 2968 3503 miserator
2995 3448 3261 3504 Dominus
3288 3465 3303 3504 :

2255 3534 2611 3606 Longaminis
2639 3542 2693 3592 et
2718 3535 2952 3593 multum
2979 3517 3312 3596 misericors.

2182 3625 2222 3676 C
2252 3619 2580 3680 Misericors
2609 3628 2719 3692 est,
2752 3623 2854 3696 qui
2883 3629 3096 3682 natura
3132 3643 3242 3683 sua
3270 3613 3769 3686 clementissimus

2111 3712 2506 3788 approbatur:
2543 3713 2872 3782 miserator,
2887 3714 2990 3787 qui
3021 3715 3434 3773 misericordiae
3463 3735 3583 3774 suae
3613 3717 3768 3774 dona
3865 3739 3872 3762 ι

2111 3797 2374 3873 largitur.
2404 3799 2616 3857 Nullus
2657 3803 2855 3858 autem
2905 3803 3264 3873 misericors,
3295 3801 3406 3862 nisi
3437 3805 3542 3878 qui
3573 3810 3634 3863 et
3663 3822 3766 3880 pa-

2109 3889 2260 3950 tiens
2291 3906 2420 3947 esse
2450 3889 2750 3963 probatur.
2784 3891 2920 3948 Ideo
2951 3892 3115 3949 addit
3151 3892 3528 3968 longanimis,
3561 3895 3620 3952 id
3652 3899 3764 3964 est,

2108 3978 2336 4052 patiens
2357 3983 2412 4034 et
2433 3977 2735 4036 sustinens
2757 3986 3090 4052 peccatores
3112 3981 3286 4057 longo
3307 3983 3766 4056 tempore.Deni-

2107 4084 2222 4141 que
2252 4067 2474 4139 subdit,
2508 4067 2762 4125 multum
2793 4069 3128 4128 misericors
3153 4089 3167 4140 ;
3191 4057 3331 4145 quia
3351 4073 3527 4129 etiam
3555 4089 3620 4129 se
3639 4071 3763 4128 bla-

2106 4156 2577 4230 sphemantibus,
2613 4156 2798 4216 solem
2856 4158 2996 4236 oriri
3053 4159 3212 4228 facit,
3247 4166 3306 4218 et
3337 4162 3547 4218 tribuit
3591 4161 3678 4218 eis
3705 4167 3764 4218 et

2103 4251 2411 4304 conservat
2436 4245 2565 4303 vita:
2597 4246 2894 4320 spiritum.
3471 4240 3478 4248 ’

2100 4337 2136 4392 9
2243 4337 2364 4393 Non
2393 4338 2454 4392 in
2480 4345 2805 4409 perpetuum
2826 4321 3104 4415 irascetur
3131 4357 3152 4395 :

2241 4431 2427 4500 Neque
2457 4427 2517 4482 in
2539 4434 2813 4483 aeternum
2841 4429 3291 4504 comminabitur.

2169 4518 2210 4579 ω
2239 4516 2366 4572 Non
2396 4513 2528 4570 ullis
2559 4515 2617 4570 in
2645 4503 2993 4590 perpetuum
3026 4503 3320 4598 irascitur,
3352 4519 3452 4592 qui
3485 4518 3672 4575 devoti
3693 4519 3752 4576 in

2097 4604 2495 4662 satisfactione
2522 4621 2650 4661 esse
2682 4611 3149 4684 cognoscuntur:
3183 4624 3287 4684 nec
3317 4608 3402 4666 eis
3431 4609 3755 4666 commina-

2015 4721 2064 4788 Β
2097 4695 2287 4788 bitur,
2309 4693 2410 4768 qui
2441 4709 2586 4788 eum
2605 4698 2732 4770 tota.
2751 4699 2946 4753 mente
2977 4681 3254 4776 diligunt.

2099 4785 2166 4838 10
2237 4784 2356 4839 Non
2384 4783 2684 4839 secundum
2706 4788 2938 4857 peccata
2966 4794 3156 4868 nostra
3184 4787 3322 4858 fecit
3345 4787 3504 4843 nobis
3533 4805 3555 4842 :

2236 4877 2424 4946 Neque
2477 4873 2778 4929 secundum
2833 4874 3163 4948 iniquitates
3213 4883 3426 4933 nostras
3497 4876 3754 4933 retribuit

2305 4963 2484 5020 nobis.

2165 5052 2212 5109 Η
2243 5051 2367 5108 Non
2392 5053 2718 5109 secundum
2737 5058 2977 5126 peccata
3007 5059 3210 5112 nostra
3240 5053 3556 5129 fecit;quia
3573 5071 3748 5129 quam

2093 5143 2484 5210 merebamur,
2517 5142 2687 5198 nobis
2718 5141 2962 5200 meliora
2989 5143 3257 5201 indulsit.
3280 5145 3396 5200 Nec
3425 5144 3748 5202 secundum

321 5217 400 5283 tis
433 5223 683 5316 praemia
718 5224 897 5316 digna
944 5225 1288 5316 restituerit.
1319 5226 1364 5284 Η
1398 5217 1790 5287 Ριδωοιιιτθιιιό
1821 5233 1980 5288 enim
2090 5230 2430 5305 iniquitates
2455 5231 2759 5288 retribuet.
2784 5234 2825 5288 C
2845 5231 3132 5296 Quoniam
3157 5234 3239 5316 ita
3261 5233 3395 5306 pius
3424 5237 3516 5316 est
3531 5232 3749 5306 suppli-

320 5311 745 5406 misericordia,
779 5313 880 5368 dat
902 5313 1228 5406 victoriam,
1254 5319 1319 5406 ut
1347 5317 1569 5372 tribuat
1597 5317 1977 5392 palma,unde
2086 5321 2356 5378 cantibus
2403 5325 2469 5377 ut
2516 5319 2897 5400 pmnitentem
2967 5311 3484 5406 statimjresolvat.
3523 5340 3560 5379 a
3615 5335 3747 5396 pec-

317 5407 376 5458 et
395 5401 624 5466 dictum.
652 5403 961 5456 est:Scuto
992 5403 1157 5458 bonas
1188 5402 1505 5460 voluntatis
1537 5410 1648 5463 tuae
1681 5411 1975 5468 coronasti
2086 5412 2254 5468 catis.

317 5503 426 5574 nos
459 5480 632 5574 (l’sal.
663 5489 740 5562 v).
773 5492 948 5546 Scuto
996 5488 1194 5561 itaque
1243 5499 1501 5559 coronat,
1534 5496 1675 5552 dum
1721 5500 1975 5574 protegit

317 5579 376 5650 et
393 5571 674 5647 defendit,
706 5581 764 5632 et
787 5575 872 5631 sic
903 5580 1159 5632 coronat.
1184 5578 1426 5634 Scutum
1470 5598 1606 5656 ergo
1642 5571 1970 5644 misericor-

315 5661 414 5748 dia
443 5666 532 5748 est
565 5681 577 5721 :
611 5665 767 5739 quod
799 5662 957 5719 enim
980 5665 1251 5738 protegit,
1273 5682 1389 5723 non
1423 5670 1612 5729 meriti
1645 5676 1830 5732 nostri
1859 5681 1968 5748 est,

313 5744 422 5830 sed.
447 5745 576 5826 ejus
603 5748 1042 5817 misericordia.

2096 5501 2142 5558 ’4
2222 5502 2499 5571 Quoniam
2527 5500 2828 5557 secundum
2855 5501 3214 5583 altitudinem
3243 5503 3369 5560 ειειὶ
3397 5520 3431 5559 ιι
3462 5507 3610 5583 terra
3637 5520 3660 5558 .-

2221 5591 2604 5648 Corroboravil
2650 5581 3090 5672 misericordiam
3130 5609 3292 5650 suam
3333 5608 3496 5665 super
3531 5581 3735 5647 timen-

2294 5687 2370 5738 tes
2392 5694 2448 5734 se
2481 5696 2496 5735 :

2151 5767 2193 5828 C
2221 5768 2346 5836 Qua
2362 5767 2797 5846 comparatione
2814 5769 3350 5853 significa_tur,quia
3363 5770 3518 5854 sicut
3529 5767 3738 5856 calum
