5516 6544
142 568 275 657 ’389

1361 584 1781 678 Exposmo
1826 580 2335 655 PSALMORUM.

3421 590 3542 665 370

159 716 333 803 {eirea
361 696 632 795 operit,et
651 712 982 777 necessaria
1001 704 1283 778 beneﬁcia
1302 714 1528 803 homini
1547 700 1790 779 tribuit:
1907 724 2181 781 mandata
2209 724 2336 796 ejus
2364 720 2637 796 operibUs
2666 708 2930 795 implent,
3039 726 3316 796 generant
3344 740 3537 797 opera,

161 800 323 869 modo
363 802 611 883 pluvias,
645 808 818 866 modo
864 804 1089 879 serena,
1124 811 1297 868 modo
1344 800 1548 868 ventos
1578 827 1595 868 ζ
1626 811 1709 867 ita
1737 813 1794 868 et

162 890 551 958 misericordia
576 892 679 954 Dei
713 886 923 955 nostris
943 896 1242 971 fragilitati
1267 898 1496 956 diversa
1519 899 1796 955 beneﬁcia

164 977 418 1067 praestat;
451 984 708 1067 sustinet
731 984 889 1067 enim
921 991 988 1043 ut
1017 984 1549 1067 corrigat,ﬂagellat
1579 991 1642 1043 ut
1670 1003 1795 1042 eru-

161 1060 311 1145 diat;
345 1074 552 1149 probat
588 1062 656 1131 ut
704 1066 967 1148 praestet;
999 1080 1074 1142 et,
1108 1060 1173 1132 ut
1214 1060 1461 1132 breviter
1504 1066 1789 1142 dieamus,

160 1167 206 1224 si
232 1166 320 1235 fas
348 1162 434 1235 est
466 1156 532 1218 ut
556 1156 767 1219 crslum
797 1162 914 1220 non
943 1161 1165 1237 aperiat
1209 1166 1414 1230 terras,
1448 1165 1638 1236 potest
1668 1161 1792 1218 ﬁeri

160 1260 219 1311 ut
245 1245 525 1310 Dominus
555 1269 670 1308 non
703 1246 966 1326 pretegat
987 1253 1098 1309 sibi
1121 1250 1435 1325 purissime
1456 1251 1790 1309 servientes.

161 1345 226 1400 12
294 1334 571 1419 Quantum
595 1336 763 1396 distat
789 1345 941 1415 ortus
968 1338 1037 1398 ab
1066 1340 1335 1397 occidente
1364 1359 1384 1396 :

290 1428 462 1503 Longe
489 1420 622 1500 fecit
647 1443 686 1486 α
711 1428 865 1486 nobis
895 1429 1213 1502 iniquitates
1237 1438 1466 1486 nostras.

166 1586 171 1596 ι
221 1520 260 1575 C
288 1506 488 1576 or‘iéxis'
518 1512 814 1592 signiﬁcat
843 1510 1088 1591 regnum
1119 1512 1240 1584 Dei,
1273 1520 1513 1574 occasus
1542 1516 1676 1573 vero
1705 1532 1798 1589 ge-

159 1598 559 1686 niissumque
582 1602 813 1663 tantum
846 1600 1099 1664 dissocia
1126 1610 1213 1663 est
1243 1624 1277 1661 a
1305 1598 1441 1662 sede
1470 1606 1792 1672 beatorum,

160 1688 432 1770 quantum
462 1686 609 1750 dieit
636 1691 737 1751 ille
763 1692 984 1768 pauper
1003 1694 1062 1750 in
1086 1690 1218 1750 sinu
1239 1693 1792 1762 Abraha3(Luc.xv1),

161 1783 306 1839 Inter
333 1785 527 1857 noset
553 1798 658 1851 vos
688 1781 866 1854 chaos
898 1797 1178 1856 magnum
1211 1782 1505 1837 ﬁrmatum
1535 1784 1643 1837 est.
1693 1779 1793 1837 Vel

160 1870 342 1927 oriens
367 1864 455 1926 e'st
484 1862 723 1925 initium
747 1866 911 1927 bona:
935 1869 1064 1925 vitae
1086 1873 1297 1927 nostra:
1318 1888 1331 1938 ;
1360 1868 1795 1939 occasus,malae

159 1956 603 2035 conversationis
632 1956 893 2014 effectus.

161 2042 223 2102 l3
292 2044 561 2115 Quomodo
608 2040 901 2101 miseretur
946 2054 1105 2118 pater
1149 2045 1395 2117 ﬁliorum
1439 2048 1695 2103 misertus
1723 2054 1799 2103 est

358 2124 623 2189 Dominus
653 2134 969 2190 timentibus
997 2151 1053 2190 se
1084 2152 1097 2190 :

254 2290 261 2298 ο
290 2208 565 2309 quoniam
592 2218 710 2303 ipse
737 2224 983 2296 cognovit
1009 2216 1327 2295 ﬁgmentum
1355 2230 1618 2279 nostrum.

223 2310 262 2368 Ο
290 2306 457 2393 Pater
480 2306 649 2393 enim»
672 2306 1053 2383 carnalis,qu‘i
1085 2311 1229 2371 bene
1259 2310 1384 2367 vult
1413 2310 1600 2368 filium
1624 2330 1797 2369 suum

158 2390 382 2471 epu'diri,
416 2390 765 2471 frequentur
800 2416 936 2455 eum
984 2398 1221 2472 corripit
1267 2416 1333 2455 ac
1382 2398 1677 2473 flagellat:
1715 2400 1799 2457 sic

158 2482 435 2544 Dominus
457 2486 719 2563 ﬂagellat
748 2478 980 2563 omnem
1026 2487 1213 2543 {ilium
1264 2504 1438 2560 quem
1489 2489 1712 2563 recipit,
1743 2494 1799 2545 et

158 2575 416 2632 timentes
446 2580 509 2632 se
540 2558 613 2631 ad
667 2558 934 2632 studium
984 2578 1148 2632 bona:
1191 2558 1505 2632 voluntatis
1565 2558 1802 2633 adducit

162 2667 336 2735 (Prov.
367 2665 471 2737 ιιι).
507 2665 798 2732 Quoniam
830 2664 955 2737 ipse
1002 2664 1307 2737 cognovit:
1340 2665 1496 2736 quod
1546 2669 1798 2721 nosmet-

161 2752 312 2828 ipsos
341 2753 410 2809 ab
439 2753 543 2809 illa
574 2752 825 2809 naturali
857 2753 1138 2828 dignitate
1182 2752 1522 2824 dejecim‘us,
1554 2752 1799 2827 ﬁgmen-

161 2770 176 2807 ι
219 2770 312 2809 sos
341 2770 410 2809 an
439 2770 543 2809 ma
574 2770 825 2809 natura"
857 2770 1138 2828 dignitate
1182 2770 1522 2824 dejecimus,

308 2838 435 2915 sese
465 2836 872 2899 monstramur
901 2846 959 2898 et
987 2840 1276 2898 Creatoris
1307 2841 1550 2897 factura.

156 2916 223 2985 ’14
292 2926 623 3005 Recorddtus
676 2928 759 2987 e‘s't
809 2926 1069 3004 quoniam
1117 2931 1300 3003 pulvis
1352 2946 1542 2985 sumus
1585 2948 1604 2985 :
1648 2931 1801 2987 homo

90 3020 104 3027 ‘
357 3018 499 3075 sidut
525 3012 742 3091 fenum.
1392 3088 1397 3096 ,

292 3108 412 3163 Dies
438 3109 567 3181 ejus
590 3126 610 3163 :
639 3116 903 3187 tanquam
923 3108 1021 3177 ﬂos
1048 3109 1172 3179 agri
1196 3110 1279 3163 sic
1302 3108 1586 3178 e/ﬂorebit.

223 3194 267 3250 Η
297 3198 374 3251 Ac
405 3196 467 3251 ei
501 3196 724 3252 diceret
753 3213 766 3252 :
798 3195 922 3251 Non
967 3195 1235 3252 irasceris
1288 3200 1353 3251 ut
1382 3201 1666 3264 conteras,
1700 3197 1803 3252 sed

162 3283 453 3357 recordare
486 3284 646 3357 quod
678 3292 818 3340 vasa
848 3281 1011 3357 figuli
1038 3301 1265 3351 sumus,
1298 3300 1425 3355 quae
1459 3283 1634 3339 semel
1666 3300 1801 3340 con—

156 3350 350 3449 frafcta‘,
382 3368 643 3445 reparari
677 3369 787 3429 nisi
820 3388 924 3445 per
952 3376 1006 3429 te
1040 3389 1155 3428 non
1186 3376 1452 3444 possunt.
1478 3370 1638 3427 CHis
1667 3388 1803 3445 ergo

161 3456 327 3539 rebus
353 3456 1086 3539 transito‘riis'mumanitas
1107 3464 1635 3533 comparatur,qua:
1671 3461 1799 3533 pul-

160 3546 400 3604 chrescit
431 3538 497 3605 ut
527 3546 637 3605 nos
667 3538 723 3604 et
752 3549 953 3605 fenum
984 3538 1108 3622 a’gri
1143 3565 1156 3602 :
1191 3549 1292 3604 sed
1338 3562 1455 3604 non
1503 3549 1574 3603 ad
1622 3550 1801 3603 vitam

158 3630 562 3719 [ongissima'm
597 3636 951 3708 perducitur.
984 3626 1063 3692 Ac
1089 3636 1136 3693 si
1171 3652 1457 3709 quaereres
1491 3653 1503 3691 :
1537 3636 1682 3702 Quid
1716 3640 1805 3691 est

158 3713 367 3781 homo?
395 3713 463 3782 et.
482 3725 873 3799 respondetur
906 3741 919 3779 :
955 3725 1054 3780 Est
1082 3720 1252 3797 cujus
1299 3723 1423 3779 dies
1474 3728 1613 3779 sunt
1654 3723 1805 3780 sicut

159 3812 371 3885 fenum,
404 3818 463 3869 et
491 3813 595 3886 qui
627 3817 694 3868 ut
723 3814 832 3868 ﬂos
859 3812 983 3885 agri
1028 3812 1276 3883 efﬂoret,
1305 3812 1407 3867 sed
1458 3811 1655 3866 statim
1698 3810 1803 3867 ﬂos

158 3894 388 3971 decidit,
422 3901 706 3975 quoniam
730 3901 994 3973 spiritus,
1022 3905 1131 3955 etc.

162 3988 224 4043 15
296 3993 578 4062 Quoniam
605 3990 835 4062 spiritus
861 3988 1223 4061 pertransibit
1250 3989 1308 4042 in
1339 3989 1434 4044 illo
1462 3996 1513 4045 et
1543 4003 1651 4044 non
1678 3988 1805 4043 sub-

362 4081 519 4137 sistet
551 4098 571 4136 :

256 4167 360 4243 hEt
382 4166 509 4225 nen‘
523 4173 803 4237 cognoscet
827 4166 1067 4238 amplius
1099 4165 1273 4221 locum
1299 4180 1477 4220 suum.

158 4242 207 4331 C
223 4252 512 4313 Describit
541 4255 698 4313 enim
730 4254 922 4310 adhuc
950 4252 1091 4326 quid
1122 4253 1199 4309 sit
1230 4252 1423 4331 homo,
1458 4253 1516 4308 id
1565 4257 1652 4308 est
1689 4251 1806 4324 spi-

162 4329 303 4399 rit‘us
326 4332 750 4425 pertra‘nsiens,
783 4330 1005 4399 scilicet
1034 4329 1331 4397 mundum.
1353 4344 1718 4413 praesentem,
1747 4341 1806 4396 in

161 4428 271 4509 quo
303 4430 645 4507 diutissime
673 4447 791 4488 non
822 4430 1013 4503 potest
1040 4429 1534 4503 permanere.Non
1565 4445 1808 4501 cognos-

164 4525 249 4574 cet
277 4520 536 4594 amplius
566 4521 761 4578 locum
792 4512 973 4576 suum:
1002 4535 1016 4575 :
1048 4517 1156 4574 hoc
1186 4522 1275 4574 est
1304 4518 1363 4574 in
1393 4517 1501 4574 hoc
1531 4515 1808 4573 saeculum

163 4624 273 4664 non
307 4614 504 4682 potest
534 4609 750 4678 redire,
783 4613 848 4664 ut
879 4624 1047 4664 suam
1076 4606 1253 4662 vitam
1282 4606 1467 4678 possit
1495 4606 1723 4687 iterare.

164 4697 257 4751 16·
296 4688 899 4755 Misericordia'au'tem
926 4698 1150 4753 Domini
1183 4697 1251 4751 ab
1294 4702 1498 4752 .rterno
1543 4701 1595 4750 et
1636 4709 1813 4766 usque

371 4790 430 4843 in
461 4784 735 4871 a'ternum‘
761 4804 781 4842 :

297 4876 477 4948 Super
506 4872 768 4933 timentes
790 4888 934 4932 eum.

231 4961 272 5019 C
311 4956 649 5021 Reddim'u'r'
688 4963 846 5020 enim
894 4961 997 5037 per
1044 4954 1502 5017 misericordiam
1552 4958 1815 5015 absolute

165 5047 731 5127 perpetui,quamvis
762 5062 864 5126 per
894 5044 1001 5108 nos
1031 5051 1219 5107 simus
1248 5049 1481 5122 fragiles
1511 5053 1567 5104 et
1588 5048 1811 5128 caduci.
1870 5086 1901 5091 -η

135 5129 232 5195 Ἐι
261 5135 457 5216 usque"
482 5142 545 5198 in
578 5134 865 5199 aiternum'
893 5158 907 5196 :
942 5139 1212 5212 designat
1260 5130 1638 5210 (eternitatern
1689 5130 1812 5205 Dei,

134 5217 141 5223 ’
167 5222 447 5309 quoniam
466 5230 535 5309 et
557 5226 659 5287 ille
687 5220 823 5288 ante
853 5225 1085 5294 s‘azcula,
1118 5231 1176 5283 et
1221 5226 1283 5281 in
1331 5218 1563 5294 saeculo,
1595 5229 1652 5281 et
1684 5229 1816 5309 post

169 5308 307 5389 illud
339 5307 652 5388 saeculum,
684 5312 1017 5374 misericors
1047 5317 1427 5370 monstratur.
1460 5312 1636 5369 Video
1679 5307 1812 5369 vero

140 5398 323 5462 illam
356 5406 710 5481 perpetuam
738 5400 1198 5464 misericordiam
1230 5401 1423 5458 solum
1453 5400 1511 5457 in
1543 5401 1815 5457 timentes

169 5508 297 5551 eum
327 5496 625 5569 protendi.

174 5582 233 5636 17
302 5586 369 5641 At
385 5587 620 5658 justitia
649 5585 813 5641 illius
838 5586 897 5639 in
925 5582 1067 5653 ﬁlios
1090 5581 1334 5653 ﬁliorum
1365 5597 1381 5634 :

303 5672 399 5730 His
429 5676 532 5747 qui
559 5670 783 5730 servant
811 5679 1190 5729 testamentum
1216 5669 1351 5740 ejus.

1838 4805 1887 4871 D

1901 828 2077 884 opera
2102 828 2235 868 vero
2286 810 2727 868 retributionem
2785 810 3021 883 pariunt
3070 804 3130 867 in
3181 812 3541 870 beatitudine

1901 903 2134 956 aeterna.
2444 972 2447 975 ἰ
2675 968 2681 973 ι

1903 989 1971 1042 18
2040 989 2107 1043 Et
2132 1004 2392 1045 memores
2419 996 2546 1044 sunt
2569 987 2953 1044 mandaton
2981 988 3155 1059 ipsius
3186 1006 3204 1043 :

2047 1077 2133 1131 Ad
2160 1076 2476 1148 faciendum
2504 1092 2588 1132 ea.

1971 1161 2012 1219 C
2043 1164 2321 1221 Memoria
2347 1170 2436 1221 est
2464 1165 2621 1220 enim
2650 1165 3061 1221 mandatorum
3082 1165 3341 1237 ejus,per
3362 1176 3541 1237 quam

1902 1252 2136 1309 animus
2166 1253 2371 1326 repetit
2398 1270 2525 1326 quae
2556 1253 2741 1323 audit,
2772 1257 2830 1309 et
2852 1252 2978 1310 visa
3006 1254 3274 1325 factaque
3298 1246 3565 1326 cognosé'

1902 1342 1998 1397 cit.
2032 1341 2135 1397 Isti
2165 1342 2319 1397 enim
2352 1346 2491 1398 sunt
2527 1341 2631 1396 ﬁlii
2675 1350 2853 1414 supra
2898 1340 3059 1410 dicti,
3090 1340 3190 1414 Qui
3238 1342 3541 1398 mandato-

1902 1446 2033 1485 rum
2062 1431 2192 1501 ejus
2220 1430 2493 1503 operibus
2523 1433 2661 1487 sunt
2686 1445 3117 1497 memores,non
3148 1429 3340 1486 studio
3362 1429 3543 1486 canti-

1902 1516 2065 1574 lena.
2098 1519 2243 1574 Nam
2276 1522 2334 1575 et
2362 1518 2412 1575 si
2443 1519 2576 1591 quis
2604 1518 2950 1590 psalterium
2998 1522 3189 1574 totum
3235 1534 3371 1574 voce
3412 1518 3541 1573 red-

1902 1607 2021 1673 dat,
2048 1623 2272 1662 memor
2300 1608 2427 1678 ejus
2476 1624 2591 1662 non
2640 1611 2729 1663 est
2779 1606 2893 1662 nisi
2942 1623 3069 1678 quas
3127 1606 3543 1679 prmcipiuntur

1903 1695 2155 1751 effecerit
2184 1713 2197 1752 :
2230 1696 2358 1752 ideo
2386 1695 2543 1751 enim
2572 1695 2728 1752 dicta
2755 1700 2897 1751 sunt
2919 1700 2983 1751 ut
3012 1696 3295 1765 ﬁant,non
3326 1699 3392 1752 ut
3419 1694 3540 1751 solo

1903 1784 2310 1841 vociferatione
2339 1788 2664 1839 cantentnr.

1906 1890 1976 1944 19
2046 1892 2312 1947 Dominus
2345 1893 2403 1946 in
2431 1890 2560 1945 caelo
2587 1890 2809 1961 paravit
2838 1889 3014 1946 sedem
3038 1904 3195 1945 suam
3226 1904 3240 1943 :

2044 1981 2121 2034 Et
2146 1995 2378 2048 regnum
2406 1980 2580 2051 ipsius
2606 1979 2860 2035 omnibus
2890 1978 3283 2034 dominabitur.

1826 2086 1875 2155 Β
1975 2066 2017 2122 C
2048 2066 2277 2155 Paravit
2321 2067 2522 2123 sedem
2570 2081 2784 2123 suam:
2816 2065 2926 2155 boc
2972 2066 3046 2121 ad
3088 2064 3239 2155 illud
3293 2065 3547 2137 pertinet

1910 2155 2063 2227 quod
2093 2154 2360 2211 Christus
2382 2155 2642 2211 ascendit
2661 2154 2721 2209 in
2749 2153 3139 2221 caalu'm,unde
3157 2157 3437 2210 venturus
3457 2157 3548 2209 est

1898 2242 2165 2313 judicare
2193 2244 2352 2299 vivos
2382 2248 2439 2299 et
2468 2246 2749 2299 mertuos.
2783 2242 2935 2299 Dicit
2961 2258 3093 2298 vero
3131 2242 3325 2313 ipsum
3356 2240 3546 2297 domi—

1906 2335 2204 2399 naturum,
2241 2331 2341 2403 qui
2400 2331 2623 2404 paravit
2675 2330 2871 2387 sedem
2921 2346 3110 2397 suam,
3158 2346 3231 2385 ne
3277 2333 3549 2402 putarent

1908 2420 2121 2492 pagani
2150 2419 2441 2475 daemones
2472 2435 2608 2475 suos
2639 2434 2766 2474 esse
2796 2416 2914 2473 ullo
2958 2418 3130 2474 modo
3180 2421 3543 2490 regnaturos.

1907 2526 1977 2579 20
2049 2523 2353 2581 Benedicite
2384 2525 2614 2580 Domino
2640 2520 2834 2591 angeli
2859 2522 2975 2592 ejus
2999 2528 3233 2593 potentes
3271 2522 3495 2577 virtutes
3527 2538 3547 2576 :

2049 2614 2320 2668 Facientes
2375 2613 2597 2667 verbum
2649 2612 2804 2666 illius
2861 2610 2933 2664 ad
2989 2609 3317 2665 audimdam
3373 2618 3550 2665 vocem

2118 2717 2429 2757 sermonum
2457 2700 2594 2771 ejus.

1980 2789 2021 2843 Ο
2050 2792 2388 2844 Commonet
2416 2788 2591 2843 etiam
2623 2786 2859 2861 angelos
2888 2790 2945 2841 et
2973 2784 3260 2857 spiritales
3283 2785 3551 2841 substan-

1910 2876 2120 2943 tias,ad
2146 2876 2538 2932 ministerium
2572 2880 2742 2931 tantae
2775 2873 3100 2945 maiestatis
3129 2872 3417 2929 accedere.
3435 2872 3549 2943 Ipsi

1910 2968 2105 3020 autem
2134 2964 2344 3020 virtute
2373 2962 2743 3036 possunt,qui
2766 2960 3094 3033 ejusjussis
3121 2959 3551 3016 obediunt.Vir—

1911 3056 2006 3108 tus
2031 3052 2186 3108 enim
2216 3052 2311 3107 hic
2343 3068 2444 3123 pro
2468 3051 2682 3119 virtute
2724 3048 2951 3115 morali,
2984 3065 3100 3105 non
3147 3065 3251 3120 pro
3272 3110 3279 3119 δ
3299 3046 3555 3119 potentia

1912 3140 2212 3211 accipitur.
2244 3140 2328 3195 Ad
2361 3138 2711 3194 audiendam
2741 3134 3283 3209 vocem,scilicet‘ut
3312 3134 3433 3205 sint
3453 3134 3557 3188 hu-

1913 3228 2224 3296 miles,non
2257 3225 2632 3300 superbi,ipsi
2654 3225 2810 3281 enim
2832 3228 2974 3280 sunt
3000 3222 3157 3297 digni
3191 3218 3553 3288 benedicere,

1912 3316 2009 3387 qui
2044 3334 2219 3372 suum
2243 3320 2299 3371 et
2329 3318 2687 3387 cognoscunt
2714 3317 2771 3368 et
2800 3316 3153 3368 venerantur
3197 3314 3515 3367 auctorem.

1830 3442 1873 3510 ρ
1910 3423 1975 3477 21
2053 3402 2362 3477 Benedicite
2388 3421 2610 3478 Domino
2640 3433 2822 3474 omnes
2852 3418 3078 3472 virtutes
3257 3430 3270 3469 :

2052 3511 2289 3565 Ministri
2316 3512 2430 3581 ejus
2461 3510 2556 3580 qui
2582 3508 2767 3578 facitis
2796 3506 3088 3561 volutatem
3113 3504 3273 3575 ejus..

1983 3599 2024 3653 Il
2057 3599 2341 3653 Admonet
2372 3595 2708 3652 benedicere
2736 3595 2906 3649 Deum
2931 3593 3155 3648 virtutes
3197 3592 3345 3663 ejus,
3374 3588 3433 3644 id
3463 3591 3558 3645 est

1912 3686 2011 3759 qui
2044 3687 2254 3742 virtute
2284 3684 2443 3739 illius
2471 3681 2744 3751 roborati,
2774 3681 3015 3737 verbum
3046 3678 3317 3735 Ecclesiis
3348 3676 3556 3749 prsidi-

1913 3774 2140 3831 catione
2168 3772 2536 3829 ministratis.
2570 3772 2611 3827 C
2638 3769 2739 3825 Vel
2772 3769 3049 3841 quoniam
3086 3766 3249 3840 prius
3294 3769 3556 3839 potentes

1912 3862 2123 3920 virtute
2152 3862 2455 3918 admonuit
2488 3859 2829 3918 benedicere
2859 3855 3170 3929 Deum,qui
3192 3855 3413 3911 faciunt
3430 3870 3556 3910 ver-

1914 3952 2054 4007 bum
2087 3952 2215 4023 ejus
2247 3966 2261 4005 :
2297 3968 2368 4005 ne
2392 3949 2634 4005 verbum
2664 3945 2818 4018 quod
2849 3946 3147 4001 verberato
3176 3957 3306 4000 aere
3335 3942 3408 3998 ab
3453 3941 3556 3997 bo—

1916 4039 2174 4094 minibus
2206 4038 2447 4110 proferri
2487 4035 2635 4091 solet
2686 4032 3063 4106 intelligeres,
3097 4031 3262 4088 addit
3296 4047 3308 4086 :
3342 4030 3443 4103 qui
3473 4030 3559 4086 fa-

1914 4127 2047 4183 citis
2077 4126 2431 4183 voluntatem
2456 4122 2832 4194 ejus,a‘ngelis
2853 4117 3270 4188 enim,Domini
3292 4117 3555 4185 verbum,

1916 4219 2004 4270 est
2033 4213 2299 4270 voluntas
2329 4214 2477 4284 ejus.

1915 4324 1986 4375 22
2057 4321 2363 4376 Benedicite
2390 4320 2616 4374 Domino
2643 4317 2831 4373 omnia
2857 4328 3021 4387 opera
3047 4314 3163 4385 ejus
3185 4313 3246 4367 in
3266 4312 3425 4367 omni
3447 4311 3560 4368 loco

2127 4408 2517 4464 dominationis
2544 4407 2663 4477 ejus
2689 4424 2705 4459 :

2061 4496 2310 4563 Benedic,
2342 4497 2533 4550 anima
2561 4509 2704 4563 mea,
2736 4493 2984 4548 Domino.

1990 4587 2036 4642 II
2067 4586 2212 4641 Nam
2244 4601 2377 4639 cum
2408 4587 2596 4638 totum
2629 4597 2777 4653 opus
2806 4577 3037 4634 Domini
3070 4576 3147 4632 sit
3176 4574 3428 4632 caelestis
3446 4577 3560 4629 ter-

1922 4690 2176 4745 renaque
2208 4677 2490 4734 creatura,
2520 4670 2793 4725 admonet
2812 4671 2878 4722 ut
2896 4665 3096 4722 omnia
3115 4664 3366 4720 debeant
3384 4677 3561 4718 suum

1922 4762 2258 4819 benedicere
2288 4763 2603 4816 auctorem.
2636 4757 2698 4813 In
2729 4755 2889 4812 omni
2930 4754 3052 4810 loco
3087 4770 3100 4807 :
3137 4750 3429 4825 significat
3456 4750 3561 4805 Ec-

1920 4850 2178 4916 clesiam,
2202 4866 2327 4921 qua
2357 4863 2459 4920 per
2485 4851 2671 4902 totum
2703 4844 2991 4900 mundum
3014 4845 3135 4897 erat
3154 4839 3401 4896 Domino
3421 4853 3538 4910 pris

1923 4944 2114 4996 stante
2147 4936 2606 4993 creditura.Nam
2641 4934 2690 4988 si
2719 4949 2853 4988 eum
2884 4945 3113 5002 semper
3140 4926 3564 4995 benedicimus,

1922 5029 1996 5083 ab
2027 5044 2092 5083 eo
2117 5025 2339 5098 jugiter
2368 5021 2890 5080 custodimur.Ideo
2912 5020 3089 5092 digna
3109 5021 3198 5074 est
3221 5013 3562 5082 admonitio,

1922 5113 2049 5189 quae
2079 5118 2279 5171 contra
2307 5128 2510 5169 omnes
2535 5127 2706 5167 casus
2734 5114 3018 5180 tanquam
3058 5105 3294 5180 clypeus
3322 5103 3568 5176 inexpu-

1921 5203 2172 5278 gnabilis
2203 5205 2558 5258 assumatur.

2424 5360 2623 5399 ORATIO
2661 5358 2730 5396 EX
2769 5357 2925 5397 PSAL.
2967 5356 3060 5396 Cll.

1996 5490 2170 5555 Sana,
2204 5485 2466 5553 Domine,
2500 5485 2811 5557 languores
2840 5480 3038 5555 populi
3070 5480 3177 5546 tui,
3206 5478 3305 5551 qui
3338 5488 3568 5546 semper

1926 5576 2327 5650 peccatoribus
2356 5574 2509 5629 sicut
2535 5577 2698 5646 pater
2726 5571 2865 5627 ﬁliis
2886 5568 3213 5627 misereris:
3235 5569 3299 5622 ut
3317 5560 3564 5632 exempti

1928 5666 2000 5721 ab
2032 5665 2266 5719 interitu
2299 5663 2505 5717 mortis
2537 5665 2845 5735 perpetuae,
2865 5664 2921 5715 te
2951 5658 3147 5713 anima
3176 5660 3367 5710 nostra
3399 5651 3565 5704 bene-

238 5766 276 5829 β
305 5735 483 5820 Filios
514 5758 774 5835 ﬁliorum
810 5780 822 5818 :
858 5735 1326 5831 uniuscujusque
1348 5761 1512 5811 actus
1540 5755 1820 5811 debemus
1928 5754 2102 5818 dicat,
2131 5759 2186 5809 et
2216 5752 2332 5807 vita
2362 5749 2655 5805 clariﬁcct.
2691 5750 2797 5804 Per
2827 5748 3137 5804 Dominum
3178 5745 3439 5798 nostrum
3469 5735 3561 5789 Je-

176 5838 483 5910 adv'ertere.
537 5836 650 5917 Qui
708 5847 941 5909 Domini
1000 5848 1285 5921 praecepta
1332 5842 1689 5909 custodiunt,
1721 5842 1822 5915 qui
1931 5859 2063 5900 sum
2096 5841 2413 5908 Christum,
2446 5842 2553 5895 etc.

4166 6308 5516 6414 ___._

4121 6421 5516 6544 —
