3922 6436
272 418 388 485 371

848 546 1181 606 PSALMUS
1219 546 1362 604 CIII.

731 655 1129 698 ARGUIIN’I'UM
1167 655 1322 695 PSAL.
1362 652 1480 693 CIII.

351 753 412 808 C.
443 749 568 806 Vox
597 745 865 806 Ecclesia
900 744 1337 818 magniﬁcentia
1369 744 1571 812 Deum,
1594 746 1651 798 et
1672 742 1939 798 innume-

282 839 494 896 rabilia
523 854 700 912 opera
724 835 1017 892 narrando
1047 832 1454 890 collaudantis.

782 936 900 992 TT.
929 941 986 1001 ἐς
1031 935 1142 1006 Ipsi
1169 932 1343 989 David
1387 938 1401 998 ζ

355 1037 398 1094 C
426 1033 606 1093 David
635 1033 732 1090 hic
760 1037 992 1089 tantum
1023 1031 1093 1089 ad
1127 1047 1439 1104 personam
1460 1027 1756 1100 loquentis
1777 1026 1943 1082 adhi-

283 1127 474 1193 betur,
506 1127 778 1180 ceterum
808 1121 1009 1179 omnia
1036 1123 1267 1177 constat
1287 1120 1358 1174 de
1379 1118 1625 1174 Domino
1645 1115 1943 1173 Salvatore

285 1213 601 1280 narranda,
634 1211 735 1285 qui
767 1211 827 1268 in
859 1209 1150 1284 principio
1192 1209 1328 1265 fecit
1373 1205 1584 1264 cmlum
1614 1211 1672 1262 et
1701 1211 1940 1261 terram.

287 1313 313 1368 1
427 1309 684 1378 Benedic,
713 1311 906 1366 anima
933 1325 1080 1375 mea,
1112 1308 1342 1364 Domino
1371 1324 1391 1362 :

497 1403 648 1458 Deus
673 1415 851 1465 meus,
881 1397 1270 1470 magniﬁcatus
1296 1412 1350 1453 es
1379 1396 1734 1452 vehementer.

355 1499 397 1556 ϐ
426 1498 637 1556 Invitat
665 1497 951 1571 propheta
971 1495 1356 1569 semetipsum
1379 1494 1451 1550 ad
1477 1493 1943 1550 benedicendum

287 1589 474 1646 Deum
501 1603 516 1644 :
549 1587 892 1644 benedicere
920 1586 1128 1654 Deum,
1160 1588 1251 1641 est
1279 1584 1408 1656 ejus
1439 1581 1733 1655 magnalia
1763 1582 1946 1638 eonﬁ-

286 1677 434 1746 teri;
467 1675 883 1750 magniﬁcatur
911 1675 1068 1731 Deus
1097 1673 1253 1746 apud
1284 1671 1829 1745 homines,quando
1859 1671 1947 1727 eis

289 1781 546 1839 magnus
575 1768 750 1838 atque
777 1762 1042 1821 excelsus
1071 1762 1368 1830 claruerit,
1404 1766 1468 1817 ut
1493 1762 1689 1835 ipsum
1721 1764 1949 1816 Creato-

287 1871 414 1912 rem
444 1869 511 1910 ac
549 1853 998 1926 Redemptorem
1031 1851 1485 1925 atquejudicem
1516 1851 1772 1908 sentiant
1805 1867 1818 1906 :
1848 1867 1948 1906 ve-

1190 412 1256 476 S.
1304 410 1708 476 BRUNONIS
1751 404 2374 471 HEIIBIPOLENSIS
2418 401 2796 472 EPISCOPI.

3583 396 3726 495 επις

1965 554 2022 622 Α
2049 542 2208 608 sunt,
2242 537 2345 612 qui
2383 541 2582 594 tamen
2630 538 2844 592 natura
2890 533 3135 609 spiritus
3183 550 3313 592 esse
3356 537 3699 590 noscuntur.

2045 629 2208 686 Talis
2239 634 2328 685 est
2368 628 2509 684 ordo
2556 627 2869 684 verborum
2903 642 2916 682 :
2949 625 3052 698 qui
3100 623 3535 699 spiritus',suos,
3571 625 3707 682 facit

2047 719 2307 792 angelos.
2343 717 2610 774 Minister
2639 717 2736 773 Dei
2770 721 2860 772 est
2891 715 3084 772 omnis
3130 715 3232 788 qui
3279 714 3512 772 divinas
3545 732 3706 782 exse:

2049 809 2250 883 quitur
2277 807 2632 873 voluntates,
2663 804 2800 862 talis
2830 805 2988 861 enim
3013 805 3102 861 vir
3125 804 3279 878 ignis
3305 803 3561 860 cmlestis
3591 806 3708 862 effl-

2047 898 2223 966 citur,
2255 897 2490 970 quando
2521 896 2696 951 verbo
2725 894 3157 968 praedicationis
3209 895 3578 968 peccantium
3608 911 3708 952 ne-

2049 987 2269 1060 quitias
2301 1003 2467 1043 urere
2497 990 2554 1041 et
2583 1001 2929 1041 consumere
2959 1000 3131 1058 posse
3161 988 3544 1040 monstratur.

2048 1077 2084 1131 6
2195 1077 2301 1144 Qui
2328 1075 2579 1147 fundasti
2607 1082 2813 1130 terram
2840 1089 3005 1145 super
3031 1072 3388 1128 stabilitatem
3413 1087 3576 1128 suam
3603 1091 3624 1129 :

2190 1167 2308 1221 Non
2339 1164 2706 1220 inclinabitur
2735 1163 2794 1217 in
2824 1162 3092 1219 arculum
3112 1161 3306 1219 saeculi

2121 1260 2163 1310 Ο
2195 1254 2479 1310 Fundavit
2537 1251 2805 1308 Christus
2861 1257 3100 1319 terram,
3151 1250 3387 1324 quando
3444 1249 3716 1307 solidavit

2052 1342 2392 1400 Ecclesiam.
2420 1347 2606 1416 Super
2636 1340 3038 1407 stabilitatem,
3073 1340 3132 1395 id
3163 1345 3254 1396 est
3289 1357 3467 1413 super
3495 1357 3578 1410 se,
3611 1341 3714 1414 qui

2051 1439 2142 1490 est
2169 1431 2470 1489 immobile
2516 1431 2991 1487 fundamentum.
3025 1429 3151 1486 Non
3203 1427 3584 1486 inclinabitur
3614 1445 3628 1485 :
3663 1430 3714 1486 si

2043 1522 2267 1596 jugiter
2304 1538 2485 1594 supra
2527 1537 2662 1577 eum
2713 1519 3132 1586 manserimus,
3165 1516 3501 1576 nullatenus
3548 1518 3714 1576 incli-

2055 1630 2290 1669 namur.

2051 1704 2088 1756 7
2198 1703 2432 1775 Abyssus
2460 1703 2605 1758 sicut
2631 1703 3012 1756 vestimentum
3041 1700 3274 1754 amictus
3303 1699 3419 1770 ejus
3453 1717 3472 1754 :

2195 1796 2375 1864 Super
2401 1797 2606 1847 montes
2635 1790 2854 1846 stabunt
2880 1803 3062 1861 aqua.

2127 1881 2168 1936 C
2199 1881 2458 1953 Abyssus
2497 1878 2655 1935 enim
2701 1877 2936 1945 dicitur,
2970 1893 3261 1949 aquarum
3309 1876 3719 1950 copiosissima

290 1943 598 2042 Ρρωθξιιθν
621 1941 1468 2042 νθῑο,ξιι,αεξι,ίίῖοαιιιι·ντιυαηάο
1490 1939 1564 2042 ab
1591 1957 1659 2042 εἷο
1688 1939 1792 2012 qui
1823 1939 1946 1995 heri
1981 1926 2026 1992 Β
2061 1926 3719 2042 mJiéi'tL“d1},';u2{35365;?béééEtZJI-egfatil'éiai

289 2031 676 2106 blasphemus
703 2031 815 2089 ﬁuit
842 2030 1014 2089 hodie
1043 2047 1324 2087 converso
1355 2030 1722 2104 praedicatur.

287 2129 330 2186 2
399 2131 804 2204 Confessionem
831 2137 886 2187 et
912 2129 1156 2186 decorem
1186 2129 1424 2185 induisti
1452 2147 1470 2184 :

465 2220 704 2276 Amietus
734 2220 946 2276 lumine
970 2221 1114 2275 sicut
1139 2220 1471 2276 vestimento.

357 2322 398 2374 C
428 2317 627 2375 Induit
682 2318 948 2374 decorem
985 2333 999 2372 :
1042 2317 1278 2390 quando
1333 2317 1660 2390 assumpsit
1709 2335 1946 2374 carnem

283 2407 617 2465 mortalem.
651 2406 849 2464 Induit
880 2422 1016 2463 vero
1064 2407 1516 2475 confessionem,
1550 2424 1684 2462 cum
1735 2423 1803 2463 eo
1852 2424 1945 2464 ve-

286 2496 485 2554 niente
508 2499 877 2554 recesserunt
898 2496 1105 2570 perﬁdi
1137 2511 1173 2552 a
1201 2496 1362 2552 cultu
1395 2495 1870 2564 simulacrorum,
1889 2501 1948 2552 et

287 2584 578 2643 confessio
601 2586 676 2642 ad
697 2585 878 2642 decus
899 2601 1166 2658 supernae
1189 2585 1518 2657 majestatis
1537 2602 1638 2658 per
1653 2586 1945 2642 mundum

288 2673 566 2732 innotuit.
593 2673 818 2730 Lumen
857 2678 1055 2729 autem
1103 2673 1422 2730 Ecclesium
1473 2673 1784 2746 signiﬁcat,
1819 2691 1946 2748 qua:

289 2767 446 2821 recte
469 2761 630 2820 velut
654 2761 835 2820 vestis
865 2761 1190 2819 advertitur
1216 2762 1443 2820 Domini
1473 2763 1812 2831 Salvatoris,
1831 2781 1944 2822 non

289 2853 516 2910 habens
545 2850 840 2909 maculam
868 2866 1058 2925 neque
1090 2868 1317 2927 rugam.

287 2952 326 3008 3
395 2949 702 3009 Extendens
725 2951 926 3008 etclam
952 2952 1094 3007 sicut
1114 2951 1313 3024 pellem
1348 2968 1362 3006 :

469 3041 588 3115 Qui
614 3042 753 3111 tegis
781 3043 941 3115 aquis
967 3044 1251 3116 superiora
1275 3044 1414 3116 ejus.

360 3129 402 3186 Ο
429 3129 652 3188 ϐωιιιω
677 3129 773 3188 hic
797 3147 1034 3189 omnem
1057 3132 1293 3206 justum
1323 3132 1608 3190 debemus
1629 3133 1946 3200 advertere,

289 3219 462 3292 cujus
487 3219 876 3294 superiora,id
900 3225 992 3279 est
1021 3221 1210 3280 ﬁdelis
1239 3221 1636 3296 anima.aquis
1666 3223 1944 3298 baptismi

2059 2058 2304 2133 pallium
2332 2059 2596 2130 subjecta
2625 2057 2902 2130 cooperit,
2938 2057 3022 2113 ita
3050 2055 3133 2112 illi
3160 2056 3450 2112 mundum
3490 2056 3719 2114 fstidis-

2059 2148 2211 2204 sima
2241 2148 2658 2222 superstitione
2689 2151 2974 2204 texerunt.
3009 2147 3306 2202 Steterunt
3346 2162 3510 2218 aqua:
3541 2162 3722 2218 super

2060 2242 2288 2295 montes
2321 2255 2334 2294 :
2368 2237 2424 2293 id
2452 2241 2541 2294 est
2571 2241 2804 2294 sanctos
2832 2236 2956 2308 (qui
2989 2240 3221 2292 montes
3269 2234 3402 2291 ﬁdei
3442 2235 3720 2291 ﬁrmitate

2057 2327 2242 2383 vocati
2275 2327 2436 2397 sunt)
2474 2326 2710 2398 quando
2740 2343 2839 2382 eos
2871 2324 3119 2380 diversis
3150 2323 3714 2398 pmnisafﬁigebant,

2058 2433 2221 2489 aqua:
2256 2415 2413 2472 enim
2446 2415 2600 2471 sicut
2630 2419 2686 2471 et
2714 2414 2937 2488 abyssi,
2969 2413 3064 2470 hic
3095 2413 3308 2486 impios
3357 2411 3713 2486 signiﬁcant.

2055 2507 2090 2559 8
2199 2506 2278 2562 Ab
2307 2506 2677 2578 increpatione
2707 2512 2804 2560 tua
2830 2505 3046 2575 fugient
3076 2520 3096 2558 :

2201 2597 2238 2651 A
2277 2611 2396 2652 voce
2419 2597 2656 2651 tonitrui
2684 2596 2772 2650 tui
2792 2593 3193 2666 formidabant.

2129 2683 2171 2739 C
2204 2684 2449 2757 Fugient
2478 2683 2698 2756 abyssi,
2732 2683 2790 2739 id
2823 2687 2913 2739 est
2943 2681 3439 2755 superstitiosi,ab
3461 2681 3717 2756 increpa-

2056 2774 2214 2830 tione
2239 2773 2659 2847 apostolorum.
2687 2775 2732 2828 Α
2761 2789 2898 2828 voce
2942 2771 3208 2840 tonitrui,
3241 2771 3297 2827 id
3329 2775 3419 2828 est
3443 2771 3715 2845 praedica-

2057 2863 2255 2933 tionis,
2290 2863 2524 2936 quando
2545 2861 2846 2919 diabolum
2879 2861 3205 2936 periturum
3237 2860 3550 2918 audierunt
3576 2877 3710 2918 cum

2058 2952 2411 3026 sequacibus
2437 2951 2582 3010 suis.

2055 3044 2092 3098 9
2201 3044 2509 3100 Aseendnnt
2538 3050 2748 3099 montes
2776 3047 2830 3099 et
2859 3039 3189 3098 descendunt
3217 3041 3400 3113 campi
3428 3057 3448 3094 :

2201 3134 2262 3189 In
2289 3134 2470 3189 locum
2499 3149 2658 3205 quem
2681 3130 2939 3203 fundasti
2963 3132 3059 3188 eis.

2129 3226 2169 3276 C
2197 3222 2536 3278 Ascendunt
2584 3225 2835 3288 montes,
2867 3220 2925 3276 id
2975 3223 3066 3277 est
3123 3219 3357 3293 superbi
3419 3222 3477 3275 et
3523 3217 3712 3292 impii,

280 3307 641 3368 salutaribus
670 3311 1326 3386 emundata,irrigatur.
1363 3311 1464 3369 Vel
1497 3311 1709 3369 coelum
1741 3319 1939 3370 exten-
1965 3302 2016 3370 Ο
2055 3310 2320 3384 quandiu
2380 3311 2650 3384 permisit
2708 3327 2808 3366 eos
2862 3309 3146 3366 Dominus
3191 3326 3204 3364 :
3247 3312 3422 3381 atque
3480 3308 3712 3376 iterum,

280 3398 441 3456 ditur
472 3409 651 3456 :‘cum
683 3399 984 3474 publicani
1031 3405 1088 3456 et
1137 3402 1477 3458 meretrices
1525 3401 1949 3459 admittuntur.

281 3486 503 3544 σωιυω
531 3488 692 3546 enim
721 3493 952 3545 tantum
968 3489 1270 3561 justorum
1295 3495 1384 3547 est
1407 3490 1952 3563 perjustitiam,sed

283 3576 505 3632 factum
535 3579 626 3633 est
654 3591 725 3631 ex
752 3577 951 3649 gratia:
1002 3576 1274 3650 largitate
1321 3580 1502 3634 etiam
1554 3580 1950 3650 peccantium-

281 3665 329 3720 A
357 3663 460 3720 Vel
492 3662 730 3730 calum,
764 3668 827 3719 ut
874 3663 1097 3719 dictum
1148 3670 1260 3732 est,
1294 3665 1703 3739 praedicatores
1757 3667 1902 3724 dicit
1937 3651 1951 3690 ³

281 3751 386 3825 qui
421 3754 488 3808 ut
510 3750 682 3824 pellis
709 3751 926 3808 extenti
961 3756 1232 3826 sunt,per
1250 3755 1722 3825 praedicationem
1747 3774 1950 3813 eorum

284 3841 344 3898 in
375 3839 538 3898 omni
559 3843 798 3906 terra,et
819 3840 974 3898 sicut
995 3846 1362 3899 mortuorum
1391 3843 1737 3901 animalium
1765 3847 1956 3916 major

283 3933 375 3987 est
420 3945 568 3986 usus
617 3927 882 4003 pellium,
914 3929 1014 3999 ita,
1049 3931 1298 3988 mortuis
1347 3933 1652 4006 apostolis,
1693 3935 1954 4008 amplius

281 4017 548 4076 doctrina
571 4020 1240 4101 eorum‘praadicationis
1267 4021 1324 4078 in
1353 4041 1530 4081 usum
1567 4025 1728 4083 venit
1767 4026 1960 4101 Eccle:

284 4109 407 4165 site.
439 4110 620 4182 Aqua:
648 4083 827 4176 vero,
840 4113 982 4167 sunt
1009 4111 1212 4185 gratia:
1243 4111 1462 4171 infusio
1493 4118 1549 4171 et
1575 4114 1834 4175 charitas
1856 4083 1953 4175 vel

286 4196 614 4272 spiritualis
646 4213 882 4255 sensus.

284 4289 318 4344 4
393 4288 501 4357 Qui
525 4289 688 4361 ponis
716 4288 916 4346 nubem
946 4306 1231 4348 ascensum
1259 4300 1415 4349 tuum
1446 4311 1466 4349 :

462 4378 572 4447 Qui
598 4378 854 4434 ambulas
881 4395 1048 4453 super
1072 4397 1284 4453 pennas
1313 4391 1620 4441 ventorum.

355 4467 402 4524 Η
433 4470 473 4522 C
497 4467 702 4525 Posuit
731 4467 947 4524 nubem
976 4485 989 4526 :
1025 4471 1262 4542 quando
1291 4473 1575 4530 Dominus
1603 4479 1736 4548 post
1765 4490 1957 4534 resur‘

284 4556 604 4613 rectionem
634 4555 975 4614 videntibus
1003 4559 1287 4632 apostolis
1317 4562 1586 4618 ascendit
1615 4562 1672 4619 in
1719 4566 1932 4624 coelum

281 4645 560 4702 Ambulat
589 4663 768 4719 super
797 4663 1022 4720 pennas
1051 4653 1358 4706 ventorum
1384 4667 1397 4706 :
1425 4651 1568 4706 dum
1592 4665 1732 4710 suas
1753 4639 1958 4714 volun:

282 4739 434 4793 tates
460 4735 716 4793 velocius
745 4741 1237 4811 operatur,quam
1271 4744 1463 4810 potest
1509 4757 1794 4800 excursus
1825 4763 1954 4802 esse

255 4824 753 4882 ‘ventorum.Sive
783 4825 973 4900 magis
1001 4831 1226 4895 ventos,
1250 4829 1555 4900 justorum
1590 4831 1820 4890 animas
1849 4835 1954 4891 de-

285 4913 496 4970 bemus
526 4914 811 4988 accipere,
843 4915 944 4990 qui
977 4919 1227 4990 utroque
1257 4919 1637 4977 Testamento
1669 4923 1929 4995 perdocti

287 5001 449 5058 velut
469 5003 704 5060 duabus
735 5003 845 5061 alis
872 4989 950 5062 ad
978 4989 1236 5080 superna
1257 5008 1475 5082 gaudia
1495 4989 1956 5073 transferuntur:

287 5092 474 5160 Super
495 5107 644 5162 quos
675 5092 1113 5163 ambulat,dum
1138 5097 1197 5153 in
1220 5098 1306 5154 eis
1336 5099 1803 5159 misericordiam
1838 5121 1959 5162 sua:

289 5176 646 5248 operationis
677 5182 1068 5240 ostendit.Per
1087 5186 1306 5242 nubem
1341 5187 1517 5245 etiam
1552 5191 1959 5263 praedicatores

293 5264 477 5337 accipi
508 5273 778 5338 possunt,
788 5286 890 5340 per
908 5288 1056 5343 quos
1077 5274 1134 5330 in
1170 5277 1452 5336 membris
1473 5279 1740 5337 Christus
1760 5300 1959 5340 ascen.

293 5352 380 5410 dit
407 5353 550 5409 dum
578 5360 815 5427 peccata
846 5359 1148 5420 dimittunt
1175 5382 1374 5423 eorum
1409 5369 1726 5426 auditores.

295 5453 334 5506 5
407 5451 515 5520 Qui
534 5453 675 5523 facis
704 5455 927 5522 angelos
956 5466 1074 5514 tuos
1101 5465 1335 5533 spiritus
1367 5484 1386 5521 :

397 5548 454 5609 ..ξ-η
499 5540 564 5596 Et
604 5546 620 5608 ζ
683 5543 968 5599 ministros
999 5551 1117 5603 tuos
1148 5551 1332 5618 ignem
1361 5563 1625 5612 urentem.

365 5629 408 5684 C
433 5629 935 5701 Angelusdicitur
959 5633 1154 5692 Greece.
1185 5637 1406 5710 lingua,
1439 5644 1537 5713 qui
1577 5645 1774 5702 Latina
1805 5666 1949 5705 nun-

293 5716 414 5775 tius
442 5717 878 5793 interpretatur,
919 5738 1054 5778 nam
1103 5728 1341 5796 quando
1389 5731 1706 5788 mittuntur
1752 5737 1943 5808 angeli

2063 3401 2300 3472 quando
2332 3400 2554 3474 placuit
2585 3400 2720 3456 fecit
2751 3399 2808 3455 in
2841 3399 3185 3455 convallium
3207 3397 3538 3454 humilitate
3559 3397 3719 3453 sede-

2065 3506 2146 3545 re.
2182 3489 2408 3546 Montes
2439 3494 2629 3556 erant,
2661 3505 2797 3545 cum
2829 3488 3098 3545 saavirent
3130 3505 3143 3544 :
3177 3486 3393 3560 campi,
3420 3503 3554 3542 cum
3593 3485 3715 3558 pla-

2064 3578 2177 3634 cati
2211 3579 2546 3636 resederunt
2579 3597 2592 3635 :
2626 3578 2684 3634 in
2718 3577 2933 3646 locum,
2965 3577 3022 3633 id
3055 3583 3143 3633 est
3164 3577 3223 3632 in
3253 3575 3591 3644 Ecclesium,
3615 3575 3717 3632 ubi

2063 3668 2148 3724 eis
2179 3669 2392 3724 servire
2423 3667 2636 3725 licebat

2067 3759 2133 3813 10
2207 3759 2517 3814 Terminum
2561 3760 2808 3832 posuisti,
2842 3775 3000 3832 quem
3047 3775 3156 3812 non
3201 3755 3672 3828 transgredientur
3699 3773 3720 3808 :

2276 3853 2461 3922 Neque
2487 3853 2876 3906 convertentur
2902 3849 3116 3920 operire
3147 3851 3370 3903 terram.

2134 3941 2174 3992 C
2203 3937 2518 3994 Terminus
2549 3937 3016 4011 quippe,scilicet
3037 3937 3184 3992 ritus
3205 3941 3264 3992 et
3288 3933 3722 4008 superstitionis

2066 4033 2548 4099 paganorum,est
2574 4028 2858 4084 adventus
2887 4025 3118 4084 Domini
3145 4023 3356 4081 Christi
3392 4043 3405 4080 :
3439 4024 3609 4096 cujus
3641 4040 3724 4079 re-

2064 4115 2281 4190 ligione
2313 4121 2846 4182 crescente,cuncta
2866 4115 3198 4172 idololatria
3215 4131 3350 4171 cum
3373 4113 3499 4170 suis
3531 4116 3724 4169 aucto-

2065 4205 2228 4263 ribus
2259 4208 2827 4280 corruerunt..\’eque
2848 4207 3293 4263 convertentur:
3321 4203 3368 4259 Η
3392 4204 3456 4258 In
3479 4201 3720 4276 ﬂagitia,

2064 4297 2282 4368 quibus
2319 4297 2485 4370 prius
2533 4297 2811 4353 vixerant.
2845 4301 2886 4352 (Ξ
2915 4294 3018 4351 Vel
3070 4293 3281 4350 melius
3329 4309 3446 4348 non
3494 4308 3725 4348 conver-

2065 4390 2295 4443 tentur:
2314 4392 2381 4443 ut
2404 4387 2733 4443 humanum
2760 4403 2947 4459 genus
2969 4382 3454 4457 superstitionum
3479 4397 3722 4439 suarum

2066 4475 2452 4534 inundatione
2481 4477 2766 4550 operiant.

2067 4567 2130 4621 11
2210 4568 2323 4638 Qui
2348 4568 2552 4623 emittis
2579 4568 2755 4639 fontes
2783 4567 2840 4621 in
2875 4563 3214 4622 convallibus
3244 4581 3263 4617 :

2209 4659 2362 4713 Inter
2387 4656 2625 4712 mediam
2669 4662 2683 4722 ζ
2750 4655 3022 4710 montium
3045 4653 3464 4726 pertransibunt
3490 4655 3546 4716 -ξ-
3564 4663 3725 4720 aqua?

2136 4749 2176 4800 C
2202 4747 2410 4802 Fontes
2444 4762 2458 4801 :
2492 4745 2589 4802 hic
2619 4745 2983 4817 Scripturam
3015 4742 3275 4798 divinam
3329 4740 3612 4797 debemus
3643 4737 3726 4792 in-

2065 4834 2348 4908 telligere,
2383 4852 2511 4907 qua:
2541 4833 2601 4890 in
2633 4832 3010 4901 convalles,id
3042 4837 3132 4889 est
3163 4831 3220 4888 in
3245 4829 3517 4886 homines
3537 4825 3727 4883 humi-

2066 4924 2152 4981 les
2182 4925 2521 4980 exaestuant.
2557 4924 2782 4981 Montes
2815 4941 2827 4979 :
2865 4922 3168 4980 haereticos
3216 4919 3510 4995 signiﬁcat
3539 4933 3607 4972 ac
3635 4931 3729 4972 su-

2067 5015 2300 5088 perbos,
2327 5013 2479 5070 inter
2509 5031 2656 5087 quos
2688 5014 3002 5087 Scriptura
3040 5008 3282 5085 perenni
3327 5009 3592 5065 ubertate
3625 5005 3728 5082 de:

2068 5108 2315 5161 currunt
2347 5121 2361 5160 :
2397 5105 2537 5176 quia
2564 5121 2664 5160 eas
2695 5103 2792 5160 hic
2821 5102 3027 5160 audire
3055 5100 3228 5157 bonis
3258 5097 3549 5168 malisque
3575 5111 3729 5150 com-

2069 5210 2248 5250 mune
2277 5193 2868 5251 est.Pertransibunt:
2889 5191 3030 5266 quia
3059 5190 3205 5246 tales
3237 5205 3352 5244 non
3379 5185 3730 5258 contingunt

2067 5283 2193 5340 ista:
2226 5301 2412 5357 aquae,
2448 5284 2504 5340 id
2537 5289 2646 5354 est,
2679 5302 2794 5340 non
2829 5282 3024 5356 rigant
3052 5280 3126 5336 ad
3159 5278 3416 5351 aliquem
3448 5276 3725 5332 fructum.

2071 5377 2136 5432 12
2209 5377 2483 5432 Potalmnt
2511 5392 2696 5432 omnes
2727 5373 2916 5430 bestia:
2947 5371 3072 5442 :tgri
3101 5389 3120 5425 :

2211 5466 2621 5538 lit-spectabunt
2649 5465 2848 5536 onagri
2876 5465 2935 5518 in
2963 5462 3064 5518 siti
3085 5477 3208 5516 sua.

2138 5563 2179 5613 Ο
2210 5557 2432 5614 Bestius
2491 5555 2614 5626 agri
2652 5572 2664 5610 :
2700 5559 2904 5626 gentes
2963 5548 3246 5622 intelligo,
3280 5562 3407 5618 qua:
3461 5541 3726 5617 potanda

2067 5655 2236 5710 erant
2264 5647 2609 5721 aquis,quas
2631 5644 2686 5699 in
2708 5639 3016 5714 Evangelio
3047 5630 3724 5695 DominusSamaritanas

2070 5719 2366 5812 pollicitus
2396 5734 2738 5806 est.0nagcr
2761 5731 3025 5789 silvester
3046 5728 3250 5786 asinus
3272 5719 3727 5794 est,signiﬁcans
