  <div class='ocr_page' id='page_1' title='image "/cluster/home/n/w/nwhite01/storage/ocr_20150623/142-143/uc1.31175018423130/194.png"; bbox 0 0 5516 6554; ppageno 0'>
   <div class='ocr_carea' id='block_1_1' title="bbox 133 562 241 629">
    <p class='ocr_par' dir='ltr' id='par_1_1' title="bbox 133 562 241 629">
     <span class='ocr_line' id='line_1_1' title="bbox 133 562 241 629; baseline -0.009 0"><span class='ocrx_word' id='word_1_1' title='bbox 133 562 241 629; x_wconf 68' lang='lat'>313</span> 
     </span>
    </p>
   </div>
   <div class='ocr_carea' id='block_1_2' title="bbox 1335 570 2306 639">
    <p class='ocr_par' dir='ltr' id='par_1_2' title="bbox 1335 570 2306 639">
     <span class='ocr_line' id='line_1_2' title="bbox 1335 570 2306 639; baseline 0.004 -6"><span class='ocrx_word' id='word_1_2' title='bbox 1335 570 1754 636; x_wconf 83' lang='lat' dir='ltr'>EXPOSITIO</span> <span class='ocrx_word' id='word_1_3' title='bbox 1794 570 2306 639; x_wconf 80' lang='lat' dir='ltr'>PSALMORUM.</span> 
     </span>
    </p>
   </div>
   <div class='ocr_carea' id='block_1_3' title="bbox 2254 0 4629 173">
    <p class='ocr_par' dir='ltr' id='par_1_3' title="bbox 2254 0 4629 173">
     <span class='ocr_line' id='line_1_3' title="bbox 2254 0 4629 173; baseline 0.012 -19"><span class='ocrx_word' id='word_1_4' title='bbox 2254 149 2325 154; x_wconf 38' lang='grc' dir='ltr'>μ</span> <span class='ocrx_word' id='word_1_5' title='bbox 2480 0 4629 165; x_wconf 44' lang='grc' dir='ltr'>μ--ις--τβ</span> 
     </span>
    </p>
   </div>
   <div class='ocr_carea' id='block_1_4' title="bbox 3394 577 3515 644">
    <p class='ocr_par' dir='ltr' id='par_1_4' title="bbox 3394 577 3515 644">
     <span class='ocr_line' id='line_1_4' title="bbox 3394 577 3515 644; baseline 0 0"><span class='ocrx_word' id='word_1_6' title='bbox 3394 577 3515 644; x_wconf 71' lang='grc'>374</span> 
     </span>
    </p>
   </div>
   <div class='ocr_carea' id='block_1_5' title="bbox 129 696 3520 780">
    <p class='ocr_par' dir='ltr' id='par_1_5' title="bbox 129 696 3520 780">
     <span class='ocr_line' id='line_1_5' title="bbox 129 696 3520 780; baseline 0.005 -26"><span class='ocrx_word' id='word_1_7' title='bbox 129 696 370 767; x_wconf 61' lang='lat' dir='ltr'>indutos,</span> <span class='ocrx_word' id='word_1_8' title='bbox 404 696 506 772; x_wconf 88' lang='lat' dir='ltr'>qui</span> <span class='ocrx_word' id='word_1_9' title='bbox 532 697 732 756; x_wconf 86' lang='lat' dir='ltr'>satiari</span> <span class='ocrx_word' id='word_1_10' title='bbox 756 699 965 774; x_wconf 90' lang='lat' dir='ltr'>poculo</span> <span class='ocrx_word' id='word_1_11' title='bbox 995 700 1154 759; x_wconf 80' lang='lat' dir='ltr'>vitali</span> <span class='ocrx_word' id='word_1_12' title='bbox 1179 702 1406 774; x_wconf 88' lang='lat' dir='ltr'>nolunt,</span> <span class='ocrx_word' id='word_1_13' title='bbox 1436 704 1536 762; x_wconf 91' lang='lat' dir='ltr'>sed</span> <span class='ocrx_word' id='word_1_14' title='bbox 1564 722 1763 780; x_wconf 85' lang='lat' dir='ltr'>exspe-</span> <span class='ocrx_word' id='word_1_15' title='bbox 1791 709 1848 777; x_wconf 76' lang='grc' dir='ltr'><strong>Α</strong></span> <span class='ocrx_word' id='word_1_16' title='bbox 1878 706 1947 762; x_wconf 88' lang='grc'>19</span> <span class='ocrx_word' id='word_1_17' title='bbox 2020 707 2240 765; x_wconf 82' lang='lat' dir='ltr'>Herodii</span> <span class='ocrx_word' id='word_1_18' title='bbox 2284 709 2473 765; x_wconf 86' lang='lat' dir='ltr'>domus</span> <span class='ocrx_word' id='word_1_19' title='bbox 2518 706 2634 765; x_wconf 73' lang='lat' dir='ltr'>dux</span> <span class='ocrx_word' id='word_1_20' title='bbox 2676 715 2751 765; x_wconf 88' lang='lat' dir='ltr'>est</span> <span class='ocrx_word' id='word_1_21' title='bbox 2798 724 2983 766; x_wconf 90' lang='lat' dir='ltr'>eorum</span> <span class='ocrx_word' id='word_1_22' title='bbox 3011 726 3024 765; x_wconf 91' lang='lat'>:</span> <span class='ocrx_word' id='word_1_23' title='bbox 3056 720 3262 769; x_wconf 84' lang='lat' dir='ltr'>montes</span> <span class='ocrx_word' id='word_1_24' title='bbox 3316 711 3520 772; x_wconf 68' lang='lat' dir='ltr'>excelsi</span> 
     </span>
    </p>
   </div>
   <div class='ocr_carea' id='block_1_6' title="bbox 131 785 1683 866">
    <p class='ocr_par' dir='ltr' id='par_1_6' title="bbox 131 785 1683 866">
     <span class='ocr_line' id='line_1_6' title="bbox 131 785 1683 866; baseline 0.005 -23"><span class='ocrx_word' id='word_1_25' title='bbox 131 792 281 844; x_wconf 88' lang='lat' dir='ltr'>ctant</span> <span class='ocrx_word' id='word_1_26' title='bbox 303 787 359 842; x_wconf 93' lang='lat' dir='ltr'>in</span> <span class='ocrx_word' id='word_1_27' title='bbox 391 785 490 843; x_wconf 85' lang='lat' dir='ltr'>siti</span> <span class='ocrx_word' id='word_1_28' title='bbox 521 788 707 845; x_wconf 91' lang='lat' dir='ltr'>donec</span> <span class='ocrx_word' id='word_1_29' title='bbox 736 788 1040 862; x_wconf 82' lang='lat' dir='ltr'>plenitudo</span> <span class='ocrx_word' id='word_1_30' title='bbox 1068 791 1332 866; x_wconf 90' lang='lat' dir='ltr'>gentium</span> <span class='ocrx_word' id='word_1_31' title='bbox 1362 794 1683 851; x_wconf 82' lang='lat' dir='ltr'>intraverit.</span> 
     </span>
    </p>
   </div>
   <div class='ocr_carea' id='block_1_7' title="bbox 134 904 1357 976">
    <p class='ocr_par' dir='ltr' id='par_1_7' title="bbox 134 904 1357 976">
     <span class='ocr_line' id='line_1_7' title="bbox 134 904 1357 976; baseline 0.006 -18"><span class='ocrx_word' id='word_1_32' title='bbox 134 904 193 959; x_wconf 90' lang='grc'><strong>13</strong></span> <span class='ocrx_word' id='word_1_33' title='bbox 262 904 437 976; x_wconf 84' lang='lat' dir='ltr'>Super</span> <span class='ocrx_word' id='word_1_34' title='bbox 462 921 528 961; x_wconf 87' lang='lat' dir='ltr'>ea</span> <span class='ocrx_word' id='word_1_35' title='bbox 556 906 799 961; x_wconf 87' lang='lat' dir='ltr'>volucres</span> <span class='ocrx_word' id='word_1_36' title='bbox 825 907 950 963; x_wconf 74' lang='grc' dir='ltr'><em>ειειί</em></span> <span class='ocrx_word' id='word_1_37' title='bbox 978 908 1309 967; x_wconf 79' lang='lat' dir='ltr'>habitabant</span> <span class='ocrx_word' id='word_1_38' title='bbox 1336 927 1357 965; x_wconf 87' lang='lat'>:</span> 
     </span>
    </p>
   </div>
   <div class='ocr_carea' id='block_1_8' title="bbox 256 992 1306 1065">
    <p class='ocr_par' dir='ltr' id='par_1_8' title="bbox 256 992 1306 1065">
     <span class='ocr_line' id='line_1_8' title="bbox 256 992 1306 1065; baseline 0.004 -15"><span class='ocrx_word' id='word_1_39' title='bbox 256 999 328 1050; x_wconf 81' lang='lat' dir='ltr'>De</span> <span class='ocrx_word' id='word_1_40' title='bbox 353 992 534 1049; x_wconf 88' lang='lat' dir='ltr'>medio</span> <span class='ocrx_word' id='word_1_41' title='bbox 557 997 846 1065; x_wconf 81' lang='lat' dir='ltr'>petrarum</span> <span class='ocrx_word' id='word_1_42' title='bbox 872 994 1080 1052; x_wconf 87' lang='lat' dir='ltr'>dabunt</span> <span class='ocrx_word' id='word_1_43' title='bbox 1108 1013 1306 1054; x_wconf 88' lang='lat' dir='ltr'>vocem.</span> 
     </span>
    </p>
   </div>
   <div class='ocr_carea' id='block_1_9' title="bbox 191 1089 1763 1168">
    <p class='ocr_par' dir='ltr' id='par_1_9' title="bbox 191 1089 1763 1168">
     <span class='ocr_line' id='line_1_9' title="bbox 191 1089 1763 1168; baseline 0.003 -22"><span class='ocrx_word' id='word_1_44' title='bbox 191 1090 230 1146; x_wconf 92' lang='lat' dir='ltr'>C</span> <span class='ocrx_word' id='word_1_45' title='bbox 257 1089 532 1147; x_wconf 89' lang='lat' dir='ltr'>Volucres</span> <span class='ocrx_word' id='word_1_46' title='bbox 561 1090 689 1147; x_wconf 67' lang='lat' dir='ltr'>coeli</span> <span class='ocrx_word' id='word_1_47' title='bbox 724 1108 738 1147; x_wconf 92' lang='lat'>:</span> <span class='ocrx_word' id='word_1_48' title='bbox 773 1092 1004 1148; x_wconf 91' lang='lat' dir='ltr'>animas</span> <span class='ocrx_word' id='word_1_49' title='bbox 1025 1098 1256 1150; x_wconf 87' lang='lat' dir='ltr'>sanctas</span> <span class='ocrx_word' id='word_1_50' title='bbox 1279 1094 1618 1168; x_wconf 88' lang='lat' dir='ltr'>pontiﬁcum</span> <span class='ocrx_word' id='word_1_51' title='bbox 1638 1094 1763 1151; x_wconf 83' lang='lat' dir='ltr'>vult</span> 
     </span>
    </p>
   </div>
   <div class='ocr_carea' id='block_1_10' title="bbox 127 1176 1760 1256">
    <p class='ocr_par' dir='ltr' id='par_1_10' title="bbox 127 1176 1760 1256">
     <span class='ocr_line' id='line_1_10' title="bbox 127 1176 1760 1256; baseline 0.004 -24"><span class='ocrx_word' id='word_1_52' title='bbox 127 1176 384 1251; x_wconf 85' lang='lat' dir='ltr'>intelligi,</span> <span class='ocrx_word' id='word_1_53' title='bbox 417 1178 519 1251; x_wconf 89' lang='lat' dir='ltr'>qui</span> <span class='ocrx_word' id='word_1_54' title='bbox 552 1195 730 1252; x_wconf 85' lang='lat' dir='ltr'>supra</span> <span class='ocrx_word' id='word_1_55' title='bbox 755 1181 1001 1252; x_wconf 90' lang='lat' dir='ltr'>populos</span> <span class='ocrx_word' id='word_1_56' title='bbox 1030 1182 1281 1251; x_wconf 87' lang='lat' dir='ltr'>Domini,</span> <span class='ocrx_word' id='word_1_57' title='bbox 1307 1184 1525 1240; x_wconf 90' lang='lat' dir='ltr'>sanctis</span> <span class='ocrx_word' id='word_1_58' title='bbox 1556 1184 1760 1256; x_wconf 67' lang='lat' dir='ltr'>praedi-</span> 
     </span>
    </p>
   </div>
   <div class='ocr_carea' id='block_1_11' title="bbox 124 1265 1762 1343">
    <p class='ocr_par' dir='ltr' id='par_1_11' title="bbox 124 1265 1762 1343">
     <span class='ocr_line' id='line_1_11' title="bbox 124 1265 1762 1343; baseline 0.003 -21"><span class='ocrx_word' id='word_1_59' title='bbox 124 1265 443 1322; x_wconf 86' lang='lat' dir='ltr'>cationibus</span> <span class='ocrx_word' id='word_1_60' title='bbox 490 1266 778 1324; x_wconf 89' lang='lat' dir='ltr'>habitant.</span> <span class='ocrx_word' id='word_1_61' title='bbox 814 1274 891 1324; x_wconf 89' lang='lat' dir='ltr'>De</span> <span class='ocrx_word' id='word_1_62' title='bbox 951 1270 1142 1327; x_wconf 91' lang='lat' dir='ltr'>medio</span> <span class='ocrx_word' id='word_1_63' title='bbox 1191 1276 1489 1343; x_wconf 84' lang='lat' dir='ltr'>petrarum</span> <span class='ocrx_word' id='word_1_64' title='bbox 1539 1272 1762 1328; x_wconf 89' lang='lat' dir='ltr'>dabunt</span> 
     </span>
    </p>
   </div>
   <div class='ocr_carea' id='block_1_12' title="bbox 122 1357 1760 1432">
    <p class='ocr_par' dir='ltr' id='par_1_12' title="bbox 122 1357 1760 1432">
     <span class='ocr_line' id='line_1_12' title="bbox 122 1357 1760 1432; baseline 0.004 -22"><span class='ocrx_word' id='word_1_65' title='bbox 122 1371 309 1411; x_wconf 87' lang='lat' dir='ltr'>vocem</span> <span class='ocrx_word' id='word_1_66' title='bbox 340 1372 354 1411; x_wconf 89' lang='lat'>:</span> <span class='ocrx_word' id='word_1_67' title='bbox 382 1357 618 1428; x_wconf 85' lang='lat' dir='ltr'>quando</span> <span class='ocrx_word' id='word_1_68' title='bbox 640 1357 1037 1429; x_wconf 83' lang='lat' dir='ltr'>apostolorum</span> <span class='ocrx_word' id='word_1_69' title='bbox 1059 1364 1116 1415; x_wconf 87' lang='lat' dir='ltr'>et</span> <span class='ocrx_word' id='word_1_70' title='bbox 1131 1359 1547 1432; x_wconf 86' lang='lat' dir='ltr'>prephetarum</span> <span class='ocrx_word' id='word_1_71' title='bbox 1571 1376 1760 1417; x_wconf 85' lang='lat' dir='ltr'>exem-</span> 
     </span>
    </p>
   </div>
   <div class='ocr_carea' id='block_1_13' title="bbox 122 1442 1757 1516">
    <p class='ocr_par' dir='ltr' id='par_1_13' title="bbox 122 1442 1757 1516">
     <span class='ocr_line' id='line_1_13' title="bbox 122 1442 1757 1516; baseline 0.004 -19"><span class='ocrx_word' id='word_1_72' title='bbox 122 1442 248 1516; x_wconf 91' lang='lat' dir='ltr'>plis,</span> <span class='ocrx_word' id='word_1_73' title='bbox 276 1442 473 1516; x_wconf 80' lang='lat' dir='ltr'>aliqua</span> <span class='ocrx_word' id='word_1_74' title='bbox 501 1444 817 1516; x_wconf 64' lang='lat' dir='ltr'>praedicare</span> <span class='ocrx_word' id='word_1_75' title='bbox 846 1450 1183 1516; x_wconf 91' lang='lat' dir='ltr'>noscuntur,</span> <span class='ocrx_word' id='word_1_76' title='bbox 1217 1448 1274 1503; x_wconf 88' lang='lat' dir='ltr'>id</span> <span class='ocrx_word' id='word_1_77' title='bbox 1307 1451 1396 1504; x_wconf 89' lang='lat' dir='ltr'>est</span> <span class='ocrx_word' id='word_1_78' title='bbox 1424 1449 1495 1505; x_wconf 90' lang='lat' dir='ltr'>de</span> <span class='ocrx_word' id='word_1_79' title='bbox 1524 1447 1757 1505; x_wconf 91' lang='lat' dir='ltr'>illorum</span> 
     </span>
    </p>
   </div>
   <div class='ocr_carea' id='block_1_14' title="bbox 121 1524 1022 1590">
    <p class='ocr_par' dir='ltr' id='par_1_14' title="bbox 121 1524 1022 1590">
     <span class='ocr_line' id='line_1_14' title="bbox 121 1524 1022 1590; baseline 0.003 -5"><span class='ocrx_word' id='word_1_80' title='bbox 121 1530 419 1587; x_wconf 79' lang='lat' dir='ltr'>traditione</span> <span class='ocrx_word' id='word_1_81' title='bbox 451 1531 739 1588; x_wconf 64' lang='lat' dir='ltr'>sua‘dicta</span> <span class='ocrx_word' id='word_1_82' title='bbox 768 1524 1022 1590; x_wconf 83' lang='lat' dir='ltr'>ﬁrmare.</span> 
     </span>
    </p>
   </div>
   <div class='ocr_carea' id='block_1_15' title="bbox 125 1646 1373 1721">
    <p class='ocr_par' dir='ltr' id='par_1_15' title="bbox 125 1646 1373 1721">
     <span class='ocr_line' id='line_1_15' title="bbox 125 1646 1373 1721; baseline 0.005 -21"><span class='ocrx_word' id='word_1_83' title='bbox 125 1646 184 1701; x_wconf 75' lang='grc'>14</span> <span class='ocrx_word' id='word_1_84' title='bbox 252 1647 457 1716; x_wconf 77' lang='lat' dir='ltr'>Rigans</span> <span class='ocrx_word' id='word_1_85' title='bbox 484 1657 691 1705; x_wconf 79' lang='lat' dir='ltr'>montes</span> <span class='ocrx_word' id='word_1_86' title='bbox 719 1648 785 1705; x_wconf 82' lang='lat' dir='ltr'>de</span> <span class='ocrx_word' id='word_1_87' title='bbox 813 1650 1182 1721; x_wconf 65' lang='lat' dir='ltr'>superioribus</span> <span class='ocrx_word' id='word_1_88' title='bbox 1211 1651 1325 1706; x_wconf 91' lang='lat' dir='ltr'>suis</span> <span class='ocrx_word' id='word_1_89' title='bbox 1360 1669 1373 1706; x_wconf 92' lang='lat'>:</span> 
     </span>
    </p>
   </div>
   <div class='ocr_carea' id='block_1_16' title="bbox 250 1737 1555 1815">
    <p class='ocr_par' dir='ltr' id='par_1_16' title="bbox 250 1737 1555 1815">
     <span class='ocr_line' id='line_1_16' title="bbox 250 1737 1555 1815; baseline 0.004 -25"><span class='ocrx_word' id='word_1_90' title='bbox 250 1739 327 1791; x_wconf 82' lang='lat' dir='ltr'>De</span> <span class='ocrx_word' id='word_1_91' title='bbox 351 1737 539 1807; x_wconf 84' lang='lat' dir='ltr'>fructu</span> <span class='ocrx_word' id='word_1_92' title='bbox 565 1752 789 1808; x_wconf 89' lang='lat' dir='ltr'>operum</span> <span class='ocrx_word' id='word_1_93' title='bbox 818 1745 1036 1794; x_wconf 88' lang='lat' dir='ltr'>tuorum</span> <span class='ocrx_word' id='word_1_94' title='bbox 1064 1739 1363 1815; x_wconf 76' lang='lat' dir='ltr'>satiabitur</span> <span class='ocrx_word' id='word_1_95' title='bbox 1390 1747 1555 1795; x_wconf 82' lang='lat' dir='ltr'>terra.</span> 
     </span>
    </p>
   </div>
   <div class='ocr_carea' id='block_1_17' title="bbox 185 1831 1749 1912">
    <p class='ocr_par' dir='ltr' id='par_1_17' title="bbox 185 1831 1749 1912">
     <span class='ocr_line' id='line_1_17' title="bbox 185 1831 1749 1912; baseline 0.004 -25"><span class='ocrx_word' id='word_1_96' title='bbox 185 1831 227 1887; x_wconf 89' lang='lat' dir='ltr'><strong>H</strong></span> <span class='ocrx_word' id='word_1_97' title='bbox 259 1831 476 1905; x_wconf 77' lang='lat' dir='ltr'>Riguus</span> <span class='ocrx_word' id='word_1_98' title='bbox 507 1838 757 1905; x_wconf 88' lang='lat' dir='ltr'>montes,</span> <span class='ocrx_word' id='word_1_99' title='bbox 789 1835 898 1891; x_wconf 92' lang='lat' dir='ltr'>hoc</span> <span class='ocrx_word' id='word_1_100' title='bbox 923 1839 1013 1893; x_wconf 89' lang='lat' dir='ltr'>est</span> <span class='ocrx_word' id='word_1_101' title='bbox 1040 1836 1352 1909; x_wconf 89' lang='lat' dir='ltr'>apostolos.</span> <span class='ocrx_word' id='word_1_102' title='bbox 1387 1843 1463 1893; x_wconf 88' lang='lat' dir='ltr'>De</span> <span class='ocrx_word' id='word_1_103' title='bbox 1488 1840 1749 1912; x_wconf 91' lang='lat' dir='ltr'>superio-</span> 
     </span>
    </p>
   </div>
   <div class='ocr_carea' id='block_1_18' title="bbox 117 1920 1747 1997">
    <p class='ocr_par' dir='ltr' id='par_1_18' title="bbox 117 1920 1747 1997">
     <span class='ocr_line' id='line_1_18' title="bbox 117 1920 1747 1997; baseline 0.006 -23"><span class='ocrx_word' id='word_1_104' title='bbox 117 1920 271 1975; x_wconf 86' lang='lat' dir='ltr'>ribus</span> <span class='ocrx_word' id='word_1_105' title='bbox 303 1938 315 1976; x_wconf 92' lang='lat'>:</span> <span class='ocrx_word' id='word_1_106' title='bbox 346 1922 656 1979; x_wconf 77' lang='lat' dir='ltr'>effundens</span> <span class='ocrx_word' id='word_1_107' title='bbox 682 1940 861 1996; x_wconf 86' lang='lat' dir='ltr'>super</span> <span class='ocrx_word' id='word_1_108' title='bbox 890 1940 990 1980; x_wconf 91' lang='lat' dir='ltr'>eos</span> <span class='ocrx_word' id='word_1_109' title='bbox 1017 1923 1298 1997; x_wconf 87' lang='lat' dir='ltr'>Spiritum</span> <span class='ocrx_word' id='word_1_110' title='bbox 1330 1931 1620 1983; x_wconf 85' lang='lat' dir='ltr'>sanctum.</span> <span class='ocrx_word' id='word_1_111' title='bbox 1645 1929 1747 1984; x_wconf 92' lang='lat' dir='ltr'>Sa-</span> 
     </span>
    </p>
   </div>
   <div class='ocr_carea' id='block_1_19' title="bbox 114 2007 1743 2089">
    <p class='ocr_par' dir='ltr' id='par_1_19' title="bbox 114 2007 1743 2089">
     <span class='ocr_line' id='line_1_19' title="bbox 114 2007 1743 2089; baseline 0.007 -28"><span class='ocrx_word' id='word_1_112' title='bbox 114 2007 344 2064; x_wconf 86' lang='lat' dir='ltr'>tiabitur</span> <span class='ocrx_word' id='word_1_113' title='bbox 371 2012 549 2076; x_wconf 84' lang='lat' dir='ltr'>terra.</span> <span class='ocrx_word' id='word_1_114' title='bbox 580 2011 637 2066; x_wconf 90' lang='lat' dir='ltr'>id</span> <span class='ocrx_word' id='word_1_115' title='bbox 667 2015 777 2079; x_wconf 89' lang='lat' dir='ltr'>est,</span> <span class='ocrx_word' id='word_1_116' title='bbox 810 2013 1022 2069; x_wconf 89' lang='lat' dir='ltr'>terreni</span> <span class='ocrx_word' id='word_1_117' title='bbox 1045 2013 1117 2069; x_wconf 88' lang='lat' dir='ltr'>de</span> <span class='ocrx_word' id='word_1_118' title='bbox 1146 2013 1444 2071; x_wconf 89' lang='lat' dir='ltr'>beneﬁciis</span> <span class='ocrx_word' id='word_1_119' title='bbox 1486 2014 1743 2089; x_wconf 89' lang='lat' dir='ltr'>largitio-</span> 
     </span>
    </p>
   </div>
   <div class='ocr_carea' id='block_1_20' title="bbox 117 2095 1743 2174">
    <p class='ocr_par' dir='ltr' id='par_1_20' title="bbox 117 2095 1743 2174">
     <span class='ocr_line' id='line_1_20' title="bbox 117 2095 1743 2174; baseline 0.007 -25"><span class='ocrx_word' id='word_1_120' title='bbox 117 2095 201 2151; x_wconf 86' lang='lat' dir='ltr'>nis</span> <span class='ocrx_word' id='word_1_121' title='bbox 227 2095 461 2153; x_wconf 84' lang='lat' dir='ltr'>Christi.</span> <span class='ocrx_word' id='word_1_122' title='bbox 492 2098 534 2154; x_wconf 91' lang='lat' dir='ltr'>C</span> <span class='ocrx_word' id='word_1_123' title='bbox 564 2098 667 2155; x_wconf 88' lang='lat' dir='ltr'>Vel</span> <span class='ocrx_word' id='word_1_124' title='bbox 716 2104 943 2157; x_wconf 88' lang='lat' dir='ltr'>montes</span> <span class='ocrx_word' id='word_1_125' title='bbox 975 2120 989 2158; x_wconf 89' lang='lat'>:</span> <span class='ocrx_word' id='word_1_126' title='bbox 1017 2100 1265 2174; x_wconf 86' lang='lat' dir='ltr'>quilibet</span> <span class='ocrx_word' id='word_1_127' title='bbox 1303 2103 1568 2159; x_wconf 84' lang='lat' dir='ltr'>Ecclesiae</span> <span class='ocrx_word' id='word_1_128' title='bbox 1608 2106 1743 2160; x_wconf 90' lang='lat' dir='ltr'>boni</span> 
     </span>
    </p>
   </div>
   <div class='ocr_carea' id='block_1_21' title="bbox 115 2183 1745 2260">
    <p class='ocr_par' dir='ltr' id='par_1_21' title="bbox 115 2183 1745 2260">
     <span class='ocr_line' id='line_1_21' title="bbox 115 2183 1745 2260; baseline 0.007 -22"><span class='ocrx_word' id='word_1_129' title='bbox 115 2183 337 2256; x_wconf 77' lang='lat' dir='ltr'>praelati,</span> <span class='ocrx_word' id='word_1_130' title='bbox 365 2184 692 2260; x_wconf 82' lang='lat' dir='ltr'>irrigantur</span> <span class='ocrx_word' id='word_1_131' title='bbox 722 2188 939 2246; x_wconf 81' lang='lat' dir='ltr'>ccelesti</span> <span class='ocrx_word' id='word_1_132' title='bbox 971 2191 1235 2248; x_wconf 86' lang='lat' dir='ltr'>doctrina</span> <span class='ocrx_word' id='word_1_133' title='bbox 1267 2208 1280 2247; x_wconf 92' lang='lat'>:</span> <span class='ocrx_word' id='word_1_134' title='bbox 1313 2196 1371 2248; x_wconf 92' lang='lat' dir='ltr'>et</span> <span class='ocrx_word' id='word_1_135' title='bbox 1401 2209 1601 2249; x_wconf 91' lang='lat' dir='ltr'>eorum</span> <span class='ocrx_word' id='word_1_136' title='bbox 1645 2194 1745 2250; x_wconf 90' lang='lat' dir='ltr'>do-</span> 
     </span>
    </p>
   </div>
   <div class='ocr_carea' id='block_1_22' title="bbox 114 2272 1740 2348">
    <p class='ocr_par' dir='ltr' id='par_1_22' title="bbox 114 2272 1740 2348">
     <span class='ocr_line' id='line_1_22' title="bbox 114 2272 1740 2348; baseline 0.006 -21"><span class='ocrx_word' id='word_1_137' title='bbox 114 2272 286 2329; x_wconf 86' lang='lat' dir='ltr'>ctrina</span> <span class='ocrx_word' id='word_1_138' title='bbox 306 2278 363 2329; x_wconf 86' lang='lat' dir='ltr'>ct</span> <span class='ocrx_word' id='word_1_139' title='bbox 386 2274 526 2344; x_wconf 86' lang='lat' dir='ltr'>vita,</span> <span class='ocrx_word' id='word_1_140' title='bbox 560 2276 774 2332; x_wconf 88' lang='lat' dir='ltr'>terreni</span> <span class='ocrx_word' id='word_1_141' title='bbox 804 2277 866 2333; x_wconf 89' lang='lat' dir='ltr'>in</span> <span class='ocrx_word' id='word_1_142' title='bbox 914 2278 1125 2334; x_wconf 89' lang='lat' dir='ltr'>melius</span> <span class='ocrx_word' id='word_1_143' title='bbox 1174 2279 1404 2348; x_wconf 87' lang='lat' dir='ltr'>mutati,</span> <span class='ocrx_word' id='word_1_144' title='bbox 1439 2280 1740 2338; x_wconf 86' lang='lat' dir='ltr'>satiantur.</span> 
     </span>
    </p>
   </div>
   <div class='ocr_carea' id='block_1_23' title="bbox 112 2388 1107 2463">
    <p class='ocr_par' dir='ltr' id='par_1_23' title="bbox 112 2388 1107 2463">
     <span class='ocr_line' id='line_1_23' title="bbox 112 2388 1107 2463; baseline 0.006 -21"><span class='ocrx_word' id='word_1_145' title='bbox 112 2388 176 2444; x_wconf 88' lang='grc'>15</span> <span class='ocrx_word' id='word_1_146' title='bbox 243 2389 554 2446; x_wconf 85' lang='lat' dir='ltr'>Producens</span> <span class='ocrx_word' id='word_1_147' title='bbox 578 2392 771 2463; x_wconf 78' lang='lat' dir='ltr'>fenum</span> <span class='ocrx_word' id='word_1_148' title='bbox 790 2392 1059 2463; x_wconf 84' lang='lat' dir='ltr'>jumentis</span> <span class='ocrx_word' id='word_1_149' title='bbox 1090 2411 1107 2447; x_wconf 88' lang='lat'>:</span> 
     </span>
    </p>
   </div>
   <div class='ocr_carea' id='block_1_24' title="bbox 239 2477 1173 2536">
    <p class='ocr_par' dir='ltr' id='par_1_24' title="bbox 239 2477 1173 2536">
     <span class='ocr_line' id='line_1_24' title="bbox 239 2477 1173 2536; baseline 0.004 -4"><span class='ocrx_word' id='word_1_150' title='bbox 239 2478 305 2533; x_wconf 84' lang='lat' dir='ltr'>Et</span> <span class='ocrx_word' id='word_1_151' title='bbox 338 2477 566 2533; x_wconf 83' lang='lat' dir='ltr'>herbam</span> <span class='ocrx_word' id='word_1_152' title='bbox 588 2481 843 2535; x_wconf 77' lang='lat' dir='ltr'>servituti</span> <span class='ocrx_word' id='word_1_153' title='bbox 870 2481 1173 2536; x_wconf 82' lang='lat' dir='ltr'>hominum.</span> 
     </span>
    </p>
   </div>
   <div class='ocr_carea' id='block_1_25' title="bbox 171 2565 1741 2640">
    <p class='ocr_par' dir='ltr' id='par_1_25' title="bbox 171 2565 1741 2640">
     <span class='ocr_line' id='line_1_25' title="bbox 171 2565 1741 2640; baseline 0.005 -20"><span class='ocrx_word' id='word_1_154' title='bbox 171 2565 210 2620; x_wconf 93' lang='lat' dir='ltr'>C</span> <span class='ocrx_word' id='word_1_155' title='bbox 233 2566 521 2622; x_wconf 86' lang='lat' dir='ltr'>Admonet</span> <span class='ocrx_word' id='word_1_156' title='bbox 549 2567 851 2640; x_wconf 76' lang='lat' dir='ltr'>propheta,</span> <span class='ocrx_word' id='word_1_157' title='bbox 875 2572 943 2624; x_wconf 90' lang='lat' dir='ltr'>ut</span> <span class='ocrx_word' id='word_1_158' title='bbox 972 2572 1129 2625; x_wconf 92' lang='lat' dir='ltr'>terra</span> <span class='ocrx_word' id='word_1_159' title='bbox 1155 2568 1273 2636; x_wconf 86' lang='lat' dir='ltr'>illa,</span> <span class='ocrx_word' id='word_1_160' title='bbox 1307 2570 1523 2627; x_wconf 78' lang='lat' dir='ltr'>caelesti</span> <span class='ocrx_word' id='word_1_161' title='bbox 1555 2571 1741 2628; x_wconf 87' lang='lat' dir='ltr'>imbre</span> 
     </span>
    </p>
   </div>
   <div class='ocr_carea' id='block_1_26' title="bbox 109 2653 1734 2733">
    <p class='ocr_par' dir='ltr' id='par_1_26' title="bbox 109 2653 1734 2733">
     <span class='ocr_line' id='line_1_26' title="bbox 109 2653 1734 2733; baseline 0.006 -25"><span class='ocrx_word' id='word_1_162' title='bbox 109 2653 325 2722; x_wconf 85' lang='lat' dir='ltr'>satiata,</span> <span class='ocrx_word' id='word_1_163' title='bbox 357 2656 647 2726; x_wconf 87' lang='lat' dir='ltr'>producat</span> <span class='ocrx_word' id='word_1_164' title='bbox 674 2656 897 2726; x_wconf 87' lang='lat' dir='ltr'>fenum,</span> <span class='ocrx_word' id='word_1_165' title='bbox 918 2656 978 2713; x_wconf 92' lang='lat' dir='ltr'>id</span> <span class='ocrx_word' id='word_1_166' title='bbox 1008 2662 1098 2714; x_wconf 91' lang='lat' dir='ltr'>est</span> <span class='ocrx_word' id='word_1_167' title='bbox 1125 2658 1520 2733; x_wconf 83' lang='lat' dir='ltr'>eleemosynas</span> <span class='ocrx_word' id='word_1_168' title='bbox 1542 2661 1734 2730; x_wconf 85' lang='lat' dir='ltr'>faciat,</span> 
     </span>
    </p>
   </div>
   <div class='ocr_carea' id='block_1_27' title="bbox 99 2741 1733 2820">
    <p class='ocr_par' dir='ltr' id='par_1_27' title="bbox 99 2741 1733 2820">
     <span class='ocr_line' id='line_1_27' title="bbox 99 2741 1733 2820; baseline 0.005 -23"><span class='ocrx_word' id='word_1_169' title='bbox 99 2741 390 2812; x_wconf 89' lang='lat' dir='ltr'>jumentis,</span> <span class='ocrx_word' id='word_1_170' title='bbox 409 2743 467 2799; x_wconf 92' lang='lat' dir='ltr'>id</span> <span class='ocrx_word' id='word_1_171' title='bbox 504 2747 595 2800; x_wconf 88' lang='lat' dir='ltr'>est</span> <span class='ocrx_word' id='word_1_172' title='bbox 624 2743 1115 2817; x_wconf 89' lang='lat' dir='ltr'>pauperibus,his</span> <span class='ocrx_word' id='word_1_173' title='bbox 1137 2747 1235 2819; x_wconf 91' lang='lat' dir='ltr'>qui</span> <span class='ocrx_word' id='word_1_174' title='bbox 1268 2747 1490 2819; x_wconf 84' lang='lat' dir='ltr'>passim</span> <span class='ocrx_word' id='word_1_175' title='bbox 1508 2752 1733 2820; x_wconf 88' lang='lat' dir='ltr'>petunt.</span> 
     </span>
    </p>
   </div>
   <div class='ocr_carea' id='block_1_28' title="bbox 105 2831 1737 2907">
    <p class='ocr_par' dir='ltr' id='par_1_28' title="bbox 105 2831 1737 2907">
     <span class='ocr_line' id='line_1_28' title="bbox 105 2831 1737 2907; baseline 0.007 -23"><span class='ocrx_word' id='word_1_176' title='bbox 105 2831 342 2888; x_wconf 86' lang='lat' dir='ltr'>Herbam</span> <span class='ocrx_word' id='word_1_177' title='bbox 370 2848 507 2889; x_wconf 90' lang='lat' dir='ltr'>vero</span> <span class='ocrx_word' id='word_1_178' title='bbox 541 2831 806 2889; x_wconf 86' lang='lat' dir='ltr'>servituti</span> <span class='ocrx_word' id='word_1_179' title='bbox 826 2833 1131 2890; x_wconf 87' lang='lat' dir='ltr'>hominum</span> <span class='ocrx_word' id='word_1_180' title='bbox 1159 2852 1171 2890; x_wconf 90' lang='lat'>:</span> <span class='ocrx_word' id='word_1_181' title='bbox 1196 2835 1304 2891; x_wconf 91' lang='lat' dir='ltr'>hoc</span> <span class='ocrx_word' id='word_1_182' title='bbox 1335 2839 1514 2907; x_wconf 82' lang='lat' dir='ltr'>est,ut</span> <span class='ocrx_word' id='word_1_183' title='bbox 1536 2836 1617 2892; x_wconf 88' lang='lat' dir='ltr'>illi</span> <span class='ocrx_word' id='word_1_184' title='bbox 1641 2854 1737 2895; x_wconf 88' lang='lat' dir='ltr'>ne-</span> 
     </span>
    </p>
   </div>
   <div class='ocr_carea' id='block_1_29' title="bbox 105 2918 1735 2995">
    <p class='ocr_par' dir='ltr' id='par_1_29' title="bbox 105 2918 1735 2995">
     <span class='ocr_line' id='line_1_29' title="bbox 105 2918 1735 2995; baseline 0.005 -22"><span class='ocrx_word' id='word_1_185' title='bbox 105 2918 344 2975; x_wconf 87' lang='lat' dir='ltr'>cessaria</span> <span class='ocrx_word' id='word_1_186' title='bbox 371 2920 730 2990; x_wconf 84' lang='lat' dir='ltr'>tribuantur,</span> <span class='ocrx_word' id='word_1_187' title='bbox 763 2922 835 2978; x_wconf 90' lang='lat' dir='ltr'>de</span> <span class='ocrx_word' id='word_1_188' title='bbox 865 2939 980 2995; x_wconf 93' lang='lat' dir='ltr'>quo</span> <span class='ocrx_word' id='word_1_189' title='bbox 1001 2923 1284 2995; x_wconf 90' lang='lat' dir='ltr'>scriptum</span> <span class='ocrx_word' id='word_1_190' title='bbox 1315 2929 1401 2980; x_wconf 89' lang='lat' dir='ltr'>cst</span> <span class='ocrx_word' id='word_1_191' title='bbox 1435 2942 1447 2980; x_wconf 93' lang='lat'>:</span> <span class='ocrx_word' id='word_1_192' title='bbox 1482 2926 1735 2983; x_wconf 90' lang='lat' dir='ltr'>Desudet</span> 
     </span>
    </p>
   </div>
   <div class='ocr_carea' id='block_1_30' title="bbox 104 3006 1731 3084">
    <p class='ocr_par' dir='ltr' id='par_1_30' title="bbox 104 3006 1731 3084">
     <span class='ocr_line' id='line_1_30' title="bbox 104 3006 1731 3084; baseline 0.005 -22"><span class='ocrx_word' id='word_1_193' title='bbox 104 3006 452 3081; x_wconf 77' lang='lat' dir='ltr'>eleemosyna</span> <span class='ocrx_word' id='word_1_194' title='bbox 471 3008 536 3064; x_wconf 91' lang='lat' dir='ltr'>in</span> <span class='ocrx_word' id='word_1_195' title='bbox 567 3026 748 3066; x_wconf 89' lang='lat' dir='ltr'>manu</span> <span class='ocrx_word' id='word_1_196' title='bbox 769 3014 889 3078; x_wconf 87' lang='lat' dir='ltr'>tua,</span> <span class='ocrx_word' id='word_1_197' title='bbox 907 3011 1090 3067; x_wconf 88' lang='lat' dir='ltr'>donec</span> <span class='ocrx_word' id='word_1_198' title='bbox 1108 3012 1365 3068; x_wconf 82' lang='lat' dir='ltr'>invenies</span> <span class='ocrx_word' id='word_1_199' title='bbox 1387 3013 1616 3084; x_wconf 85' lang='lat' dir='ltr'>justum</span> <span class='ocrx_word' id='word_1_200' title='bbox 1638 3015 1731 3070; x_wconf 91' lang='lat' dir='ltr'>cui</span> 
     </span>
    </p>
   </div>
   <div class='ocr_carea' id='block_1_31' title="bbox 2089 799 2281 854">
    <p class='ocr_par' dir='ltr' id='par_1_31' title="bbox 2089 799 2281 854">
     <span class='ocr_line' id='line_1_31' title="bbox 2089 799 2281 854; baseline 0 -1"><span class='ocrx_word' id='word_1_201' title='bbox 2089 799 2281 854; x_wconf 84' lang='lat' dir='ltr'>cervis.</span> 
     </span>
    </p>
   </div>
   <div class='ocr_carea' id='block_1_32' title="bbox 1979 886 2756 957">
    <p class='ocr_par' dir='ltr' id='par_1_32' title="bbox 1979 886 2756 957">
     <span class='ocr_line' id='line_1_32' title="bbox 1979 886 2756 957; baseline 0.003 -18"><span class='ocrx_word' id='word_1_202' title='bbox 1979 886 2143 942; x_wconf 87' lang='lat' dir='ltr'>Petra</span> <span class='ocrx_word' id='word_1_203' title='bbox 2167 888 2445 957; x_wconf 84' lang='lat' dir='ltr'>re/ugium</span> <span class='ocrx_word' id='word_1_204' title='bbox 2476 887 2756 942; x_wconf 88' lang='lat' dir='ltr'>erinaciis.</span> 
     </span>
    </p>
   </div>
   <div class='ocr_carea' id='block_1_33' title="bbox 1943 973 3520 1050">
    <p class='ocr_par' dir='ltr' id='par_1_33' title="bbox 1943 973 3520 1050">
     <span class='ocr_line' id='line_1_33' title="bbox 1943 973 3520 1050; baseline 0.004 -22"><span class='ocrx_word' id='word_1_205' title='bbox 1943 973 1989 1028; x_wconf 90' lang='lat' dir='ltr'><strong>H</strong></span> <span class='ocrx_word' id='word_1_206' title='bbox 2020 973 2309 1029; x_wconf 88' lang='lat' dir='ltr'>Herodius</span> <span class='ocrx_word' id='word_1_207' title='bbox 2360 974 2548 1046; x_wconf 86' lang='lat' dir='ltr'>major</span> <span class='ocrx_word' id='word_1_208' title='bbox 2594 977 2683 1030; x_wconf 90' lang='lat' dir='ltr'>est</span> <span class='ocrx_word' id='word_1_209' title='bbox 2725 973 2990 1029; x_wconf 91' lang='lat' dir='ltr'>omnium</span> <span class='ocrx_word' id='word_1_210' title='bbox 3039 975 3387 1043; x_wconf 86' lang='lat' dir='ltr'>volatilium,</span> <span class='ocrx_word' id='word_1_211' title='bbox 3419 976 3520 1050; x_wconf 90' lang='lat' dir='ltr'>qui</span> 
     </span>
    </p>
   </div>
   <div class='ocr_carea' id='block_1_34' title="bbox 1872 1061 3517 1136">
    <p class='ocr_par' dir='ltr' id='par_1_34' title="bbox 1872 1061 3517 1136">
     <span class='ocr_line' id='line_1_34' title="bbox 1872 1061 3517 1136; baseline 0.004 -20"><span class='ocrx_word' id='word_1_212' title='bbox 1872 1061 2129 1134; x_wconf 87' lang='lat' dir='ltr'>aquilam</span> <span class='ocrx_word' id='word_1_213' title='bbox 2159 1063 2340 1118; x_wconf 80' lang='lat' dir='ltr'>vincit</span> <span class='ocrx_word' id='word_1_214' title='bbox 2385 1067 2442 1118; x_wconf 91' lang='lat' dir='ltr'>et</span> <span class='ocrx_word' id='word_1_215' title='bbox 2484 1062 2773 1119; x_wconf 88' lang='lat' dir='ltr'>comedit:</span> <span class='ocrx_word' id='word_1_216' title='bbox 2807 1068 2863 1119; x_wconf 88' lang='lat' dir='ltr'>et</span> <span class='ocrx_word' id='word_1_217' title='bbox 2892 1062 3185 1136; x_wconf 89' lang='lat' dir='ltr'>signiﬁcat</span> <span class='ocrx_word' id='word_1_218' title='bbox 3220 1064 3517 1122; x_wconf 90' lang='lat' dir='ltr'>hominem</span> 
     </span>
    </p>
   </div>
   <div class='ocr_carea' id='block_1_35' title="bbox 1870 1150 3515 1225">
    <p class='ocr_par' dir='ltr' id='par_1_35' title="bbox 1870 1150 3515 1225">
     <span class='ocr_line' id='line_1_35' title="bbox 1870 1150 3515 1225; baseline 0.004 -20"><span class='ocrx_word' id='word_1_219' title='bbox 1870 1154 2161 1219; x_wconf 90' lang='lat' dir='ltr'>sanctum,</span> <span class='ocrx_word' id='word_1_220' title='bbox 2211 1150 2576 1206; x_wconf 86' lang='lat' dir='ltr'>habitantem</span> <span class='ocrx_word' id='word_1_221' title='bbox 2633 1151 2692 1207; x_wconf 90' lang='lat' dir='ltr'>in</span> <span class='ocrx_word' id='word_1_222' title='bbox 2749 1152 2922 1207; x_wconf 89' lang='lat' dir='ltr'>domo</span> <span class='ocrx_word' id='word_1_223' title='bbox 2979 1152 3100 1220; x_wconf 90' lang='lat' dir='ltr'>Dei,</span> <span class='ocrx_word' id='word_1_224' title='bbox 3160 1153 3515 1225; x_wconf 80' lang='lat' dir='ltr'>adjutorium</span> 
     </span>
    </p>
   </div>
   <div class='ocr_carea' id='block_1_36' title="bbox 1868 1239 3516 1314">
    <p class='ocr_par' dir='ltr' id='par_1_36' title="bbox 1868 1239 3516 1314">
     <span class='ocr_line' id='line_1_36' title="bbox 1868 1239 3516 1314; baseline 0.003 -20"><span class='ocrx_word' id='word_1_225' title='bbox 1868 1242 2243 1311; x_wconf 70' lang='lat' dir='ltr'>praestantem</span> <span class='ocrx_word' id='word_1_226' title='bbox 2274 1240 2405 1295; x_wconf 88' lang='lat' dir='ltr'>aliis</span> <span class='ocrx_word' id='word_1_227' title='bbox 2438 1240 2510 1295; x_wconf 87' lang='lat' dir='ltr'>ad</span> <span class='ocrx_word' id='word_1_228' title='bbox 2559 1240 2911 1296; x_wconf 79' lang='lat' dir='ltr'>vincendum</span> <span class='ocrx_word' id='word_1_229' title='bbox 2961 1239 3283 1297; x_wconf 85' lang='lat' dir='ltr'>diabolum.</span> <span class='ocrx_word' id='word_1_230' title='bbox 3305 1242 3516 1314; x_wconf 90' lang='lat' dir='ltr'>Aquila</span> 
     </span>
    </p>
   </div>
   <div class='ocr_carea' id='block_1_37' title="bbox 1868 1327 3513 1402">
    <p class='ocr_par' dir='ltr' id='par_1_37' title="bbox 1868 1327 3513 1402">
     <span class='ocr_line' id='line_1_37' title="bbox 1868 1327 3513 1402; baseline 0.004 -20"><span class='ocrx_word' id='word_1_231' title='bbox 1868 1328 2027 1383; x_wconf 91' lang='lat' dir='ltr'>enim</span> <span class='ocrx_word' id='word_1_232' title='bbox 2059 1343 2209 1400; x_wconf 71' lang='lat' dir='ltr'>saepe</span> <span class='ocrx_word' id='word_1_233' title='bbox 2240 1345 2342 1401; x_wconf 88' lang='lat' dir='ltr'>pro</span> <span class='ocrx_word' id='word_1_234' title='bbox 2372 1327 2602 1383; x_wconf 86' lang='lat' dir='ltr'>diabolo</span> <span class='ocrx_word' id='word_1_235' title='bbox 2634 1328 2887 1400; x_wconf 84' lang='lat' dir='ltr'>ponitur.</span> <span class='ocrx_word' id='word_1_236' title='bbox 2909 1328 2950 1383; x_wconf 93' lang='lat' dir='ltr'>C</span> <span class='ocrx_word' id='word_1_237' title='bbox 2979 1328 3191 1385; x_wconf 86' lang='lat' dir='ltr'>Cervus</span> <span class='ocrx_word' id='word_1_238' title='bbox 3222 1329 3513 1402; x_wconf 88' lang='lat' dir='ltr'>signiﬁcat</span> 
     </span>
    </p>
   </div>
   <div class='ocr_carea' id='block_1_38' title="bbox 1866 1415 3503 1488">
    <p class='ocr_par' dir='ltr' id='par_1_38' title="bbox 1866 1415 3503 1488">
     <span class='ocr_line' id='line_1_38' title="bbox 1866 1415 3503 1488; baseline 0.003 -18"><span class='ocrx_word' id='word_1_239' title='bbox 1866 1415 2087 1483; x_wconf 89' lang='lat' dir='ltr'>ﬁdeles,</span> <span class='ocrx_word' id='word_1_240' title='bbox 2121 1416 2220 1488; x_wconf 91' lang='lat' dir='ltr'>qui</span> <span class='ocrx_word' id='word_1_241' title='bbox 2252 1420 2580 1488; x_wconf 87' lang='lat' dir='ltr'>serpentem</span> <span class='ocrx_word' id='word_1_242' title='bbox 2612 1417 2910 1485; x_wconf 86' lang='lat' dir='ltr'>devorant,</span> <span class='ocrx_word' id='word_1_243' title='bbox 2944 1416 3002 1471; x_wconf 90' lang='lat' dir='ltr'>id</span> <span class='ocrx_word' id='word_1_244' title='bbox 3050 1421 3139 1473; x_wconf 88' lang='lat' dir='ltr'>est</span> <span class='ocrx_word' id='word_1_245' title='bbox 3186 1417 3503 1487; x_wconf 89' lang='lat' dir='ltr'>diabolum,</span> 
     </span>
    </p>
   </div>
   <div class='ocr_carea' id='block_1_39' title="bbox 1864 1504 3502 1577">
    <p class='ocr_par' dir='ltr' id='par_1_39' title="bbox 1864 1504 3502 1577">
     <span class='ocr_line' id='line_1_39' title="bbox 1864 1504 3502 1577; baseline 0.002 -18"><span class='ocrx_word' id='word_1_246' title='bbox 1864 1520 2000 1560; x_wconf 90' lang='lat' dir='ltr'>cum</span> <span class='ocrx_word' id='word_1_247' title='bbox 2031 1505 2350 1577; x_wconf 88' lang='lat' dir='ltr'>nequitiam</span> <span class='ocrx_word' id='word_1_248' title='bbox 2399 1505 2526 1575; x_wconf 86' lang='lat' dir='ltr'>ejus</span> <span class='ocrx_word' id='word_1_249' title='bbox 2574 1505 2642 1560; x_wconf 89' lang='lat' dir='ltr'>ad</span> <span class='ocrx_word' id='word_1_250' title='bbox 2694 1504 2928 1561; x_wconf 91' lang='lat' dir='ltr'>laudem</span> <span class='ocrx_word' id='word_1_251' title='bbox 2975 1504 3069 1561; x_wconf 91' lang='lat' dir='ltr'>Dei</span> <span class='ocrx_word' id='word_1_252' title='bbox 3119 1510 3502 1563; x_wconf 88' lang='lat' dir='ltr'>convertunt:</span> 
     </span>
    </p>
   </div>
   <div class='ocr_carea' id='block_1_40' title="bbox 1865 1591 3500 1667">
    <p class='ocr_par' dir='ltr' id='par_1_40' title="bbox 1865 1591 3500 1667">
     <span class='ocr_line' id='line_1_40' title="bbox 1865 1591 3500 1667; baseline 0.002 -19"><span class='ocrx_word' id='word_1_253' title='bbox 1865 1591 2132 1648; x_wconf 90' lang='lat' dir='ltr'>habitant</span> <span class='ocrx_word' id='word_1_254' title='bbox 2162 1592 2223 1647; x_wconf 89' lang='lat' dir='ltr'>in</span> <span class='ocrx_word' id='word_1_255' title='bbox 2255 1592 2573 1661; x_wconf 90' lang='lat' dir='ltr'>montibus,</span> <span class='ocrx_word' id='word_1_256' title='bbox 2601 1592 2659 1647; x_wconf 90' lang='lat' dir='ltr'>id</span> <span class='ocrx_word' id='word_1_257' title='bbox 2701 1596 2789 1647; x_wconf 88' lang='lat' dir='ltr'>est</span> <span class='ocrx_word' id='word_1_258' title='bbox 2841 1592 3120 1665; x_wconf 86' lang='lat' dir='ltr'>apostolis</span> <span class='ocrx_word' id='word_1_259' title='bbox 3146 1597 3202 1649; x_wconf 92' lang='lat' dir='ltr'>et</span> <span class='ocrx_word' id='word_1_260' title='bbox 3249 1594 3500 1667; x_wconf 85' lang='lat' dir='ltr'>prophe-</span> 
     </span>
    </p>
   </div>
   <div class='ocr_carea' id='block_1_41' title="bbox 1862 1680 3497 1753">
    <p class='ocr_par' dir='ltr' id='par_1_41' title="bbox 1862 1680 3497 1753">
     <span class='ocr_line' id='line_1_41' title="bbox 1862 1680 3497 1753; baseline 0.001 -17"><span class='ocrx_word' id='word_1_261' title='bbox 1862 1680 1957 1736; x_wconf 90' lang='lat' dir='ltr'>tis.</span> <span class='ocrx_word' id='word_1_262' title='bbox 1982 1681 2285 1737; x_wconf 87' lang='lat' dir='ltr'>Erinacius</span> <span class='ocrx_word' id='word_1_263' title='bbox 2332 1697 2463 1737; x_wconf 82' lang='lat' dir='ltr'>vero</span> <span class='ocrx_word' id='word_1_264' title='bbox 2521 1685 2628 1747; x_wconf 87' lang='lat' dir='ltr'>est,</span> <span class='ocrx_word' id='word_1_265' title='bbox 2674 1698 2845 1752; x_wconf 89' lang='lat' dir='ltr'>quem</span> <span class='ocrx_word' id='word_1_266' title='bbox 2904 1698 3180 1738; x_wconf 88' lang='lat' dir='ltr'>vocamus</span> <span class='ocrx_word' id='word_1_267' title='bbox 3233 1682 3497 1753; x_wconf 89' lang='lat' dir='ltr'>ericium,</span> 
     </span>
    </p>
   </div>
   <div class='ocr_carea' id='block_1_42' title="bbox 1861 1768 3500 1836">
    <p class='ocr_par' dir='ltr' id='par_1_42' title="bbox 1861 1768 3500 1836">
     <span class='ocr_line' id='line_1_42' title="bbox 1861 1768 3500 1836; baseline 0.002 -13"><span class='ocrx_word' id='word_1_268' title='bbox 1861 1768 2077 1824; x_wconf 87' lang='lat' dir='ltr'>animal</span> <span class='ocrx_word' id='word_1_269' title='bbox 2107 1769 2402 1836; x_wconf 90' lang='lat' dir='ltr'>timidum,</span> <span class='ocrx_word' id='word_1_270' title='bbox 2438 1772 2645 1824; x_wconf 88' lang='lat' dir='ltr'>natura</span> <span class='ocrx_word' id='word_1_271' title='bbox 2684 1772 2996 1836; x_wconf 89' lang='lat' dir='ltr'>armatum,</span> <span class='ocrx_word' id='word_1_272' title='bbox 3030 1770 3088 1824; x_wconf 93' lang='lat' dir='ltr'>in</span> <span class='ocrx_word' id='word_1_273' title='bbox 3132 1770 3287 1825; x_wconf 86' lang='lat' dir='ltr'>saxis</span> <span class='ocrx_word' id='word_1_274' title='bbox 3331 1770 3500 1826; x_wconf 87' lang='lat' dir='ltr'>habi—</span> 
     </span>
    </p>
   </div>
   <div class='ocr_carea' id='block_1_43' title="bbox 1859 1857 3497 1931">
    <p class='ocr_par' dir='ltr' id='par_1_43' title="bbox 1859 1857 3497 1931">
     <span class='ocr_line' id='line_1_43' title="bbox 1859 1857 3497 1931; baseline 0.002 -20"><span class='ocrx_word' id='word_1_275' title='bbox 1859 1861 1992 1912; x_wconf 90' lang='lat' dir='ltr'>tans</span> <span class='ocrx_word' id='word_1_276' title='bbox 2024 1874 2094 1913; x_wconf 89' lang='lat' dir='ltr'>ne</span> <span class='ocrx_word' id='word_1_277' title='bbox 2125 1857 2455 1913; x_wconf 85' lang='lat' dir='ltr'>inveniatur</span> <span class='ocrx_word' id='word_1_278' title='bbox 2486 1875 2499 1913; x_wconf 91' lang='lat'>:</span> <span class='ocrx_word' id='word_1_279' title='bbox 2533 1861 2589 1912; x_wconf 89' lang='lat' dir='ltr'>et</span> <span class='ocrx_word' id='word_1_280' title='bbox 2621 1860 2978 1928; x_wconf 86' lang='lat' dir='ltr'>peccatorem</span> <span class='ocrx_word' id='word_1_281' title='bbox 3030 1857 3341 1931; x_wconf 88' lang='lat' dir='ltr'>signiﬁcat,</span> <span class='ocrx_word' id='word_1_282' title='bbox 3374 1860 3497 1931; x_wconf 91' lang='lat' dir='ltr'>qui,</span> 
     </span>
    </p>
   </div>
   <div class='ocr_carea' id='block_1_44' title="bbox 1860 1944 3498 2018">
    <p class='ocr_par' dir='ltr' id='par_1_44' title="bbox 1860 1944 3498 2018">
     <span class='ocr_line' id='line_1_44' title="bbox 1860 1944 3498 2018; baseline 0.003 -19"><span class='ocrx_word' id='word_1_283' title='bbox 1860 1945 2123 2000; x_wconf 90' lang='lat' dir='ltr'>futurum</span> <span class='ocrx_word' id='word_1_284' title='bbox 2168 1944 2457 2018; x_wconf 89' lang='lat' dir='ltr'>judicium</span> <span class='ocrx_word' id='word_1_285' title='bbox 2504 1952 2790 2013; x_wconf 85' lang='lat' dir='ltr'>metuens,</span> <span class='ocrx_word' id='word_1_286' title='bbox 2826 1947 2896 2001; x_wconf 86' lang='lat' dir='ltr'>ad</span> <span class='ocrx_word' id='word_1_287' title='bbox 2932 1950 3157 2018; x_wconf 89' lang='lat' dir='ltr'>petram</span> <span class='ocrx_word' id='word_1_288' title='bbox 3201 1947 3498 2005; x_wconf 79' lang='lat' dir='ltr'>Christum</span> 
     </span>
    </p>
   </div>
   <div class='ocr_carea' id='block_1_45' title="bbox 1776 2033 2093 2140">
    <p class='ocr_par' dir='ltr' id='par_1_45' title="bbox 1776 2033 2093 2140">
     <span class='ocr_line' id='line_1_45' title="bbox 1776 2033 2093 2140; baseline 0.003 -52"><span class='ocrx_word' id='word_1_289' title='bbox 1776 2076 1823 2140; x_wconf 78' lang='grc' dir='ltr'><strong>Β</strong></span> <span class='ocrx_word' id='word_1_290' title='bbox 1862 2033 2093 2140; x_wconf 63' lang='lat' dir='ltr'>refugit.</span> 
     </span>
    </p>
   </div>
   <div class='ocr_carea' id='block_1_46' title="bbox 1853 2123 2751 2194">
    <p class='ocr_par' dir='ltr' id='par_1_46' title="bbox 1853 2123 2751 2194">
     <span class='ocr_line' id='line_1_46' title="bbox 1853 2123 2751 2194; baseline 0.003 -19"><span class='ocrx_word' id='word_1_291' title='bbox 1853 2123 1923 2176; x_wconf 86' lang='lat' dir='ltr'>2O</span> <span class='ocrx_word' id='word_1_292' title='bbox 1993 2124 2144 2179; x_wconf 87' lang='lat' dir='ltr'>Fecit</span> <span class='ocrx_word' id='word_1_293' title='bbox 2161 2123 2351 2177; x_wconf 89' lang='lat' dir='ltr'>lunam</span> <span class='ocrx_word' id='word_1_294' title='bbox 2377 2123 2435 2177; x_wconf 87' lang='lat' dir='ltr'>in</span> <span class='ocrx_word' id='word_1_295' title='bbox 2465 2131 2702 2194; x_wconf 85' lang='lat' dir='ltr'>tempore</span> <span class='ocrx_word' id='word_1_296' title='bbox 2732 2141 2751 2178; x_wconf 88' lang='lat'>:</span> 
     </span>
    </p>
   </div>
   <div class='ocr_carea' id='block_1_47' title="bbox 1994 2212 2839 2281">
    <p class='ocr_par' dir='ltr' id='par_1_47' title="bbox 1994 2212 2839 2281">
     <span class='ocr_line' id='line_1_47' title="bbox 1994 2212 2839 2281; baseline 0.001 -15"><span class='ocrx_word' id='word_1_297' title='bbox 1994 2212 2086 2266; x_wconf 90' lang='lat' dir='ltr'>Sol</span> <span class='ocrx_word' id='word_1_298' title='bbox 2112 2212 2357 2281; x_wconf 83' lang='lat' dir='ltr'>cognovit</span> <span class='ocrx_word' id='word_1_299' title='bbox 2386 2227 2633 2266; x_wconf 87' lang='lat' dir='ltr'>occasum</span> <span class='ocrx_word' id='word_1_300' title='bbox 2659 2228 2839 2267; x_wconf 87' lang='lat' dir='ltr'>suum.</span> 
     </span>
    </p>
   </div>
   <div class='ocr_carea' id='block_1_48' title="bbox 1923 2298 3491 2374">
    <p class='ocr_par' dir='ltr' id='par_1_48' title="bbox 1923 2298 3491 2374">
     <span class='ocr_line' id='line_1_48' title="bbox 1923 2298 3491 2374; baseline 0.003 -20"><span class='ocrx_word' id='word_1_301' title='bbox 1923 2300 1963 2354; x_wconf 93' lang='lat' dir='ltr'>C</span> <span class='ocrx_word' id='word_1_302' title='bbox 1990 2300 2153 2354; x_wconf 87' lang='lat' dir='ltr'>Luna</span> <span class='ocrx_word' id='word_1_303' title='bbox 2183 2298 2469 2371; x_wconf 82' lang='lat' dir='ltr'>signiﬁcat</span> <span class='ocrx_word' id='word_1_304' title='bbox 2504 2299 2817 2356; x_wconf 88' lang='lat' dir='ltr'>Ecclesiam</span> <span class='ocrx_word' id='word_1_305' title='bbox 2843 2316 2855 2354; x_wconf 90' lang='lat'>:</span> <span class='ocrx_word' id='word_1_306' title='bbox 2885 2317 3009 2373; x_wconf 76' lang='lat' dir='ltr'>quae</span> <span class='ocrx_word' id='word_1_307' title='bbox 3038 2300 3097 2356; x_wconf 91' lang='lat' dir='ltr'>in</span> <span class='ocrx_word' id='word_1_308' title='bbox 3128 2303 3491 2374; x_wconf 84' lang='lat' dir='ltr'>temporibus</span> 
     </span>
    </p>
   </div>
   <div class='ocr_carea' id='block_1_49' title="bbox 1852 2387 3488 2462">
    <p class='ocr_par' dir='ltr' id='par_1_49' title="bbox 1852 2387 3488 2462">
     <span class='ocr_line' id='line_1_49' title="bbox 1852 2387 3488 2462; baseline 0.004 -22"><span class='ocrx_word' id='word_1_309' title='bbox 1852 2387 2001 2443; x_wconf 84' lang='lat' dir='ltr'>facta</span> <span class='ocrx_word' id='word_1_310' title='bbox 2030 2393 2136 2454; x_wconf 87' lang='lat' dir='ltr'>est,</span> <span class='ocrx_word' id='word_1_311' title='bbox 2169 2388 2402 2460; x_wconf 88' lang='lat' dir='ltr'>quando</span> <span class='ocrx_word' id='word_1_312' title='bbox 2433 2405 2560 2444; x_wconf 90' lang='lat' dir='ltr'>eam</span> <span class='ocrx_word' id='word_1_313' title='bbox 2592 2387 2778 2443; x_wconf 90' lang='lat' dir='ltr'>minui</span> <span class='ocrx_word' id='word_1_314' title='bbox 2809 2390 3093 2462; x_wconf 87' lang='lat' dir='ltr'>contingit</span> <span class='ocrx_word' id='word_1_315' title='bbox 3122 2394 3179 2446; x_wconf 89' lang='lat' dir='ltr'>et</span> <span class='ocrx_word' id='word_1_316' title='bbox 3212 2408 3488 2447; x_wconf 88' lang='lat' dir='ltr'>crescere.</span> 
     </span>
    </p>
   </div>
   <div class='ocr_carea' id='block_1_50' title="bbox 1849 2476 3490 2549">
    <p class='ocr_par' dir='ltr' id='par_1_50' title="bbox 1849 2476 3490 2549">
     <span class='ocr_line' id='line_1_50' title="bbox 1849 2476 3490 2549; baseline 0.002 -19"><span class='ocrx_word' id='word_1_317' title='bbox 1849 2476 1942 2532; x_wconf 87' lang='lat' dir='ltr'>Sol</span> <span class='ocrx_word' id='word_1_318' title='bbox 1977 2495 1990 2533; x_wconf 89' lang='lat'>:</span> <span class='ocrx_word' id='word_1_319' title='bbox 2024 2476 2310 2544; x_wconf 88' lang='lat' dir='ltr'>Christus,</span> <span class='ocrx_word' id='word_1_320' title='bbox 2345 2476 2440 2531; x_wconf 91' lang='lat' dir='ltr'>ille</span> <span class='ocrx_word' id='word_1_321' title='bbox 2469 2477 2738 2549; x_wconf 85' lang='lat' dir='ltr'>cognovit</span> <span class='ocrx_word' id='word_1_322' title='bbox 2768 2494 3039 2534; x_wconf 89' lang='lat' dir='ltr'>occasum</span> <span class='ocrx_word' id='word_1_323' title='bbox 3070 2496 3267 2547; x_wconf 89' lang='lat' dir='ltr'>suum,</span> <span class='ocrx_word' id='word_1_324' title='bbox 3301 2479 3360 2535; x_wconf 91' lang='lat' dir='ltr'>id</span> <span class='ocrx_word' id='word_1_325' title='bbox 3400 2484 3490 2536; x_wconf 87' lang='lat' dir='ltr'>est</span> 
     </span>
    </p>
   </div>
   <div class='ocr_carea' id='block_1_51' title="bbox 1847 2564 3489 2639">
    <p class='ocr_par' dir='ltr' id='par_1_51' title="bbox 1847 2564 3489 2639">
     <span class='ocr_line' id='line_1_51' title="bbox 1847 2564 3489 2639; baseline 0.002 -20"><span class='ocrx_word' id='word_1_326' title='bbox 1847 2564 2093 2636; x_wconf 88' lang='lat' dir='ltr'>gloriam</span> <span class='ocrx_word' id='word_1_327' title='bbox 2125 2583 2241 2621; x_wconf 65' lang='lat' dir='ltr'>suae</span> <span class='ocrx_word' id='word_1_328' title='bbox 2273 2565 2734 2637; x_wconf 90' lang='lat' dir='ltr'>passionis,cum</span> <span class='ocrx_word' id='word_1_329' title='bbox 2766 2566 3068 2639; x_wconf 87' lang='lat' dir='ltr'>discipulis</span> <span class='ocrx_word' id='word_1_330' title='bbox 3100 2568 3352 2623; x_wconf 89' lang='lat' dir='ltr'>diceret:</span> <span class='ocrx_word' id='word_1_331' title='bbox 3383 2568 3489 2623; x_wconf 82' lang='lat' dir='ltr'>Ve-</span> 
     </span>
    </p>
   </div>
   <div class='ocr_carea' id='block_1_52' title="bbox 1848 2653 3489 2729">
    <p class='ocr_par' dir='ltr' id='par_1_52' title="bbox 1848 2653 3489 2729">
     <span class='ocr_line' id='line_1_52' title="bbox 1848 2653 3489 2729; baseline 0.002 -21"><span class='ocrx_word' id='word_1_332' title='bbox 1848 2654 1933 2709; x_wconf 90' lang='lat' dir='ltr'>nit</span> <span class='ocrx_word' id='word_1_333' title='bbox 1964 2654 2127 2722; x_wconf 85' lang='lat' dir='ltr'>hora,</span> <span class='ocrx_word' id='word_1_334' title='bbox 2159 2658 2215 2709; x_wconf 89' lang='lat' dir='ltr'>ct</span> <span class='ocrx_word' id='word_1_335' title='bbox 2240 2653 2420 2709; x_wconf 90' lang='lat' dir='ltr'>Filius</span> <span class='ocrx_word' id='word_1_336' title='bbox 2445 2653 2698 2709; x_wconf 90' lang='lat' dir='ltr'>hominis</span> <span class='ocrx_word' id='word_1_337' title='bbox 2733 2655 2992 2711; x_wconf 88' lang='lat' dir='ltr'>tradetur</span> <span class='ocrx_word' id='word_1_338' title='bbox 3023 2656 3082 2710; x_wconf 90' lang='lat' dir='ltr'>in</span> <span class='ocrx_word' id='word_1_339' title='bbox 3115 2672 3325 2713; x_wconf 86' lang='lat' dir='ltr'>manus</span> <span class='ocrx_word' id='word_1_340' title='bbox 3357 2674 3489 2729; x_wconf 90' lang='lat' dir='ltr'>pec-</span> 
     </span>
    </p>
   </div>
   <div class='ocr_carea' id='block_1_53' title="bbox 1845 2742 2543 2815">
    <p class='ocr_par' dir='ltr' id='par_1_53' title="bbox 1845 2742 2543 2815">
     <span class='ocr_line' id='line_1_53' title="bbox 1845 2742 2543 2815; baseline 0.003 -19"><span class='ocrx_word' id='word_1_341' title='bbox 1845 2747 2105 2797; x_wconf 88' lang='lat' dir='ltr'>catorum</span> <span class='ocrx_word' id='word_1_342' title='bbox 2130 2742 2335 2815; x_wconf 80' lang='lat' dir='ltr'>(Matth.</span> <span class='ocrx_word' id='word_1_343' title='bbox 2369 2743 2543 2813; x_wconf 71' lang='lat' dir='ltr'>xxvr).</span> 
     </span>
    </p>
   </div>
   <div class='ocr_carea' id='block_1_54' title="bbox 1842 2831 3033 2902">
    <p class='ocr_par' dir='ltr' id='par_1_54' title="bbox 1842 2831 3033 2902">
     <span class='ocr_line' id='line_1_54' title="bbox 1842 2831 3033 2902; baseline 0.001 -17"><span class='ocrx_word' id='word_1_344' title='bbox 1842 2832 1906 2885; x_wconf 85' lang='grc'>21</span> <span class='ocrx_word' id='word_1_345' title='bbox 1984 2834 2229 2887; x_wconf 81' lang='lat' dir='ltr'>Posuisti</span> <span class='ocrx_word' id='word_1_346' title='bbox 2258 2831 2505 2886; x_wconf 74' lang='lat' dir='ltr'>tenebras</span> <span class='ocrx_word' id='word_1_347' title='bbox 2532 2834 2583 2886; x_wconf 90' lang='lat' dir='ltr'>cl</span> <span class='ocrx_word' id='word_1_348' title='bbox 2603 2833 2749 2902; x_wconf 81' lang='lat' dir='ltr'>facta</span> <span class='ocrx_word' id='word_1_349' title='bbox 2778 2839 2853 2887; x_wconf 86' lang='lat' dir='ltr'>est</span> <span class='ocrx_word' id='word_1_350' title='bbox 2875 2847 2985 2887; x_wconf 68' lang='lat' dir='ltr'>no.1:</span> <span class='ocrx_word' id='word_1_351' title='bbox 3014 2850 3033 2886; x_wconf 92' lang='lat'>:</span> 
     </span>
    </p>
   </div>
   <div class='ocr_carea' id='block_1_55' title="bbox 1985 2919 3278 2991">
    <p class='ocr_par' dir='ltr' id='par_1_55' title="bbox 1985 2919 3278 2991">
     <span class='ocr_line' id='line_1_55' title="bbox 1985 2919 3278 2991; baseline 0.002 -19"><span class='ocrx_word' id='word_1_352' title='bbox 1985 2919 2043 2973; x_wconf 86' lang='lat' dir='ltr'>In</span> <span class='ocrx_word' id='word_1_353' title='bbox 2078 2920 2198 2991; x_wconf 85' lang='lat' dir='ltr'>ipsa</span> <span class='ocrx_word' id='word_1_354' title='bbox 2223 2920 2645 2990; x_wconf 82' lang='lat' dir='ltr'>pertransibunt</span> <span class='ocrx_word' id='word_1_355' title='bbox 2675 2936 2857 2976; x_wconf 86' lang='lat' dir='ltr'>omnes</span> <span class='ocrx_word' id='word_1_356' title='bbox 2888 2921 3075 2977; x_wconf 68' lang='lat' dir='ltr'>besiia?</span> <span class='ocrx_word' id='word_1_357' title='bbox 3102 2921 3278 2978; x_wconf 66' lang='lat' dir='ltr'>silvae.</span> 
     </span>
    </p>
   </div>
   <div class='ocr_carea' id='block_1_56' title="bbox 1911 3006 3484 3080">
    <p class='ocr_par' dir='ltr' id='par_1_56' title="bbox 1911 3006 3484 3080">
     <span class='ocr_line' id='line_1_56' title="bbox 1911 3006 3484 3080; baseline 0.002 -19"><span class='ocrx_word' id='word_1_358' title='bbox 1911 3006 1951 3061; x_wconf 94' lang='lat' dir='ltr'>C</span> <span class='ocrx_word' id='word_1_359' title='bbox 1981 3007 2180 3062; x_wconf 88' lang='lat' dir='ltr'>Posuit</span> <span class='ocrx_word' id='word_1_360' title='bbox 2212 3008 2478 3062; x_wconf 80' lang='lat' dir='ltr'>tenebras</span> <span class='ocrx_word' id='word_1_361' title='bbox 2506 3023 2519 3061; x_wconf 91' lang='lat'>:</span> <span class='ocrx_word' id='word_1_362' title='bbox 2545 3006 2603 3061; x_wconf 91' lang='lat' dir='ltr'>in</span> <span class='ocrx_word' id='word_1_363' title='bbox 2634 3012 2894 3080; x_wconf 88' lang='lat' dir='ltr'>tempore</span> <span class='ocrx_word' id='word_1_364' title='bbox 2921 3008 3235 3080; x_wconf 89' lang='lat' dir='ltr'>passionis,</span> <span class='ocrx_word' id='word_1_365' title='bbox 3251 3009 3484 3080; x_wconf 85' lang='lat' dir='ltr'>quando</span> 
     </span>
    </p>
   </div>
   <div class='ocr_carea' id='block_1_57' title="bbox 104 3094 3482 3172">
    <p class='ocr_par' dir='ltr' id='par_1_57' title="bbox 104 3094 3482 3172">
     <span class='ocr_line' id='line_1_57' title="bbox 104 3094 3482 3172; baseline 0.001 -23"><span class='ocrx_word' id='word_1_366' title='bbox 104 3110 221 3151; x_wconf 87' lang='lat' dir='ltr'>eam</span> <span class='ocrx_word' id='word_1_367' title='bbox 250 3097 463 3162; x_wconf 82' lang='lat' dir='ltr'>tradas,</span> <span class='ocrx_word' id='word_1_368' title='bbox 485 3097 545 3153; x_wconf 91' lang='lat' dir='ltr'>id</span> <span class='ocrx_word' id='word_1_369' title='bbox 578 3102 687 3164; x_wconf 85' lang='lat' dir='ltr'>est,</span> <span class='ocrx_word' id='word_1_370' title='bbox 710 3115 825 3169; x_wconf 66' lang='lat' dir='ltr'>prae</span> <span class='ocrx_word' id='word_1_371' title='bbox 855 3100 1203 3156; x_wconf 79' lang='lat' dir='ltr'>verecundia</span> <span class='ocrx_word' id='word_1_372' title='bbox 1229 3104 1287 3156; x_wconf 77' lang='lat' dir='ltr'>et</span> <span class='ocrx_word' id='word_1_373' title='bbox 1316 3102 1593 3172; x_wconf 73' lang='lat' dir='ltr'>patientia</span> <span class='ocrx_word' id='word_1_374' title='bbox 1614 3120 1729 3158; x_wconf 78' lang='lat' dir='ltr'>non</span> <span class='ocrx_word' id='word_1_375' title='bbox 1838 3095 1926 3150; x_wconf 91' lang='lat' dir='ltr'>sol</span> <span class='ocrx_word' id='word_1_376' title='bbox 1952 3096 2299 3151; x_wconf 90' lang='lat' dir='ltr'>obscuratus</span> <span class='ocrx_word' id='word_1_377' title='bbox 2329 3099 2437 3149; x_wconf 90' lang='lat' dir='ltr'>est.</span> <span class='ocrx_word' id='word_1_378' title='bbox 2461 3095 2583 3149; x_wconf 84' lang='lat' dir='ltr'>Nox</span> <span class='ocrx_word' id='word_1_379' title='bbox 2618 3095 2793 3151; x_wconf 89' lang='lat' dir='ltr'>etiam</span> <span class='ocrx_word' id='word_1_380' title='bbox 2826 3094 2943 3150; x_wconf 90' lang='lat' dir='ltr'>illis</span> <span class='ocrx_word' id='word_1_381' title='bbox 2976 3095 3212 3168; x_wconf 78' lang='lat' dir='ltr'>fuit,qui</span> <span class='ocrx_word' id='word_1_382' title='bbox 3233 3096 3482 3152; x_wconf 85' lang='lat' dir='ltr'>carnali-</span> 
     </span>
    </p>
   </div>
   <div class='ocr_carea' id='block_1_58' title="bbox 101 3184 1731 3255">
    <p class='ocr_par' dir='ltr' id='par_1_58' title="bbox 101 3184 1731 3255">
     <span class='ocr_line' id='line_1_58' title="bbox 101 3184 1731 3255; baseline 0.006 -17"><span class='ocrx_word' id='word_1_383' title='bbox 101 3184 324 3255; x_wconf 89' lang='lat' dir='ltr'>petenti.</span> <span class='ocrx_word' id='word_1_384' title='bbox 346 3188 392 3241; x_wconf 83' lang='lat' dir='ltr'><strong>A</strong></span> <span class='ocrx_word' id='word_1_385' title='bbox 420 3185 524 3242; x_wconf 88' lang='lat' dir='ltr'>Vel</span> <span class='ocrx_word' id='word_1_386' title='bbox 559 3186 847 3243; x_wconf 87' lang='lat' dir='ltr'>ministris</span> <span class='ocrx_word' id='word_1_387' title='bbox 874 3187 1139 3244; x_wconf 69' lang='lat' dir='ltr'>Ecclesia:</span> <span class='ocrx_word' id='word_1_388' title='bbox 1169 3190 1409 3245; x_wconf 90' lang='lat' dir='ltr'>verbum</span> <span class='ocrx_word' id='word_1_389' title='bbox 1428 3191 1526 3247; x_wconf 88' lang='lat' dir='ltr'>Dei</span> <span class='ocrx_word' id='word_1_390' title='bbox 1560 3191 1731 3248; x_wconf 86' lang='lat' dir='ltr'>mini-</span> 
     </span>
    </p>
   </div>
   <div class='ocr_carea' id='block_1_59' title="bbox 99 3274 903 3348">
    <p class='ocr_par' dir='ltr' id='par_1_59' title="bbox 99 3274 903 3348">
     <span class='ocr_line' id='line_1_59' title="bbox 99 3274 903 3348; baseline 0.007 -22"><span class='ocrx_word' id='word_1_391' title='bbox 99 3274 407 3331; x_wconf 87' lang='lat' dir='ltr'>strantibus</span> <span class='ocrx_word' id='word_1_392' title='bbox 434 3278 495 3331; x_wconf 90' lang='lat' dir='ltr'>et</span> <span class='ocrx_word' id='word_1_393' title='bbox 524 3276 903 3348; x_wconf 89' lang='lat' dir='ltr'>pauperibus.</span> 
     </span>
    </p>
   </div>
   <div class='ocr_carea' id='block_1_60' title="bbox 98 3388 1058 3463">
    <p class='ocr_par' dir='ltr' id='par_1_60' title="bbox 98 3388 1058 3463">
     <span class='ocr_line' id='line_1_60' title="bbox 98 3388 1058 3463; baseline 0.007 -22"><span class='ocrx_word' id='word_1_394' title='bbox 98 3388 159 3442; x_wconf 87' lang='grc'>16</span> <span class='ocrx_word' id='word_1_395' title='bbox 229 3390 291 3447; x_wconf 88' lang='lat' dir='ltr'>Ut</span> <span class='ocrx_word' id='word_1_396' title='bbox 315 3390 512 3447; x_wconf 83' lang='lat' dir='ltr'>educas</span> <span class='ocrx_word' id='word_1_397' title='bbox 537 3407 740 3463; x_wconf 86' lang='lat' dir='ltr'>panem</span> <span class='ocrx_word' id='word_1_398' title='bbox 766 3392 831 3448; x_wconf 87' lang='lat' dir='ltr'>de</span> <span class='ocrx_word' id='word_1_399' title='bbox 861 3400 1009 3448; x_wconf 83' lang='lat' dir='ltr'>terra</span> <span class='ocrx_word' id='word_1_400' title='bbox 1039 3411 1058 3448; x_wconf 78' lang='lat'>.-</span> 
     </span>
    </p>
   </div>
   <div class='ocr_carea' id='block_1_61' title="bbox 224 3477 1180 3550">
    <p class='ocr_par' dir='ltr' id='par_1_61' title="bbox 224 3477 1180 3550">
     <span class='ocr_line' id='line_1_61' title="bbox 224 3477 1180 3550; baseline 0.007 -19"><span class='ocrx_word' id='word_1_401' title='bbox 224 3477 288 3532; x_wconf 83' lang='lat' dir='ltr'>Et</span> <span class='ocrx_word' id='word_1_402' title='bbox 313 3479 506 3534; x_wconf 89' lang='lat' dir='ltr'>vinum</span> <span class='ocrx_word' id='word_1_403' title='bbox 539 3479 779 3550; x_wconf 73' lang='lat' dir='ltr'>laetiﬁcat</span> <span class='ocrx_word' id='word_1_404' title='bbox 806 3496 898 3536; x_wconf 91' lang='lat' dir='ltr'>cor</span> <span class='ocrx_word' id='word_1_405' title='bbox 925 3479 1180 3538; x_wconf 85' lang='lat' dir='ltr'>hominis.</span> 
     </span>
    </p>
   </div>
   <div class='ocr_carea' id='block_1_62' title="bbox 159 3564 1723 3643">
    <p class='ocr_par' dir='ltr' id='par_1_62' title="bbox 159 3564 1723 3643">
     <span class='ocr_line' id='line_1_62' title="bbox 159 3564 1723 3643; baseline 0.004 -23"><span class='ocrx_word' id='word_1_406' title='bbox 159 3564 198 3620; x_wconf 91' lang='lat' dir='ltr'>C</span> <span class='ocrx_word' id='word_1_407' title='bbox 225 3565 396 3622; x_wconf 85' lang='lat' dir='ltr'>Panis</span> <span class='ocrx_word' id='word_1_408' title='bbox 427 3572 631 3624; x_wconf 89' lang='lat' dir='ltr'>noster</span> <span class='ocrx_word' id='word_1_409' title='bbox 657 3571 749 3624; x_wconf 89' lang='lat' dir='ltr'>est</span> <span class='ocrx_word' id='word_1_410' title='bbox 772 3568 1171 3642; x_wconf 88' lang='lat' dir='ltr'>Christus,qui</span> <span class='ocrx_word' id='word_1_411' title='bbox 1193 3570 1263 3626; x_wconf 91' lang='lat' dir='ltr'>de</span> <span class='ocrx_word' id='word_1_412' title='bbox 1286 3574 1436 3627; x_wconf 89' lang='lat' dir='ltr'>terra</span> <span class='ocrx_word' id='word_1_413' title='bbox 1458 3573 1597 3643; x_wconf 90' lang='lat' dir='ltr'>prod</span> <span class='ocrx_word' id='word_1_414' title='bbox 1609 3571 1723 3627; x_wconf 90' lang='lat' dir='ltr'>uci-</span> 
     </span>
    </p>
   </div>
   <div class='ocr_carea' id='block_1_63' title="bbox 95 3653 1725 3733">
    <p class='ocr_par' dir='ltr' id='par_1_63' title="bbox 95 3653 1725 3733">
     <span class='ocr_line' id='line_1_63' title="bbox 95 3653 1725 3733; baseline 0.007 -29"><span class='ocrx_word' id='word_1_415' title='bbox 95 3653 434 3725; x_wconf 88' lang='lat' dir='ltr'>tur,quando</span> <span class='ocrx_word' id='word_1_416' title='bbox 451 3654 676 3727; x_wconf 87' lang='lat' dir='ltr'>aliquid</span> <span class='ocrx_word' id='word_1_417' title='bbox 698 3655 1253 3730; x_wconf 86' lang='lat' dir='ltr'>indigentibus,ejns</span> <span class='ocrx_word' id='word_1_418' title='bbox 1275 3675 1470 3716; x_wconf 86' lang='lat' dir='ltr'>amore</span> <span class='ocrx_word' id='word_1_419' title='bbox 1493 3664 1725 3733; x_wconf 66' lang='lat' dir='ltr'>praesta-</span> 
     </span>
    </p>
   </div>
   <div class='ocr_carea' id='block_1_64' title="bbox 93 3742 1727 3816">
    <p class='ocr_par' dir='ltr' id='par_1_64' title="bbox 93 3742 1727 3816">
     <span class='ocr_line' id='line_1_64' title="bbox 93 3742 1727 3816; baseline 0.006 -23"><span class='ocrx_word' id='word_1_420' title='bbox 93 3742 196 3796; x_wconf 87' lang='lat' dir='ltr'>tur.</span> <span class='ocrx_word' id='word_1_421' title='bbox 217 3742 429 3799; x_wconf 88' lang='lat' dir='ltr'>Vinum</span> <span class='ocrx_word' id='word_1_422' title='bbox 460 3743 720 3800; x_wconf 68' lang='lat' dir='ltr'>laitiﬁcat</span> <span class='ocrx_word' id='word_1_423' title='bbox 749 3762 848 3801; x_wconf 90' lang='lat' dir='ltr'>cor</span> <span class='ocrx_word' id='word_1_424' title='bbox 872 3762 884 3800; x_wconf 90' lang='lat'>:</span> <span class='ocrx_word' id='word_1_425' title='bbox 910 3746 965 3801; x_wconf 92' lang='lat' dir='ltr'>id</span> <span class='ocrx_word' id='word_1_426' title='bbox 996 3750 1085 3803; x_wconf 84' lang='lat' dir='ltr'>est</span> <span class='ocrx_word' id='word_1_427' title='bbox 1113 3751 1529 3816; x_wconf 89' lang='lat' dir='ltr'>mentem,cum</span> <span class='ocrx_word' id='word_1_428' title='bbox 1555 3749 1727 3804; x_wconf 88' lang='lat' dir='ltr'>fuerit</span> 
     </span>
    </p>
   </div>
   <div class='ocr_carea' id='block_1_65' title="bbox 95 3832 1725 3905">
    <p class='ocr_par' dir='ltr' id='par_1_65' title="bbox 95 3832 1725 3905">
     <span class='ocr_line' id='line_1_65' title="bbox 95 3832 1725 3905; baseline 0.007 -23"><span class='ocrx_word' id='word_1_429' title='bbox 95 3834 373 3887; x_wconf 87' lang='lat' dir='ltr'>sacratum</span> <span class='ocrx_word' id='word_1_430' title='bbox 402 3832 461 3887; x_wconf 90' lang='lat' dir='ltr'>in</span> <span class='ocrx_word' id='word_1_431' title='bbox 495 3834 842 3905; x_wconf 86' lang='lat' dir='ltr'>sanguinem</span> <span class='ocrx_word' id='word_1_432' title='bbox 876 3834 1085 3891; x_wconf 84' lang='lat' dir='ltr'>Christi</span> <span class='ocrx_word' id='word_1_433' title='bbox 1116 3840 1173 3891; x_wconf 90' lang='lat' dir='ltr'>et</span> <span class='ocrx_word' id='word_1_434' title='bbox 1214 3835 1527 3893; x_wconf 88' lang='lat' dir='ltr'>honoriﬁce</span> <span class='ocrx_word' id='word_1_435' title='bbox 1566 3854 1725 3892; x_wconf 88' lang='lat' dir='ltr'>acce-</span> 
     </span>
    </p>
   </div>
   <div class='ocr_carea' id='block_1_66' title="bbox 94 3920 1370 3996">
    <p class='ocr_par' dir='ltr' id='par_1_66' title="bbox 94 3920 1370 3996">
     <span class='ocr_line' id='line_1_66' title="bbox 94 3920 1370 3996; baseline 0.006 -25"><span class='ocrx_word' id='word_1_436' title='bbox 94 3921 269 3987; x_wconf 89' lang='lat' dir='ltr'>ptum,</span> <span class='ocrx_word' id='word_1_437' title='bbox 301 3920 440 3991; x_wconf 90' lang='lat' dir='ltr'>quia</span> <span class='ocrx_word' id='word_1_438' title='bbox 472 3920 620 3977; x_wconf 86' lang='lat' dir='ltr'>nihil</span> <span class='ocrx_word' id='word_1_439' title='bbox 646 3922 726 3978; x_wconf 90' lang='lat' dir='ltr'>ibi</span> <span class='ocrx_word' id='word_1_440' title='bbox 758 3921 1047 3995; x_wconf 89' lang='lat' dir='ltr'>culpabile</span> <span class='ocrx_word' id='word_1_441' title='bbox 1069 3924 1370 3996; x_wconf 91' lang='lat' dir='ltr'>reperitur.</span> 
     </span>
    </p>
   </div>
   <div class='ocr_carea' id='block_1_67' title="bbox 96 4033 1100 4110">
    <p class='ocr_par' dir='ltr' id='par_1_67' title="bbox 96 4033 1100 4110">
     <span class='ocr_line' id='line_1_67' title="bbox 96 4033 1100 4110; baseline 0.007 -22"><span class='ocrx_word' id='word_1_442' title='bbox 96 4033 156 4088; x_wconf 88' lang='grc'>17</span> <span class='ocrx_word' id='word_1_443' title='bbox 227 4036 288 4093; x_wconf 88' lang='lat' dir='ltr'>Ut</span> <span class='ocrx_word' id='word_1_444' title='bbox 314 4037 592 4094; x_wconf 66' lang='lat' dir='ltr'>euthilaret</span> <span class='ocrx_word' id='word_1_445' title='bbox 616 4039 819 4110; x_wconf 83' lang='lat' dir='ltr'>faciem</span> <span class='ocrx_word' id='word_1_446' title='bbox 846 4039 908 4095; x_wconf 87' lang='lat' dir='ltr'>in</span> <span class='ocrx_word' id='word_1_447' title='bbox 937 4040 1052 4095; x_wconf 89' lang='lat' dir='ltr'>oleo</span> <span class='ocrx_word' id='word_1_448' title='bbox 1081 4058 1100 4095; x_wconf 88' lang='lat'>:</span> 
     </span>
    </p>
   </div>
   <div class='ocr_carea' id='block_1_68' title="bbox 223 4125 1195 4199">
    <p class='ocr_par' dir='ltr' id='par_1_68' title="bbox 223 4125 1195 4199">
     <span class='ocr_line' id='line_1_68' title="bbox 223 4125 1195 4199; baseline 0.005 -21"><span class='ocrx_word' id='word_1_449' title='bbox 223 4125 285 4179; x_wconf 84' lang='lat' dir='ltr'>Et</span> <span class='ocrx_word' id='word_1_450' title='bbox 312 4128 476 4196; x_wconf 86' lang='lat' dir='ltr'>panis</span> <span class='ocrx_word' id='word_1_451' title='bbox 506 4140 603 4183; x_wconf 89' lang='lat' dir='ltr'>cor</span> <span class='ocrx_word' id='word_1_452' title='bbox 632 4126 871 4184; x_wconf 82' lang='lat' dir='ltr'>hominis</span> <span class='ocrx_word' id='word_1_453' title='bbox 901 4129 1195 4199; x_wconf 78' lang='lat' dir='ltr'>conﬁrmet.</span> 
     </span>
    </p>
   </div>
   <div class='ocr_carea' id='block_1_69' title="bbox 152 4210 1728 4291">
    <p class='ocr_par' dir='ltr' id='par_1_69' title="bbox 152 4210 1728 4291">
     <span class='ocr_line' id='line_1_69' title="bbox 152 4210 1728 4291; baseline 0.004 -24"><span class='ocrx_word' id='word_1_454' title='bbox 152 4210 192 4266; x_wconf 88' lang='lat' dir='ltr'>C</span> <span class='ocrx_word' id='word_1_455' title='bbox 220 4212 594 4270; x_wconf 85' lang='lat' dir='ltr'>Exhilaratur</span> <span class='ocrx_word' id='word_1_456' title='bbox 623 4214 800 4272; x_wconf 86' lang='lat' dir='ltr'>facies</span> <span class='ocrx_word' id='word_1_457' title='bbox 830 4233 1061 4289; x_wconf 90' lang='lat' dir='ltr'>quoque</span> <span class='ocrx_word' id='word_1_458' title='bbox 1087 4217 1145 4272; x_wconf 93' lang='lat' dir='ltr'>in</span> <span class='ocrx_word' id='word_1_459' title='bbox 1178 4216 1302 4273; x_wconf 92' lang='lat' dir='ltr'>oleo</span> <span class='ocrx_word' id='word_1_460' title='bbox 1328 4236 1340 4273; x_wconf 93' lang='lat'>:</span> <span class='ocrx_word' id='word_1_461' title='bbox 1366 4234 1499 4274; x_wconf 89' lang='lat' dir='ltr'>cum</span> <span class='ocrx_word' id='word_1_462' title='bbox 1552 4218 1728 4291; x_wconf 88' lang='lat' dir='ltr'>regali</span> 
     </span>
    </p>
   </div>
   <div class='ocr_carea' id='block_1_70' title="bbox 89 4297 1728 4377">
    <p class='ocr_par' dir='ltr' id='par_1_70' title="bbox 89 4297 1728 4377">
     <span class='ocr_line' id='line_1_70' title="bbox 89 4297 1728 4377; baseline 0.005 -24"><span class='ocrx_word' id='word_1_463' title='bbox 89 4297 389 4357; x_wconf 87' lang='lat' dir='ltr'>chrismate</span> <span class='ocrx_word' id='word_1_464' title='bbox 418 4303 683 4377; x_wconf 88' lang='lat' dir='ltr'>ungitur.</span> <span class='ocrx_word' id='word_1_465' title='bbox 712 4304 758 4360; x_wconf 87' lang='lat' dir='ltr'><strong>H</strong></span> <span class='ocrx_word' id='word_1_466' title='bbox 788 4304 889 4360; x_wconf 81' lang='lat' dir='ltr'>Vel</span> <span class='ocrx_word' id='word_1_467' title='bbox 923 4305 1326 4362; x_wconf 88' lang='lat' dir='ltr'>misericordia</span> <span class='ocrx_word' id='word_1_468' title='bbox 1354 4306 1637 4363; x_wconf 84' lang='lat' dir='ltr'>exhilarat</span> <span class='ocrx_word' id='word_1_469' title='bbox 1667 4307 1728 4362; x_wconf 88' lang='lat' dir='ltr'>in</span> 
     </span>
    </p>
   </div>
   <div class='ocr_carea' id='block_1_71' title="bbox 85 4385 1727 4462">
    <p class='ocr_par' dir='ltr' id='par_1_71' title="bbox 85 4385 1727 4462">
     <span class='ocr_line' id='line_1_71' title="bbox 85 4385 1727 4462; baseline 0.006 -21"><span class='ocrx_word' id='word_1_470' title='bbox 85 4385 203 4443; x_wconf 89' lang='lat' dir='ltr'>oleo</span> <span class='ocrx_word' id='word_1_471' title='bbox 231 4388 404 4446; x_wconf 85' lang='lat' dir='ltr'>facies</span> <span class='ocrx_word' id='word_1_472' title='bbox 427 4392 733 4462; x_wconf 82' lang='lat' dir='ltr'>justorum</span> <span class='ocrx_word' id='word_1_473' title='bbox 767 4408 965 4449; x_wconf 86' lang='lat' dir='ltr'>coram</span> <span class='ocrx_word' id='word_1_474' title='bbox 992 4394 1129 4450; x_wconf 88' lang='lat' dir='ltr'>Deo.</span> <span class='ocrx_word' id='word_1_475' title='bbox 1164 4394 1337 4451; x_wconf 87' lang='lat' dir='ltr'>Panis</span> <span class='ocrx_word' id='word_1_476' title='bbox 1364 4394 1457 4451; x_wconf 90' lang='lat' dir='ltr'>hic</span> <span class='ocrx_word' id='word_1_477' title='bbox 1488 4396 1559 4450; x_wconf 90' lang='lat' dir='ltr'>ad</span> <span class='ocrx_word' id='word_1_478' title='bbox 1598 4396 1727 4451; x_wconf 86' lang='lat' dir='ltr'>ani-</span> 
     </span>
    </p>
   </div>
   <div class='ocr_carea' id='block_1_72' title="bbox 86 4478 1727 4553">
    <p class='ocr_par' dir='ltr' id='par_1_72' title="bbox 86 4478 1727 4553">
     <span class='ocr_line' id='line_1_72' title="bbox 86 4478 1727 4553; baseline 0.006 -25"><span class='ocrx_word' id='word_1_479' title='bbox 86 4489 233 4531; x_wconf 88' lang='lat' dir='ltr'>mam</span> <span class='ocrx_word' id='word_1_480' title='bbox 264 4478 611 4536; x_wconf 83' lang='lat' dir='ltr'>referendus</span> <span class='ocrx_word' id='word_1_481' title='bbox 642 4484 749 4546; x_wconf 89' lang='lat' dir='ltr'>est,</span> <span class='ocrx_word' id='word_1_482' title='bbox 784 4480 886 4552; x_wconf 90' lang='lat' dir='ltr'>qui</span> <span class='ocrx_word' id='word_1_483' title='bbox 915 4481 1201 4553; x_wconf 84' lang='lat' dir='ltr'>perfectos</span> <span class='ocrx_word' id='word_1_484' title='bbox 1231 4483 1409 4538; x_wconf 83' lang='lat' dir='ltr'>efﬁcit</span> <span class='ocrx_word' id='word_1_485' title='bbox 1453 4482 1727 4539; x_wconf 90' lang='lat' dir='ltr'>Christia-</span> 
     </span>
    </p>
   </div>
   <div class='ocr_carea' id='block_1_73' title="bbox 90 4566 1468 4642">
    <p class='ocr_par' dir='ltr' id='par_1_73' title="bbox 90 4566 1468 4642">
     <span class='ocr_line' id='line_1_73' title="bbox 90 4566 1468 4642; baseline 0.007 -27"><span class='ocrx_word' id='word_1_486' title='bbox 90 4578 207 4618; x_wconf 89' lang='lat' dir='ltr'>nos.</span> <span class='ocrx_word' id='word_1_487' title='bbox 239 4566 282 4620; x_wconf 86' lang='lat' dir='ltr'><strong>A</strong></span> <span class='ocrx_word' id='word_1_488' title='bbox 309 4566 581 4624; x_wconf 88' lang='lat' dir='ltr'>Christus</span> <span class='ocrx_word' id='word_1_489' title='bbox 611 4567 708 4624; x_wconf 90' lang='lat' dir='ltr'>ille</span> <span class='ocrx_word' id='word_1_490' title='bbox 733 4568 902 4640; x_wconf 89' lang='lat' dir='ltr'>panis</span> <span class='ocrx_word' id='word_1_491' title='bbox 931 4574 1040 4637; x_wconf 85' lang='lat' dir='ltr'>est,</span> <span class='ocrx_word' id='word_1_492' title='bbox 1075 4570 1193 4626; x_wconf 89' lang='lat' dir='ltr'>sive</span> <span class='ocrx_word' id='word_1_493' title='bbox 1214 4569 1468 4642; x_wconf 87' lang='lat' dir='ltr'>justitia.</span> 
     </span>
    </p>
   </div>
   <div class='ocr_carea' id='block_1_74' title="bbox 90 4678 1436 4757">
    <p class='ocr_par' dir='ltr' id='par_1_74' title="bbox 90 4678 1436 4757">
     <span class='ocr_line' id='line_1_74' title="bbox 90 4678 1436 4757; baseline 0.007 -26"><span class='ocrx_word' id='word_1_494' title='bbox 90 4678 150 4732; x_wconf 90' lang='grc'>18</span> <span class='ocrx_word' id='word_1_495' title='bbox 217 4681 632 4739; x_wconf 83' lang='lat' dir='ltr'>Saturabuntur</span> <span class='ocrx_word' id='word_1_496' title='bbox 656 4684 811 4755; x_wconf 87' lang='lat' dir='ltr'>ligna</span> <span class='ocrx_word' id='word_1_497' title='bbox 836 4687 1019 4757; x_wconf 90' lang='lat' dir='ltr'>campi</span> <span class='ocrx_word' id='word_1_498' title='bbox 1058 4691 1113 4751; x_wconf 71' lang='lat' dir='ltr'>-j-</span> <span class='ocrx_word' id='word_1_499' title='bbox 1136 4693 1189 4742; x_wconf 86' lang='lat' dir='ltr'>et</span> <span class='ocrx_word' id='word_1_500' title='bbox 1228 4692 1241 4750; x_wconf 74' lang='grc' dir='ltr'>ζ</span> <span class='ocrx_word' id='word_1_501' title='bbox 1285 4685 1436 4741; x_wconf 84' lang='lat' dir='ltr'>cedri</span> 
     </span>
    </p>
   </div>
   <div class='ocr_carea' id='block_1_75' title="bbox 226 4770 945 4845">
    <p class='ocr_par' dir='ltr' id='par_1_75' title="bbox 226 4770 945 4845">
     <span class='ocr_line' id='line_1_75' title="bbox 226 4770 945 4845; baseline 0.007 -21"><span class='ocrx_word' id='word_1_502' title='bbox 226 4770 428 4829; x_wconf 86' lang='lat' dir='ltr'>Libani</span> <span class='ocrx_word' id='word_1_503' title='bbox 456 4789 596 4845; x_wconf 87' lang='lat' dir='ltr'>quas</span> <span class='ocrx_word' id='word_1_504' title='bbox 621 4773 900 4844; x_wconf 83' lang='lat' dir='ltr'>plantavit</span> <span class='ocrx_word' id='word_1_505' title='bbox 931 4790 945 4829; x_wconf 91' lang='lat'>:</span> 
     </span>
    </p>
   </div>
   <div class='ocr_carea' id='block_1_76' title="bbox 213 4858 1017 4932">
    <p class='ocr_par' dir='ltr' id='par_1_76' title="bbox 213 4858 1017 4932">
     <span class='ocr_line' id='line_1_76' title="bbox 213 4858 1017 4932; baseline 0.005 -20"><span class='ocrx_word' id='word_1_506' title='bbox 213 4858 333 4914; x_wconf 87' lang='lat' dir='ltr'>Illic</span> <span class='ocrx_word' id='word_1_507' title='bbox 355 4876 605 4932; x_wconf 84' lang='lat' dir='ltr'>passeres</span> <span class='ocrx_word' id='word_1_508' title='bbox 635 4861 1017 4932; x_wconf 78' lang='lat' dir='ltr'>nidiﬁcabunt.</span> 
     </span>
    </p>
   </div>
   <div class='ocr_carea' id='block_1_77' title="bbox 150 4942 1714 5025">
    <p class='ocr_par' dir='ltr' id='par_1_77' title="bbox 150 4942 1714 5025">
     <span class='ocr_line' id='line_1_77' title="bbox 150 4942 1714 5025; baseline 0.005 -26"><span class='ocrx_word' id='word_1_509' title='bbox 150 4942 192 5000; x_wconf 90' lang='lat' dir='ltr'>H</span> <span class='ocrx_word' id='word_1_510' title='bbox 212 4948 684 5005; x_wconf 87' lang='lat' dir='ltr'>Saturabuntur:</span> <span class='ocrx_word' id='word_1_511' title='bbox 713 4950 784 5006; x_wconf 86' lang='lat' dir='ltr'>de</span> <span class='ocrx_word' id='word_1_512' title='bbox 807 4966 943 5006; x_wconf 89' lang='lat' dir='ltr'>vera</span> <span class='ocrx_word' id='word_1_513' title='bbox 973 4949 1251 5025; x_wconf 89' lang='lat' dir='ltr'>religione</span> <span class='ocrx_word' id='word_1_514' title='bbox 1274 4950 1714 5023; x_wconf 86' lang='lat' dir='ltr'>Christi.Ligna,</span> 
     </span>
    </p>
   </div>
   <div class='ocr_carea' id='block_1_78' title="bbox 84 5028 1719 5096">
    <p class='ocr_par' dir='ltr' id='par_1_78' title="bbox 84 5028 1719 5096">
     <span class='ocr_line' id='line_1_78' title="bbox 84 5028 1719 5096; baseline 0.009 -14"><span class='ocrx_word' id='word_1_515' title='bbox 84 5028 134 5083; x_wconf 88' lang='lat' dir='ltr'>id</span> <span class='ocrx_word' id='word_1_516' title='bbox 163 5038 247 5088; x_wconf 89' lang='lat' dir='ltr'>est</span> <span class='ocrx_word' id='word_1_517' title='bbox 277 5035 659 5093; x_wconf 88' lang='lat' dir='ltr'>rationabiles</span> <span class='ocrx_word' id='word_1_518' title='bbox 689 5036 975 5095; x_wconf 88' lang='lat' dir='ltr'>homines.</span> <span class='ocrx_word' id='word_1_519' title='bbox 1000 5038 1163 5094; x_wconf 88' lang='lat' dir='ltr'>Cedri</span> <span class='ocrx_word' id='word_1_520' title='bbox 1195 5056 1208 5095; x_wconf 91' lang='lat'>:</span> <span class='ocrx_word' id='word_1_521' title='bbox 1243 5040 1586 5096; x_wconf 82' lang='lat' dir='ltr'>excelsiores</span> <span class='ocrx_word' id='word_1_522' title='bbox 1606 5057 1719 5096; x_wconf 88' lang='lat' dir='ltr'>me-</span> 
     </span>
    </p>
   </div>
   <div class='ocr_carea' id='block_1_79' title="bbox 1835 3182 3481 3240">
    <p class='ocr_par' dir='ltr' id='par_1_79' title="bbox 1835 3182 3481 3240">
     <span class='ocr_line' id='line_1_79' title="bbox 1835 3182 3481 3240; baseline 0.001 -1"><span class='ocrx_word' id='word_1_523' title='bbox 1835 3188 1924 3239; x_wconf 88' lang='lat' dir='ltr'>ter</span> <span class='ocrx_word' id='word_1_524' title='bbox 1943 3182 2237 3239; x_wconf 88' lang='lat' dir='ltr'>Christum</span> <span class='ocrx_word' id='word_1_525' title='bbox 2257 3182 2316 3237; x_wconf 91' lang='lat' dir='ltr'>in</span> <span class='ocrx_word' id='word_1_526' title='bbox 2335 3199 2502 3237; x_wconf 88' lang='lat' dir='ltr'>cruce</span> <span class='ocrx_word' id='word_1_527' title='bbox 2524 3182 2802 3238; x_wconf 85' lang='lat' dir='ltr'>intuendo</span> <span class='ocrx_word' id='word_1_528' title='bbox 2825 3184 3067 3239; x_wconf 89' lang='lat' dir='ltr'>comiter</span> <span class='ocrx_word' id='word_1_529' title='bbox 3109 3183 3481 3240; x_wconf 75' lang='lat' dir='ltr'>aestimabant</span> 
     </span>
    </p>
   </div>
   <div class='ocr_carea' id='block_1_80' title="bbox 1835 3270 3474 3329">
    <p class='ocr_par' dir='ltr' id='par_1_80' title="bbox 1835 3270 3474 3329">
     <span class='ocr_line' id='line_1_80' title="bbox 1835 3270 3474 3329; baseline 0.001 -2"><span class='ocrx_word' id='word_1_530' title='bbox 1835 3270 2002 3328; x_wconf 91' lang='lat' dir='ltr'>mori.</span> <span class='ocrx_word' id='word_1_531' title='bbox 2035 3276 2099 3327; x_wconf 88' lang='lat' dir='ltr'>In</span> <span class='ocrx_word' id='word_1_532' title='bbox 2130 3274 2237 3327; x_wconf 88' lang='lat' dir='ltr'>hac</span> <span class='ocrx_word' id='word_1_533' title='bbox 2269 3274 2434 3326; x_wconf 89' lang='lat' dir='ltr'>nocte</span> <span class='ocrx_word' id='word_1_534' title='bbox 2486 3270 2682 3326; x_wconf 75' lang='lat' dir='ltr'>bestia:</span> <span class='ocrx_word' id='word_1_535' title='bbox 2732 3271 2995 3326; x_wconf 82' lang='lat' dir='ltr'>exierunt</span> <span class='ocrx_word' id='word_1_536' title='bbox 3026 3287 3039 3325; x_wconf 91' lang='lat'>:</span> <span class='ocrx_word' id='word_1_537' title='bbox 3072 3271 3129 3326; x_wconf 86' lang='lat' dir='ltr'>id</span> <span class='ocrx_word' id='word_1_538' title='bbox 3156 3279 3235 3327; x_wconf 88' lang='lat' dir='ltr'>est</span> <span class='ocrx_word' id='word_1_539' title='bbox 3267 3272 3474 3329; x_wconf 63' lang='lat' dir='ltr'>daemo-</span> 
     </span>
    </p>
   </div>
   <div class='ocr_carea' id='block_1_81' title="bbox 1831 3359 3468 3433">
    <p class='ocr_par' dir='ltr' id='par_1_81' title="bbox 1831 3359 3468 3433">
     <span class='ocr_line' id='line_1_81' title="bbox 1831 3359 3468 3433; baseline -0.001 -17"><span class='ocrx_word' id='word_1_540' title='bbox 1831 3378 1924 3416; x_wconf 88' lang='lat' dir='ltr'>nes</span> <span class='ocrx_word' id='word_1_541' title='bbox 1948 3367 2250 3433; x_wconf 66' lang='lat' dir='ltr'>quaerentes</span> <span class='ocrx_word' id='word_1_542' title='bbox 2274 3361 2485 3432; x_wconf 82' lang='lat' dir='ltr'>aliquos</span> <span class='ocrx_word' id='word_1_543' title='bbox 2502 3360 2776 3415; x_wconf 85' lang='lat' dir='ltr'>devorare.</span> <span class='ocrx_word' id='word_1_544' title='bbox 2809 3360 2855 3414; x_wconf 90' lang='lat' dir='ltr'><strong>H</strong></span> <span class='ocrx_word' id='word_1_545' title='bbox 2888 3359 3110 3427; x_wconf 85' lang='lat' dir='ltr'>Quando</span> <span class='ocrx_word' id='word_1_546' title='bbox 3137 3368 3190 3415; x_wconf 89' lang='lat' dir='ltr'>et</span> <span class='ocrx_word' id='word_1_547' title='bbox 3213 3362 3370 3415; x_wconf 89' lang='lat' dir='ltr'>nobis</span> <span class='ocrx_word' id='word_1_548' title='bbox 3385 3361 3468 3416; x_wconf 87' lang='lat' dir='ltr'>sol</span> 
     </span>
    </p>
   </div>
   <div class='ocr_carea' id='block_1_82' title="bbox 1753 3434 3466 3522">
    <p class='ocr_par' dir='ltr' id='par_1_82' title="bbox 1753 3434 3466 3522">
     <span class='ocr_line' id='line_1_82' title="bbox 1753 3434 3466 3522; baseline 0.002 -21"><span class='ocrx_word' id='word_1_549' title='bbox 1753 3434 1796 3501; x_wconf 87' lang='lat' dir='ltr'>C</span> <span class='ocrx_word' id='word_1_550' title='bbox 1824 3451 2061 3522; x_wconf 69' lang='lat' dir='ltr'>justitiae</span> <span class='ocrx_word' id='word_1_551' title='bbox 2091 3450 2300 3514; x_wconf 87' lang='lat' dir='ltr'>occidit,</span> <span class='ocrx_word' id='word_1_552' title='bbox 2322 3450 2506 3505; x_wconf 87' lang='lat' dir='ltr'>omnia</span> <span class='ocrx_word' id='word_1_553' title='bbox 2551 3450 2790 3506; x_wconf 55' lang='lat' dir='ltr'>tenebrae</span> <span class='ocrx_word' id='word_1_554' title='bbox 2833 3454 2977 3515; x_wconf 84' lang='lat' dir='ltr'>sunt,</span> <span class='ocrx_word' id='word_1_555' title='bbox 3009 3455 3061 3502; x_wconf 87' lang='lat' dir='ltr'>et</span> <span class='ocrx_word' id='word_1_556' title='bbox 3106 3455 3232 3504; x_wconf 88' lang='lat' dir='ltr'>tunc</span> <span class='ocrx_word' id='word_1_557' title='bbox 3279 3448 3340 3502; x_wconf 89' lang='lat' dir='ltr'>in</span> <span class='ocrx_word' id='word_1_558' title='bbox 3367 3463 3466 3504; x_wconf 88' lang='lat' dir='ltr'>nos</span> 
     </span>
    </p>
   </div>
   <div class='ocr_carea' id='block_1_83' title="bbox 1825 3534 3298 3611">
    <p class='ocr_par' dir='ltr' id='par_1_83' title="bbox 1825 3534 3298 3611">
     <span class='ocr_line' id='line_1_83' title="bbox 1825 3534 3298 3611; baseline -0.001 -17"><span class='ocrx_word' id='word_1_559' title='bbox 1825 3546 2205 3611; x_wconf 84' lang='lat' dir='ltr'>pertranseunt</span> <span class='ocrx_word' id='word_1_560' title='bbox 2234 3537 2357 3592; x_wconf 55' lang='lat' dir='ltr'>ista).</span> <span class='ocrx_word' id='word_1_561' title='bbox 2390 3536 2585 3592; x_wconf 66' lang='lat' dir='ltr'>bestiae</span> <span class='ocrx_word' id='word_1_562' title='bbox 2615 3536 2791 3603; x_wconf 67' lang='lat' dir='ltr'>silvae,</span> <span class='ocrx_word' id='word_1_563' title='bbox 2825 3535 3039 3592; x_wconf 90' lang='lat' dir='ltr'>diaboli</span> <span class='ocrx_word' id='word_1_564' title='bbox 3060 3534 3298 3592; x_wconf 90' lang='lat' dir='ltr'>scilicet.</span> 
     </span>
    </p>
   </div>
   <div class='ocr_carea' id='block_1_84' title="bbox 1829 3626 3261 3697">
    <p class='ocr_par' dir='ltr' id='par_1_84' title="bbox 1829 3626 3261 3697">
     <span class='ocr_line' id='line_1_84' title="bbox 1829 3626 3261 3697; baseline -0.002 -15"><span class='ocrx_word' id='word_1_565' title='bbox 1829 3631 1901 3682; x_wconf 88' lang='lat'>22</span> <span class='ocrx_word' id='word_1_566' title='bbox 1988 3633 2042 3692; x_wconf 60' lang='grc' dir='ltr'>μέ·</span> <span class='ocrx_word' id='word_1_567' title='bbox 2073 3628 2261 3682; x_wconf 88' lang='lat' dir='ltr'>Catuli</span> <span class='ocrx_word' id='word_1_568' title='bbox 2328 3633 2341 3691; x_wconf 75' lang='grc' dir='ltr'>ζ</span> <span class='ocrx_word' id='word_1_569' title='bbox 2388 3626 2604 3681; x_wconf 78' lang='lat' dir='ltr'>leonum</span> <span class='ocrx_word' id='word_1_570' title='bbox 2634 3627 2905 3696; x_wconf 84' lang='lat' dir='ltr'>rugientes</span> <span class='ocrx_word' id='word_1_571' title='bbox 2936 3633 2994 3681; x_wconf 88' lang='lat' dir='ltr'>ut</span> <span class='ocrx_word' id='word_1_572' title='bbox 3022 3626 3261 3697; x_wconf 89' lang='lat' dir='ltr'>rapiant.</span> 
     </span>
    </p>
   </div>
   <div class='ocr_carea' id='block_1_85' title="bbox 1972 3715 2882 3787">
    <p class='ocr_par' dir='ltr' id='par_1_85' title="bbox 1972 3715 2882 3787">
     <span class='ocr_line' id='line_1_85' title="bbox 1972 3715 2882 3787; baseline 0 -17"><span class='ocrx_word' id='word_1_573' title='bbox 1972 3718 2039 3770; x_wconf 85' lang='lat' dir='ltr'>Et</span> <span class='ocrx_word' id='word_1_574' title='bbox 2068 3719 2319 3787; x_wconf 69' lang='lat' dir='ltr'>quaerant</span> <span class='ocrx_word' id='word_1_575' title='bbox 2348 3732 2381 3769; x_wconf 90' lang='lat' dir='ltr'>a</span> <span class='ocrx_word' id='word_1_576' title='bbox 2414 3720 2526 3771; x_wconf 87' lang='lat' dir='ltr'>Deo</span> <span class='ocrx_word' id='word_1_577' title='bbox 2556 3731 2730 3771; x_wconf 89' lang='lat' dir='ltr'>escam</span> <span class='ocrx_word' id='word_1_578' title='bbox 2753 3715 2882 3770; x_wconf 84' lang='lat' dir='ltr'>sibi.</span> 
     </span>
    </p>
   </div>
   <div class='ocr_carea' id='block_1_86' title="bbox 1904 3802 3472 3875">
    <p class='ocr_par' dir='ltr' id='par_1_86' title="bbox 1904 3802 3472 3875">
     <span class='ocr_line' id='line_1_86' title="bbox 1904 3802 3472 3875; baseline -0.001 -17"><span class='ocrx_word' id='word_1_579' title='bbox 1904 3803 1945 3858; x_wconf 77' lang='grc' dir='ltr'><strong>Ο</strong></span> <span class='ocrx_word' id='word_1_580' title='bbox 1974 3805 2192 3859; x_wconf 87' lang='lat' dir='ltr'>Leones</span> <span class='ocrx_word' id='word_1_581' title='bbox 2217 3821 2229 3859; x_wconf 92' lang='lat'>:</span> <span class='ocrx_word' id='word_1_582' title='bbox 2257 3802 2518 3859; x_wconf 85' lang='lat' dir='ltr'>diabolos</span> <span class='ocrx_word' id='word_1_583' title='bbox 2550 3802 2884 3875; x_wconf 86' lang='lat' dir='ltr'>signiﬁcant</span> <span class='ocrx_word' id='word_1_584' title='bbox 2912 3806 3145 3875; x_wconf 87' lang='lat' dir='ltr'>propter</span> <span class='ocrx_word' id='word_1_585' title='bbox 3165 3802 3472 3859; x_wconf 85' lang='lat' dir='ltr'>crudelita-</span> 
     </span>
    </p>
   </div>
   <div class='ocr_carea' id='block_1_87' title="bbox 1838 3890 3472 3965">
    <p class='ocr_par' dir='ltr' id='par_1_87' title="bbox 1838 3890 3472 3965">
     <span class='ocr_line' id='line_1_87' title="bbox 1838 3890 3472 3965; baseline -0.001 -17"><span class='ocrx_word' id='word_1_586' title='bbox 1838 3895 1973 3948; x_wconf 89' lang='lat' dir='ltr'>tem.</span> <span class='ocrx_word' id='word_1_587' title='bbox 2008 3892 2193 3948; x_wconf 89' lang='lat' dir='ltr'>Catuli</span> <span class='ocrx_word' id='word_1_588' title='bbox 2228 3892 2383 3965; x_wconf 84' lang='lat' dir='ltr'>(dicti</span> <span class='ocrx_word' id='word_1_589' title='bbox 2417 3908 2482 3948; x_wconf 92' lang='lat' dir='ltr'>eo</span> <span class='ocrx_word' id='word_1_590' title='bbox 2508 3893 2660 3964; x_wconf 84' lang='lat' dir='ltr'>quod</span> <span class='ocrx_word' id='word_1_591' title='bbox 2708 3890 2957 3947; x_wconf 85' lang='lat' dir='ltr'>calleant</span> <span class='ocrx_word' id='word_1_592' title='bbox 3002 3908 3178 3948; x_wconf 91' lang='lat' dir='ltr'>sensu</span> <span class='ocrx_word' id='word_1_593' title='bbox 3218 3891 3472 3961; x_wconf 88' lang='lat' dir='ltr'>narium)</span> 
     </span>
    </p>
   </div>
   <div class='ocr_carea' id='block_1_88' title="bbox 1835 3979 3471 4053">
    <p class='ocr_par' dir='ltr' id='par_1_88' title="bbox 1835 3979 3471 4053">
     <span class='ocr_line' id='line_1_88' title="bbox 1835 3979 3471 4053; baseline -0.001 -17"><span class='ocrx_word' id='word_1_594' title='bbox 1835 3980 2169 4053; x_wconf 85' lang='lat' dir='ltr'>signiﬁcant</span> <span class='ocrx_word' id='word_1_595' title='bbox 2194 3980 2492 4035; x_wconf 88' lang='lat' dir='ltr'>ministros</span> <span class='ocrx_word' id='word_1_596' title='bbox 2513 3979 2863 4051; x_wconf 90' lang='lat' dir='ltr'>diaboli,qui</span> <span class='ocrx_word' id='word_1_597' title='bbox 2897 3980 3136 4052; x_wconf 88' lang='lat' dir='ltr'>rugiunt</span> <span class='ocrx_word' id='word_1_598' title='bbox 3164 3984 3230 4035; x_wconf 92' lang='lat' dir='ltr'>ut</span> <span class='ocrx_word' id='word_1_599' title='bbox 3258 3996 3471 4036; x_wconf 88' lang='lat' dir='ltr'>nocen-</span> 
     </span>
    </p>
   </div>
   <div class='ocr_carea' id='block_1_89' title="bbox 1834 4068 3473 4141">
    <p class='ocr_par' dir='ltr' id='par_1_89' title="bbox 1834 4068 3473 4141">
     <span class='ocr_line' id='line_1_89' title="bbox 1834 4068 3473 4141; baseline -0.001 -17"><span class='ocrx_word' id='word_1_600' title='bbox 1834 4073 1953 4124; x_wconf 88' lang='lat' dir='ltr'>tem</span> <span class='ocrx_word' id='word_1_601' title='bbox 2003 4070 2264 4141; x_wconf 88' lang='lat' dir='ltr'>perdant.</span> <span class='ocrx_word' id='word_1_602' title='bbox 2299 4071 2574 4134; x_wconf 85' lang='lat' dir='ltr'>Quacrunt</span> <span class='ocrx_word' id='word_1_603' title='bbox 2617 4084 2751 4124; x_wconf 89' lang='lat' dir='ltr'>vero</span> <span class='ocrx_word' id='word_1_604' title='bbox 2799 4068 2973 4123; x_wconf 87' lang='lat' dir='ltr'>istam</span> <span class='ocrx_word' id='word_1_605' title='bbox 3024 4084 3218 4123; x_wconf 89' lang='lat' dir='ltr'>escam</span> <span class='ocrx_word' id='word_1_606' title='bbox 3247 4085 3282 4122; x_wconf 90' lang='lat' dir='ltr'>a</span> <span class='ocrx_word' id='word_1_607' title='bbox 3308 4068 3425 4123; x_wconf 90' lang='lat' dir='ltr'>Deo</span> <span class='ocrx_word' id='word_1_608' title='bbox 3458 4085 3473 4122; x_wconf 90' lang='lat'>:</span> 
     </span>
    </p>
   </div>
   <div class='ocr_carea' id='block_1_90' title="bbox 1836 4155 3478 4229">
    <p class='ocr_par' dir='ltr' id='par_1_90' title="bbox 1836 4155 3478 4229">
     <span class='ocr_line' id='line_1_90' title="bbox 1836 4155 3478 4229; baseline -0.001 -18"><span class='ocrx_word' id='word_1_609' title='bbox 1836 4174 2005 4212; x_wconf 89' lang='lat' dir='ltr'>nemo</span> <span class='ocrx_word' id='word_1_610' title='bbox 2035 4156 2190 4212; x_wconf 89' lang='lat' dir='ltr'>enim</span> <span class='ocrx_word' id='word_1_611' title='bbox 2237 4156 2557 4211; x_wconf 88' lang='lat' dir='ltr'>immundis</span> <span class='ocrx_word' id='word_1_612' title='bbox 2601 4155 2905 4229; x_wconf 88' lang='lat' dir='ltr'>spiritibus</span> <span class='ocrx_word' id='word_1_613' title='bbox 2951 4155 3073 4228; x_wconf 91' lang='lat' dir='ltr'>rapi</span> <span class='ocrx_word' id='word_1_614' title='bbox 3125 4159 3333 4228; x_wconf 90' lang='lat' dir='ltr'>potest,</span> <span class='ocrx_word' id='word_1_615' title='bbox 3363 4155 3478 4211; x_wconf 90' lang='lat' dir='ltr'>nisi</span> 
     </span>
    </p>
   </div>
   <div class='ocr_carea' id='block_1_91' title="bbox 1836 4242 3482 4318">
    <p class='ocr_par' dir='ltr' id='par_1_91' title="bbox 1836 4242 3482 4318">
     <span class='ocr_line' id='line_1_91' title="bbox 1836 4242 3482 4318; baseline -0.002 -17"><span class='ocrx_word' id='word_1_616' title='bbox 1836 4245 1956 4317; x_wconf 92' lang='lat' dir='ltr'>qui,</span> <span class='ocrx_word' id='word_1_617' title='bbox 1990 4263 2095 4301; x_wconf 89' lang='lat' dir='ltr'>sua</span> <span class='ocrx_word' id='word_1_618' title='bbox 2124 4245 2386 4318; x_wconf 84' lang='lat' dir='ltr'>exigente</span> <span class='ocrx_word' id='word_1_619' title='bbox 2417 4244 2608 4316; x_wconf 90' lang='lat' dir='ltr'>culpa,</span> <span class='ocrx_word' id='word_1_620' title='bbox 2628 4261 2662 4299; x_wconf 90' lang='lat' dir='ltr'>a</span> <span class='ocrx_word' id='word_1_621' title='bbox 2691 4244 2808 4299; x_wconf 92' lang='lat' dir='ltr'>Deo</span> <span class='ocrx_word' id='word_1_622' title='bbox 2840 4243 3015 4299; x_wconf 82' lang='lat' dir='ltr'>fuerit</span> <span class='ocrx_word' id='word_1_623' title='bbox 3045 4242 3482 4313; x_wconf 87' lang='lat' dir='ltr'>derelict_us.Ni-</span> 
     </span>
    </p>
   </div>
   <div class='ocr_carea' id='block_1_92' title="bbox 1836 4330 3482 4405">
    <p class='ocr_par' dir='ltr' id='par_1_92' title="bbox 1836 4330 3482 4405">
     <span class='ocr_line' id='line_1_92' title="bbox 1836 4330 3482 4405; baseline -0.001 -16"><span class='ocrx_word' id='word_1_624' title='bbox 1836 4333 1917 4389; x_wconf 87' lang='lat' dir='ltr'>hil</span> <span class='ocrx_word' id='word_1_625' title='bbox 1944 4334 2098 4388; x_wconf 89' lang='lat' dir='ltr'>enim</span> <span class='ocrx_word' id='word_1_626' title='bbox 2133 4351 2166 4387; x_wconf 91' lang='lat' dir='ltr'>a</span> <span class='ocrx_word' id='word_1_627' title='bbox 2197 4349 2493 4405; x_wconf 89' lang='lat' dir='ltr'>quoquam</span> <span class='ocrx_word' id='word_1_628' title='bbox 2526 4333 2649 4388; x_wconf 90' lang='lat' dir='ltr'>ﬁeri</span> <span class='ocrx_word' id='word_1_629' title='bbox 2683 4331 3023 4404; x_wconf 86' lang='lat' dir='ltr'>potest,nisi</span> <span class='ocrx_word' id='word_1_630' title='bbox 3057 4331 3209 4402; x_wconf 92' lang='lat' dir='ltr'>quod</span> <span class='ocrx_word' id='word_1_631' title='bbox 3242 4330 3367 4402; x_wconf 91' lang='lat' dir='ltr'>ipse</span> <span class='ocrx_word' id='word_1_632' title='bbox 3397 4348 3482 4387; x_wconf 90' lang='lat' dir='ltr'>se-</span> 
     </span>
    </p>
   </div>
   <div class='ocr_carea' id='block_1_93' title="bbox 1835 4417 3475 4494">
    <p class='ocr_par' dir='ltr' id='par_1_93' title="bbox 1835 4417 3475 4494">
     <span class='ocr_line' id='line_1_93' title="bbox 1835 4417 3475 4494; baseline -0.002 -16"><span class='ocrx_word' id='word_1_633' title='bbox 1835 4427 1989 4478; x_wconf 86' lang='lat' dir='ltr'>creto</span> <span class='ocrx_word' id='word_1_634' title='bbox 2013 4421 2256 4494; x_wconf 87' lang='lat' dir='ltr'>judicio,</span> <span class='ocrx_word' id='word_1_635' title='bbox 2281 4425 2381 4475; x_wconf 89' lang='lat' dir='ltr'>aut</span> <span class='ocrx_word' id='word_1_636' title='bbox 2428 4420 2498 4475; x_wconf 89' lang='lat' dir='ltr'>ad</span> <span class='ocrx_word' id='word_1_637' title='bbox 2550 4419 2955 4491; x_wconf 85' lang='lat' dir='ltr'>probationem</span> <span class='ocrx_word' id='word_1_638' title='bbox 3015 4423 3135 4474; x_wconf 71' lang='lat' dir='ltr'>aut‘</span> <span class='ocrx_word' id='word_1_639' title='bbox 3160 4417 3475 4475; x_wconf 91' lang='lat' dir='ltr'>vindictam</span> 
     </span>
    </p>
   </div>
   <div class='ocr_carea' id='block_1_94' title="bbox 1836 4507 2702 4581">
    <p class='ocr_par' dir='ltr' id='par_1_94' title="bbox 1836 4507 2702 4581">
     <span class='ocr_line' id='line_1_94' title="bbox 1836 4507 2702 4581; baseline -0.003 -16"><span class='ocrx_word' id='word_1_640' title='bbox 1836 4511 2165 4566; x_wconf 82' lang='lat' dir='ltr'>faciendum</span> <span class='ocrx_word' id='word_1_641' title='bbox 2195 4526 2322 4565; x_wconf 90' lang='lat' dir='ltr'>esse</span> <span class='ocrx_word' id='word_1_642' title='bbox 2355 4507 2702 4581; x_wconf 87' lang='lat' dir='ltr'>permiserit.</span> 
     </span>
    </p>
   </div>
   <div class='ocr_carea' id='block_1_95' title="bbox 1834 4598 2988 4668">
    <p class='ocr_par' dir='ltr' id='par_1_95' title="bbox 1834 4598 2988 4668">
     <span class='ocr_line' id='line_1_95' title="bbox 1834 4598 2988 4668; baseline -0.004 -13"><span class='ocrx_word' id='word_1_643' title='bbox 1834 4600 1905 4655; x_wconf 84' lang='lat'>23</span> <span class='ocrx_word' id='word_1_644' title='bbox 1980 4598 2137 4655; x_wconf 85' lang='lat' dir='ltr'>Ortus</span> <span class='ocrx_word' id='word_1_645' title='bbox 2165 4606 2244 4654; x_wconf 86' lang='lat' dir='ltr'>est</span> <span class='ocrx_word' id='word_1_646' title='bbox 2268 4598 2369 4663; x_wconf 90' lang='lat' dir='ltr'>sol,</span> <span class='ocrx_word' id='word_1_647' title='bbox 2399 4602 2451 4652; x_wconf 87' lang='lat' dir='ltr'>et</span> <span class='ocrx_word' id='word_1_648' title='bbox 2479 4598 2791 4668; x_wconf 85' lang='lat' dir='ltr'>congregati</span> <span class='ocrx_word' id='word_1_649' title='bbox 2815 4603 2943 4651; x_wconf 87' lang='lat' dir='ltr'>sunt</span> <span class='ocrx_word' id='word_1_650' title='bbox 2969 4613 2988 4650; x_wconf 90' lang='lat'>:</span> 
     </span>
    </p>
   </div>
   <div class='ocr_carea' id='block_1_96' title="bbox 1976 4686 3026 4743">
    <p class='ocr_par' dir='ltr' id='par_1_96' title="bbox 1976 4686 3026 4743">
     <span class='ocr_line' id='line_1_96' title="bbox 1976 4686 3026 4743; baseline -0.004 -1"><span class='ocrx_word' id='word_1_651' title='bbox 1976 4689 2041 4743; x_wconf 87' lang='lat' dir='ltr'>Et</span> <span class='ocrx_word' id='word_1_652' title='bbox 2073 4689 2132 4742; x_wconf 80' lang='lat' dir='ltr'>in.</span> <span class='ocrx_word' id='word_1_653' title='bbox 2161 4687 2433 4742; x_wconf 84' lang='lat' dir='ltr'>cubilibus</span> <span class='ocrx_word' id='word_1_654' title='bbox 2460 4688 2577 4741; x_wconf 88' lang='lat' dir='ltr'>suis</span> <span class='ocrx_word' id='word_1_655' title='bbox 2606 4686 3026 4742; x_wconf 73' lang='lat' dir='ltr'>collocabantur.</span> 
     </span>
    </p>
   </div>
   <div class='ocr_carea' id='block_1_97' title="bbox 1753 4772 3468 4862">
    <p class='ocr_par' dir='ltr' id='par_1_97' title="bbox 1753 4772 3468 4862">
     <span class='ocr_line' id='line_1_97' title="bbox 1753 4772 3468 4862; baseline -0.001 -31"><span class='ocrx_word' id='word_1_656' title='bbox 1753 4797 1799 4862; x_wconf 75' lang='grc' dir='ltr'>υ</span> <span class='ocrx_word' id='word_1_657' title='bbox 1906 4779 1947 4831; x_wconf 84' lang='lat' dir='ltr'>C</span> <span class='ocrx_word' id='word_1_658' title='bbox 1978 4778 2139 4832; x_wconf 87' lang='lat' dir='ltr'>Tunc</span> <span class='ocrx_word' id='word_1_659' title='bbox 2184 4780 2345 4830; x_wconf 90' lang='lat' dir='ltr'>ortus</span> <span class='ocrx_word' id='word_1_660' title='bbox 2401 4778 2490 4830; x_wconf 89' lang='lat' dir='ltr'>est</span> <span class='ocrx_word' id='word_1_661' title='bbox 2530 4774 2616 4830; x_wconf 89' lang='lat' dir='ltr'>sol</span> <span class='ocrx_word' id='word_1_662' title='bbox 2650 4792 2662 4829; x_wconf 91' lang='lat'>:</span> <span class='ocrx_word' id='word_1_663' title='bbox 2696 4774 2929 4862; x_wconf 85' lang='lat' dir='ltr'>quando</span> <span class='ocrx_word' id='word_1_664' title='bbox 2981 4772 3468 4862; x_wconf 84' lang='lat' dir='ltr'>Christusresur-</span> 
     </span>
    </p>
   </div>
   <div class='ocr_carea' id='block_1_98' title="bbox 1830 4861 3471 4934">
    <p class='ocr_par' dir='ltr' id='par_1_98' title="bbox 1830 4861 3471 4934">
     <span class='ocr_line' id='line_1_98' title="bbox 1830 4861 3471 4934; baseline -0.002 -14"><span class='ocrx_word' id='word_1_665' title='bbox 1830 4865 1995 4932; x_wconf 87' lang='lat' dir='ltr'>rexit,</span> <span class='ocrx_word' id='word_1_666' title='bbox 2037 4869 2094 4919; x_wconf 89' lang='lat' dir='ltr'>et</span> <span class='ocrx_word' id='word_1_667' title='bbox 2148 4869 2288 4919; x_wconf 91' lang='lat' dir='ltr'>tunc</span> <span class='ocrx_word' id='word_1_668' title='bbox 2338 4862 2615 4919; x_wconf 87' lang='lat' dir='ltr'>satellites</span> <span class='ocrx_word' id='word_1_669' title='bbox 2664 4861 2877 4917; x_wconf 88' lang='lat' dir='ltr'>diaboli</span> <span class='ocrx_word' id='word_1_670' title='bbox 2937 4861 3289 4934; x_wconf 87' lang='lat' dir='ltr'>congregati,</span> <span class='ocrx_word' id='word_1_671' title='bbox 3340 4862 3471 4934; x_wconf 87' lang='lat' dir='ltr'>ejus</span> 
     </span>
    </p>
   </div>
   <div class='ocr_carea' id='block_1_99' title="bbox 1827 4949 3470 5025">
    <p class='ocr_par' dir='ltr' id='par_1_99' title="bbox 1827 4949 3470 5025">
     <span class='ocr_line' id='line_1_99' title="bbox 1827 4949 3470 5025; baseline -0.003 -16"><span class='ocrx_word' id='word_1_672' title='bbox 1827 4955 2190 5025; x_wconf 89' lang='lat' dir='ltr'>majeslatem</span> <span class='ocrx_word' id='word_1_673' title='bbox 2224 4952 2465 5007; x_wconf 89' lang='lat' dir='ltr'>minime</span> <span class='ocrx_word' id='word_1_674' title='bbox 2496 4951 2868 5019; x_wconf 89' lang='lat' dir='ltr'>sustinentes,</span> <span class='ocrx_word' id='word_1_675' title='bbox 2903 4967 2966 5006; x_wconf 93' lang='lat' dir='ltr'>se</span> <span class='ocrx_word' id='word_1_676' title='bbox 2992 4950 3051 5005; x_wconf 92' lang='lat' dir='ltr'>in</span> <span class='ocrx_word' id='word_1_677' title='bbox 3100 4950 3224 5006; x_wconf 89' lang='lat' dir='ltr'>suis</span> <span class='ocrx_word' id='word_1_678' title='bbox 3258 4949 3470 5006; x_wconf 89' lang='lat' dir='ltr'>cubili-</span> 
     </span>
    </p>
   </div>
   <div class='ocr_carea' id='block_1_100' title="bbox 1830 5038 3469 5112">
    <p class='ocr_par' dir='ltr' id='par_1_100' title="bbox 1830 5038 3469 5112">
     <span class='ocr_line' id='line_1_100' title="bbox 1830 5038 3469 5112; baseline -0.001 -15"><span class='ocrx_word' id='word_1_679' title='bbox 1830 5044 1964 5108; x_wconf 91' lang='lat' dir='ltr'>bus,</span> <span class='ocrx_word' id='word_1_680' title='bbox 2000 5042 2057 5097; x_wconf 91' lang='lat' dir='ltr'>id</span> <span class='ocrx_word' id='word_1_681' title='bbox 2092 5046 2181 5097; x_wconf 86' lang='lat' dir='ltr'>cst</span> <span class='ocrx_word' id='word_1_682' title='bbox 2208 5040 2265 5095; x_wconf 90' lang='lat' dir='ltr'>in</span> <span class='ocrx_word' id='word_1_683' title='bbox 2298 5039 2681 5112; x_wconf 88' lang='lat' dir='ltr'>pertinacium</span> <span class='ocrx_word' id='word_1_684' title='bbox 2713 5039 3044 5112; x_wconf 88' lang='lat' dir='ltr'>pectoribus</span> <span class='ocrx_word' id='word_1_685' title='bbox 3092 5038 3469 5095; x_wconf 84' lang='lat' dir='ltr'>collocabant.</span> 
     </span>
    </p>
   </div>
   <div class='ocr_carea' id='block_1_101' title="bbox 85 5117 3472 5203">
    <p class='ocr_par' dir='ltr' id='par_1_101' title="bbox 85 5117 3472 5203">
     <span class='ocr_line' id='line_1_101' title="bbox 85 5117 3472 5203; baseline 0.004 -32"><span class='ocrx_word' id='word_1_686' title='bbox 85 5117 184 5174; x_wconf 90' lang='lat' dir='ltr'>rito</span> <span class='ocrx_word' id='word_1_687' title='bbox 210 5122 415 5193; x_wconf 89' lang='lat' dir='ltr'>sancti,</span> <span class='ocrx_word' id='word_1_688' title='bbox 447 5141 602 5197; x_wconf 90' lang='lat' dir='ltr'>quos</span> <span class='ocrx_word' id='word_1_689' title='bbox 632 5128 916 5199; x_wconf 87' lang='lat' dir='ltr'>plantavit</span> <span class='ocrx_word' id='word_1_690' title='bbox 943 5126 1003 5182; x_wconf 90' lang='lat' dir='ltr'>in</span> <span class='ocrx_word' id='word_1_691' title='bbox 1047 5126 1270 5183; x_wconf 89' lang='lat' dir='ltr'>unitate</span> <span class='ocrx_word' id='word_1_692' title='bbox 1314 5127 1717 5184; x_wconf 66' lang='lat' dir='ltr'>ecclesiasticae</span> <span class='ocrx_word' id='word_1_693' title='bbox 1825 5130 1920 5186; x_wconf 91' lang='lat' dir='ltr'>Sol</span> <span class='ocrx_word' id='word_1_694' title='bbox 1952 5135 2040 5186; x_wconf 88' lang='lat' dir='ltr'>est</span> <span class='ocrx_word' id='word_1_695' title='bbox 2069 5130 2262 5185; x_wconf 89' lang='lat' dir='ltr'>dictus</span> <span class='ocrx_word' id='word_1_696' title='bbox 2292 5147 2305 5185; x_wconf 92' lang='lat'>:</span> <span class='ocrx_word' id='word_1_697' title='bbox 2340 5129 2493 5203; x_wconf 92' lang='lat' dir='ltr'>quod</span> <span class='ocrx_word' id='word_1_698' title='bbox 2526 5128 2685 5185; x_wconf 89' lang='lat' dir='ltr'>solus</span> <span class='ocrx_word' id='word_1_699' title='bbox 2712 5127 2793 5184; x_wconf 88' lang='lat' dir='ltr'>ita</span> <span class='ocrx_word' id='word_1_700' title='bbox 2821 5126 2994 5195; x_wconf 88' lang='lat' dir='ltr'>lucet,</span> <span class='ocrx_word' id='word_1_701' title='bbox 3028 5130 3093 5183; x_wconf 86' lang='lat' dir='ltr'>ut</span> <span class='ocrx_word' id='word_1_702' title='bbox 3124 5143 3195 5182; x_wconf 87' lang='lat' dir='ltr'>ex</span> <span class='ocrx_word' id='word_1_703' title='bbox 3236 5143 3302 5184; x_wconf 90' lang='lat' dir='ltr'>eo</span> <span class='ocrx_word' id='word_1_704' title='bbox 3346 5127 3472 5184; x_wconf 90' lang='lat' dir='ltr'>dies</span> 
     </span>
    </p>
   </div>
   <div class='ocr_carea' id='block_1_102' title="bbox 84 5206 1716 5275">
    <p class='ocr_par' dir='ltr' id='par_1_102' title="bbox 84 5206 1716 5275">
     <span class='ocr_line' id='line_1_102' title="bbox 84 5206 1716 5275; baseline 0.01 -16"><span class='ocrx_word' id='word_1_705' title='bbox 84 5206 277 5266; x_wconf 86' lang='lat' dir='ltr'>ﬁdei.C</span> <span class='ocrx_word' id='word_1_706' title='bbox 306 5211 518 5270; x_wconf 88' lang='lat' dir='ltr'>Passer</span> <span class='ocrx_word' id='word_1_707' title='bbox 548 5213 779 5271; x_wconf 89' lang='lat' dir='ltr'>minuta</span> <span class='ocrx_word' id='word_1_708' title='bbox 799 5214 921 5272; x_wconf 90' lang='lat' dir='ltr'>avis</span> <span class='ocrx_word' id='word_1_709' title='bbox 942 5219 1030 5272; x_wconf 90' lang='lat' dir='ltr'>est</span> <span class='ocrx_word' id='word_1_710' title='bbox 1051 5215 1464 5271; x_wconf 88' lang='lat' dir='ltr'>etcautissima</span> <span class='ocrx_word' id='word_1_711' title='bbox 1492 5216 1670 5273; x_wconf 87' lang='lat' dir='ltr'>nimis</span> <span class='ocrx_word' id='word_1_712' title='bbox 1704 5235 1716 5275; x_wconf 91' lang='lat'>:</span> 
     </span>
    </p>
   </div>
   <div class='ocr_carea' id='block_1_103' title="bbox 83 5296 1717 5376">
    <p class='ocr_par' dir='ltr' id='par_1_103' title="bbox 83 5296 1717 5376">
     <span class='ocr_line' id='line_1_103' title="bbox 83 5296 1717 5376; baseline 0.007 -28"><span class='ocrx_word' id='word_1_713' title='bbox 83 5298 135 5349; x_wconf 89' lang='lat' dir='ltr'>et</span> <span class='ocrx_word' id='word_1_714' title='bbox 159 5296 442 5371; x_wconf 87' lang='lat' dir='ltr'>signiﬁcat</span> <span class='ocrx_word' id='word_1_715' title='bbox 472 5301 899 5359; x_wconf 90' lang='lat' dir='ltr'>monachorum</span> <span class='ocrx_word' id='word_1_716' title='bbox 928 5303 1397 5376; x_wconf 85' lang='lat' dir='ltr'>parvitatem,qui</span> <span class='ocrx_word' id='word_1_717' title='bbox 1426 5303 1483 5360; x_wconf 92' lang='lat' dir='ltr'>in</span> <span class='ocrx_word' id='word_1_718' title='bbox 1508 5304 1717 5371; x_wconf 80' lang='lat' dir='ltr'>cedris,</span> 
     </span>
    </p>
   </div>
   <div class='ocr_carea' id='block_1_104' title="bbox 86 5380 1715 5465">
    <p class='ocr_par' dir='ltr' id='par_1_104' title="bbox 86 5380 1715 5465">
     <span class='ocr_line' id='line_1_104' title="bbox 86 5380 1715 5465; baseline 0.009 -30"><span class='ocrx_word' id='word_1_719' title='bbox 86 5380 137 5437; x_wconf 90' lang='lat' dir='ltr'>id</span> <span class='ocrx_word' id='word_1_720' title='bbox 163 5386 329 5443; x_wconf 87' lang='lat' dir='ltr'>estin</span> <span class='ocrx_word' id='word_1_721' title='bbox 360 5389 705 5447; x_wconf 71' lang='lat' dir='ltr'>haereditate</span> <span class='ocrx_word' id='word_1_722' title='bbox 736 5390 1331 5464; x_wconf 88' lang='lat' dir='ltr'>potentium,velutin</span> <span class='ocrx_word' id='word_1_723' title='bbox 1364 5392 1715 5465; x_wconf 87' lang='lat' dir='ltr'>quibusdam</span> 
     </span>
    </p>
   </div>
   <div class='ocr_carea' id='block_1_105' title="bbox 88 5473 1714 5547">
    <p class='ocr_par' dir='ltr' id='par_1_105' title="bbox 88 5473 1714 5547">
     <span class='ocr_line' id='line_1_105' title="bbox 88 5473 1714 5547; baseline 0.008 -23"><span class='ocrx_word' id='word_1_724' title='bbox 88 5473 270 5540; x_wconf 86' lang='lat' dir='ltr'>ramis,</span> <span class='ocrx_word' id='word_1_725' title='bbox 294 5476 483 5547; x_wconf 90' lang='lat' dir='ltr'>nidos,</span> <span class='ocrx_word' id='word_1_726' title='bbox 500 5478 560 5534; x_wconf 93' lang='lat' dir='ltr'>id</span> <span class='ocrx_word' id='word_1_727' title='bbox 592 5483 681 5535; x_wconf 91' lang='lat' dir='ltr'>est</span> <span class='ocrx_word' id='word_1_728' title='bbox 710 5480 1209 5547; x_wconf 85' lang='lat' dir='ltr'>monasteria,sibi</span> <span class='ocrx_word' id='word_1_729' title='bbox 1241 5479 1523 5537; x_wconf 64' lang='lat' dir='ltr'>aediﬁcare</span> <span class='ocrx_word' id='word_1_730' title='bbox 1545 5498 1714 5537; x_wconf 91' lang='lat' dir='ltr'>mon-</span> 
     </span>
    </p>
   </div>
   <div class='ocr_carea' id='block_1_106' title="bbox 88 5562 1713 5642">
    <p class='ocr_par' dir='ltr' id='par_1_106' title="bbox 88 5562 1713 5642">
     <span class='ocr_line' id='line_1_106' title="bbox 88 5562 1713 5642; baseline 0.009 -29"><span class='ocrx_word' id='word_1_731' title='bbox 88 5562 327 5619; x_wconf 85' lang='lat' dir='ltr'>strantur</span> <span class='ocrx_word' id='word_1_732' title='bbox 359 5584 373 5621; x_wconf 87' lang='lat'>:</span> <span class='ocrx_word' id='word_1_733' title='bbox 407 5583 734 5640; x_wconf 87' lang='lat' dir='ltr'>eorumque</span> <span class='ocrx_word' id='word_1_734' title='bbox 771 5569 977 5625; x_wconf 91' lang='lat' dir='ltr'>robore</span> <span class='ocrx_word' id='word_1_735' title='bbox 1015 5570 1346 5636; x_wconf 87' lang='lat' dir='ltr'>sustentati,</span> <span class='ocrx_word' id='word_1_736' title='bbox 1378 5568 1535 5626; x_wconf 90' lang='lat' dir='ltr'>velut</span> <span class='ocrx_word' id='word_1_737' title='bbox 1581 5587 1713 5642; x_wconf 83' lang='lat' dir='ltr'>pas-</span> 
     </span>
    </p>
   </div>
   <div class='ocr_carea' id='block_1_107' title="bbox 90 5652 1709 5729">
    <p class='ocr_par' dir='ltr' id='par_1_107' title="bbox 90 5652 1709 5729">
     <span class='ocr_line' id='line_1_107' title="bbox 90 5652 1709 5729; baseline 0.008 -28"><span class='ocrx_word' id='word_1_738' title='bbox 90 5660 253 5719; x_wconf 83' lang='lat' dir='ltr'>seres,</span> <span class='ocrx_word' id='word_1_739' title='bbox 281 5652 486 5711; x_wconf 88' lang='lat' dir='ltr'>laudes</span> <span class='ocrx_word' id='word_1_740' title='bbox 534 5656 764 5712; x_wconf 87' lang='lat' dir='ltr'>Domini</span> <span class='ocrx_word' id='word_1_741' title='bbox 823 5656 1063 5712; x_wconf 88' lang='lat' dir='ltr'>assidua</span> <span class='ocrx_word' id='word_1_742' title='bbox 1102 5673 1237 5713; x_wconf 89' lang='lat' dir='ltr'>voce</span> <span class='ocrx_word' id='word_1_743' title='bbox 1291 5658 1709 5729; x_wconf 84' lang='lat' dir='ltr'>frequentant:</span> 
     </span>
    </p>
   </div>
   <div class='ocr_carea' id='block_1_108' title="bbox 88 5736 1706 5818">
    <p class='ocr_par' dir='ltr' id='par_1_108' title="bbox 88 5736 1706 5818">
     <span class='ocr_line' id='line_1_108' title="bbox 88 5736 1706 5818; baseline 0.007 -28"><span class='ocrx_word' id='word_1_744' title='bbox 88 5736 316 5798; x_wconf 60' lang='lat' dir='ltr'>calcatis</span> <span class='ocrx_word' id='word_1_745' title='bbox 344 5742 403 5799; x_wconf 93' lang='lat' dir='ltr'>in</span> <span class='ocrx_word' id='word_1_746' title='bbox 440 5749 600 5802; x_wconf 86' lang='lat' dir='ltr'>terra</span> <span class='ocrx_word' id='word_1_747' title='bbox 629 5744 1029 5813; x_wconf 87' lang='lat' dir='ltr'>vita,imitatio</span> <span class='ocrx_word' id='word_1_748' title='bbox 1059 5745 1314 5802; x_wconf 87' lang='lat' dir='ltr'>ﬁdelium</span> <span class='ocrx_word' id='word_1_749' title='bbox 1349 5746 1706 5818; x_wconf 87' lang='lat' dir='ltr'>angelorum,</span> 
     </span>
    </p>
   </div>
   <div class='ocr_carea' id='block_1_109' title="bbox 87 5820 1071 5906">
    <p class='ocr_par' dir='ltr' id='par_1_109' title="bbox 87 5820 1071 5906">
     <span class='ocr_line' id='line_1_109' title="bbox 87 5820 1071 5906; baseline 0.011 -28"><span class='ocrx_word' id='word_1_750' title='bbox 87 5820 139 5878; x_wconf 90' lang='lat' dir='ltr'>in</span> <span class='ocrx_word' id='word_1_751' title='bbox 167 5842 327 5887; x_wconf 85' lang='lat' dir='ltr'>carne</span> <span class='ocrx_word' id='word_1_752' title='bbox 356 5837 569 5906; x_wconf 64' lang='lat' dir='ltr'>praeter</span> <span class='ocrx_word' id='word_1_753' title='bbox 600 5850 836 5893; x_wconf 88' lang='lat' dir='ltr'>carnem</span> <span class='ocrx_word' id='word_1_754' title='bbox 866 5833 1071 5891; x_wconf 83' lang='lat' dir='ltr'>vivere.</span> 
     </span>
    </p>
   </div>
   <div class='ocr_carea' id='block_1_110' title="bbox 1828 5219 1949 5274">
    <p class='ocr_par' dir='ltr' id='par_1_110' title="bbox 1828 5219 1949 5274">
     <span class='ocr_line' id='line_1_110' title="bbox 1828 5219 1949 5274; baseline 0.008 -1"><span class='ocrx_word' id='word_1_755' title='bbox 1828 5219 1949 5274; x_wconf 88' lang='lat' dir='ltr'>ﬁat.</span> 
     </span>
    </p>
   </div>
   <div class='ocr_carea' id='block_1_111' title="bbox 1827 5304 2836 5378">
    <p class='ocr_par' dir='ltr' id='par_1_111' title="bbox 1827 5304 2836 5378">
     <span class='ocr_line' id='line_1_111' title="bbox 1827 5304 2836 5378; baseline -0.002 -17"><span class='ocrx_word' id='word_1_756' title='bbox 1827 5309 1896 5362; x_wconf 72' lang='grc'>24</span> <span class='ocrx_word' id='word_1_757' title='bbox 1971 5308 2160 5363; x_wconf 72' lang='lat' dir='ltr'>Exibit</span> <span class='ocrx_word' id='word_1_758' title='bbox 2188 5306 2344 5363; x_wconf 87' lang='lat' dir='ltr'>homo</span> <span class='ocrx_word' id='word_1_759' title='bbox 2377 5304 2452 5361; x_wconf 83' lang='lat' dir='ltr'>ad</span> <span class='ocrx_word' id='word_1_760' title='bbox 2485 5322 2617 5378; x_wconf 79' lang='lat' dir='ltr'>Opus</span> <span class='ocrx_word' id='word_1_761' title='bbox 2644 5322 2836 5361; x_wconf 90' lang='lat' dir='ltr'>suum:</span> 
     </span>
    </p>
   </div>
   <div class='ocr_carea' id='block_1_112' title="bbox 1968 5390 3333 5466">
    <p class='ocr_par' dir='ltr' id='par_1_112' title="bbox 1968 5390 3333 5466">
     <span class='ocr_line' id='line_1_112' title="bbox 1968 5390 3333 5466; baseline -0.004 -15"><span class='ocrx_word' id='word_1_762' title='bbox 1968 5400 2033 5451; x_wconf 87' lang='lat' dir='ltr'>Et</span> <span class='ocrx_word' id='word_1_763' title='bbox 2062 5395 2132 5450; x_wconf 86' lang='lat' dir='ltr'>ad</span> <span class='ocrx_word' id='word_1_764' title='bbox 2161 5396 2530 5466; x_wconf 84' lang='lat' dir='ltr'>operationem</span> <span class='ocrx_word' id='word_1_765' title='bbox 2556 5410 2714 5449; x_wconf 86' lang='lat' dir='ltr'>suam</span> <span class='ocrx_word' id='word_1_766' title='bbox 2743 5408 2911 5465; x_wconf 85' lang='lat' dir='ltr'>usque</span> <span class='ocrx_word' id='word_1_767' title='bbox 2940 5390 3010 5447; x_wconf 86' lang='lat' dir='ltr'>ad</span> <span class='ocrx_word' id='word_1_768' title='bbox 3040 5407 3333 5463; x_wconf 86' lang='lat' dir='ltr'>vesperam.</span> 
     </span>
    </p>
   </div>
   <div class='ocr_carea' id='block_1_113' title="bbox 1893 5478 3465 5552">
    <p class='ocr_par' dir='ltr' id='par_1_113' title="bbox 1893 5478 3465 5552">
     <span class='ocr_line' id='line_1_113' title="bbox 1893 5478 3465 5552; baseline -0.004 -12"><span class='ocrx_word' id='word_1_769' title='bbox 1893 5485 1934 5540; x_wconf 88' lang='lat' dir='ltr'>C</span> <span class='ocrx_word' id='word_1_770' title='bbox 1966 5483 2080 5539; x_wconf 89' lang='lat' dir='ltr'>Iste</span> <span class='ocrx_word' id='word_1_771' title='bbox 2110 5483 2267 5538; x_wconf 87' lang='lat' dir='ltr'>enim</span> <span class='ocrx_word' id='word_1_772' title='bbox 2300 5499 2441 5537; x_wconf 87' lang='lat' dir='ltr'>usus</span> <span class='ocrx_word' id='word_1_773' title='bbox 2474 5488 2563 5538; x_wconf 81' lang='lat' dir='ltr'>est</span> <span class='ocrx_word' id='word_1_774' title='bbox 2591 5480 2925 5537; x_wconf 89' lang='lat' dir='ltr'>mortalium</span> <span class='ocrx_word' id='word_1_775' title='bbox 2951 5497 2964 5535; x_wconf 92' lang='lat'>:</span> <span class='ocrx_word' id='word_1_776' title='bbox 2990 5484 3055 5535; x_wconf 89' lang='lat' dir='ltr'>ut</span> <span class='ocrx_word' id='word_1_777' title='bbox 3078 5480 3337 5552; x_wconf 88' lang='lat' dir='ltr'>quandiu</span> <span class='ocrx_word' id='word_1_778' title='bbox 3369 5478 3465 5534; x_wconf 90' lang='lat' dir='ltr'>hic</span> 
     </span>
    </p>
   </div>
   <div class='ocr_carea' id='block_1_114' title="bbox 1823 5568 3458 5641">
    <p class='ocr_par' dir='ltr' id='par_1_114' title="bbox 1823 5568 3458 5641">
     <span class='ocr_line' id='line_1_114' title="bbox 1823 5568 3458 5641; baseline -0.004 -14"><span class='ocrx_word' id='word_1_779' title='bbox 1823 5571 2320 5639; x_wconf 87' lang='lat' dir='ltr'>sumus,venientc</span> <span class='ocrx_word' id='word_1_780' title='bbox 2350 5570 2442 5625; x_wconf 89' lang='lat' dir='ltr'>die</span> <span class='ocrx_word' id='word_1_781' title='bbox 2463 5569 2707 5626; x_wconf 88' lang='lat' dir='ltr'>diversis</span> <span class='ocrx_word' id='word_1_782' title='bbox 2728 5585 3080 5641; x_wconf 90' lang='lat' dir='ltr'>occupemur</span> <span class='ocrx_word' id='word_1_783' title='bbox 3099 5568 3458 5623; x_wconf 89' lang='lat' dir='ltr'>actionibus:</span> 
     </span>
    </p>
   </div>
   <div class='ocr_carea' id='block_1_115' title="bbox 1820 5654 3456 5729">
    <p class='ocr_par' dir='ltr' id='par_1_115' title="bbox 1820 5654 3456 5729">
     <span class='ocr_line' id='line_1_115' title="bbox 1820 5654 3456 5729; baseline -0.006 -13"><span class='ocrx_word' id='word_1_784' title='bbox 1820 5678 1975 5716; x_wconf 90' lang='lat' dir='ltr'>unus</span> <span class='ocrx_word' id='word_1_785' title='bbox 2007 5660 2142 5716; x_wconf 91' lang='lat' dir='ltr'>colit</span> <span class='ocrx_word' id='word_1_786' title='bbox 2167 5658 2554 5729; x_wconf 84' lang='lat' dir='ltr'>agrum,alter</span> <span class='ocrx_word' id='word_1_787' title='bbox 2583 5675 2645 5714; x_wconf 89' lang='lat' dir='ltr'>se</span> <span class='ocrx_word' id='word_1_788' title='bbox 2675 5657 2843 5713; x_wconf 90' lang='lat' dir='ltr'>bellis</span> <span class='ocrx_word' id='word_1_789' title='bbox 2873 5661 3133 5712; x_wconf 84' lang='lat' dir='ltr'>exercet:</span> <span class='ocrx_word' id='word_1_790' title='bbox 3163 5658 3273 5710; x_wconf 83' lang='lat' dir='ltr'>Iste</span> <span class='ocrx_word' id='word_1_791' title='bbox 3298 5654 3456 5719; x_wconf 91' lang='lat' dir='ltr'>dicit,</span> 
     </span>
    </p>
   </div>
   <div class='ocr_carea' id='block_1_116' title="bbox 1821 5741 3458 5818">
    <p class='ocr_par' dir='ltr' id='par_1_116' title="bbox 1821 5741 3458 5818">
     <span class='ocr_line' id='line_1_116' title="bbox 1821 5741 3458 5818; baseline -0.007 -16"><span class='ocrx_word' id='word_1_792' title='bbox 1821 5747 1917 5803; x_wconf 87' lang='lat' dir='ltr'>ille</span> <span class='ocrx_word' id='word_1_793' title='bbox 1965 5749 2170 5805; x_wconf 90' lang='lat' dir='ltr'>docet:</span> <span class='ocrx_word' id='word_1_794' title='bbox 2206 5751 2261 5803; x_wconf 91' lang='lat' dir='ltr'>et</span> <span class='ocrx_word' id='word_1_795' title='bbox 2301 5746 2581 5818; x_wconf 85' lang='lat' dir='ltr'>quidquid</span> <span class='ocrx_word' id='word_1_796' title='bbox 2637 5744 2961 5802; x_wconf 88' lang='lat' dir='ltr'>mortalitas</span> <span class='ocrx_word' id='word_1_797' title='bbox 3009 5744 3146 5815; x_wconf 86' lang='lat' dir='ltr'>agit,</span> <span class='ocrx_word' id='word_1_798' title='bbox 3179 5741 3458 5813; x_wconf 86' lang='lat' dir='ltr'>probatur</span> 
     </span>
    </p>
   </div>
   <div class='ocr_carea' id='block_1_117' title="bbox 1818 5832 2959 5909">
    <p class='ocr_par' dir='ltr' id='par_1_117' title="bbox 1818 5832 2959 5909">
     <span class='ocr_line' id='line_1_117' title="bbox 1818 5832 2959 5909; baseline -0.004 -17"><span class='ocrx_word' id='word_1_799' title='bbox 1818 5836 2084 5893; x_wconf 91' lang='lat' dir='ltr'>concludi</span> <span class='ocrx_word' id='word_1_800' title='bbox 2106 5851 2365 5909; x_wconf 86' lang='lat' dir='ltr'>vespera,</span> <span class='ocrx_word' id='word_1_801' title='bbox 2397 5835 2455 5890; x_wconf 91' lang='lat' dir='ltr'>id</span> <span class='ocrx_word' id='word_1_802' title='bbox 2485 5840 2574 5893; x_wconf 89' lang='lat' dir='ltr'>est</span> <span class='ocrx_word' id='word_1_803' title='bbox 2602 5832 2959 5908; x_wconf 12' lang='lat' dir='ltr'>ﬁncgsaeculi.</span> 
     </span>
    </p>
   </div>
  </div>
