5516 6638
124 626 251 691 δτι

1354 624 1765 703 EXPOSITIO
1806 626 2321 703 PSALMOBUM.

3405 625 3531 704 3.7.8

125 760 300 828 tium,
324 774 437 818 nec
456 762 593 817 ante
612 775 649 817 a
666 776 966 833 quoquam
985 758 1207 833 reperis
1226 759 1794 835 positum,quamvis_
1807 763 1861 830 Αι
1884 760 2108 833 judicia
2137 778 2240 833 per
2267 759 2602 827 universum
2634 758 2919 833 mundum
2949 775 3077 818 esse
3106 760 3385 831 facienda,
3409 777 3525 837 non

128 848 301 905 multi
326 847 647 921 scriptores
669 848 887 905 fuerint
905 849 1179 922 primitus
1203 850 1595 907 Hebraeorum.
1623 852 1785 907 Scire

128 941 328 993 autem
361 937 659 993 debemus
681 936 919 994 alleluia
950 937 1139 995 neutri
1168 938 1403 1011 generis
1427 955 1558 995 esse
1577 939 1783 995 defini-

127 1030 277 1081 tum.
313 1025 479 1092 Quod
513 1029 571 1081 et
609 1029 849 1081 sanctus
893 1026 1280 1099 Hieronymus
1323 1027 1381 1082 in
1430 1027 1787 1101 expositione

130 1113 400 1185 ejusdem
434 1113 650 1186 psalmi
672 1114 968 1171 evidenter
996 1114 1283 1187 designat.
1307 1116 1377 1171 Et
1400 1133 1583 1172 unum
1614 1120 1787 1189 atque

132 1202 430 1276 integrum
454 1219 691 1259 manere
713 1204 884 1260 debet
905 1203 964 1258 in
984 1203 1544 1274 translatione,qued
1568 1204 1787 1261 nullius

82 1291 91 1297 ”
132 1289 345 1363 lingua
398 1292 856 1363 praesumptione
903 1296 1193 1348 mutatum
1241 1296 1351 1348 est.
1382 1292 1629 1349 Alleluia
1655 1310 1787 1350 vero

133 1378 287 1450 apud
342 1378 638 1447 Hebreos,
689 1379 922 1448 dicitur,
974 1380 1190 1437 laudate
1236 1382 1425 1449 Deum,
1473 1382 1582 1438 alte
1630 1382 1787 1438 enim

135 1466 372 1534 laudate,
409 1468 467 1524 ia
500 1467 716 1541 quippe
747 1468 1037 1542 significat
1066 1470 1405 1525 inuisibilem
1433 1471 1619 1526 Deum.

135 1574 159 1629 1
272 1572 629 1646 Con/itemini
657 1576 887 1633 Domino
911 1583 968 1642 σξ-
1005 1584 1060 1632 et
1098 1582 1112 1641 ζ
1157 1578 1401 1633 invocato
1418 1593 1615 1633 nomen
1634 1578 1750 1651 ejus
1772 1598 1797 1645 ε

304 1663 650 1721 Annuntiate
677 1666 827 1721 inter
851 1669 1033 1737 gentes
1062 1681 1228 1738 opera
1257 1668 1395 1739 ejus.

201 1751 242 1806 C
271 1750 649 1810 Contitemini
701 1752 970 1821 Domino,
996 1754 1054 1809 id
1111 1758 1203 1810 est
1256 1754 1488 1819 laudate
1544 1772 1701 1822 eum,
1730 1760 1790 1814 et

134 1840 300 1897 bonis
323 1840 501 1897 factis
522 1840 769 1915 gratiam
792 1841 1114 1899 divinitatis
1144 1843 1311 1899 vobis
1340 1843 1644 1916 acq’uirite.
1677 1846 1793 1899 An-

136 1930 425 2001 nuntiate,
454 1929 568 1986 hoc
600 1927 970 2003 evangelistis
1017 1930 1284 1987 convenit
1313 1936 1370 1987 et
1400 1931 1705 2004 apostolis,
1736 1930 1794 1987 et

137 2032 288 2076 nunc
316 2018 748 2088 sacerdotibus,
771 2024 837 2076 ut
857 2019 1149 2093 magnalia
1176 2019 1387 2077 Christi
1418 2020 1786 2083 annuntient,

1892 850 1952 905 in
1980 849 2103 906 sola
2130 850 2349 906 Judssa.

1890 940 1926 993 8
2033 941 2231 995 Memor
2256 941 2371 1011 fuit
2400 941 2459 995 in
2484 939 2753 996 saeculum
2781 940 3085 994 testamenti
3110 941 3201 995 sui
3227 958 3246 996 :

2074 1027 2233 1083 Verbi
2258 1029 2397 1099 quod
2423 1027 2705 1083 mandavit
2735 1029 2793 1083 in
2824 1028 2976 1082 mille
3002 1030 3393 1098 generationes.

1963 1116 2004 1173 Ο
2037 1116 2255 1171 Memor
2285 1115 2395 1171 fuit
2414 1116 2472 1171 in
2499 1115 2796 1182 saeculum,
2820 1132 2953 1171 cum
2973 1115 3264 1187 promissa
3284 1115 3533 1189 comple-

1894 1204 1995 1259 vit.
2020 1203 2377 1260 Testamenti
2399 1204 2511 1273 sui,
2532 1204 2944 1277 prophetarum
2968 1203 3161 1276 signat
3182 1204 3536 1276 pradieatio-

1897 1311 2021 1363 nes,
2048 1312 2194 1367 quas
2218 1296 2289 1352 de
2316 1295 2488 1351 Verbi
2517 1295 2920 1352 incarnatione
2952 1294 3360 1368 pradixerunt.
3378 1295 3536 1359 Man-

1896 1384 2034 1440 dare
2079 1388 2169 1440 est
2215 1401 2317 1455 per
2362 1382 2544 1440 alium
2592 1384 2812 1457 aliquid
2855 1384 3066 1452 dicere,
3116 1384 3269 1456 quod
3304 1399 3405 1455 per
3435 1398 3535 1439 eos

1898 1472 2052 1538 fecit,
2084 1489 2218 1527 cum
2248 1473 2451 1528 datum
2482 1476 2570 1528 est
2612 1472 2696 1528 eis
2742 1473 2937 1528 futura
2980 1472 3344 1545 prophetare.
3377 1470 3539 1539 Mille

1899 1561 2320 1633 generationes,
2354 1561 2527 1617 ﬁnem
2560 1562 2761 1626 saeculi
2784 1561 3092 1635 significat.

1899 1650 1935 1703 9
2045 1650 2193 1717 Quod
2220 1650 2488 1722 disposuit
2511 1650 2582 1705 ad
2610 1650 2884 1706 Abraham
2911 1668 2930 1705 .-

2080 1742 2145 1794 Et
2165 1738 2471 1809 juramenti
2493 1739 2582 1794 sui
2609 1739 2678 1793 ad
2706 1740 2876 1794 Isaac.
3064 1797 3069 1803 δ

1970 1825 2011 1880 C
2042 1827 2158 1882 Hoc
2205 1827 2277 1881 ad
2322 1826 2467 1882 illud
2509 1827 2840 1898 respondet,
2873 1826 3025 1898 quod
3073 1824 3344 1898 superius
3391 1825 3531 1893 dixi,

1900 1915 2231 1971 testamenti
2279 1915 2391 1971 sui.
2441 1916 2603 1980 Quod
2650 1914 2958 1988 disposuit,
2992 1915 3092 1971 illa
3132 1915 3288 1971 enim
3319 1915 3535 1987 quain

1899 2002 2089 2058 Veteri
2120 2004 2491 2059 Testamento
2511 2004 2751 2060 Abrahae
2774 2009 2835 2059 et
2854 2004 3013 2061 Isaac
3033 1994 3378 2075 patriarchis
3408 2019 3538 2075 pro-

139 2108 280 2165 cum
309 2118 447 2165 vero
473 2107 642 2175 dicit,
662 2088 1041 2175 conﬁtemini,
1059 2113 1117 2165 et
1140 2112 1342 2182 postea
1362 2109 1598 2164 subdit:
1630 2109 1790 2164 invo-
1822 2122 1869 2189 Β
1902 2091 2269 2189 missarum,
2314 2092 2596 2165 disposita
2641 2093 2918 2155 dicuntur
2958 2096 3015 2148 et
3046 2088 3247 2164 iurata
3273 2095 3339 2147 ιη
3368 2093 3541 2147 ﬁrme

142 2203 280 2265 cate,
308 2198 480 2254 decet
509 2196 782 2253 invocare
811 2198 996 2254 Deum
1024 2197 1285 2256 volentes
1312 2199 1478 2271 prius
1507 2200 1633 2270 ejus
1663 2197 1786 2254 lan-

144 2287 241 2342 des
272 2286 557 2343 confiteri.

144 2378 177 2431 2
280 2375 512 2432 Cantate
543 2378 598 2432 ei
625 2383 677 2432 et
698 2376 918 2448 psallite
944 2378 999 2431 e‘i
1023 2393 1046 2431 .·

310 2466 549 2521 Νανναω
577 2466 764 2521 omnia
788 2465 1075 2520 mirabilia
1100 2466 1235 2536 ejus.

210 2558 249 2608 C
262 2556 520 2620 Caritate,
536 2553 610 2609 ad
629 2552 878 2625 hymnos
896 2553 1143 2626 pertinet
1158 2553 1480 2610 oﬁerendos
1500 2573 1513 2621 ;
1534 2552 1783 2626 psallite,

146 2643 213 2698 ad
245 2640 337 2714 pia
364 2657 546 2715 opera
572 2642 909 2697 exercenda.
946 2642 1164 2698 .Omnia
1205 2641 1496 2714 signiﬁcat
1520 2641 1629 2697 iste
1659 2659 1786 2713 quae

146 2730 404 2786 dicturus
456 2734 569 2786 est.
631 2731 755 2786 Non
802 2734 893 2785 est
933 2730 1095 2785 enim
1138 2730 1531 2786 humanarum
1574 2729 1784 2785 virium

146 2819 336 2875 omnia
364 2818 662 2875 mirabilia
687 2835 941 2887 narrare,
975 2819 1076 2875 sed
1120 2818 1413 2892 signiﬁcat
1441 2836 1477 2875 α
1503 2823 1622 2875 toto
1654 2837 1784 2892 par-

148 2913 279 2963 tem.

149 2998 185 3053 3
282 2997 617 3054 Laudamini
641 2998 699 3053 in
726 2998 946 3054 nomine
972 3004 1156 3053 sancto
1184 2997 1302 3069 ejus
1332 3016 1351 3052 :

320 3088 564 3144 ιδιειαν
590 3102 682 3142 cor
709 3088 1078 3157 quaerentium
1105 3087 1414 3142 Dominum.

217 3174 258 3229 Ο
284 3174 403 3231 Non
434 3175 597 3232 enim
627 3178 783 3231 vetat
807 3177 878 3230 ut
905 3174 1230 3242 laudemur,
1264 3175 1404 3247 quia
1432 3174 1658 3230 actibus
1688 3174 1787 3230 bo-

156 3262 244 3318 nis
269 3280 382 3319 non
412 3267 610 3336 potest
632 3274 729 3319 res
753 3262 868 3319 ista
897 3263 1201 3335 denegari;
1234 3264 1335 3319 sed
1368 3267 1429 3319 ut
1458 3263 1518 3318 in
1544 3262 1793 3319 Domino

157 3350 459 3409 laudemur
482 3352 779 3425 praecipit,
796 3352 899 3424 qui
929 3356 1161 3425 prastat
1189 3351 1291 3408 illa
1318 3368 1446 3424 qua;
1474 3353 1618 3408 bene
1648 3351 1793 3425 geri-

161 3455 303 3495 mus.
327 3440 581 3497 Letetur
606 3456 723 3504 cor,
756 3443 866 3496 etc.
899 3439 1060 3507 Inde,
1091 3439 1311 3495 scilicet
1339 3439 1564 3495 laetetur
1589 3456 1709 3507 cor,
1741 3438 1789 3495 si

160 3526 458 3583 Dominum
500 3527 717 3600 quaerit
758 3531 817 3583 et
861 3528 1209 3600 praedicatur
1253 3526 1313 3583 in
1360 3527 1646 3594 Domino;
1677 3544 1793 3583 non
1823 3518 1849 3548 τ

162 3620 344 3673 autem
375 3616 423 3672 si
452 3617 525 3673 de
559 3633 668 3672 suo
698 3630 872 3689 posse
901 3615 1191 3673 laudatur.

163 3721 192 3776 4
295 3723 534 3791 Quaerite
562 3724 856 3779 Doininum
879 3726 933 3779 et
959 3722 1371 3797 conﬂi-memini
1394 3739 1414 3777 .°

325 3812 573 3881 Quaerite
595 3813 794 3883 faciem
819 3812 937 3883 ejus
964 3824 1190 3884 semper.

223 3892 569 3956 Cﬂortatur
594 3904 660 3956 ut
689 3915 760 3956 se
800 3901 885 3956 ad-
922 3900 1162 3972 premis
1208 3900 1405 3956 futura
1451 3900 1795 3956 confirment

160 3988 253 4059 qui
280 4002 415 4044 eum
443 4000 705 4061 quaerere
734 3988 1093 4061 delegerunt.
1124 3988 1462 4044 Istaaut'em
1495 3988 1795 4060 inquisitio

159 4090 269 4131 non
294 4080 383 4133 est
410 4076 530 4134 alio
558 4081 822 4149 tempore
853 4076 1128 4143 ﬁnienda,
1148 4077 1431 4149 quoniam
1448 4075 1629 4144 addit,
1645 4090 1797 4133 sem-

160 4178 273 4236 per.
306 4165 533 4223 Faciem
562 4178 720 4234 vero,
755 4166 1121 4239 presentia'm
1152 4166 1281 4237 ejus
1312 4164 1475 4221 dicit.

160 4270 193 4324 5
291 4271 599 4331 Μωηωιίοιε
629 4272 975 4328 mirabitium
1002 4272 1118 4343 ejus
1145 4286 1272 4344 qua
1296 4273 1426 4344 fecit
1457 4289 1476 4327 :

325 4360 589 4431 Prodigia
618 4368 675 4417 et
687 4362 904 4432 judicia
927 4362 1038 4417 oris
1066 4364 1204 4433 ejus.

217 4446 267 4503 ’ϐ
291 4444 576 4506 Mirabilia
604 4447 803 4521 itaque
834 4448 1129 4521 pertinent
1146 4449 1218 4505 ad
1245 4448 1587 4506 divisionem
1617 4451 1796 4508 maris

168 4522 333 4592 Rubri
358 4535 673 4617 ;p_rodi'gia,
694 4538 767 4593 ad
789 4536 992 4615 plagas
1012 4554 1157 4610 quas
1178 4537 1341 4594 misit
1358 4537 1418 4592 in
1448 4536 1794 4611 Egyptum;

161 4623 369 4691 judicia
397 4626 535 4694 oris,
569 4626 853 4699 quoniam
879 4630 1089 4682 cuncta
1118 4624 1428 4698 complevit
1456 4644 1581 4698 quae
1613 4627 1795 4700 Moysi

168 4728 265 4768 suo
294 4712 505 4771 famulo
532 4713 827 4788 promisit.
857 4713 1151 4771 Ju‘dicavit‘
1177 4713 1332 4770 enim
1362 4712 1717 4771 Pharaonem
1742 4720 1799 4771 et

168 4798 431 4872 populum
460 4814 657 4870 suum,
692 4802 847 4859 sicut
874 4801 1057 4875 Moysi
1090 4788 1251 4857 dixit.

165 4897 200 4960 6
297 4907 483 4966 Semen
512 4909 789 4967 Abraham
829 4910 974 4965 servi
999 4909 1120 4980 ejus
1142 4926 1161 4965 :

329 4997 461 5053 Filii
486 4998 649 5056 Iacob
677 4999 835 5055 electi
861 5001 1004 5072 ejus.

232 5082 271 5138 C
299 5083 397 5141 Hic
427 5085 899 5143 subaudiendum
947 5088 1056 5155 est,
1086 5087 1244 5159 quod
1276 5087 1643 5160 supra-dixit,
1679 5104 1797 5143 me-

171 5174 429 5229 mentote.
458 5175 663 5232 Merito
706 5192 841 5236 vero
886 5192 1080 5232 servos
1128 5175 1269 5233 dicit
1296 5181 1667 5233 contumaces
1695 5175 1796 5232 Ju-

171 5257 333 5330 daos,
363 5263 661 5335 quoniam,
692 5256 939 5337 perﬁdia
968 5264 1234 5330 faciente,
1266 5254 1377 5319 filii
1419 5281 1546 5321 esse
1598 5264 1797 5321 nolue-

172 5352 319 5405 runt.
349 5349 521 5409 Filios
549 5369 683 5409 vero
711 5352 918 5420 Jac'ob,
936 5352 1230 5426 signiﬁcat
1248 5351 1621 5409 ﬁdelissimos
1640 5354 1798 5411 Chri-

172 5433 397 5506 stianos,
427 5439 527 5513 qui
558 5440 817 5498 heredes
846 5458 974 5497 esse
1005 5444 1304 5498 merentur
1333 5440 1583 5497 Domini.
1638 5486 1641 5489 .

173 5538 203 5590 7
301 5544 412 5614 Ipse
437 5547 700 5604 Dominus
720 5549 866 5605 Deus
893 5555 1073 5604 noster
1100 5566 1119 5604 :

335 5634 393 5688 In
422 5638 681 5693 universa
704 5635 1103 5710 terra-judicia
1119 5639 1264 5708 ejus.

238 5716 275 5771 Ο
303 5718 548 5780 Dicendo
572 5724 699 5797 ipse
728 5724 1015 5781 Dominus
1045 5724 1203 5780 Deus
1229 5726 1446 5791 noster,
1467 5729 1799 5781 commonet

180 5800 265 5858 hic
291 5805 448 5866 illum
473 5811 716 5887 intelligi
746 5813 956 5870 debere
982 5828 1115 5869 esse
1140 5812 1344 5878 Deum,
1366 5830 1541 5885 quem
1571 5813 1797 5869 Judae-

179 5904 309 5948 rum.
323 5897 529 5970 populi
544 5901 1005 5974 erueiﬁgeudam
1016 5916 1155 5958 esse
1179 5901 1583 5968 decreverunt,-
1594 5905 1653 5957 et-
1669 5902 1799 5973 ejus

1897 2182 2297 2238 ostendantur.

1894 2271 1961 2325 10
2066 2273 2134 2325 Et
2160 2272 2357 2326 statuit
2382 2270 2523 2326 illud
2558 2272 2719 2327 Iacob
2750 2273 2812 2326 in
2835 2277 3169 2344 praeceptum
3198 2288 3217 2325 :

2071 2360 2131 2414 Et
2155 2359 2338 2414 Israel.
2356 2361 2417 2414 in
2448 2364 2825 2415 testamentum
2851 2366 3142 2416 aeternum.
3292 2414 3297 2421 ,

1963 2447 2004 2502 C
2032 2446 2176 2503 Illud
2209 2452 2621 2504 testamentum
2664 2448 2750 2504 sic
2793 2448 3168 2519 dispositum,
3205 2445 3409 2511 statuit
3434 2445 3532 2500 Ja-

1893 2535 2020 2601 eob,
2043 2536 2100 2590 id
2130 2540 2241 2603 est,
2263 2536 2512 2591 ﬁrmavit
2540 2536 2599 2592 in
2631 2540 3001 2608 praeceptum,
3022 2536 3076 2590 id
3101 2538 3209 2599 est,
3228 2533 3285 2588 in
3317 2549 3532 2599 novum

1892 2628 2325 2689 testamentum,
2360 2625 2512 2695 quod
2545 2625 2773 2696 proprie
2803 2623 3015 2679 dicitur
3042 2627 3345 2688 aeternum,
3394 2620 3536 2693 quia

1894 2710 2121 2767 nullum
2172 2711 2253 2767 illi
2303 2711 2460 2768 aliud
2508 2711 3148 2784 aliquando‘succedit,
3183 2710 3240 2765 in
3287 2725 3401 2782 quo
3444 2714 3537 2764 est

1893 2800 2163 2857 omnium
2190 2803 2613 2873 promissorum
2641 2801 2925 2873 completa
2955 2799 3248 2872 perfectio.

1850 2918 1853 2921 ν
1897 2890 1957 2944 11
2071 2891 2263 2946 Dicens
2292 2908 2312 2944 :
2347 2892 2465 2946 Tibi
2492 2890 2628 2945 dabo
2657 2898 2861 2946 terram
2888 2888 3146 2944 Chanaan
3176 2904 3194 2943 :

2071 2980 2399 3035 Funieulum
2423 2979 2764 3037 haereditatis
2790 2986 2993 3035 vestrae.
3210 3036 3211 3039 η

1966 3068 2303 3124 CChanaau
2361 3067 2776 3141 interpretatur
2831 3068 3075 3123 humilis.
3123 3066 3269 3138 Ergo
3329 3080 3536 3121 conve-

1898 3155 2121 3211 nienter
2135 3156 2425 3230 signiﬁcat
2445 3160 2780 3228 accepturos
2799 3173 2924 3211 esse
2941 3153 3300 3211 Christianos
3322 3157 3539 3209 terram

1897 3244 2233 3311 humilium,
2260 3246 2315 3300 id
2347 3250 2436 3301 est
2463 3246 2787 3300 beatorum.
2815 3244 3135 3307 Funiculus
3160 3240 3535 3308 hereditatis,

1900 3333 2102 3389 mundi
2136 3333 2315 3404 hujus
2344 3334 2484 3389 dicit
2512 3338 2806 3389 tortuosae
2828 3331 3151 3405 angustias,
3170 3347 3316 3403 quas
3346 3328 3538 3386 Domi-

1899 3439 2013 3478 nus
2042 3436 2147 3494 pro
2176 3420 2362 3477 salute
2393 3426 2592 3478 nostra
2638 3437 2745 3483 sua
2774 3416 3359 3492 passionedissolvit.
3390 3416 3539 3473 Nam

1870 3530 1873 3537 λ
1899 3512 2090 3566 carnis
2122 3510 2280 3567 illius
2317 3510 2627 3583 susceptio,
2659 3512 2861 3567 nostra
2889 3508 3169 3582 probatur
3198 3523 3325 3563 esse
3356 3505 3538 3562 hisre-

1901 3600 2074 3657 ditas.

1902 3690 1971 3745 12
2078 3688 2211 3744 Cum
2238 3693 2415 3745 essent
2441 3704 2667 3745 numero
2699 3689 2848 3743 brevi
2864 3705 2894 3751 τε

2077 3779 2402 3833 Paucissimi
2428 3786 2479 3834 et
2510 3777 2707 3834 incolae
2734 3778 2869 3850 ejus.
3384 3830 3387 3833 λ

1972 3866 2013 3922 C
2044 3867 2208 3922 Nunc
2236 3869 2539 3923 enumerat
2568 3869 2787 3938 quanta
2815 3862 3163 3937 patriarcbis
3184 3862 3372 3919 virtus
3401 3860 3541 3917 divi-

1903 3972 1978 4011 na
2009 3954 2363 4028 prastiterit.

1904 4044 1974 4100 13
2076 4045 2141 4099 Et
2164 4044 2599 4116 pertransierunt
2626 4042 2691 4098 de
2717 4050 2873 4114 gente
2903 4044 2965 4098 in
2989 4049 3223 4114 gentem.

2076 4134 2144 4188 Et
2170 4132 2235 4188 de
2266 4149 2428 4203 regno
2457 4131 2531 4187 ad
2551 4132 2816 4204 populum
2844 4132 3098 4187 alterum.

1974 4221 2019 4276 Η
2052 4220 2535 4279 Pertran‘sierunt.
2571 4232 2705 4275 non-
2736 4220 2807 4275 de
2852 4217 3182 4291 captivitate
3208 4216 3543 4273 Judaorum

1904 4308 2030 4375 hoc,
2063 4309 2163 4365 sed
2199 4309 2270 4363 de
2299 4308 2590 4364 Abraham
2622 4307 2783 4375 dicit,
2807 4308 2906 4379 qui
2938 4306 3077 4363 exiit
3108 4306 3177 4361 de
3205 4309 3359 4368 terra
3382 4303 3546 4365 Chal-

1903 4398 2180 4464 daeorum,
2213 4400 2271 4452 et
2316 4396 2485 4451 venit
2517 4395 2577 4451 in
2627 4394 3128 4468 Menepotamiam,
3180 4394 3251 4449 de
3282 4392 3545 4465 Mesopo-

1902 4485 2082 4541 tamia
2109 4485 2166 4540 in
2200 4489 2420 4541 terram'
2463 4484 2893 4556 promissionis,
2944 4487 3001 4539 et
3046 4483 3257 4539 iterum
3289 4481 3355 4536 inv
3376 4482 3545 4554 Egy-

1906 4577 2092 4647 ptum.
2126 4571 2308 4629 Multa
2346 4588 2524 4645 regna
2552 4571 2896 4642 transimus,
2929 4575 2993 4627 ut
3036 4569 3441 4643 perveniamus
3472 4568 3545 4624 ad

1905 4667 2120 4719 terram
2153 4660 2622 4735 repromissionis
2643 4678 2657 4728 ;
2682 4664 2740 4716 et
2770 4660 2850 4715 ita
2880 4661 2950 4717 de
2978 4676 3157 4732 regno
3182 4656 3548 4732 [Egyptimu-

1897 4752 2005 4824 jus
2032 4750 2256 4819 mundi,
2288 4750 2359 4806 ad
2392 4749 2643 4806 alterum
2678 4748 2957 4821 populum
2990 4748 3050 4804 in
3081 4746 3261 4803 caelis.

1826 4850 1875 4914 υ
1908 4840 1973 4895 14
2081 4839 2197 4895 Νοη
2222 4840 2447 4911 reliquit
2477 4838 2755 4895 hominem
2782 4850 2969 4893 nocere
3000 4837 3081 4892 eis
3103 4854 3122 4892 ε

2080 4929 2145 4984 Et
2170 4929 2438 5000 corripuit
2462 4941 2561 4999 pro
2588 4928 2668 4984 eis
2695 4943 2866 4996 reges.
3228 4976 3233 4981 .

1975 5018 2021 5073 Η
2051 5018 2176 5073 Non
2209 5016 2445 5089 reliquit
2472 5015 2854 5083 Pharaonem,
2886 5018 2951 5070 ut
2993 5016 3227 5070 noceret
3253 5011 3548 5077 Abraham

1904 5106 1963 5161 in
1996 5107 2140 5162 Sara
2167 5105 2318 5174 (Gen.
2349 5104 2451 5176 xu)
2483 5121 2496 5161 :
2529 5121 2636 5159 nee
2686 5102 3027 5159 Abimelech'
3060 5102 3212 5175 (Gen.
3244 5101 3360 5174 xx),
3389 5104 3551 5163 Isaac

1904 5193 1973 5250 in-
1997 5195 2253 5250 Rebecca
2284 5194 2435 5266 (Gen.
2478 5193 2631 5265 xxvx)
2666 5209 2679 5247 :
2713 5192 2815 5248 sed
2862 5191 3145 5264 corripuit
3192 5189 3550 5248 Pharaonem

1906 5288 1963 5339 et
1988 5282 2321 5339 Abimelech
2354 5298 2459 5354 pro
2489 5281 2595 5336 eis.

1908 5372 1977 5427 15
2081 5371 2257 5428 Nolite
2287 5377 2506 5440 tangere
2534 5368 2762 5424 christos
2781 5384 2925 5424 meo:
2950 5386 2969 5424 ,ο

2084 5464 2149 5516 Et
2177 5476 2235 5515 in
2260 5460 2536 5531 prophetis
2562 5459 2699 5513 meis
2725 5457 2896 5513 nolite
2918 5458 3242 5527 malignari.

1976 5548 2021 5603 H
2053 5548 2196 5603 Ecce
2226 5550 2358 5602 ante
2383 5545 2569 5619 legem
2592 5544 3085 5617 patriarcbaamon
3107 5545 3267 5601 uncti
3294 5558 3554 5616 unguen:-

1905 5641 1962 5691 to
1994 5634 2193 5709 regali,
2229 5635 2436 5691 christi'
2461 5634 2759 5691 dicuntur.
2792 5632 3005 5689 Christi
3038 5635 3423 5695 autem‘sunt,
3448 5630 3550 5701 qui

1906 5724 2357 5796 Spirilu‘sancto
2387 5727 2708 5796 unguntur.
2757 5723 3120 5778 Erubescant
3165 5737 3302 5791 ergo
3339 5716 3547 5782 Judaei,

1906 5812 2004 5886 qui
2032 5813 2234 5869 dicunt
2266 5829 2380 5867 non
2406 5829 2574 5885 posse
2597 5804 2905 5866 Dominum
2923 5811 3123 5867 Jesum
3145 5808 3436 5863 Christum
3460 5821 3549 5859 vo-

1906 5901 2047 5969 cari,
2075 5901 2215 5974 quia
2242 5915 2357 5961 non
2390 5901 2499 5958 fuit
2526 5905 2745 5961 unctus
2771 5898 2955 5973 regali
2978 5895 3296 5971 unguento)
3327 5907 3465 5948 cum
3491 5893 3547 5945 et

4200 6362 5488 6638 ε
