3922 6446
261 450 381 518 379

1175 452 1240 516 S.
1287 454 1689 520 BRUNONIS
1735 455 2367 521 HERBIPOLENSIS
2410 453 2788 520 EPISCOPI.

3573 449 3736 518 πο.

260 587 344 646 illi
375 584 577 646 cbristi
605 586 902 656 dicantur,
923 586 1024 661 qui
1055 585 1228 662 longe
1257 592 1391 645 ante
1419 588 1558 646 Saul
1592 591 1650 662 (a
1679 607 1796 664 quo
1826 607 1913 648 re-
1941 592 1997 661 Α
2027 589 2227 659 Israel,
2245 607 2400 647 nunc
2418 589 2620 658 Jacob,
2642 606 2830 647 unum
2853 593 2912 646 et
2937 588 3211 647 eumdem
3242 588 3706 648 dicit.Chanaan

261 677 414 752 gulis
444 678 560 734 ista
586 682 644 735 et
673 676 996 734 materialis
1028 679 1202 752 ccepit
1232 677 1450 752 unctio)
1482 680 1738 736 fuerunt.

156 805 160 809 -
266 769 334 824 16
441 770 508 824 Et
535 770 744 824 vocavit
775 770 980 841 famem
1007 784 1174 841 super
1200 777 1406 825 terram
1436 788 1455 824 :

458 865 514 922 -ξιο
539 859 604 914 Et
644 863 658 922 ζ
703 873 862 914 omne
887 859 1294 928 ﬁrmamentum
1319 861 1484 930 panis
1507 861 1784 915 contrivit.

336 946 378 1002 C
406 946 646 1004 Vocavit
693 947 908 1003 famem
941 965 954 1002 :
1001 951 1264 1020 tempore
1311 947 1652 1016 Pharaonis,
1685 949 1922 1021 quando

267 1037 328 1093 in
358 1041 604 1110 Egypto
645 1042 866 1110 septem
915 1037 1086 1092 annis
1118 1037 1304 1093 fames
1349 1042 1619 1110 grassata
1647 1042 1736 1093 est
1764 1038 1918 1106 (Gen.

265 1129 401 1197 xu).
432 1127 502 1182 Et
528 1143 701 1182 omne
731 1127 1192 1196 ﬁrmamentum,
1229 1125 1284 1182 id
1316 1133 1405 1182 est
1460 1127 1714 1183 fructum
1765 1127 1922 1183 triti-

267 1233 434 1273 ccum
467 1215 735 1290 perduxit
765 1215 834 1270 ad
869 1215 1159 1285 nihilum;
1194 1215 1502 1272 hominum
1535 1215 1691 1272 enim
1725 1217 1921 1273 ﬁrma-

266 1309 531 1362 mentum
563 1304 732 1378 panis
758 1309 864 1371 est,
899 1321 1033 1360 cum
1066 1322 1246 1378 supra
1275 1305 1515 1362 dixerit:
1540 1311 1598 1361 et
1628 1305 1798 1378 panis
1823 1323 1925 1362 cor

267 1393 524 1451 hominis
553 1395 863 1451 confirmat
891 1397 1063 1466 (Psal.
1096 1396 1241 1466 cm).

270 1485 336 1540 17
444 1485 606 1542 Misit
634 1493 762 1540 ante
787 1500 874 1541 eos
901 1487 1087 1540 virum
1119 1504 1137 1540 :

444 1578 511 1630 In
542 1591 758 1630 servum
791 1574 1129 1630 venundatus
1157 1582 1236 1630 est
1263 1575 1477 1647 Ioseph.

338 1662 380 1718 C
408 1663 570 1719 Misit
594 1662 812 1735 Joscpb
863 1666 997 1718 ante
1046 1662 1427 1735 patriarchas,
1461 1680 1609 1736 quos
1648 1663 1924 1735 superius

270 1752 634 1808 memoravit.
671 1751 777 1818 Qui
813 1752 958 1808 bene
989 1751 1078 1807 vir
1107 1752 1339 1821 dicitur,
1374 1753 1514 1824 quia
1542 1757 1605 1808 ut
1629 1753 1719 1808 vir
1746 1751 1925 1808 virili-

269 1844 357 1896 ter
385 1844 601 1897 cuncta
646 1841 948 1896 sustinuit.
981 1841 1134 1897 Ordo
1181 1845 1376 1897 autem
1429 1842 1738 1898 verborum
1787 1841 1924 1898 talis

269 1934 359 1985 est
389 1945 403 1984 :
439 1930 602 1985 misit
630 1935 763 1986 ante
794 1947 894 1987 cos
939 1931 1130 1986 virum
1176 1929 1414 2003 Joseph,
1463 1931 1564 2004 qui
1597 1931 1654 1987 in
1689 1948 1978 2038 servumB

268 2019 641 2076 venundatus
666 2024 774 2076 est.

274 2109 340 2164 18
448 2109 890 2165 Ilumiliaverunt
917 2111 978 2164 in
1005 2109 1349 2182 compedibus
1375 2109 1532 2182 pedes
1557 2109 1695 2182 ejus.

447 2197 673 2253 Ferrum
697 2199 1025 2271 pertransiit
1050 2200 1300 2256 animum
1327 2200 1446 2272 ejus
1476 2219 1498 2255 .-

445 2289 622 2344 Donec
649 2289 858 2344 veniret
887 2289 1113 2344 verbum
1139 2289 1278 2360 ejus.

339 2378 382 2434 C
415 2379 460 2434 Α
486 2377 772 2450 Putiphar
791 2378 1100 2450 praeposito
1123 2378 1442 2435 Pharaonis
1459 2377 1676 2452 Joseph
1703 2376 1925 2434 missus

269 2471 359 2525 est
385 2467 446 2524 in
476 2483 766 2524 carcerem
801 2483 815 2523 :
859 2467 1170 2541 compedes
1219 2472 1417 2524 autem
1467 2470 1761 2542 accepisse
1806 2484 1924 2522 non

268 2556 503 2630 legitur,
535 2557 635 2614 sed
667 2555 790 2612 fieri
822 2558 1012 2630 potuit
1040 2562 1108 2613 ut
1157 2557 1257 2630 qui
1306 2557 1366 2612 in
1397 2573 1626 2613 carcere
1657 2561 1927 2612 retrusus

269 2650 362 2702 est
398 2646 601 2702 ferreis
631 2645 879 2702 nexibus
923 2645 1224 2720 ligaretur.
1279 2645 1623 2702 Pertransiit
1663 2646 1925 2702 animam

272 2734 464 2808 ipsius
482 2735 722 2801 ferrum,
743 2735 978 2807 quando
997 2734 1059 2789 in
1091 2733 1201 2790 has
1232 2733 1454 2790 missus
1482 2739 1572 2790 est
1597 2733 1924 2808 angustias,

273 2841 346 2881 ne
379 2823 533 2880 inter
561 2823 734 2890 mala,
767 2839 894 2896 quae
925 2822 1142 2896 injuste
1169 2839 1382 2896 passus
1411 2827 1522 2890 est,
1553 2823 1928 2896 praevalerent

271 2918 330 2970 et
357 2911 607 2970 crimina
637 2911 909 2968 falsitatis
934 2930 948 2980 ;
983 2912 1200 2969 ferrum
1229 2917 1426 2969 autem
1458 2911 1552 2968 hic
1583 2912 1803 2968 indicat
1831 2911 1931 2969 tri-

273 3001 636 3059 bulationem
654 3001 816 3058 dura:
839 3002 1230 3059 necessitatis.
1245 3002 1436 3059 Donec
1453 3002 1926 3058 veniretverbum

273 3109 307 3148 a
342 3107 475 3165 rege
525 3092 844 3161 Pharaone,
878 3091 978 3164 qui
1025 3109 1161 3148 eum
1208 3091 1492 3160 liberavit,
1543 3091 1632 3148 vel
1682 3091 1925 3148 verbum

269 3181 488 3256 Joseph
518 3181 940 3256 interpretandi
974 3181 1222 3251 somnia,
1249 3182 1406 3255 quod
1437 3181 1679 3237 verbum
1713 3197 1929 3255 quaere-

271 3273 447 3328 batur
470 3288 506 3328 a
533 3288 666 3346 rege
705 3271 766 3328 in
797 3288 864 3328 eo
895 3275 952 3328 et
979 3289 1116 3328 eum
1146 3271 1430 3329 liberavit.
1464 3271 1626 3338 Quod
1657 3272 1922 3335 verbum,

271 3361 373 3418 Dei
406 3360 516 3418 fuit
544 3361 740 3435 potius
771 3379 948 3435 quam
979 3361 1219 3435 Josepb.

275 3450 342 3508 19
449 3452 740 3524 Eloquium
782 3453 1008 3508 Domini
1052 3452 1420 3524 inﬂammavit
1446 3467 1572 3507 eum
1600 3468 1620 3506 :
1648 3450 1802 3506 misit
1827 3465 1930 3506 rex

520 3548 573 3596 et
596 3541 760 3596 solvit
789 3555 916 3596 eum
948 3557 962 3596 :

489 3630 750 3700 Princeps
775 3629 1105 3700 paputorum
1131 3635 1182 3684 et
1221 3629 1434 3685 dimisit
1463 3645 1606 3686 eum.

347 3717 390 3774 C
420 3717 812 3774 lnﬂammavit
841 3716 1042 3790 utique
1071 3733 1206 3774 eum
1247 3718 1406 3774 intus
1449 3717 1647 3773 lumen
1680 3715 1933 3774 cmlestis

277 3808 529 3865 ﬂamma:
562 3811 627 3862 ut
656 3807 854 3862 futura
883 3807 1101 3862 diceret
1131 3823 1265 3862 cum
1298 3807 1514 3862 fiducia
1535 3806 1933 3862 veritatis.Mi-

276 3897 354 3954 sit
385 3914 503 3966 rex,
527 3896 752 3953 Pharao
782 3894 954 3952 solvit
979 3913 1014 3952 a
1046 3899 1208 3952 reatu
1241 3912 1356 3968 quo
1387 3895 1698 3952 tenebatur
1727 3894 1935 3951 obstri-

275 3992 426 4052 ctus,
449 3985 574 4061 ipse
594 3990 684 4043 est
714 3985 1006 4059 princeps,
1029 3985 1224 4040 dictus
1253 3984 1477 4040 Pharao
1509 3983 1934 4057 scilicet,qucm

278 4077 550 4152 superius
583 4093 778 4150 regem
801 4073 966 4146 dixit,
983 4072 1080 4131 ille
1101 4073 1328 4130 dimisit
1347 4089 1482 4130 eum
1505 4072 1762 4130 claustra
1781 4071 1937 4130 exire

276 4164 527 4224 carceris
553 4167 713 4239 (Gen;
747 4165 878 4238 XLI).

273 4258 346 4312 20
455 4257 746 4314 Constituit
772 4272 896 4311 eum
922 4254 1208 4312 dominum
1234 4253 1427 4311 domus
1455 4269 1576 4312 suae
1605 4271 1622 4308 :

456 4350 524 4404 Et
546 4346 857 4421 principem
887 4345 1066 4403 omnis
1093 4345 1445 4418 possessionis
1474 4359 1613 4401 sum.

347 4441 386 4492 C
414 4435 732 4493 Constituit
752 4435 1060 4491 dominum
1083 4437 1140 4489 et
1170 4433 1517 4506 principem,
1536 4432 1772 4504 quando
1800 4449 1937 4490 eum

276 4525 412 4583 fecit
442 4542 682 4582 currum
721 4524 1036 4582 ascendere
1067 4526 1125 4579 et
1156 4522 1439 4596 praeconis
1487 4538 1626 4578 voce
1657 4522 1938 4590 nuntiari,

275 4617 434 4673 hunc
455 4615 780 4672 secundum
805 4613 1115 4671 dominum
1145 4628 1278 4670 esse
1308 4616 1441 4686 post
1472 4628 1669 4685 regem
1698 4615 1757 4668 et
1786 4612 1940 4684 prin-

276 4705 324 4761 ci
333 4723 463 4779 pem
494 4703 676 4762 totius
705 4703 955 4784 {Egypti

275 4798 338 4852 2t
458 4797 521 4854 Ut
547 4795 792 4852 erudiret
818 4794 1095 4866 principes
1121 4793 1239 4866 ejus
1266 4793 1406 4848 sicut
1433 4792 1785 4865 semetipsum
1806 4810 1824 4846 :

489 4887 554 4942 Et
579 4901 728 4942 senes
749 4885 867 4955 ejus
893 4883 1246 4956 prudentiam
1274 4881 1505 4938 doceret.

347 4975 390 5032 C
419 4975 700 5032 Credebat
730 4972 954 5029 Pharao
985 4971 1141 5045 quod
1164 4970 1396 5029 erudire
1421 4973 1621 5044 posset
1641 4969 1938 5044 principes

279 5081 440 5132 suos,
472 5068 538 5119 ut
565 5061 623 5119 et
653 5061 766 5136 ipsi
796 5061 1162 5119 somniorum
1193 5060 1546 5134 interpretes
1594 5076 1724 5118 esse
1753 5077 1939 5118 mere-

279 5155 503 5219 rentur,
537 5155 593 5205 et
621 5151 750 5207 ideo
781 5166 916 5206 eum
949 5149 1033 5206 eis
1065 5149 1343 5222 praefecit,
1376 5165 1492 5206 non
1528 5148 1722 5206 solum
1750 5153 1816 5206 ut
1846 5167 1942 5208 re-

281 5243 460 5314 geret,
495 5239 596 5294 sed
627 5243 685 5294 et
714 5239 966 5306 doceret,
1001 5239 1266 5296 nesciens
1297 5255 1456 5305 eum,
1482 5256 1518 5294 a
1545 5255 1660 5312 quo
1688 5239 1945 5296 somnio-

281 5344 414 5384 rum
447 5326 692 5383 scientia
719 5331 826 5392 est,
860 5327 1044 5382 Deum
1079 5326 1269 5383 solum
1295 5327 1522 5382 docere.

281 5420 354 5474 22
465 5421 531 5474 Et
562 5417 789 5471 intravit
816 5415 986 5472 Israel
1029 5421 1083 5480 εξ
1113 5416 1171 5469 in
1215 5421 1228 5480 ζ
1274 5416 1566 5488 Αἰρῃριωη
1597 5435 1610 5472 :

461 5510 530 5562 Et
549 5506 720 5562 Iacob
749 5503 934 5559 accola
961 5503 1072 5572 fuit
1105 5505 1165 5558 in
1194 5510 1340 5558 terra
1369 5503 1559 5560 Cham.

355 5597 397 5652 Ο
423 5595 680 5652 Jubcnte
712 5592 1030 5658 Pharaone,
1059 5591 1325 5662 cognatio
1372 5592 1587 5666 Joseph
1641 5595 1712 5651 ad
1751 5600 1940 5652 terras

286 5685 516 5759 .Egypti
564 5681 818 5739 deducta
863 5682 970 5735 est.
1006 5679 1072 5734 Et
1119 5678 1317 5747 Jacob,
1367 5681 1704 5740 diversitate
1750 5685 1940 5740 nomi-

288 5792 455 5847 num,
488 5772 645 5832 dicta
697 5787 814 5830 sua:
873 5765 1252 5826 revelationis
1293 5768 1553 5827 variavit.
1589 5771 1724 5827 Ideo
1783 5789 1941 5830 nunc

2028 696 2164 737 vero
2196 679 2306 737 fuit
2333 680 2490 737 ﬁlius
2543 679 2748 748 Cham,
2781 695 2964 754 nepos
3011 680 3151 749 Noe,
3182 696 3251 736 ex
3299 697 3417 754 quo
3441 679 3710 754 [Egyptii

2028 774 2331 826 traxerunt
2377 768 2688 843 originem.
2740 769 2952 826 Nostra
2998 785 3133 826 vero
3172 767 3480 826 translatio
3509 769 3708 826 Cham

2029 858 2237 928 habet;
2271 860 2373 916 sed
2407 859 2694 925 Romana,
2727 847 2905 932 quam
2936 857 3031 915 hic
3062 859 3350 932 sequitur,
3383 858 3702 916 Chanaan.

2027 950 2100 1004 23
2208 951 2274 1005 Et
2301 951 2460 1005 auxit
2485 949 2747 1021 populum
2779 964 2945 1004 suum
2983 949 3365 1006 vehementer:

2207 1040 2271 1096 Et
2297 1041 2541 1110 ﬁrmavit
2565 1055 2693 1095 eum
2719 1055 2886 1112 super
2914 1040 3169 1095 inimicos
3197 1039 3332 1112 ejus.

2101 1129 2148 1185 Η
2177 1129 2354 1185 Auxit
2401 1128 2686 1202 populum
2737 1145 2940 1197 suum,
2973 1128 3328 1184 fecunditate
3371 1127 3702 1196 nascendi;

2031 1218 2423 1284 confirmavit,
2455 1218 2692 1291 quando
2718 1216 2838 1275 illis
2867 1216 3267 1273 crescentibus
3292 1216 3704 1291 [Egyptiorum

2030 1308 2203 1364 turba
2233 1306 2560 1364 notissimis
2589 1305 2779 1380 plagis
2809 1306 3184 1363 vehementer
3211 1305 3431 1362 atﬂicta
3458 1311 3570 1362 est.

2028 1397 2098 1457 24
2211 1397 2495 1454 Convertit
2521 1413 2619 1452 cor
2646 1413 2857 1465 eorum,
2905 1403 2968 1452 ut
2995 1396 3210 1452 adirent
3236 1396 3498 1468 populum
3526 1396 3650 1470 ejus
3682 1415 3707 1452 .-

2246 1487 2312 1543 Et
2333 1487 2521 1542 dolum
2546 1489 2796 1560 facerent
2826 1487 2885 1541 in
2913 1500 3092 1542 servos
3121 1485 3262 1558 ejus.

2102 1575 2144 1631 C
2175 1575 2466 1633 Convertit
2491 1576 2647 1633 Deus
2676 1574 3078 1648 Egyptiorum
3098 1590 3200 1630 cor
3228 1574 3301 1630 ad
3332 1575 3532 1630 odium
3561 1590 3707 1631 con-

2032 1668 2125 1721 tra
2156 1664 2540 1722 lsraeliticum
2593 1664 2900 1739 pOpulum,
2952 1663 3283 1737 praestando
3331 1662 3449 1720 illis
3477 1661 3699 1719 felicia.

2034 1755 2101 1809 Et
2129 1754 2332 1810 dolum
2355 1754 2610 1812 facerent
2631 1771 2646 1810 :
2670 1769 3040 1826 consequens
3061 1757 3189 1809 erat
3209 1756 3276 1808 ut
3293 1756 3427 1827 post
3455 1767 3706 1825 concep-

2032 1846 2160 1899 tum
2193 1843 2394 1899 odium
2425 1843 2669 1900 saeviens
2699 1841 2954 1916 populus
3004 1841 3077 1898 ad
3121 1839 3356 1898 dolosas
3385 1840 3701 1898 machinas

2032 1933 2376 2005 perveniret,
2390 1936 2457 1988 ut
2478 1932 2590 1989 fuit
2611 1931 2670 1988 in
2693 1931 2978 1988 lateribus
2999 1929 3323 2004 praeceptis,
3337 1928 3699 2002 duplicando

2035 2037 2205 2094 opus,
2232 2026 2296 2078 'et
2325 2020 2520 2094 paleas
2551 2021 2842 2094 negando,
2873 2024 2930 2076 et
2960 2018 3257 2076 similibus
3285 2019 3488 2091 (Exod.
3517 2019 3582 2088 ι).

2031 2112 2103 2168 25
2211 2111 2353 2168 Misit
2383 2109 2599 2184 Moysen
2625 2126 2844 2166 servum
2871 2125 3037 2165 suum
3068 2125 3083 2166 ε

2248 2201 2429 2256 Aaron
2457 2215 2618 2274 quem
2645 2199 2812 2269 elegit
2853 2199 3052 2272 ipsum.

2105 2289 2146 2346 C
2174 2289 2322 2346 Istos
2369 2289 2443 2344 ad
2493 2288 2879 2357 Pharaonem,
2923 2287 3094 2360 quasi
3143 2286 3432 2360 quosdam
3491 2289 3698 2352 testes,

2035 2383 2264 2435 constat
2290 2395 2326 2434 a
2353 2377 2470 2435 Deo
2491 2378 2919 2445 destinatos,ut
2949 2375 3233 2450 populum
3265 2375 3380 2432 sibi
3412 2373 3697 2448 placitum

2036 2467 2198 2524 abire
2229 2466 2601 2542 permisisset
2627 2464 2900 2523 illaesum.

2032 2558 2105 2614 26
2211 2559 2405 2614 Posuit
2434 2559 2496 2614 in
2536 2558 2616 2614 eis
2662 2557 2828 2614 verba
2864 2556 3149 2629 signorum
3175 2571 3400 2613 suorum
3425 2561 3478 2611 et
3500 2553 3711 2644 prodi;

2247 2648 2472 2717 giorum
2496 2663 2516 2703 .·

2213 2738 2274 2793 In
2303 2744 2452 2793 terra
2482 2735 2673 2793 Citam.

2105 2829 2146 2880 C
2177 2825 2359 2900 Signa
2378 2829 2518 2882 sunt
2538 2823 2706 2899 quasi
2729 2823 2930 2898 aliqua
2953 2823 3201 2898 vestigia
3220 2823 3546 2881 futurarum
3571 2822 3696 2881 sive

2036 2914 2458 2988 praeteritarum
2512 2931 2748 2983 rerum;
2783 2913 3051 2987 prodigia
3098 2929 3232 2970 vero
3281 2912 3575 2986 pertinent
3618 2913 3692 2969 ad

2037 3003 2336 3063 mirabiles
2365 3008 2630 3074 eventus,
2659 3003 2761 3076 qui
2793 3002 2853 3060 in
2884 3003 3090 3060 ordine
3135 3019 3332 3060 rerum
3380 3001 3544 3076 prius
3575 3018 3693 3058 non

2035 3094 2292 3162 fuerunt,
2327 3092 2662 3168 prodigium
2708 3096 2799 3150 est
2826 3092 2985 3150 enim
3033 3093 3260 3150 dictum
3300 3091 3374 3148 ab
3419 3109 3488 3149 eo
3536 3092 3693 3164 quod

2035 3201 2207 3258 porro
2251 3183 2427 3241 dicat.
2457 3183 2661 3256 Itaque
2703 3181 2818 3240 ista
2849 3181 3144 3240 mirabilia
3171 3185 3312 3238 tunc
3343 3180 3496 3238 facta
3519 3197 3693 3254 porro

2035 3277 2094 3330 et
2122 3270 2326 3346 procul
2357 3271 2631 3330 dicebant
2661 3270 2877 3346 populo
2907 3270 3239 3329 Christiano
3259 3269 3480 3344 aliquid
3511 3285 3580 3326 ex
3607 3269 3694 3328 eis

1956 3347 2001 3415 C
2037 3361 2507 3437 intelligendum.

2033 3452 2107 3507 27
2214 3452 2371 3513 Misit
2398 3452 2648 3509 tenebras
2674 3459 2726 3508 et
2753 3452 3066 3508 obscuravit
3093 3469 3112 3506 :

2215 3541 2282 3597 Et
2308 3557 2421 3598 non
2449 3541 2802 3598 exacerbavit
2829 3556 3102 3598 sermones
3129 3555 3274 3596 suos.

2109 3629 2152 3688 C
2178 3631 2475 3704 Leguntur
2505 3631 2775 3687 tenebras
2806 3630 2959 3688 inter
2986 3628 3189 3703 plagas
3214 3627 3463 3703 Egyptii
3491 3630 3689 3701 pertu-

2037 3718 2198 3788 lisse,
2232 3721 2333 3776 sed
2368 3720 2563 3794 potius
2602 3718 3006 3794 intelligamus
3053 3719 3231 3776 corda
3276 3732 3478 3775 eorum
3508 3717 3689 3774 fuisse

2041 3809 2372 3877 obscurata,
2430 3809 2531 3883 qui
2584 3809 2817 3866 Domini
2875 3812 3165 3883 precepts
3219 3806 3688 3865 contemnebant.

2042 3897 2545 3955 Exacerbaverunt
2574 3913 2898 3966 sermones,
2929 3896 3224 3971 significat
3251 3897 3442 3953 acerbe
3469 3910 3697 3968 accepe-
3761 3909 3772 3920 '

2043 3991 2202 4053 runt,
2235 3991 2337 4043 aut
2380 3990 2532 4044 certe
2563 3984 2865 4060 iniuriosis
2894 3983 3433 4043 abominationibus
3463 3997 3696 4056 respue-

2044 4078 2202 4143 runt,
2235 4079 2294 4132 et
2323 4076 2404 4132 ita
2434 4075 2672 4149 exponit
2711 4074 3160 4132 translationem
3194 4073 3541 4142 Romanam,
3573 4089 3696 4146 qua:

2044 4163 2224 4221 habet
2251 4164 2391 4238 quia
2435 4165 2926 4222 exacerbaverunt
2949 4207 2963 4232 ,
3015 4163 3118 4220 sed
3149 4166 3353 4220 nostra
3381 4161 3556 4219 habet
3587 4177 3698 4217 non

2045 4252 2429 4322 exacerbavit,
2463 4252 2686 4310 scilicet
2715 4250 2892 4320 Deus,
2940 4252 2998 4309 id
3029 4256 3120 4310 est
3158 4269 3276 4309 non
3307 4249 3572 4320 irritavit,
3604 4248 3699 4306 sed

2047 4343 2357 4418 complevit
2387 4359 2690 4400 sermones
2719 4359 2859 4400 suos
2881 4340 3184 4399 miraculis
3205 4357 3306 4398 eos
3327 4339 3698 4396 confirmans.

2045 4436 2116 4490 28
2227 4433 2508 4490 Convertit
2531 4448 2702 4506 aquas
2730 4449 2921 4489 eorum
2951 4433 3014 4489 in
3042 4431 3380 4504 sanguinem
3405 4447 3425 4486 :

2226 4525 2292 4579 Et
2323 4521 2521 4579 occidit
2537 4522 2710 4594 pisces
2738 4537 2948 4579 eorum.

2121 4612 2162 4669 C
2187 4610 2480 4668 Convertit
2507 4610 2666 4667 enim
2716 4627 2903 4684 aquas
2932 4609 2994 4666 in
3025 4608 3397 4684 sanguinem,
3429 4604 3700 4680 quoniam

1967 4723 2014 4788 ο
2047 4705 2215 4758 erant
2243 4699 2398 4757 inter
2425 4701 2636 4772 ﬂuenta
2665 4699 2848 4758 maris
2878 4697 3060 4788 Rubri
3091 4696 3362 4788 perituri.
3389 4695 3584 4788 Pisces
3611 4710 3700 4750 oc-

2045 4789 2152 4846 cisi
2185 4791 2344 4856 sunt,
2367 4805 2440 4846 ne
2472 4804 2608 4862 spes
2628 4787 2859 4846 vivendi
2889 4787 3232 4845 hominibus
3262 4785 3466 4844 relicta
3491 4782 3702 4840 videre.

2047 4884 2164 4946 tur,
2198 4878 2433 4951 quando
2465 4871 2642 4935 etiam
2662 4877 2856 4952 pisces
2883 4877 3100 4935 mortui
3123 4879 3280 4934 sunt.
3305 4873 3414 4942 Qui
3435 4873 3494 4930 in
3517 4871 3702 4929 nativo

2049 4967 2341 5026 elemento
2373 4965 2486 5025 isto
2515 4967 2726 5024 nutriti
2755 4971 2914 5026 sunt.
3005 4973 3011 4978 '

2047 5059 2120 5116 29
2229 5056 2455 5115 Addidit
2483 5064 2634 5114 terra
2660 5073 2854 5115 eorum
2881 5073 3047 5116 ranas
3077 5074 3097 5114 :

2230 5148 2293 5204 In
2318 5147 2752 5220 penetrabilibus
2779 5164 2974 5230 regum
3002 5149 3262 5220 ipsorum.

2123 5237 2171 5294 Η
2198 5236 2262 5294 In
2293 5235 2454 5294 ranis
2482 5240 2791 5311 poetarum
2819 5228 3088 5294 carmina
3116 5233 3522 5308 designantur,
3545 5228 3640 5302 qui
3671 5243 3704 5286 a

2046 5324 2334 5384 catholica
2365 5325 2570 5400 regula
2587 5325 2995 5402 discrepantes
3023 5324 3206 5382 corda
3231 5327 3598 5380 terrenorum
3625 5334 3703 5375 re-

2047 5432 2189 5490 gum
2215 5414 2434 5472 fabulis
2474 5413 2702 5488 replent
2728 5415 3164 5490 deceptionum.

2046 5507 2118 5562 30
2226 5505 2382 5560 Dixit
2409 5507 2464 5560 et
2492 5505 2641 5561 venit
2675 5521 2946 5579 cynomya
2973 5511 3025 5562 et
3050 5503 3298 5577 ciniphes
3333 5518 3346 5558 :

2226 5595 2289 5651 In
2317 5588 2569 5652 enmibus
2597 5594 2803 5667 ﬁnibus
2830 5611 3044 5652 eorum.

2119 5684 2162 5740 C
2199 5684 2494 5758 Cynomya
2547 5684 2849 5758 signiﬁcat
2904 5698 3172 5741 muscam
3231 5679 3526 5746 caninam,
3579 5691 3696 5748 qua

2050 5774 2274 5831 caeteris
2308 5773 2533 5832 muscis
2562 5773 2895 5833 mordacior
2922 5776 3014 5832 est
3043 5776 3101 5830 et
3127 5768 3573 5846 importunitate
3601 5779 3699 5824 sua
