3922 6494
164 448 294 520 381

1445 453 1860 516 EXPOSITIO
1900 450 2416 515 PSALMURUM.

3501 450 3621 513 382

181 582 547 655 violentior;
580 585 887 659 ciniphes,
933 602 1117 660 genus
1164 584 1418 642 culicum
1475 584 1606 644 ﬁxis
1654 584 1869 642 aculeis
1896 585 1945 652 Α
1982 592 2392 663 coegerunt,ne
2424 588 2635 644 iterum
2667 582 2935 642 homines
2956 588 3012 640 et
3037 580 3421 657 primogenita
3440 581 3617 641 inter-

195 672 634 750 permolestum
646 715 659 729 .

201 780 261 835 31
336 780 539 835 Posuit
565 778 799 851 pluvias
825 794 1016 835 eorum
1038 778 1365 848 grandinem
1395 794 1409 834 :

337 867 531 938 Ignem
551 868 970 924 comburentem
1000 868 1056 923 in
1088 876 1237 923 terra
1269 870 1524 940 ipsorum.

269 954 311 1010 C
339 955 571 1022 Posuit,
606 955 667 1009 id
700 959 793 1011 est
819 954 1163 1023 decrevit,ut
1194 955 1390 1028 pluvia
1419 973 1545 1028 quae
1575 957 1646 1011 ad
1672 956 1865 1012 fecun-

205 1044 440 1099 ditatem
498 1041 680 1098 terris
728 1044 908 1098 datur
951 1047 1421 1101 converterentur
1460 1044 1518 1099 in
1562 1045 1865 1117 grandinis

200 1132 435 1188 noxiam
462 1132 999 1203 vastitatemJgnis
1027 1149 1157 1188 vero
1191 1133 1542 1188 comburens
1574 1133 1866 1205 signiﬁcat

194 1219 472 1289 fulmina,
533 1235 666 1292 quae
718 1218 913 1276 solent
969 1220 1217 1281 excitata
1284 1224 1629 1294 tempestate
1692 1221 1865 1277 dese:-

190 1325 331 1364 νινε.

184 1406 255 1462 32
329 1409 400 1463 Et
429 1406 714 1478 percussit
742 1407 933 1461 vineas
960 1422 1149 1462 eorum
1175 1415 1226 1463 et
1254 1408 1516 1478 ﬁculneas
1546 1422 1738 1462 eorum
1770 1424 1789 1463 :

328 1494 400 1549 Et
426 1494 696 1549 contrivit
729 1494 949 1564 lignum
976 1495 1175 1563 [inium
1198 1511 1408 1551 eorum.

256 1594 298 1645 C
329 1589 492 1659 Quod
522 1589 670 1646 dicit
699 1589 1017 1663 percussit,
1064 1592 1135 1646 ad
1166 1592 1506 1664 gandinem
1546 1591 1632 1646 vel
1667 1591 1860 1664 ignem

191 1679 647 1735 comburentem
710 1680 883 1749 refer,
935 1695 1006 1734 ne
1045 1683 1240 1735 autem
1295 1684 1527 1736 tantum
1582 1680 1861 1735 ﬁculneae

192 1770 437 1838 putares
472 1782 813 1839 percussas,
847 1766 1073 1821 addidit
1101 1783 1272 1825 omne
1300 1767 1621 1840 lignum,ut
1649 1772 1706 1822 et
1736 1772 1861 1823 sata

190 1871 303 1910 non
337 1854 655 1910 dubitares
687 1870 913 1921 eversa,
942 1854 1040 1909 ubi
1069 1855 1344 1911 arborum
1390 1872 1622 1929 quoque
1654 1857 1863 1912 robora

188 1957 594 2016 cognosceres
626 1941 813 1998 tuisse
838 1942 1338 2015 contrita.Majora
1367 1943 1521 2001 enim
1564 1944 1864 1999 continent
1894 1948 1939 2013 Β

192 2029 568 2086 intellectum
599 2028 924 2085 minorum.

182 2119 253 2173 33
327 2119 501 2176 Dixit
528 2121 583 2174 et
617 2120 768 2173 venit
799 2117 1008 2173 locusta
1032 2136 1050 2171 :

328 2226 396 2280 Et
428 2223 692 2289 bruchus,
724 2224 885 2294 cujus
914 2241 1023 2280 non
1050 2230 1171 2281 erat
1202 2242 1483 2281 numerus.

256 2316 298 2367 C
330 2313 592 2368 Locusta
621 2316 713 2366 est
743 2316 933 2367 mater
973 2312 1201 2379 bruchi,
1236 2331 1412 2385 quem
1452 2314 1609 2369 mala
1661 2314 1861 2370 fecun-

188 2400 378 2456 ditate
406 2403 764 2473 progenerat
794 2415 924 2471 quae
954 2400 1025 2455 ad
1059 2400 1218 2456 illam
1242 2402 1692 2473 praedam,quasi
1725 2419 1860 2457 con-

180 2492 435 2544 vocatus
478 2488 938 2563 exercitus,cum
971 2504 1079 2543 sua
1110 2488 1269 2561 prole
1296 2489 1613 2545 descendit.

179 2578 250 2632 3i
329 2579 403 2634 Et
432 2576 671 2633 comedit
695 2590 861 2631 omne
888 2577 1080 2645 fenum
1110 2578 1170 2632 in
1200 2581 1348 2633 terra
1379 2594 1566 2633 eorum
1590 2595 1602 2633 :

447 2666 527 2720 Et
570 2662 806 2719 comedit
849 2670 862 2728 ;
918 2679 1133 2721 omnem
1174 2672 1230 2732 -ξη
1274 2668 1516 2736 fructum
1569 2670 1735 2724 terrae
1779 2684 1862 2723 eo-

417 2769 598 2808 rum:

268 2840 312 2896 C
340 2841 413 2897 Et
443 2855 520 2896 ne
546 2840 817 2897 crederes
849 2840 1103 2896 inaniter
1130 2840 1447 2898 adductum
1499 2842 1665 2898 illum
1700 2858 1860 2899 exer-

192 2930 406 2996 citum,
471 2928 619 2985 dicit
673 2945 912 2986 omnem
972 2929 1227 2986 fructum
1275 2936 1690 3004 consumptum
1734 2948 1862 2988 esse

193 3022 388 3073 terrae.

191 3107 274 3161 35
346 3107 415 3162 Et
454 3107 728 3174 percussit
783 3120 943 3161 omne
985 3107 1412 3177 primogenitum
1469 3110 1528 3163 in
1581 3114 1724 3163 terra
1772 3123 1859 3164 eo-

416 3211 595 3250 rum:

339 3283 635 3339 Primitias
664 3283 846 3338 omnis
877 3282 1080 3339 laboris
1103 3299 1310 3340 eorum.

264 3372 307 3427 C
334 3370 516 3427 Venit
548 3369 621 3424 ad
653 3368 968 3441 septimam
993 3369 1221 3444 plagam
1248 3373 1305 3427 in
1327 3372 1434 3427 hoc
1459 3372 1682 3445 psalmo
1707 3374 1855 3446 posi-

187 3462 336 3514 tam.
369 3458 565 3514 Movet
619 3457 802 3513 etiam
848 3456 1094 3531 aliquos,
1127 3477 1232 3516 cur
1267 3461 1327 3516 in
1366 3462 1477 3517 isto
1511 3462 1734 3533 psalmo
1765 3481 1852 3519 sc-

188 3552 354 3622 ptem
389 3550 797 3615 tantum,cum
830 3545 890 3600 in
923 3547 1093 3603 Exodi
1128 3550 1460 3605 narratione
1491 3551 1854 3618 decem,nar-

186 3635 547 3691 rantur.Sed
580 3633 689 3690 hoc
721 3634 943 3690 factum
976 3640 1065 3690 est
1093 3635 1243 3704 ideo,
1267 3638 1405 3710 quia
1432 3643 1654 3710 septem
1687 3640 1853 3696 bene-

185 3724 326 3778 ﬁcia
359 3722 683 3779 Dominum
731 3721 970 3778 Hebrazo
1014 3724 1227 3796 populo
1274 3710 1621 3798 praistitisse
1654 3729 1851 3784 statim

184 3810 467 3867 dicturus
511 3814 602 3866 est
637 3828 650 3866 :
686 3810 974 3884 praemisit
1020 3812 1260 3868 totidem
1313 3813 1513 3887 plagas
1560 3816 1853 3888 JEgyptios

183 3899 522 3973 accepisse.
547 3900 595 3954 A
624 3897 726 3953 Vel
778 3899 921 3971 quia
951 3897 1237 3976 laudanti,
1269 3902 1339 3957 de
1371 3901 1635 3975 pluribus
1668 3921 1853 3976 pauca

181 3987 487 4061 attigisse,
521 3985 784 4053 sufﬁcit;
821 3987 1081 4042 narranti
1111 3974 1471 4055 vero,omnia
1500 3974 1851 4048 commemo-

181 4091 317 4131 rare
336 4091 497 4148 opus
526 4079 639 4131 est.

176 4181 251 4237 36
328 4184 398 4255 Et
424 4181 655 4237 reduxit
680 4197 770 4237 eos
798 4196 925 4236 cum
945 4190 1169 4254 argento
1197 4187 1250 4239 et
1279 4199 1414 4239 auro
1444 4202 1464 4238 .-

329 4271 412 4325 Et
441 4285 553 4325 non
583 4277 710 4325 erat
740 4270 799 4323 in
832 4271 1085 4325 tribubus
1103 4287 1291 4326 eorum
1331 4274 1604 4343 inﬁrmus.

256 4360 299 4413 C
328 4360 563 4413 Aurum
598 4362 658 4413 et
689 4361 1002 4430 argentum
1052 4358 1436 4415 Israeliticum
1470 4360 1749 4432 populum
1780 4362 1852 4418 ab

183 4444 481 4519 Egyptiis
537 4444 941 4502 discedentem
992 4463 1061 4501 ex
1118 4454 1400 4520 prmcepto
1447 4449 1547 4504 Dei
1604 4448 1853 4522 legimus

179 4535 493 4607 accepisse
535 4533 733 4606 (Exod.
770 4533 875 4603 ιι),
908 4538 974 4589 ut
1026 4551 1141 4590 non
1174 4536 1478 4608 repentina
1528 4538 1850 4611 subreptio,

169 4623 287 4681 sed
350 4620 548 4694 longas
598 4621 962 4693 Operationis
1011 4640 1232 4680 merces
1269 4639 1399 4680 esse
1453 4624 1735 4682 videatur.
1782 4628 1852 4683 Et

164 4710 465 4785 sequitur
521 4706 854 4766 secundum
924 4711 1291 4777 beneﬁcium,
1350 4712 1490 4786 quia
1546 4713 1625 4771 ibi
1678 4716 1852 4772 etiam

163 4799 393 4857 nullus
424 4815 496 4855 ex
518 4798 797 4870 jussione
824 4799 955 4868 ejus
987 4799 1324 4857 inﬁrmitate
1362 4818 1639 4875 corporea
1669 4805 1857 4877 potuit

160 4886 396 4961 afﬂigi.

161 4996 241 5051 37
325 4995 544 5051 [alata
572 5000 653 5048 est
669 4995 943 5065 2Egyptus
974 4994 1033 5048 in
1057 4996 1390 5066 profectione
1415 5003 1707 5066 -:-oeorum;

322 5082 475 5150 Quia
500 5080 762 5137 incubuit
792 5082 960 5137 timor
985 5096 1178 5137 eorum
1205 5099 1368 5155 super
1392 5101 1498 5141 eos.

245 5172 291 5227 Ο
319 5171 495 5226 Tunc
508 5169 611 5242 qui
636 5169 696 5223 in
718 5169 963 5241 Egypto
987 5174 1657 5239 remanserant,omnino
1681 5174 1853 5233 laztati

175 5265 345 5327 sunt,
383 5258 634 5331 quando
676 5255 763 5312 illi
794 5257 1036 5313 dimersi
1064 5259 1329 5330 sunt,qui
1359 5260 1429 5314 ad
1466 5261 1855 5335 insequendos

172 5349 455 5406 Hebraeos
488 5348 576 5403 ire
609 5346 1014 5402 decreverant.
1036 5345 1347 5413 Cur?Quia
1376 5349 1595 5405 similia
1614 5351 1854 5410 minime

175 5436 575 5511 pertulerunt.
621 5435 700 5492 Et
746 5432 1062 5502 timebant,
1113 5435 1254 5507 quia
1297 5440 1356 5491 et
1405 5435 1531 5509 ipsa
1568 5440 1854 5497 elementa

74 5598 77 5603 Α
176 5542 277 5600 pro
307 5526 393 5584 cis
424 5524 816 5600 pugnabant,
854 5525 919 5575 ut
948 5537 1099 5592 aqua
1126 5523 1327 5592 maris,
1361 5542 1460 5580 aer
1488 5529 1848 5597 tenebrosus,

180 5615 323 5689 ignis
351 5617 754 5678 comburens,
788 5607 1034 5674 etc.Vel,
1076 5608 1267 5666 laetata
1301 5616 1391 5668 est
1419 5613 1695 5687 Egyptus
1729 5635 1851 5689 pro.

177 5711 295 5780 pter
321 5723 495 5783 spem
534 5696 930 5760 liberationis
951 5713 985 5753 a
1016 5699 1359 5756 morte.1deo
1387 5701 1544 5758 enim
1575 5719 1673 5761 eos
1696 5704 1850 5761 exire

1978 677 2309 734 ﬁcerentur.

1975 768 2045 821 38
2117 767 2396 838 Expandit
2416 767 2615 822 nubem
2646 766 2707 820 in
2731 765 3065 837 protectione
3085 769 3347 829 +eorum
3390 769 3406 828 ;
3450 804 3463 817 .

2117 860 2185 912 Et
2214 857 2394 927 ignem
2423 863 2484 911 ut
2510 857 2695 910 ticeret
2719 861 2774 919 νί-
2794 855 2871 908 eis
2916 860 2928 918 ζ
2967 868 3066 924 per
3094 859 3319 907 noctem.

2046 949 2086 1000 C
2113 946 2309 1001 Nubes
2337 946 2471 1000 data
2498 949 2605 1009 est,
2639 947 2704 998 ut
2732 941 2872 999 solis
2919 944 3267 1012 temperaret
3309 939 3571 994 ardorem
3600 956 3613 1006 ;

1976 1035 2129 1107 ignis
2161 1050 2473 1090 concessus
2490 1037 2670 1099 est,ut
2692 1032 3062 1087 tenebrarum
3087 1028 3371 1101 potuisset
3391 1028 3618 1083 auferre

1974 1121 2305 1195 caliginem.
2349 1122 2416 1176 Et
2461 1121 2569 1176 hoc
2619 1125 2708 1175 est
2754 1119 2991 1175 tertium
3038 1116 3408 1181 beneﬁcium,
3459 1116 3615 1188 quod

1974 1211 2296 1267 Israelitico
2329 1210 2540 1283 populo
2570 1214 2798 1265 constat
2822 1225 2949 1264 esse
2979 1222 3343 1263 concessum.

1973 1299 2045 1354 39
2120 1302 2403 1354 Petierunt
2429 1307 2481 1354 et
2507 1299 2654 1354 venit
2672 1299 2930 1353 coturnix
2958 1314 2977 1350 :

2114 1390 2178 1443 Et
2200 1404 2342 1459 pane
2367 1389 2493 1442 caeli
2518 1387 2787 1442 saturavit
2813 1402 2920 1441 eos.

2042 1479 2082 1531 C
2130 1477 2414 1548 Superata
2462 1478 2601 1531 sunt
2651 1473 2939 1529 desideria
2993 1471 3335 1545 petentium.
3396 1469 3613 1526 Carnes

1974 1564 2133 1636 petit,
2166 1568 2223 1619 et
2254 1563 2581 1620 coturnices
2612 1561 2834 1634 accepit
2867 1560 3058 1633 (Exod.
3094 1563 3171 1627 γι)
3202 1565 3323 1614 tam
3363 1558 3519 1613 enim
3551 1558 3611 1613 in

1971 1652 2451 1726 quadrupedibus
2482 1669 2658 1724 quam
2707 1650 3041 1706 volatilibus
3082 1664 3287 1703 carnes
3321 1651 3459 1702 sunt
3489 1646 3614 1702 sine

1969 1741 2149 1795 dubio
2179 1739 2757 1812 dulciores),inSUper
2778 1742 2836 1795 et
2861 1754 3069 1810 panem
3100 1734 3227 1791 caali
3260 1737 3613 1806 acceperunt

1969 1831 2156 1901 (Num.
2189 1832 2287 1896 ιιι).
2322 1829 2469 1883 Sunt
2498 1828 2654 1883 enim
2684 1827 2796 1882 ista
2816 1826 2993 1882 Exodi
3016 1824 3263 1879 lectione
3285 1820 3610 1888 notissima,

1970 1917 2205 1989 quando
2235 1916 2560 1972 coturnices
2610 1917 2667 1970 in
2713 1915 2954 1970 modum
2993 1910 3479 1968 densissimorum
3512 1909 3614 1966 im-

1971 2004 2163 2060 brium
2197 2003 2580 2077 depluerunt:
2603 2019 2818 2059 manna
2842 2018 3095 2075 quoque,
3128 2004 3194 2055 ut
3219 1997 3500 2055 Judaicus
3520 2012 3613 2071 po-

1972 2093 2146 2166 pulus
2172 2094 2483 2149 satiaretur
2510 2078 2913 2165 depluit,quod
2946 2089 3039 2144 hic
3077 2104 3284 2160 panem
3315 2084 3441 2142 caeli
3473 2085 3616 2140 dicit

1969 2185 2051 2249 (et
2079 2181 2318 2253 optime)
2350 2180 2406 2235 in
2443 2182 2630 2252 ﬁgura
2660 2176 3009 2235 sacramenti
3035 2177 3225 2231 dictus
3246 2178 3337 2230 est
3364 2172 3487 2229 coeli
3517 2189 3613 2246 pa-

1971 2268 2081 2325 nis.
2116 2270 2329 2324 Manna
2357 2268 2512 2325 enim
2544 2267 2776 2333 dicitur,
2808 2267 2940 2338 quid
2970 2272 3050 2320 cst
3076 2264 3215 2320 hoc?
3244 2267 3301 2319 et
3331 2267 3611 2333 tanquam

1970 2357 2247 2428 quaerenti
2282 2354 2977 2429 responderetur,dictum
2995 2357 3110 2409 est:
3127 2350 3298 2407 Panis
3320 2348 3569 2407 caelestis
3594 2366 3607 2418 ;

1971 2444 2069 2500 illo
2100 2445 2380 2500 saturavit
2409 2462 2528 2500 eos.

1970 2534 2037 2587 40
2117 2535 2364 2605 Disrupit
2388 2538 2603 2606 petram
2629 2541 2680 2590 et
2702 2535 2982 2604 ﬂuxerunt
3010 2545 3171 2603 aqua?
3203 2545 3215 2583 :

2114 2623 2388 2677 Abierunt
2420 2639 2479 2677 in
2507 2623 2646 2677 sicco
2665 2622 2921 2692 ﬂumina.

2040 2709 2081 2765 C
2111 2711 2224 2766 lloc
2254 2726 2485 2782 quoque
2509 2711 2564 2764 in
2590 2711 2776 2782 ﬁgura
2799 2707 3109 2782 gerebatur
3125 2703 3355 2761 Domini
3376 2702 3609 2769 Christi,

1970 2802 2038 2853 ut
2066 2803 2229 2870 petra
2259 2816 2441 2870 aquas
2472 2798 2827 2870 profudisset
2855 2796 3125 2868 irriguas.
3160 2792 3424 2849 Christus
3453 2791 3609 2847 enim

1969 2886 2251 2941 Dominus
2284 2890 2447 2958 petra
2476 2885 2757 2958 spiritalis
2786 2889 2876 2941 est
2906 2885 2954 2956 (Ι
2983 2885 3103 2939 Cor.
3137 2884 3215 2949 χ),
3261 2879 3363 2952 qui
3409 2878 3611 2935 vitales

1969 2991 2153 3047 aquas
2183 2980 2433 3030 emanat.
2481 2976 2614 3039 Quae
2664 2974 2932 3029 abierunt
2975 2971 3035 3027 in
3078 2970 3251 3038 sicco,
3279 2969 3338 3026 id
3388 2973 3499 3039 est,
3546 2969 3607 3024 in

1968 3063 2233 3135 gentium
2265 3066 2612 3135 peccatores,
2643 3063 2741 3134 qui
2775 3061 2979 3116 merito
3010 3059 3147 3115 sicci
3180 3058 3472 3125 dicuntur,
3505 3055 3606 3129 qui

1967 3150 2195 3207 delictis
2227 3151 2530 3207 urentibus
2577 3151 2965 3216 siccabuntur,
2998 3148 3100 3203 sed
3151 3146 3338 3202 imbre
3376 3143 3606 3201 Domini

1966 3239 2183 3295 virente
2210 3239 2268 3293 in
2302 3255 2513 3294 novum
2547 3238 2842 3294 hominem
2876 3234 3258 3308 pullularunt.

1816 3374 1827 3397 ε
1885 3310 1928 3376 C
1968 3328 2029 3382 41
2109 3327 2373 3396 Quoniam
2405 3344 2612 3383 memor
2635 3328 2745 3397 fuit
2769 3326 2919 3381 verbi
2948 3324 3124 3381 sancti
3148 3324 3242 3378 sui
3269 3341 3287 3377 :

2101 3425 2157 3482 ᾧ·
2178 3416 2326 3485 Quod
2354 3416 2526 3472 habui
2566 3423 2579 3481 ζ
2623 3415 2692 3470 ad
2713 3413 2986 3470 Abraham
3009 3428 3248 3484 puerum
3278 3426 3461 3466 suum.

2034 3505 2079 3559 Η
2114 3504 2334 3559 Memor
2381 3504 2488 3559 fuit
2535 3503 2717 3571 verbi,
2748 3504 2905 3575 quod
2963 3498 3221 3572 implevit
3266 3499 3336 3554 de
3384 3512 3605 3553 semme

1961 3590 2171 3663 ejus,id
2203 3596 2290 3647 est
2320 3592 2391 3646 de
2419 3592 2649 3647 Christo
2697 3588 3145 3663 promissionem
3196 3605 3364 3644 suam
3422 3601 3601 3659 quam

1960 3680 2201 3735 Abrahae
2235 3681 2505 3752 promisit
2534 3682 2685 3749 (Gen.
2720 3680 2832 3749 xv).
2865 3682 2904 3734 C
2932 3676 3033 3733 Vel
3077 3693 3316 3733 causam
3349 3674 3602 3731 miracu-

1961 3768 2149 3823 lorum
2184 3769 2470 3823 dictorum
2516 3784 2670 3824 nunc
2702 3765 2919 3822 subdit.
2954 3766 3086 3821 Ideo
3134 3764 3290 3820 enim
3331 3762 3605 3819 dicuntur

1961 3857 2130 3921 facta,
2162 3856 2436 3928 quoniam
2467 3855 2708 3912 Abrahae
2737 3858 2963 3910 constat
2991 3853 3173 3909 fuisse
3206 3851 3513 3925 promissa.

1960 3946 2030 3999 42
2103 3947 2166 4000 Et
2189 3945 2379 4000 educit
2405 3945 2667 4016 populum
2696 3959 2858 3998 suum
2886 3944 2947 3997 in
2972 3941 3336 3997 exsultatione
3363 3958 3382 3995 .'

2099 4039 2153 4098 σξ-
2176 4037 2246 4087 Et
2290 4038 2302 4097 ζ
2344 4033 2533 4087 electos
2559 4047 2683 4086 suos
2709 4032 2767 4085 in
2797 4030 3015 4086 laetitia.

2031 4119 2073 4173 C
2102 4118 2307 4175 Eduxit
2335 4118 2544 4174 electos
2567 4135 2704 4175 suos
2743 4117 2803 4171 in
2824 4114 3039 4182 laatitia,
3073 4114 3350 4186 quoniam
3386 4112 3466 4167 illi
3499 4112 3602 4185 qui

1963 4211 2477 4263 murmuraverunt
2510 4205 2735 4261 Domini
2769 4204 2960 4260 furore
2992 4200 3252 4274 percussi
3282 4204 3439 4267 sunt,
3471 4199 3603 4256 illos

1960 4312 2096 4367 ergo
2121 4312 2234 4351 non
2263 4294 2477 4349 dicitur
2500 4292 2943 4363 eduxisse,quos
2974 4292 3032 4346 in
3054 4306 3248 4346 eremo
3278 4288 3467 4361 culpis
3489 4287 3602 4345 exi-

1959 4384 2234 4455 gentibus
2264 4382 2596 4454 prostravit.

1959 4472 2028 4525 43
2098 4474 2175 4526 Et
2201 4471 2347 4526 dedit
2378 4471 2491 4525 illis
2519 4470 2760 4540 regiones
2784 4468 3030 4539 gentium
3056 4484 3074 4521 :

2101 4562 2175 4614 Et
2205 4560 2413 4614 labores
2439 4559 2763 4630 populorum
2788 4553 3157 4627 possederunt.

2031 4648 2073 4702 C
2100 4647 2269 4703 Venit
2293 4662 2448 4701 nunc
2469 4646 2539 4701 ad
2563 4645 2879 4717 septimum
2897 4639 3421 4711 beneﬁcium,quod
3444 4638 3600 4695 enim

1963 4734 2105 4791 dicit
2156 4737 2419 4808 regiones
2449 4734 2733 4807 gentium,
2778 4733 2851 4789 ad
2899 4729 3324 4804 possessionem
3372 4727 3602 4783 videtur

1963 4824 2250 4896 pertinere
2281 4829 2606 4890 terrarum;
2640 4820 2870 4878 labores
2916 4835 3050 4875 vero
3098 4816 3469 4891 populorum,
3526 4814 3598 4870 ad

1961 4911 2192 4968 divitias
2216 4911 2388 4985 longo
2426 4916 2683 4983 tempore
2712 4912 3111 4981 congregatas.

1963 5001 2029 5054 44
2107 5002 2170 5057 Ut
2196 5001 2501 5057 custodiant
2522 5000 2939 5071 justiﬁcationes
2963 4998 3079 5070 ejus
3108 5014 3128 5052 .·

2106 5092 2171 5145 Et
2199 5089 2363 5160 legem
2394 5089 2511 5159 ejus
2541 5089 2842 5159 requirant.

2032 5181 2072 5232 C
2094 5175 2546 5247 justiﬁcationes
2576 5175 2788 5232 Christi
2822 5179 3050 5242 sunt,ut
3073 5179 3249 5230 Deum
3281 5177 3401 5231 toto
3430 5171 3601 5228 corde

1964 5264 2598 5337 diligamus,proximos
2622 5270 2684 5320 ut
2717 5282 2821 5321 nos
2852 5281 3140 5335 amemus,
3173 5268 3397 5335 patrem
3437 5277 3601 5317 vene-

1963 5354 2301 5408 remur.Lex
2330 5371 2462 5409 vero
2492 5355 2619 5424 ejus
2655 5354 2761 5408 fuit
2802 5354 2894 5409 die
2923 5354 3172 5409 Sabbato
3205 5351 3507 5423 requiesci,
3537 5348 3597 5403 in

1961 5440 2177 5513 pascha
2208 5458 2423 5514 agnum
2471 5441 2783 5497 immolari.
2804 5444 2914 5497 Sed
2945 5442 3064 5497 hmc
3094 5440 3434 5514 spiritaliter
3460 5440 3599 5494 sunt

1962 5530 2293 5600 qumrenda,
2325 5529 2454 5586 ideo
2484 5530 2638 5585 enim
2670 5531 2915 5599 addidit,
2947 5531 3264 5602 requirant.

2453 5635 2656 5674 ORATIO
2695 5635 2763 5673 EX
2803 5635 2958 5674 PSAL.
2988 5634 3099 5673 CW.

2030 5705 2368 5763 Invocantes
2402 5723 2612 5764 nomen
2642 5706 3101 5776 ,tuum,Domine,
3127 5701 3596 5776 deprecamur,ut
