3878 6408
293 427 437 495 ’387

314 570 390 626 25
463 570 570 622 Rieu
611 563 957 620 rnnlitlcruni
993 560 1149 617 verba
1179 562 1345 633 ejus:

462 659 526 712 Et
557 660 1043 710 murmuraverunt
1064 653 1125 707 in
1155 651 1518 707 tabernaculis
1549 652 1694 706 suis:

463 746 579 800 Non
608 742 985 800 exaudierunt
1005 756 1187 796 vocem
1217 740 1461 796 Domini.

391 833 435 891 C
465 833 591 890 Non
623 831 1000 888 crediderunt
1026 829 1085 884 in
1116 829 1291 884 verbo
1322 829 1483 899 ejus:
1505 825 1718 884 Filium
1750 826 1975 900 signiﬁ-

317 923 534 992 cat,cui
565 920 732 996 plebs
764 917 1192 976 nefandissima
1225 933 1338 972 non
1352 915 1752 974 credebat.Vel
1780 915 1975 972 bocad

317 1011 598 1077 litteram,
633 1009 772 1084 quia
802 1009 930 1064 ideo
973 1005 1446 1072 murmurabant,
1479 1004 1619 1077 quia
1661 1005 1791 1077 ejus
1842 1022 1975 1078 pro-

317 1099 704 1160 missionibus
735 1097 978 1156 minime
1007 1095 1241 1152 credere
1272 1093 1787 1150 maluerunt.Dum
1820 1110 1978 1149 mur-

317 1189 679 1248 murationes
704 1187 1068 1254 exercebant,
1101 1201 1301 1240 vocem
1355 1183 1588 1239 Domini
1638 1183 1976 1240 nullatenus

316 1281 648 1338 audierunt.
686 1280 748 1335 In
775 1273 1174 1333 tabernaculis
1205 1290 1340 1329 vero
1372 1273 1541 1329 dicit:
1563 1277 1626 1328 ut
1655 1273 1764 1328 hoc
1797 1273 1977 1328 conti-

313 1371 471 1446 gisse
502 1371 940 1435 videretur,non
971 1363 1508 1430 laborantibus,sed
1541 1361 1974 1432 otiosis.Majus

313 1461 470 1517 enim
504 1459 726 1516 crimen
759 1461 870 1524 est,
903 1471 1039 1512 cum
1072 1468 1444 1509 murmurare
1474 1451 1720 1525 contigit
1741 1451 1969 1508 otiosis.

313 1553 386 1607 26
457 1551 523 1606 Et
550 1549 781 1606 elevavit
797 1562 1029 1601 manum
1049 1560 1210 1598 suam
1235 1559 1399 1614 super
1425 1559 1512 1598 eos
1544 1557 1557 1596 :

459 1640 522 1696 Ut
547 1642 912 1710 prosterneret
942 1649 1026 1688 eos
1056 1634 1115 1686 in
1145 1631 1373 1687 deserto.

383 1727 426 1782 C
460 1723 712 1782 Elevavit
741 1738 1006 1778 manum:
1027 1719 1370 1792 bicjustitia
1398 1718 1628 1776 Domini
1661 1718 1967 1792 praemitti-

309 1819 430 1884 tur,
463 1819 529 1870 ut
555 1817 756 1870 secuta
787 1811 972 1885 pietas
1004 1809 1225 1881 majore
1255 1807 1440 1880 gloria
1471 1807 1780 1864 sentiatur.
1816 1806 1969 1862 Dicit

312 1905 470 1962 enim
500 1901 891 1960 insurrexisse
923 1897 1154 1956 Domini
1183 1899 1627 1970 potestatem,ut
1646 1896 1970 1952 vindicaret

311 1993 372 2049 in
403 1991 842 2058 excedentibus,
874 2004 1091 2061 eosque
1133 1991 1548 2060 prosterneret,
1585 1989 1643 2041 et
1691 1985 1807 2042 alia
1838 2002 1966 2064 quae

311 2085 643 2155 sequuntur
673 2081 904 2136 faceret.

309 2175 380 2228 27
451 2174 518 2228 Et
548 2178 608 2226 ut
634 2169 891 2242 dejiceret
913 2183 1094 2223 semen
1125 2183 1311 2222 eorum
1335 2167 1395 2220 in
1421 2167 1745 2221 nationibus
1776 2183 1796 2220 ,ο

449 2262 513 2318 Et
543 2260 874 2332 dispergeret
900 2274 989 2313 eos
1018 2260 1078 2312 in
1105 2259 1439 2327 regionibus.

379 2351 427 2408 Η
459 2349 714 2422 Dispersi
747 2351 886 2403 sunt
913 2346 1069 2403 enim
1100 2345 1284 2402 Judaei
1319 2345 1378 2400 in
1413 2343 1658 2400 diversis
1673 2343 1960 2416 partibus,

307 2445 376 2497 ut
404 2439 721 2512 aliquando
753 2434 1252 2502 humiliati,suum
1271 2433 1586 2489 Dominum
1609 2431 1774 2504 plebs
1795 2432 1964 2487 casti-

307 2534 443 2604 gata
467 2525 979 2602 cognosceret.Sed
1013 2531 1069 2580 et
1101 2524 1196 2578 ille
1225 2523 1606 2596 dispergitur,
1629 2522 1800 2592 cujus
1830 2538 1959 2576 sen-

191 2665 198 2676 .
307 2636 410 2675 sus
459 2617 619 2674 omni
667 2620 837 2672 vento
886 2613 1080 2670 inanis
1129 2612 1324 2685 gloria:
1357 2611 1444 2666 vel
1484 2609 1822 2682 cupiditatis
1851 2610 1960 2666 cir-

306 2708 646 2765 cumfertur.

305 2800 377 2854 28
453 2801 520 2855 Et
547 2797 763 2854 initiati
789 2803 920 2850 sunt
948 2792 1277 2864 Beelphegor
1303 2807 1316 2846 :

449 2889 515 2944 Et
541 2886 890 2944 comederunt
911 2884 1182 2954 sacriﬁcia
1203 2889 1564 2938 mortuorum.

378 2977 424 3034 Η
456 2979 528 3033 Et
553 2975 768 3032 initiati
803 2977 960 3040 sunt,
997 2973 1053 3028 id
1087 2975 1196 3038 est,
1230 2969 1329 3044 qui
1361 2970 1479 3026 Deo
1509 2986 1572 3025 se
1619 2985 1958 3026 consecrare

303 3067 654 3134 debuerunt,
687 3064 817 3120 ideo
849 3061 1204 3135 Beelpbegor
1240 3059 1477 3126 initiati,
1517 3059 1574 3114 id
1623 3065 1713 3114 est
1754 3077 1956 3115 conse-

301 3155 443 3212 crati
479 3159 618 3211 sunt
648 3171 661 3208 :
695 3158 752 3209 et
777 3152 877 3226 qui
911 3168 1120 3226 panem
1146 3149 1341 3205 vivum
1361 3148 1583 3204 esurire
1606 3148 1953 3216 debuerunt,

301 3250 667 3302 mortuorum
699 3241 986 3300 sacriﬁcia
1015 3239 1416 3295 comederunt.

295 3335 368 3390 29
441 3336 507 3391 Et
533 3335 898 3389 irritaverant
927 3347 1054 3386 eum
1082 3331 1142 3385 in
1173 3327 1655 3384 adinventionibus
1677 3328 1796 3383 suis
1827 3345 1844 3382 :

445 3425 507 3479 Et
535 3423 906 3494 multiplicata
934 3427 1011 3475 est
1039 3420 1099 3474 in
1122 3420 1202 3476 eis
1231 3419 1419 3473 ruina.

373 3513 422 3568 Η
455 3511 831 3568 lrritaverunt
860 3525 994 3564 eum
1029 3508 1086 3563 in
1119 3507 1632 3562 adinventionibus
1664 3506 1810 3572 suis,
1838 3507 1949 3562 sci-

302 3601 442 3656 licet
471 3598 779 3672 perversis,
809 3601 866 3652 et
895 3595 1185 3652 idolorum
1217 3595 1387 3652 ruina
1432 3594 1834 3669 multipliciter
1862 3599 1953 3652 est

303 3691 474 3747 facta.
505 3689 552 3744 A
580 3687 682 3742 Vel
714 3684 1101 3757 multiplicata
1124 3689 1214 3742 est
1243 3683 1302 3740 in
1332 3685 1414 3741 eis
1447 3686 1614 3741 ruina
1641 3702 1654 3740 :
1688 3683 1828 3757 quia
1848 3702 1951 3758 pro

301 3776 670 3852 gravioribus
702 3775 826 3831 suis
858 3774 1110 3846 peccatis
1141 3773 1374 3846 gravius
1404 3776 1805 3832 vastabantur.

301 3869 372 3923 3O
443 3869 508 3922 Et
535 3867 680 3922 stetit
699 3865 930 3920 Phinees
957 3871 1010 3920 et
1035 3865 1275 3936 placavit
1309 3881 1322 3919 :

446 3958 511 4012 Et
535 3956 765 4012 cessavit
790 3956 1082 4027 quassatio.

371 4046 414 4102 C
441 4043 610 4102 Stetit
641 4044 886 4101 Phinees
917 4062 934 4098 :
967 4044 1074 4100 hoc
1104 4044 1345 4100 verbum
1381 4043 1562 4112 stetit,
1593 4043 1949 4100 soliditatem

301 4134 516 4191 mentis
568 4133 844 4200 ostendit,
889 4133 990 4206 qui
1039 4151 1107 4190 ex
1156 4133 1276 4190 zelo
1325 4133 1522 4188 divino
1572 4132 1952 4190 fornicatores

299 4223 530 4280 occidit.
563 4223 609 4278 H
639 4223 735 4280 Sic
760 4223 932 4280 debet
961 4224 1231 4281 sacerdos
1255 4223 1349 4278 cui
1383 4221 1591 4278 animae
1621 4223 1952 4279 commissae

300 4317 463 4381 sunt,
493 4311 799 4386 evaginare
827 4311 1110 4386 gladium,
1145 4313 1202 4368 id
1244 4317 1332 4368 est
1380 4312 1637 4384 proferre
1683 4313 1950 4378 verbum,

299 4407 356 4459 et
411 4402 670 4460 occidere
724 4402 1162 4459 fernicalionem
1216 4405 1274 4458 et
1330 4401 1837 4473 concupiscentiae
1889 4401 1950 4458 in

299 4497 548 4566 utroque
573 4509 733 4562 sexu,
770 4497 834 4548 ut
863 4493 976 4549 sibi
1008 4497 1312 4566 reputetur
1339 4491 1412 4546 ad
1436 4490 1754 4562 justitiam.

295 4583 360 4638 31
441 4586 509 4640 Et
538 4587 850 4655 reputatum
877 4591 954 4638 est
967 4584 1020 4638 ei
1043 4584 1103 4637 in
1125 4581 1407 4654 justitiam
1433 4596 1452 4633 :

1233 429 1296 488 S.
1344 425 1744 489 BRUNONIS
1788 425 2413 490 HERBII’OLENSIS
2460 425 2838 491 EPISCOPI.

1999 1943 2046 2009 Β

2007 566 2063 631 Α
2097 563 2219 630 Dei,
2254 579 2428 634 quem
2483 561 2579 616 ille
2627 561 2950 635 praedicat:
3002 559 3154 617 sicut
3204 561 3423 618 Paulus
3468 562 3740 620 dicebat:

2092 652 2232 717 Quis
2263 651 2600 708 inﬁrmatur
2627 656 2684 708 et
2713 668 2820 726 ego
2851 668 2968 707 non
3021 650 3324 708 inﬁt-mor?
3355 651 3426 724 (II
3454 652 3578 709 Cor.
3607 653 3707 725 xx).

2088 742 2159 797 33
2231 741 2298 797 Et
2319 741 2581 797 distinxit
2605 748 2660 808 οξ·
2705 742 2768 796 in
2812 748 2828 806 ζ
2881 741 3051 796 labiis
3077 741 3195 796 suis
3225 757 3240 796 :

2229 832 2346 886 Non
2385 829 2825 902 disperdiderunt
2869 833 3056 902 gentes
3101 846 3236 904 quas
3280 829 3428 888 dixit
3478 833 3745 889 Dominus

2300 921 2439 975 illis.

2157 1009 2204 1064 H
2233 1008 2304 1064 Et
2331 1006 2600 1064 distinxit
2626 1007 2686 1064 in
2720 1005 2895 1064 labiis
2914 1006 3366 1082 suis,utjugiter
3383 1008 3745 1083 supplicaret

2085 1115 2189 1171 pro
2219 1097 2327 1155 eis.
2358 1098 2400 1154 C
2428 1096 2528 1154 Vel
2561 1096 2827 1154 distinxit
2854 1096 3077 1154 dictum
3119 1095 3264 1154 illud
3314 1097 3678 1168 difﬁdentiae,
3701 1117 3746 1157 ι

2083 1188 2262 1260 priori
2296 1186 2510 1243 mentis
2531 1186 3013 1243 constantia.Non
3027 1186 3504 1260 disperdiderunt
3513 1191 3740 1261 gentes,

2084 1277 2224 1349 quia
2258 1281 2572 1350 postquam
2592 1279 2811 1332 terram
2842 1275 3255 1349 promissionis
3275 1275 3530 1349 populus
3557 1277 3741 1334 intra.

2079 1365 2411 1433 vit,oblitus
2441 1366 2854 1422 mandatorum
2885 1365 2988 1421 Dei
3027 1368 3085 1420 et
3133 1369 3555 1438 praeceptorum
3584 1366 3737 1438 ejus,

2081 1453 2297 1527 quibus
2323 1459 2677 1528 praeceperat
2697 1454 2907 1511 debere
2935 1471 3035 1512 eos
3051 1457 3290 1527 propter
3309 1453 3601 1510 idolorum
3617 1454 3739 1510 cul-

2079 1548 2244 1601 turas
2273 1543 2559 1611 occidere,
2591 1561 2728 1600 cum
2762 1541 2879 1599 illis
2910 1560 2973 1600 se
3004 1543 3280 1618 gentibus
3323 1543 3512 1616 magis
3558 1544 3738 1600 vetita

2079 1635 2353 1690 societate
2373 1632 2697 1706 conjunxit.

2077 1723 2148 1778 34
2221 1725 2287 1780 Et
2341 1724 2620 1780 commisti
2671 1730 2804 1778 sunt
2857 1723 3000 1778 inter
3040 1725 3224 1791 gentes
3254 1738 3275 1777 :
3324 1728 3376 1777 et
3421 1720 3734 1778 didicerunt

2291 1829 2456 1886 opera
2488 1821 2759 1870 eorum:et
2775 1811 3497 1882 senrieruntsculptibilibus
3518 1827 3731 1868 eorum:

2219 1905 2284 1959 Et
2310 1905 2520 1975 factum
2548 1911 2628 1960 est
2658 1903 2773 1958 illis
2804 1904 2861 1958 in
2894 1900 3234 1958 scandalum.

2147 1992 2190 2047 Ο
2235 1991 2540 2048 Commisti
2596 1996 2739 2048 sunt
2783 1991 2983 2064 itaque
3032 1990 3213 2046 vetita
3259 1989 3532 2046 societate
3579 1989 3732 2046 inter

2076 2085 2302 2153 gentes,
2332 2085 2397 2136 ut
2427 2097 2489 2137 se
2539 2097 2741 2137 eorum
2794 2079 3215 2154 superstitione
3262 2077 3607 2152 polluerent,
3641 2077 3723 2135 fa-

2075 2175 2354 2242 ctumque
2379 2174 2470 2226 est
2499 2169 2617 2225 illis
2645 2169 2706 2225 in
2738 2167 3106 2226 scandalum.
3137 2166 3490 2224 Scandalum
3511 2183 3724 2224 nomen

2074 2258 2337 2315 Gra'cum
2368 2265 2478 2326 est,
2511 2259 2853 2334 signiﬁcans
2880 2259 3194 2325 sinistrum,
3226 2273 3294 2314 eo
3337 2257 3490 2329 quod
3520 2273 3724 2312 eorum

2074 2352 2301 2403 mentes
2331 2347 2389 2403 in
2423 2347 2621 2404 laevam
2653 2350 2877 2420 partem
2910 2344 3526 2419 perversaimitatione
3548 2345 3727 2401 dedu-

2071 2435 2324 2492 xit.Ecce
2351 2437 2502 2494 facta
2529 2441 2620 2492 est
2649 2441 2806 2492 terra
2835 2434 3246 2510 promissionis
3274 2433 3336 2490 in
3357 2433 3723 2503 scandalum,

2071 2542 2198 2598 qua:
2229 2526 2338 2582 fuit
2378 2525 2440 2581 in
2482 2542 2764 2600 magnum
2795 2523 3101 2598 praemium
3151 2523 3397 2580 Domino
3443 2521 3723 2597 largiente

2070 2613 2302 2672 collata.
2334 2615 2497 2672 Unde
2529 2631 2840 2671 monemur
2867 2618 3020 2670 recte
3065 2612 3150 2670 uti
3181 2612 3479 2671 beneﬁciis
3525 2612 3724 2669 divina

2069 2702 2340 2777 largitate
2369 2704 2698 2772 collatis,ne
2729 2702 2920 2776 magis
2935 2703 3070 2760 inde
3086 2718 3396 2777 pereamus
3416 2701 3570 2760 unde
3586 2703 3721 2758 sub-

2069 2792 2238 2849 levati
2271 2793 2455 2851 fuisse
2485 2793 2917 2867 cognoscimur.

2066 2882 2138 2938 35
2209 2885 2276 2938 Et
2304 2884 2728 2940 immolaverunt
2754 2883 2900 2955 ﬁlios
2920 2897 3043 2938 suos
3072 2888 3124 2938 et
3150 2880 3299 2952 ﬁlias
3325 2895 3454 2936 suas
3481 2898 3506 2936 ,ο

2208 2972 2530 3029 Haemoniis.

2139 3061 2184 3117 Η
2218 3061 2674 3118 Immolaverunt
2705 3060 2858 3118 ﬁlios
2886 3077 3026 3118 suos
3053 3063 3110 3116 et
3151 3059 3304 3117 ﬁlias
3334 3075 3472 3116 suas
3501 3058 3717 3115 daemo-

2067 3149 2204 3206 niis.
2237 3150 2355 3207 Hoc
2401 3150 2849 3224 intelligendum
2898 3153 2988 3206 est
3034 3149 3356 3216 moraliter,
3403 3163 3612 3204 sensus
3659 3151 3718 3204 et

2063 3239 2295 3296 animas
2326 3257 2485 3297 suas.
2519 3240 2562 3296 Ο
2590 3239 2692 3296 Vel
2723 3239 2796 3295 ad
2829 3237 3104 3306 litteram,
3124 3253 3241 3295 non
3263 3236 3346 3293 illi
3377 3236 3476 3309 qui
3499 3241 3713 3292 terram

1982 3313 2026 3382 C
2065 3329 2476 3400 promissionis
2505 3333 2646 3386 sunt
2675 3327 2948 3402 ingressi.
2978 3327 3080 3384 sed
3111 3325 3423 3400 posteritas
3449 3341 3674 3382 eorum.

2058 3419 2129 3473 36
2201 3417 2266 3474 Et
2293 3417 2608 3493 effuderunt
2635 3420 2962 3489 sanguinem
2991 3419 3353 3474 Mentem.

2207 3509 2549 3578 Sanguinem
2605 3509 2853 3580 ﬁliorum
2921 3523 3148 3564 suorum
3203 3510 3257 3563 et
3326 3506 3576 3578 ﬁliarum
3605 3505 3697 3584 ᾧ

2271 3613 2500 3654 suarum
2544 3603 2557 3664 ζ
2604 3639 2618 3653 .

2207 3687 2353 3756 Quas
2383 3688 2832 3760 sacriﬁcaverunt
2855 3685 3204 3759 sculptilibus
3235 3685 3520 3741 Chanaan.

2132 3776 2174 3833 C
2205 3776 2549 3833 Ell‘uderunt
2577 3775 2948 3850 sanguinem,
2981 3791 3098 3831 non
3137 3779 3332 3832 autem
3378 3772 3593 3846 legitur
3638 3770 3715 3828 ab

2063 3866 2338 3936 Hebraeis,
2390 3870 2607 3922 terram
2655 3863 3068 3940 promissionis
3114 3863 3418 3937 ingressis,
3465 3862 3718 3918 effusum

2018 3965 2032 3984 '
2061 3955 2412 4030 sanguinem
2441 3955 2770 4012 humanum
2802 3955 2861 4010 in
2889 3953 3194 4011 sacriﬁciis
3220 3953 3551 4008 daemonum
3581 3969 3594 4019 ;
3629 3955 3719 4006 ta-

2061 4062 2196 4102 men
2225 4045 2298 4101 ab
2329 4049 2496 4102 etate
2526 4045 2792 4118 sequenti
2823 4037 2932 4100 hoc
2963 4042 3087 4098 ﬁeri
3117 4059 3288 4116 posse
3319 4059 3434 4098 non
3464 4039 3718 4096 dubium

2060 4135 2246 4191 est.Et
2269 4151 2340 4190 ne
2372 4137 2720 4208 putarentur
2761 4132 3018 4190 extranei
3049 4131 3229 4188 fuisse
3258 4131 3340 4187 illi
3374 4131 3719 4186 innocentes

2061 4240 2313 4297 quorum
2345 4223 2696 4297 sanguinem
2719 4221 3298 4290 etl‘uderant,addidit
3317 4218 3570 4276 ﬁliorum
3589 4233 3721 4274 θυοδ

2060 4329 2194 4370 rum
2225 4318 2283 4370 et
2312 4313 2568 4369 ﬁliarum
2618 4329 2884 4380 suarum,
2916 4316 2982 4367 ut
3028 4317 3232 4368 contra
3281 4326 3380 4366 eos
3431 4311 3718 4365 cresceret

2061 4403 2304 4474 invidia,
2334 4407 2392 4459 et
2420 4402 2614 4459 scelus
2637 4402 3079 4474 grandesceret;
3099 4404 3157 4458 et
3186 4403 3252 4454 ut
3274 4397 3533 4472 amplius
3549 4413 3718 4470 gran-

2061 4491 2574 4561 desceret,addidit
2600 4489 2976 4564 sculptilibus
3002 4490 3182 4546 istum
3205 4489 3572 4546 innocentem
3587 4503 3718 4543 san-

2061 4582 2302 4656 guinem
2347 4583 2621 4637 ell‘usum.
2653 4578 2899 4636 Auxesis
2949 4579 3107 4636 enim
3156 4579 3344 4653 ﬁgura
3390 4577 3504 4633 ista
3560 4575 3714 4648 apud

437 4676 503 4728 In
534 4674 886 4744 generatione
922 4680 974 4727 et
999 4671 1354 4740 generatione
1381 4683 1550 4738 usque
1579 4669 1640 4723 in
1667 4669 1951 4741 sempiter-
1981 4689 2030 4756 Β
2061 4673 2292 4728 Graecos
2317 4669 2552 4738 dicitur,
2571 4670 2806 4742 quando
2833 4667 2921 4726 vel
2947 4668 3079 4725 laus
3101 4667 3190 4724 vel
3221 4667 3442 4724 crimen
3474 4662 3717 4736 adjectis

365 4851 408 4908 C
437 4778 846 4924 RegiiTabatur
870 4849 954 4904 illi
979 4845 1266 4903 sacerdoti
1283 4843 1527 4902 Pbinecs
1539 4847 1612 4902 ad
1627 4847 1948 4920 justitiam,

296 4941 354 4998 id
380 4942 534 5014 quod
569 4939 844 5013 superius
874 4935 1140 5001 dixit,bic
1172 4939 1231 4990 et
1259 4935 1320 4990 in
1352 4935 1550 4992 futuro
1581 4936 1814 5007 sarculo,
1849 4938 1950 4995 sed

293 5035 352 5088 et
380 5028 668 5087 sacerdoti
719 5024 960 5082 cuilibet
1004 5025 1144 5081 vitia
1192 5025 1504 5098 corrigenti
1545 5031 1850 5099 reputatur
1879 5027 1950 5083 ad

292 5123 570 5176 aeternam
593 5113 913 5188 justitiam.

243 5213 252 5222 '
291 5209 362 5263 32
433 5209 500 5262 Et
532 5205 893 5260 irritaverant
919 5219 1045 5259 eum
1080 5203 1150 5260 ad
1197 5220 1401 5274 aquam
1451 5205 1946 5263 contradictionis:

504 5298 556 5350 et
582 5299 812 5349 vexatus
841 5301 920 5349 est
947 5298 1157 5366 Moyses
1185 5301 1404 5366 propter
1429 5309 1515 5349 eos
1539 5311 1552 5348 :

435 5384 578 5452 Quia
607 5381 1070 5439 exacerbaverunt
1093 5383 1353 5454 spiritum
1380 5385 1516 5455 ejus.

361 5471 409 5526 Η
438 5473 604 5544 Aqua
633 5471 1313 5543 contradictionis,aquaa
1341 5471 1615 5544 baptismi
1645 5465 1944 5548 accipiun-

290 5561 485 5628 tur,ad
518 5577 668 5633 quas
699 5558 930 5615 diabolo
961 5559 1382 5616 contradicitur
1408 5565 1465 5617 et
1493 5562 1770 5634 operibus
1793 5565 1842 5636 ej
1855 5581 1943 5632 us,

289 5654 424 5722 post
452 5667 600 5724 quas
632 5648 682 5706 si
713 5647 846 5721 quis
878 5665 938 5706 se
969 5648 1431 5720 coinquinaverit
1460 5650 1638 5718 vitiis,
1673 5654 1946 5710 sacerdos

286 5740 590 5802 vexabitur
633 5754 742 5819 pro
791 5753 878 5812 eo,
931 5737 1089 5817 quod
1144 5738 1605 5798 exareerbaverit
1653 5740 1943 5817 Spiritum

2063 4759 2422 4816 dictionibus
2449 4758 2724 4816 increscit
2753 4761 2812 4814 et
2840 4761 3111 4831 augetur.

2061 4849 2132 4905 37
2209 4853 2274 4906 Et
2305 4849 2592 4920 interfecta
2619 4855 2698 4904 est
2725 4855 2875 4904 terra
2917 4848 2979 4902 in
3019 4846 3410 4918 sanguinibus,
3437 4852 3490 4901 et
3535 4850 3720 4900 conta-

2274 4939 2492 4994 minata
2518 4945 2594 4994 est
2623 4939 2683 4992 in
2713 4937 2968 5010 operibus
2997 4952 3186 4993 eorum
3217 4954 3237 4990 :

2203 5031 2280 5085 Et
2305 5028 2570 5100 fornicati
2597 5034 2728 5083 sunt
2756 5028 2818 5082 in
2847 5026 3329 5082 adinventionibus
3355 5023 3488 5079 suis.

2131 5116 2174 5173 C
2207 5115 2576 5174 Interfectam
2623 5115 2805 5189 igitur
2854 5120 3094 5184 terram,
3127 5114 3409 5171 debemus
3451 5108 3718 5167 crudeles

2060 5207 2330 5264 homines
2360 5205 2642 5279 accipere,
2677 5205 2779 5278 qui
2831 5219 2896 5262 se
2941 5204 3131 5278 magis
3178 5203 3385 5275 iniqua
3414 5199 3720 5256 devotione

2056 5296 2436 5354 trucidabant
2464 5295 2868 5352 interﬁciendo
2900 5295 3070 5351 ﬁlios.
3106 5291 3354 5366 Tropica
3383 5289 3543 5346 enim
3561 5287 3720 5344 locu-

2055 5387 2212 5444 tione
2256 5384 2559 5441 interfecta
2605 5389 2783 5453 terra,
2823 5384 3103 5441 dicuntur
3153 5379 3370 5439 terreni
3422 5375 3715 5446 homines,

2055 5477 2182 5533 suis
2215 5475 2388 5532 malis
2419 5473 2748 5530 actionibus
2773 5474 2833 5530 in
2867 5474 3068 5530 anima
3115 5467 3474 5542 interempti.
3507 5467 3577 5522 Et
3604 5465 3717 5522 hoc

2055 5565 2320 5622 faciendo
2349 5563 2526 5621 etiam
2579 5563 2857 5620 dicuntur
2887 5562 3178 5630 fornicati,
3213 5575 3350 5617 nam
3399 5555 3486 5614 illi
3533 5555 3715 5614 forni-

2055 5655 2170 5713 cati
2199 5654 2470 5711 videntur
2497 5653 2556 5710 in
2587 5653 2855 5725 Domino,
2888 5654 2988 5729 qui
3021 5669 3083 5710 se
3114 5646 3462 5709 adulterinis
3484 5643 3713 5722 pollue-

2053 5749 2194 5806 runt
2221 5743 2766 5820 superstitionibus.
