5516 6550
106 584 109 589 ί
129 553 236 616 389

1323 552 1742 618 EXPOSITIO
1783 551 2299 621 PSALMORUM.

3386 566 3506 630 390

132 687 196 743 38
260 683 321 738 Et
350 680 527 738 iratus
553 689 635 740 est
667 684 857 755 furore
873 684 1133 741 Dominus
1162 687 1220 741 in
1250 687 1512 759 populum
1559 705 1717 744 suum
1742 707 1760 743 :
1789 690 1840 756 Α
1873 689 2290 745 charismatum
2318 706 2559 745 munera
2592 698 3012 763 susceperunt;
3040 694 3131 749 alii
3166 696 3318 752 enim
3370 716 3503 769 pro—

262 774 322 828 Et
346 772 702 828 abominatus
729 781 805 828 est
832 773 1206 830 haereditatcm
1237 792 1414 831 suam.

195 864 234 917 C
259 859 507 933 Tropica
537 858 829 916 locutione
861 860 1045 917 iratus
1068 860 1259 918 furore
1289 862 1572 919 Dominus
1619 863 1761 919 dici“-

132 957 238 1009 tur.
270 949 340 1005 Et
368 947 555 1006 iratus
584 951 675 1004 est
704 948 899 1005 furore
922 949 1227 1018 Dominus,
1260 951 1307 1006 H
1337 951 1476 1024 quia
1530 952 1763 1024 reliquit

132 1055 277 1107 eum,
298 1041 357 1094 et
387 1054 514 1110 qua:
546 1037 843 1110 quondam
876 1038 1065 1094 fuerat
1110 1037 1275 1111 plebs
1313 1039 1437 1105 Dei,
1468 1040 1620 1096 facta
1673 1044 1764 1096 est

130 1133 346 1187 caterva
370 1124 607 1182 diaboli.
635 1128 677 1182 Ο
696 1126 1065 1182 Abominatio
1095 1131 1291 1183 autem
1323 1132 1379 1183 et
1408 1127 1508 1183 Dei
1540 1128 1763 1184 aversio

129 1215 411 1276 malorum
424 1214 692 1271 omnium
704 1218 932 1271 constat
949 1218 1292 1280 extremum,
1310 1216 1448 1289 quia
1459 1217 1495 1272 d
1506 1233 1600 1272 um
1620 1215 1763 1272 illud

128 1305 274 1380 quod
322 1303 587 1360 continet
635 1302 1001 1370 subducitur,
1034 1319 1270 1361 necesse
1327 1309 1416 1361 est
1453 1306 1517 1360 ut
1564 1321 1763 1361 earum
1858 1323 1863 1328 '

129 1409 312 1452 rerum
342 1408 473 1464 qua:
506 1389 883 1447 continentur
905 1391 1076 1447 ruina
1104 1393 1369 1465 protinus
1393 1397 1690 1466 sequatur.

128 1502 195 1557 39
263 1500 326 1554 Et
351 1497 585 1553 tradidit
611 1513 700 1553 eos
722 1499 782 1552 in
808 1514 1008 1554 manus
1035 1500 1284 1567 gentium

260 1590 325 1643 Et
349 1585 630 1643 deminuti
650 1593 779 1642 sunt
796 1602 985 1643 eorum
1012 1588 1109 1659 qui
1134 1586 1365 1644 oderunt
1398 1604 1505 1649 eos.

192 1673 466 1733 CTraditi
491 1679 633 1730 sunt
660 1674 819 1731 enim
850 1675 1161 1748 Opprobrio
1193 1677 1623 1750 servitutis,qui
1641 1676 1761 1749 glo-

127 1766 257 1824 riari
282 1762 634 1820 videbantur
663 1764 722 1819 in
754 1762 1254 1820 idolis.Dominati
1281 1768 1420 1820 sunt
1446 1782 1647 1821 eorum
1661 1765 1763 1838 qui

126 1856 365 1912 oderunt
396 1868 520 1919 eos,
550 1852 744 1925 gravis
770 1851 934 1908 valde
958 1852 1451 1921 dominatio,nam
1485 1854 1584 1925 qui
1617 1870 1765 1910 sem-

125 1960 223 2017 per
252 1940 372 1998 odit
401 1956 636 2013 semper
667 1939 851 1996 iratus
881 1944 1008 2009 est;
1041 1940 1141 2013 qui
1163 1958 1296 1997 vero
1327 1943 1556 2015 semper
1584 1942 1765 1998 iratus

123 2036 226 2099 est,
257 2027 651 2102 implacabilis
680 2032 787 2085 est.
826 2027 1149 2085 Durissima
1178 2028 1355 2103 igitur
1384 2034 1473 2086 est
1518 2031 1765 2087 servitus
1797 2051 1843 2116 Β

125 2117 333 2175 servire
362 2132 603 2190 semper
630 2116 879 2173 infenso.

124 2226 192 2281 40
263 2229 329 2283 Et
358 2223 771 2281 tribulaverunt
798 2240 887 2280 eos
907 2224 1127 2280 inimici
1150 2240 1359 2280 eorum.

261 2316 335 2369 Et
363 2312 659 2370 humiliati
686 2320 815 2368 sunt
839 2312 940 2368 sub
973 2313 1223 2369 manibus
1249 2329 1437 2370 eorum
1468 2332 1486 2369 :

261 2402 423 2474 Saepe
451 2402 706 2457 liberavit
733 2417 837 2457 eos.

194 2492 234 2547 C
266 2491 331 2546 Et
358 2482 792 2546 tribulaverunt
819 2506 939 2557 eos,
973 2494 1130 2546 recta
1183 2490 1544 2559 vicissitudo,
1578 2495 1641 2546 ut
1671 2491 1769 2563 qui

126 2580 343 2637 amanti
377 2578 632 2635 Domino
666 2579 880 2635 servire
922 2578 1255 2648 noluerunt,
1286 2580 1619 2636 odientibus
1661 2581 1772 2635 ini-

126 2668 295 2726 micis
304 2669 475 2741 justo
506 2667 734 2739 judicio
780 2668 1163 2739 probarentur
1181 2684 1309 2723 esse
1331 2669 1771 2741 subjecti.Saepe

123 2755 411 2825 liberavit,
427 2760 496 2812 ut
516 2754 1118 2828 intelligamusipsum
1151 2759 1207 2811 et
1235 2757 1387 2812 bona
1414 2757 1770 2829 promittere,

124 2851 179 2901 et
207 2843 523 2918 ﬂagellatis
554 2843 747 2899 denuo
778 2843 1391 2900 subvenire.Promisit
1418 2846 1572 2901 enim
1600 2845 1773 2901 bene-

122 2935 270 3001 ficia,
288 2938 345 2989 et
373 2933 644 2989 humana
675 2949 787 2988 non
822 2931 1067 2988 cessavit
1099 2932 1397 3005 iniquitas,
1432 2933 1628 2988 intulit
1658 2934 1776 2988 vin-

120 3023 358 3091 dictam,
385 3026 447 3078 et
499 3020 735 3078 afflictis
788 3021 995 3077 iterare
1049 3021 1326 3095 dignatus
1382 3026 1470 3079 est
1523 3021 1772 3078 clemen-

120 3112 257 3168 tiam
268 3154 280 3168 .

117 3220 179 3276 41
256 3220 371 3292 Ipsi
389 3227 583 3276 autem
609 3220 1072 3276 exrcerbaverunt
1101 3236 1223 3276 eum
1256 3237 1269 3275 :
1304 3221 1365 3275 in
1392 3220 1617 3276 consilio
1645 3236 1771 3275 suo:

254 3309 322 3366 Et
350 3309 649 3365 humiliati
677 3317 805 3364 sunt
836 3311 895 3364 in
924 3310 1309 3380 iniquitatibus
1334 3310 1472 3364 suis.

186 3415 231 3470 Η
264 3415 386 3488 Ipsi
419 3417 624 3471 autem
655 3414 1290 3470 exacerbaverunteum
1312 3414 1372 3469 in
1388 3414 1630 3469 consilio
1643 3431 1768 3482 suo,
1802 3412 1844 3479 C

117 3503 273 3575 quod
304 3502 681 3569 habuerunt,
710 3507 775 3557 ut
803 3519 871 3558 eo
901 3502 1102 3559 relicto
1152 3502 1323 3558 idolis
1374 3503 1672 3558 servirent.
1706 3504 1776 3558 Et

114 3591 413 3647 bumiliati
464 3594 631 3659 sunt,
684 3607 800 3646 non
850 3608 885 3647 a
931 3595 1067 3659 Deo,
1114 3592 1214 3647 sed
1271 3608 1304 3646 a
1360 3591 1584 3647 delictis
1650 3590 1774 3647 suis

112 3678 616 3737 humiliabantur.

112 3769 179 3825 42
250 3770 319 3824 Et
340 3768 490 3825 vidit
518 3785 648 3825 cum
680 3769 1075 3826 tribvlarentur
1093 3786 1112 3825 :

248 3859 319 3914 Et
342 3858 572 3916 audivit
602 3859 904 3913 oratin
931 3873 1138 3913 eorum.

177 3947 224 4002 Η
270 3947 343 4003 Et
372 3946 530 4002 vidit
562 3962 698 4001 cum
731 3945 1176 4012 tribularentur,
1211 3947 1589 4018 praecucurrit
1618 3946 1774 4003 enim

107 4035 282 4092 solita
341 4035 661 4093 miseratio
718 4033 1025 4091 clementis
1058 4033 1180 4101 Dei,
1208 4052 1335 4106 quae
1381 4052 1687 4091 conversos
1715 4036 1774 4090 in

105 4123 485 4180 orationibus
541 4122 813 4196 protinus
860 4122 1101 4178 audivit.
1152 4127 1323 4179 Docet
1370 4123 1526 4178 enim
1584 4128 1642 4179 et
1698 4127 1774 4190 te,

106 4213 259 4284 quod
292 4213 346 4270 si
379 4229 713 4269 conversus
746 4211 1123 4285 ingemueris,
1159 4212 1424 4283 protinus
1464 4213 1776 4285 appropin-

104 4306 293 4372 quant
313 4301 500 4358 celsis
530 4300 779 4356 auribus
808 4301 937 4372 ejus
967 4316 1168 4372 preces
1197 4300 1549 4357 humilitatis
1569 4306 1702 4356 tuae.

104 4406 174 4461 43
247 4412 319 4465 Et
347 4424 576 4465 memor
603 4408 715 4478 fuit
744 4408 1049 4462 testamenti
1074 4408 1164 4462 sui
1193 4424 1213 4462 :

246 4497 315 4552 Et
339 4497 628 4569 paenituit
667 4512 791 4551 eum
832 4494 1129 4551 secundum
1174 4495 1578 4552 multitudinem
1613 4497 1775 4551 mise-

319 4584 607 4642 ricordia?
633 4599 773 4641 sua}.

1874 778 2078 849 pheta),
2112 778 2208 833 alii
2242 780 2510 851 apostoli,
2547 779 2641 834 alii
2683 786 2983 851 martyres,
3018 783 3111 836 alii
3148 786 3505 841 confessores

1871 882 1938 920 ex
1960 866 2085 938 ipso
2110 866 2321 939 populo
2344 868 2529 939 gratia
2550 866 2649 922 Dei
2666 868 3116 925 ﬂoruerunt.Vel
3146 872 3502 941 adlitteram,

1870 953 2115 1026 gentiles
2139 956 2224 1011 eis
2254 954 2566 1027 placabiles
2582 956 2733 1023 fecit,
2766 956 2866 1028 qui
2898 958 3265 1031 captivarunt
3292 977 3412 1031 eos,
3443 967 3508 1016 ut

1871 1059 2022 1114 saepe
2043 1043 2224 1099 etiam
2249 1042 2463 1101 liberos
2492 1045 2880 1118 darent,quos
2910 1051 3041 1103 ante
3072 1049 3328 1121 captivos
3357 1053 3509 1106 tene-

1871 1130 2031 1186 bant.

1873 1219 1942 1273 45
2013 1220 2200 1276 Salvos
2227 1223 2317 1293 fac
2346 1238 2463 1287 nos,
2490 1223 2735 1288 Domine,
2763 1224 2903 1279 Deus
2925 1233 3111 1281 noster
3139 1242 3152 1280 :

2012 1310 2088 1363 Et
2117 1324 2384 1380 congrega
2413 1310 2589 1366 nosde
2615 1313 2951 1367 nationibus.

1943 1395 1989 1450 H
2016 1395 2216 1452 Salvos
2236 1414 2341 1453 nos
2370 1398 2479 1465 fac,
2514 1414 2585 1454 ne
2616 1399 2783 1455 nobis
2829 1400 2967 1457 vitia
3014 1402 3408 1459 dominentur.
3440 1404 3510 1459 Et

1871 1499 2158 1556 congrega
2188 1502 2315 1551 nos,
2346 1485 2486 1557 quia
2512 1502 2655 1559 gens
2685 1488 3055 1544 Hebraeorum
3084 1488 3142 1545 in
3172 1490 3508 1565 regionibus

1872 1572 2177 1629 nationum
2212 1578 2303 1630 est
2350 1574 2631 1646 dispersa.
2667 1576 2707 1631 C
2746 1576 2999 1649 Populus
3047 1580 3201 1634 enim
3251 1580 3381 1646 iste,
3413 1580 3506 1636 cui

1872 1660 1945 1715 ab
1976 1659 2143 1716 initio
2174 1662 2384 1734 psalmi
2413 1663 2587 1719 verba
2618 1662 3077 1742 dedimus,nunc
3104 1668 3285 1723 Deum
3311 1669 3510 1741 depre-

1872 1752 2056 1816 catur,
2072 1754 2136 1805 ut
2152 1750 2467 1806 Ecclesium
2500 1768 2668 1807 suam
2695 1753 2763 1807 de
2783 1754 3044 1825 gentium
3066 1758 3510 1829 congregatione

1873 1837 2154 1909 perﬁciat.
2636 1848 2653 1863 '

1873 1927 1943 1980 46
2020 1927 2083 1982 Ut
2107 1929 2462 1998 conﬁteamur
2482 1930 2695 1985 nomini
2706 1937 2886 1986 sancto
2919 1934 3009 1987 tuo
3041 1948 3053 1987 :

2014 2018 2082 2071 Et
2108 2016 2409 2085 gloriemur
2435 2018 2496 2071 in
2528 2017 2688 2073 laude
2711 2026 2826 2073 tua.

1949 2102 1991 2157 Ο
2021 2101 2093 2157 Ut
2122 2103 2503 2159 conﬁteamur
2532 2106 2754 2160 nomini
2776 2111 2897 2175 tuo,
2926 2108 2981 2162 id
3013 2113 3102 2163 est
3133 2109 3275 2164 Filio
3314 2110 3511 2183 utique

1878 2193 1998 2257 tuo,
2035 2191 2133 2263 qui
2165 2195 2221 2246 et
2248 2209 2458 2248 nomen
2489 2198 2545 2248 et
2576 2193 2702 2249 laus
2734 2199 2835 2250 tua
2865 2202 2970 2251 est.
3006 2200 3045 2253 C
3078 2198 3142 2252 Et
3174 2197 3509 2271 gloriemur,

1879 2295 1995 2334 non
2028 2279 2085 2334 in
2113 2279 2371 2337 humana
2392 2282 2695 2352 jactantia,
2724 2284 2823 2338 sed
2853 2283 2912 2339 in
2945 2289 3020 2355 te,
3055 2287 3153 2341 ubi
3203 2292 3293 2343 est
3320 2305 3513 2345 revera

1880 2368 1993 2422 lixa
2013 2366 2195 2439 gloria
2222 2374 2278 2423 et
2306 2369 2433 2425 sine
2461 2370 2573 2425 ﬁne
2604 2370 2822 2426 laetitia.

1880 2457 1947 2510 47
2023 2456 2336 2512 Benedictus
2398 2458 2658 2513 Dominus
2729 2460 2866 2515 Deus
2923 2462 3088 2516 Israel
3143 2480 3176 2517 a
3220 2465 3420 2520 saeculo
3464 2472 3517 2520 et

2092 2560 2256 2615 usque
2284 2547 2342 2599 in
2371 2546 2637 2601 saeculum
2666 2566 2686 2602 .-

2022 2634 2084 2687 Et
2111 2634 2251 2689 dicet
2275 2635 2453 2689 omnis
2477 2636 2709 2706 populus
2737 2638 2856 2692 Fiat
2881 2638 2997 2708 ﬁat.

1954 2721 1997 2775 H
2031 2721 2234 2777 Merito
2266 2722 2605 2778 benedictus
2632 2722 2689 2778 in
2714 2724 2944 2789 smcula,
2980 2744 3079 2798 per
3134 2744 3305 2799 quem
3364 2729 3515 2785 facta

1883 2813 2023 2864 sunt
2051 2810 2418 2877 smcula,non
2452 2809 2640 2867 solum
2667 2812 2818 2868 facta
2846 2816 2944 2869 sed
2986 2816 3159 2871 etiam
3194 2817 3511 2890 redempta.

1883 2899 1988 2963 Qui
2022 2903 2077 2953 et
2104 2916 2257 2953 nunc
2288 2916 2393 2954 nos
2451 2916 2707 2956 recreare
2756 2902 3020 2972 dignetur
3068 2904 3126 2959 in
3160 2904 3423 2973 salutari,
3458 2907 3512 2961 id

1883 2992 1972 3043 est
2001 2987 2060 3042 in
2113 2987 2341 3043 Christo
2395 2988 2535 3043 Jcsu
2595 2989 2841 3045 Domino
2900 2995 3119 3059 nostro,
3151 2994 3252 3065 qui
3312 2999 3402 3051 est
3455 2994 3515 3049 in

1883 3074 2095 3132 saecula
2158 3075 2519 3131 benedictus.
2584 3075 2733 3131 Dicit
2792 3095 2926 3134 vero
2986 3080 3058 3135 ab
3126 3080 3236 3136 isto
3306 3081 3515 3138 saeculo

1883 3179 2068 3235 usque
2095 3164 2163 3218 ad
2198 3162 2342 3218 illud
2377 3168 2716 3235 perpetuum
2748 3166 3024 3222 saeculum
3060 3168 3241 3224 Deum
3282 3170 3516 3225 benedi-

1884 3252 2152 3320 cendum,
2171 3256 2231 3307 ut
2248 3253 2583 3308 continuata
2601 3252 2728 3309 laus
2746 3271 3045 3327 nunquam
3063 3257 3270 3313 debeat
3298 3257 3514 3314 habere

1884 3339 2201 3397 fastidium.
2540 3366 2543 3368 ·

2373 3455 2574 3494 ORATIO
2614 3456 2681 3494 EX
2721 3456 2877 3495 PSAL.
2918 3456 3005 3495 CV.

1954 3554 2241 3610 Memento
2291 3554 2496 3622 nostri,
2532 3555 2790 3621 Domine,
2818 3556 2875 3611 in
2911 3555 3267 3628 beneplacito
3317 3558 3517 3631 populi

1884 3642 1988 3709 tui,
2011 3646 2069 3698 et
2096 3660 2130 3698 a
2160 3642 2376 3715 peccati
2417 3643 2691 3699 servitute
2741 3660 2847 3699 nos
2895 3644 3194 3701 discussos
3240 3645 3518 3703 salutaris

1883 3731 1967 3787 tui
2000 3731 2325 3786 visitatione
2356 3730 2631 3787 salvifica.
2663 3733 2770 3788 Per
2798 3732 3111 3789 Dominum
3144 3739 3406 3791 nostrum
3430 3735 3521 3791 Je-

1884 3838 2015 3877 sum
2047 3820 2364 3887 Christum,
2396 3825 2505 3876 etc.

2453 3936 2779 3992 PSALMUS
2819 3936 2956 3993 CVI.

2314 4042 2711 4081 ABGUMENTUM
2753 4044 2908 4082 PSAL.
2950 4043 3039 4080 CVI
3048 4068 3061 4081 .

1954 4143 1995 4199 C
2034 4142 2134 4198 llic
2177 4146 2581 4197 commonetur
2631 4140 2881 4214 populus
2924 4141 3294 4197 Christianus
3325 4146 3390 4197 ut
3419 4159 3522 4215 pro

1885 4231 2114 4288 collatis
2148 4229 2258 4286 sibi
2282 4230 2579 4285 beneficiis
2608 4229 2810 4286 laudes
2840 4229 3124 4286 Domuino
3156 4231 3377 4286 reddat.

2484 4320 2600 4375 TT.
2629 4320 2884 4374 Alleluia.

1886 4411 1912 4466 1
1992 4408 2340 4480 Conﬁtemini
2370 4410 2601 4464 Omnino
2631 4409 2889 4480 quoniam
2923 4408 3090 4463 bonus
3119 4426 3137 4463 :

2024 4500 2296 4568 Quoniam
2326 4498 2385 4552 in
2412 4498 2677 4553 saeculum
2704 4496 3079 4553 misericordia
3106 4497 3241 4568 ejus.
3512 4550 3523 4559 ,

1956 4587 1997 4642 C
2035 4586 2401 4643 Conﬁtemini
2450 4586 2714 4652 Domino,
2763 4589 3096 4641 commonet
3138 4584 3423 4658 Propheta
3468 4590 3525 4641 et

178 4673 224 4729 Η
257 4674 498 4730 Memor
524 4672 645 4729 fuit
672 4673 1028 4739 testamenti,
1054 4674 1208 4745 quod
1241 4689 1371 4728 cum
1395 4673 1686 4729 Abraham
1718 4673 1776 4728 in
1889 4676 2128 4749 prodere
2160 4678 2397 4747 peccata
2427 4690 2553 4741 sua,
2585 4678 2642 4729 et
2670 4673 2873 4729 laudes
2912 4673 3143 4729 Domini
3193 4690 3522 4747 personare.

101 4761 267 4819 initio
298 4761 444 4820 ﬁdei
472 4766 701 4819 nostra:
734 4761 1195 4834 pepigit;Cquod
1218 4761 1626 4818 absconditum
1656 4765 1780 4818 erat
1815 4776 1861 4842 D
1896 4761 2041 4817 Dicit
2069 4778 2202 4818 vero
2229 4761 2505 4834 quoniam
2538 4761 2827 4829 bonus,ut
2858 4760 3257 4834 peccatoribus
3286 4762 3363 4817 sit
3390 4778 3526 4818 con-

99 4850 159 4907 in
216 4851 564 4925 prophetis,
603 4850 707 4906 sed
738 4850 797 4905 in
830 4855 1089 4922 tempore
1127 4851 1422 4923 Evangelii
1472 4850 1786 4907 revelatum
1896 4850 2134 4906 fidentia
2156 4854 2286 4924 post
2306 4848 2761 4906 satisfactionem
2782 4866 2886 4921 pro
2908 4849 3151 4906 Domino
3176 4849 3525 4923 supplicare.

99 4944 206 4997 est.
264 4939 565 4998 Ptenituit
618 4942 817 4995 autem
884 4954 1046 4994 more
1101 4938 1485 4995 humanitatis
1546 4939 1777 5009 dicitur,
1892 4939 1953 4994 In
1985 4937 2407 5007 steculum,hoc
2436 4939 2612 4993 estin
2644 4938 3101 5011 a2ternum,quia
3121 4937 3346 4993 nullum
3379 4942 3524 4993 tem-

99 5028 145 5083 H
165 5031 310 5101 quia
339 5044 599 5102 semper
622 5044 801 5100 super
822 5028 1171 5099 pmnitentes
1198 5027 1435 5099 pmnitet
1452 5029 1779 5096 Deus,dum
1889 5044 2001 5101 pus
2031 5032 2137 5094 est,
2166 5027 2322 5098 quod
2344 5026 2417 5083 ab
2440 5027 2582 5097 ejus'
2598 5026 2995 5083 misericordia
3023 5026 3343 5100 reperiatur
3367 5042 3527 5081 exce-

102 5116 258 5174 mala
314 5135 453 5191 qua!
516 5115 764 5173 locutus
822 5115 1013 5171 fuerat
1062 5119 1127 5171 ut
1179 5116 1394 5171 faceret
1443 5133 1560 5171 non
1619 5116 1777 5172 facit.
1891 5120 2127 5189 ptum..

100 5203 141 5259 C.
169 5206 428 5263 Paenitet
456 5220 613 5278 ergo
650 5207 789 5260 tunc
820 5203 997 5276 Deus,
1028 5204 1264 5276 quando
1315 5220 1412 5261 nos
1444 5204 1780 5277 paenitentes
1887 5209 1924 5260 2
1994 5205 2189 5261 Dicant
2216 5206 2314 5275 qui
2337 5202 2601 5276 redempti
2627 5208 2757 5259 sunt
2786 5221 2821 5260 a
2845 5206 3077 5260 Domino
3109 5220 3122 5258 :

101 5297 413 5367 cognoscit
440 5313 456 5364 ;
496 5292 650 5349 talis
679 5291 836 5348 enim
868 5290 966 5349 ille
986 5292 1156 5348 nobis
1185 5290 1453 5360 efficitur,
1474 5292 1782 5365 qualesnos
2034 5294 2172 5361 Quos
2200 5292 2427 5347 redemit
2454 5292 2519 5347 de
2544 5309 2712 5348 manu
2743 5294 2961 5349 inimici
2993 5309 3006 5347 :
3038 5301 3089 5350 et
3113 5292 3177 5348 de
3218 5290 3527 5364 regionibus

99 5384 205 5438 sibi
233 5400 371 5441 esse
399 5381 780 5457 probaverit.
805 5380 907 5437 Est
935 5397 1072 5453 ergo
1123 5379 1225 5437 Dei
1280 5380 1615 5452 paenitentia
1664 5380 1779 5450 hic,
2101 5382 2445 5452 congregavit
2466 5396 2553 5435 eos
2581 5397 2601 5435 .·

102 5486 214 5527 non
246 5471 421 5529 dolor
452 5472 530 5527 de
565 5469 981 5541 imprudenter
1003 5469 1173 5538 facto,
1191 5469 1288 5525 sed
1321 5468 1588 5526 remissio
1602 5487 1781 5541 pugnae
1959 5472 2001 5526 Ο
2025 5470 2230 5525 Dicant
2278 5469 2480 5540 utique
2528 5466 2779 5537 alleluia,
2814 5469 2969 5541 quod
3011 5468 3218 5526 titulus
3246 5469 3347 5534 ait,
3379 5470 3435 5521 et
3463 5480 3525 5521 se

103 5563 347 5631 peccati.
1881 5558 2163 5631 jucundis
2177 5556 2666 5614 exsultationibus
2678 5556 3074 5624 consolentur,
3088 5557 3188 5630 qui
3202 5556 3272 5613 ad
3293 5553 3522 5611 Domini

101 5648 169 5703 44
238 5651 306 5707 Et
331 5650 495 5706 dedit
524 5664 626 5705 eos
659 5647 724 5703 in
749 5646 1155 5704 misericordias
1179 5662 1194 5703 :
1887 5646 2135 5720 gratiam
2160 5646 2353 5703 venire
2383 5650 2758 5702 meruerunt:
2785 5646 3076 5719 significat
3095 5651 3286 5702 tamen
3310 5641 3524 5714 specia-

238 5740 303 5797 In
328 5745 643 5812 conspectu
675 5738 925 5791 omnium
954 5737 1053 5807 qui
1078 5742 1331 5807 ceperant
1361 5750 1468 5791 eos.
1886 5735 2017 5791 liter
2041 5733 2321 5808 pepulum
2351 5735 2751 5807 gentium,qui
2789 5734 2882 5791 Dei
2914 5733 3198 5804 sanguine
3219 5726 3519 5799 redempti,

170 5828 212 5888 C
239 5828 303 5891 In
334 5822 801 5888 misericordias
822 5824 988 5884 datos
1036 5839 1139 5882 eos
1185 5823 1348 5892 dicit,
1382 5822 1524 5898 quia
1551 5823 1779 5883 diversa
1886 5828 1943 5884 et
1972 5824 2044 5881 de
2072 5822 2608 5900 potestateinirnici,
2625 5824 2682 5885 id
2702 5827 2792 5883 est
2819 5820 3055 5891 diaboli,
3078 5819 3265 5897 ipsius
3282 5814 3520 5897 misera-

4156 6265 5504 6462 -
