5516 6540
105 543 213 617 398
1304 535 1724 598 EXPOSI'I‘IO
1767 532 1907 594 PSA
1918 532 2278 598 LMORUM.
3368 528 3489 592 39‘
3586 594 3595 597 -

1765 668 1817 733 Α
1848 666 2173 738 suspendit,
2193 684 2261 721 ne
2280 666 2451 721 malis
2469 665 2863 720 crescentibus
2879 664 3219 718 obruamur.
3247 664 3315 717 Et
3338 662 3490 717 exal-

114 679 173 731 IS
242 673 459 728 Omnem
488 686 663 725 escam
691 672 1004 725 abominata
1034 678 1112 725 est
1143 671 1331 724 animo
1357 686 1541 724 eorum
1574 687 1591 723 :

234 764 299 818 Et
323 760 901 831 apprOpinquaverunt
939 765 993 823 σξ-
1020 775 1187 832 usque
1238 763 1252 827 ζ
1296 758 1367 814 ad
1388 766 1572 830 portas
1602 773 1743 811 mor-

305 849 394 903 tis.

168 939 206 994 C
234 936 331 993 Hic
360 952 557 991 escam
592 934 1141 1009 spiritalem,legem
1165 936 1290 1002 Dei,
1312 933 1535 990 scilicet
1565 937 1620 989 et
1649 949 1741 988 sa-

113 1026 315 1083 lutaria
340 1028 631 1098 praecepta
660 1024 943 1080 debemus
987 1026 1304 1093 advertere,
1355 1023 1509 1078 unde
1555 1020 1745 1077 ﬁdelis

108 1115 297 1171 anima
318 1112 460 1168 vivit
484 1130 497 1181 ;
524 1112 596 1168 de
636 1129 752 1184 qua
786 1111 1123 1183 iniquarum
1146 1127 1315 1168 mens
1335 1109 1575 1167 exitiosa
1596 1108 1747 1164 fame

98 1205 292 1276 jejuna
321 1204 428 1257 est.
475 1200 679 1257 Gravis
727 1202 968 1256 morbus
1016 1200 1371 1257 exsecranda
1419 1196 1741 1265 calamitas,

99 1291 294 1348 divinae
325 1288 475 1362 legis
507 1289 906 1361 appetentiam
936 1286 1053 1344 non
1100 1289 1333 1344 habere.
1386 1288 1533 1342 Nam
1592 1285 1745 1340 unde

98 1383 279 1453 potest
299 1364 513 1444 vivere;
543 1377 647 1449 qui
685 1394 853 1433 suam
886 1376 1063 1431 vitam
1100 1376 1338 1451 cmperit
1362 1392 1477 1430 non
1505 1390 1700 1429 amare
1719 1373 1746 1427 ?

101 1469 238 1524 Hinc
268 1467 489 1522 factum
524 1470 613 1521 est
643 1469 709 1521 ut
739 1466 810 1521 ad
836 1465 936 1521 illa
965 1465 1223 1522 claustra
1262 1464 1558 1520 mortifera
1585 1460 1743 1517 veni-

98 1561 266 1627 retur,
296 1555 409 1610 nisi
438 1554 686 1609 Domini
720 1553 1095 1610 miseratione
1126 1557 1324 1609 essent
1350 1551 1601 1608 liberati.

99 1645 163 1701 19
236 1646 294 1699 Et
319 1644 702 1698 clamauerunt
729 1641 798 1697 ad
830 1643 1129 1698 Dominum
1158 1659 1283 1698 cum
1314 1640 1740 1697 tribularentur:

230 1737 299 1789 Et
324 1731 389 1787 de
415 1731 831 1787 necessitatibus
860 1747 1047 1786 eorum
1076 1731 1329 1786 liberavit
1355 1747 1458 1785 eos.

167 1824 204 1875 C
228 1821 410 1876 Istum
438 1836 677 1875 versum
710 1824 937 1875 constat
964 1835 1092 1876 esse
1118 1819 1450 1891 repetitum,
1468 1816 1744 1889 quoniam

102 1912 153 1965 in
187 1907 361 1964 simili
394 1924 580 1964 causa
608 1922 787 1963 unam
818 1908 1011 1963 decuit
1040 1923 1168 1963 esse
1199 1906 1571 1963 sententiam.

58 2022 77 2037 ι
111 1999 175 2052 20
243 1998 389 2052 Misit
416 1996 647 2052 verbum
674 2012 834 2051 suum
865 2003 913 2051 cl
941 1997 1161 2051 sanavit
1186 2012 1271 2051 eos
1297 2012 1310 2049 :

142 2093 149 2099 '
229 2089 293 2140 Et
320 2086 533 2156 eripuit
562 2100 649 2141 eos
679 2084 744 2139 de
770 2084 1122 2139 interioribus
1150 2090 1205 2149 έ-
1250 2099 1437 2139 eorum
1509 2087 1559 2151 ζ.

166 2177 213 2228 Η
256 2172 415 2229 Misit
456 2171 721 2229 Verbum
749 2188 945 2240 suum,
980 2171 1035 2226 id
1063 2176 1150 2227 est
1181 2172 1345 2226 Pater
1381 2172 1607 2238 Filium,
1638 2171 1735 2243 qui

99 2278 199 2317 nos
229 2262 489 2318 reficeret
523 2266 580 2316 et
610 2264 864 2315 sanaret.
898 2261 967 2315 Et
995 2259 1209 2332 eripuit
1238 2277 1335 2315 eos
1366 2261 1436 2315 de
1462 2260 1741 2315 interitio-

101 2351 267 2405 nibus
297 2351 354 2404 in
388 2349 612 2422 quibus
643 2366 706 2405 se
732 2348 844 2421 ipsi
875 2348 1279 2404 dimerserant.
1312 2353 1351 2403 Ο
1379 2350 1521 2404 Ecce
1548 2348 1739 2420 qualis

98 2437 354 2511 languor,
389 2436 735 2509 spirituales
767 2437 1004 2493 delicias
1024 2437 1197 2492 Verbi
1222 2437 1320 2492 Dei
1344 2442 1402 2492 et
1430 2437 1737 2510 propheta-

98 2542 219 2581 rum
248 2526 538 2594 fastidire,
570 2530 636 2581 ut
665 2525 788 2581 sola
841 2524 1093 2581 cmlestis
1144 2526 1356 2581 medici
1411 2526 1736 2597 praasentia,

97 2614 305 2669 scilicet
334 2615 577 2685 Christi,
614 2613 725 2669 tale
757 2613 1043 2686 potuisset
1072 2612 1394 2684 periculum
1443 2614 1738 2686 (egritudi-

100 2702 187 2756 nis
219 2706 548 2775 amputare.

96 2794 155 2846 21
232 2791 614 2863 εοηβιεαηῃιν
641 2791 869 2846 Domino
898 2790 1286 2845 misericordire
1314 2794 1431 2861 ejus
1465 2807 1477 2844 :

229 2882 303 2934 Et
325 2880 618 2935 mirabilia
648 2880 765 2951 ejus
794 2880 929 2949 ﬁliis
957 2880 1259 2933 hominum.

162 2969 371 3032 Otiarta
398 2968 619 3042 psalmi
652 2968 830 3023 sectio
862 2967 1124 3039 repetitis
1154 2967 1417 3023 versibus
1446 2967 1735 3023 introitur.

101 3056 433 3112 Commonet
463 3060 666 3112 autem
699 3057 1028 3112 sacerdotes
1060 3061 1123 3110 ut
1154 3056 1397 3111 Domino
1422 3058 1736 3112 confitean-

98 3148 203 3211 tur,
232 3145 287 3200 id
318 3149 407 3201 est
437 3144 776 3200 sacrificent
805 3143 910 3212 illi,
933 3149 987 3199 et
1020 3143 1309 3200 mirabilia
1340 3145 1468 3215 ejus
1500 3162 1612 3200 non
1640 3145 1737 3201 de-

100 3233 282 3288 sinant
310 3233 553 3306 populis
583 3232 917 3306 pradicare.

101 3323 162 3375 22
234 3323 296 3377 Et
324 3323 641 3393 sacriﬁcent
664 3321 977 3391 sacriﬁcum
1007 3321 1187 3376 laudis
1219 3337 1232 3375 :

225 3412 289 3466 Et
316 3412 659 3467 annuntient
690 3425 853 3481 opera
882 3411 997 3481 ejus
1029 3412 1085 3464 in
1116 3410 1493 3464 exsultatione.

157 3497 194 3551 C
223 3498 466 3555 Domino
499 3497 796 3554 sacrificiu
817 3514 872 3552 m
905 3497 1267 3569 reddidit,qui
1289 3496 1456 3553 laatus
1488 3498 1736 3553 hostiam

91 3584 271 3643 laudis
301 3587 603 3643 obtulerit.
637 3585 818 3641 Multo
850 3584 1005 3642 enim
1041 3587 1413 3659 praestantius
1453 3592 1561 3655 est,
1602 3603 1734 3641 cum

94 3675 251 3731 bonis
281 3675 514 3732 actibus
552 3674 901 3747 psalmodiae
951 3674 1033 3729 illi
1082 3674 1461 3746 jubilationes
1516 3676 1737 3741 offerre,

98 3780 261 3835 quam
294 3766 597 3837 pecudum
620 3762 891 3819 victimas
915 3762 1310 3819 immolare.Et
1331 3780 1505 3835 opera
1528 3762 1739 3834 ejus,id

90 3857 188 3920 est,
205 3853 490 3908 beneficia
513 3855 649 3924 ejus
670 3851 1080 3924 praedicatores
1104 3852 1397 3922 proferant
1418 3850 1475 3905 in
1497 3849 1743 3906 exsulta-

89 3938 252 3995 tione.
290 3941 394 3996 llla
416 3940 578 3996 enim
606 3938 853 3995 celerius
879 3940 1114 3994 credere
1136 3934 1585 4010 acquiescimus,
1613 3956 1740 4011 qua:

92 4027 365 4097 videmus,
397 4030 671 4085 doctores
705 4029 818 4083 ﬁxa
847 4033 903 4083 et
934 4031 1099 4100 grata
1124 4032 1315 4082 mente
1346 4028 1677 4100 prmdicare.

95 4117 157 4169 23
227 4118 334 4185 Qui
361 4117 703 4173 descendunt
732 4132 882 4171 mare
912 4118 970 4171 in
1000 4117 1231 4171 navibus
1264 4132 1277 4169 :

223 4208 502 4262 Facientes
534 4207 909 4277 operationem
936 4207 992 4259 in
1026 4206 1183 4275 aquis
1212 4205 1420 4259 multis.

159 4297 197 4347 C
224 4294 329 4359 Qui
366 4293 744 4350 descendunt
775 4292 1262 4364 mare,signiﬁcat
1283 4293 1739 4364 secerdotes,qui

97 4381 280 4437 smculi
310 4382 488 4438 istius
522 4380 851 4454 procellosa
881 4381 1264 4437 descendunt.
1298 4381 1343 4435 Η
1385 4380 1445 4436 In
1478 4382 1741 4449 navibus,

97 4469 149 4523 id
181 4474 264 4525 est
291 4470 601 4537 Ecclesiis,
635 4487 762 4541 quae
792 4468 1088 4524 Christum
1122 4472 1374 4540 portant,
1409 4473 1464 4523 ct
1493 4485 1527 4522 a
1559 4469 1743 4524 flucti-

98 4556 201 4611 bus
232 4558 409 4630 hujus
442 4557 658 4613 mundi
706 4557 1057 4612 tunduntur.
1109 4556 1409 4612 Facientes
1458 4556 1743 4628 operatio-

99 4662 244 4712 nem,
276 4646 318 4702 C
348 4647 406 4701 id
452 4650 547 4702 est
598 4645 918 4719 pradicant
964 4643 1196 4717 populis
1244 4644 1608 4712 Christianis,
1643 4645 1743 4716 qui

100 4734 259 4805 aquis
288 4734 500 4792 multis
526 4734 933 4807 designantur.

98 4823 161 4875 24
233 4825 340 4894 Ipsi
366 4824 637 4879 viderunt
663 4838 825 4894 opera
854 4822 1085 4878 Domini
1116 4838 1129 4875 :

231 4912 295 4966 Et
322 4912 622 4967 mirabilia
650 4912 769 4983 ejus
800 4912 857 4965 in
885 4910 1178 4982 profundo.

164 4999 203 5054 C
236 5000 348 5072 Ipsi
380 5002 685 5065 viderunt,
720 4999 831 5071 ipsi
864 4998 1393 5070 prmdicatores,qui
1420 4998 1546 5069 ejus
1579 5015 1754 5071 opera

106 5087 345 5156 spiritali
381 5086 782 5160 intelligentia
812 5090 1223 5160 cognoverunt.
1258 5086 1318 5141 In
1352 5087 1672 5158 profundo;
1706 5086 1752 5141 H

106 5171 160 5228 in
173 5177 461 5245 profunda
478 5174 644 5232 enim
668 5174 916 5246 caligine
940 5191 1041 5245 per
1061 5191 1260 5229 eorum
1285 5174 1751 5245 praedicationem

106 5259 290 5319 lumen
322 5265 600 5321 veritatis
632 5263 843 5334 illuxit,
869 5268 932 5318 ut
953 5262 1215 5318 viderent
1247 5262 1304 5317 in
1336 5262 1589 5317 tenebris
1620 5263 1754 5316 den-

110 5350 347 5410 sissimis
379 5353 610 5409 clarere
663 5351 882 5419 lumen,
937 5356 1049 5406 Deo
1100 5355 1392 5423 operante,
1438 5350 1751 5405 verissima:

111 5437 427 5496 Trinitatis.

110 5527 172 5579 25
240 5531 398 5585 Dicit
429 5537 483 5585 et
510 5528 671 5584 stetit
698 5530 929 5599 spiritus
957 5526 1186 5599 praellae
1221 5544 1233 5581 :

241 5621 304 5673 Et
331 5619 581 5673 exaltati
609 5623 737 5671 sunt
764 5618 959 5686 ﬂuctus
988 5618 1123 5689 ejus.

175 5702 213 5758 C
239 5704 491 5777 Spiritus
519 5702 788 5777 procella:
821 5703 1112 5777 significat
1149 5704 1526 5775 tempestates
1570 5701 1753 5757 tribu-

114 5786 377 5850 lationum
411 5796 781 5862 nostrarum,
809 5809 958 5865 quas
1017 5792 1171 5849 Deus
1230 5790 1325 5865 pia
1376 5790 1752 5847 miseratione

425 5921 705 5985 PATBOL.
755 5919 983 5986 CXLII.

1777 2027 1824 2092 B

1849 755 1953 810 tati
1984 759 2123 810 sunt
2152 756 2365 810 ﬂuctus
2396 755 2456 809 in
2486 752 2783 809 mentibus
2813 750 3089 807 humanis
3116 751 3353 823 quando
3381 767 3492 823 pu-

1848 846 2043 898 tamus
2076 843 2304 898 meritis
2334 841 2552 898 nostris
2581 840 2841 907 aitribui,
2876 839 3030 895 unde
3075 838 3341 895 videmus
3383 852 3491 895 nos

1851 930 1977 985 sola
2004 930 2198 985 divina
2222 931 2410 1003 gratia
2438 946 2609 1003 posse
2638 927 2893 986 liberari.

1851 1039 1921 1090 26
1994 1037 2298 1092 Ascendunt
2322 1053 2493 1108 usque
2520 1036 2590 1091 ad
2619 1037 2776 1091 ccelos
2806 1043 2856 1091 et
2883 1033 3185 1091 decendunt
3219 1048 3387 1106 usque
3426 1030 3498 1089 ad

2064 1127 2283 1197 abysso:
2319 1141 2331 1179 :

1995 1215 2197 1269 Anima
2221 1230 2407 1269 eorum
2438 1215 2494 1269 in
2528 1214 2691 1269 malis
2722 1212 3039 1270 tabescebat.

1922 1305 1961 1356 C
1984 1302 2323 1357 Ascendunt
2352 1302 2526 1357 etiam
2558 1302 2653 1357 isti
2685 1302 2899 1359 ﬂuctus
2929 1317 3116 1373 usque
3164 1299 3236 1356 ad
3291 1297 3485 1367 omlos,

1853 1390 2085 1460 quando
2103 1389 2278 1446 seculi
2294 1390 2641 1445 elationibus
2658 1388 3487 1463 eriguntur,descenduntvero

1852 1495 2038 1550 usque
2069 1478 2140 1534 ad
2173 1479 2436 1551 abyssos,
2471 1495 2602 1534 cum
2633 1479 2692 1533 in
2720 1478 3181 1551 desperationem
3214 1491 3487 1549 pervelle-

1853 1572 2009 1623 runt.
2043 1567 2398 1623 Tabescebat
2425 1567 2622 1622 anima
2647 1568 2706 1622 in
2734 1566 2891 1635 mali,
2925 1567 2983 1621 id
3035 1570 3124 1622 est
3174 1565 3234 1620 in
3286 1564 3487 1621 formi-

1853 1655 2008 1723 dine,
2043 1655 2179 1710 etin
2214 1654 2609 1711 recordatione
2658 1653 2946 1709 malorum
2997 1670 3122 1725 quas
3173 1652 3392 1726 gessit;
3425 1651 3487 1707 in

1852 1744 2002 1799 bono
2034 1743 2189 1799 enim
2219 1743 2311 1797 hic
2342 1744 2579 1815 ponitur
2606 1742 2920 1798 tabescere.
2951 1746 2999 1796 H
3029 1741 3489 1810 Ascendunt,au-

1853 1831 2064 1887 diendo
2095 1848 2108 1889 :
2149 1832 2535 1903 descundunt,
2570 1830 2849 1886 timendo.

1853 1940 1920 1992 27
2000 1939 2221 1993 Turbati
2247 1943 2375 1993 sunt
2403 1942 2455 1993 et
2483 1939 2618 1994 moti
2643 1944 2770 1993 sunt
2793 1940 2933 1993 sicut
2962 1936 3146 1993 ebrius
3178 1951 3191 1990 :

1996 2029 2060 2082 Et
2084 2029 2263 2083 omnis
2292 2029 2564 2099 sapientia
2593 2042 2780 2082 eorum
2801 2027 3050 2082 devorata
3081 2029 3179 2081 est.

1918 2120 1957 2170 C
1984 2116 2224 2171 Turbati
2254 2120 2410 2185 sunt,
2434 2116 2504 2170 ad
2537 2116 2940 2171 confusionem
2970 2113 3223 2187 pertinet
3251 2127 3481 2169 sensus.

1847 2206 2154 2260 Commotti
2176 2208 2312 2260 sunt
2328 2222 2340 2259 :
2356 2205 2427 2260 ad
2447 2205 2562 2259 iras
2576 2204 2842 2276 protinus
2856 2200 3485 2273 evomendas.Motiquo

1848 2299 1986 2349 sunt
2016 2298 2080 2349 ut
2108 2293 2325 2349 ebrius.
2347 2292 2572 2357 H.0uia
2603 2291 2745 2347 nihil
2780 2291 3011 2359 stabile,
3040 2289 3185 2346 nihil
3219 2289 3482 2345 sobrium

1847 2400 2045 2438 eorum
2075 2400 2284 2438 sensus
2314 2382 2580 2437 hebebat.
2635 2380 2933 2453 Sapientia
2972 2394 3172 2435 eorum
3210 2378 3484 2433 devorata

1846 2476 1999 2527 est.t.‘
2015 2472 2157 2537 Quia
2180 2469 2427 2525 turbatis
2452 2469 2749 2526 mentibus
2763 2485 2879 2523 non
2901 2466 3170 2541 praevalet
3181 2480 3478 2538 apparere,

1848 2562 1905 2615 in
1928 2560 2143 2632 quibus
2166 2563 2297 2614 ante
2319 2558 2621 2614 videbatur
2640 2557 2830 2613 inesse
2852 2555 3170 2629 sapientia;
3194 2551 3482 2625 sapientia

1847 2649 2002 2704 enim
2034 2665 2149 2703 non
2181 2652 2371 2720 potest
2398 2646 2508 2702 nisi
2534 2647 2685 2718 apud
2710 2646 2937 2717 quietos
2957 2648 3014 2700 et
3030 2642 3481 2715 imperturbates

1847 2738 2075 2793 animos
2102 2735 2366 2791 inveniri.
2400 2736 2440 2791 C
2468 2736 2515 2790 Η
2546 2735 2698 2790 Bene
2728 2750 2862 2807 ergo
2894 2748 3094 2788 eorum
3124 2730 3339 2787 dicitur
3385 2744 3478 2785 sa-

1846 2824 2063 2896 pientia
2091 2822 2485 2893 devorata,qui
2517 2825 2649 2877 ante
2680 2821 2793 2877 sibi
2820 2821 3166 2877 videbantur
3192 2818 3477 2885 doctores,

1847 2914 1947 2968 sed
1974 2913 2099 2984 jam
2126 2910 2451 2967 conturbati
2482 2928 2517 2966 a
2536 2910 2818 2983 sapientia
2838 2908 2960 2978 Dei,
2980 2924 3041 2965 se
3066 2905 3279 2964 stultos
3300 2904 3480 2961 fuisse

1846 3003 2224 3072 cognoscunt.
2256 2998 2346 3054 Sic
2377 2997 2514 3054 olim
2553 2998 2726 3053 draco
2772 2997 2953 3069 Moysi
2997 2993 3298 3069 deglutivit
3343 2993 3481 3048 dra-

1847 3105 2020 3144 cones
2053 3088 2446 3160 [Egyptiorum
2474 3086 2668 3157 (Exod.
2698 3089 2775 3155 7).

1845 3198 1915 3249 28
1988 3196 2053 3249 Et
2080 3194 2455 3248 clamauerunt
2485 3191 2555 3246 ad
2580 3193 2879 3247 Dominum
2897 3207 3022 3246 cum
3047 3190 3480 3275 tribularentur:

1988 3285 2053 3337 Et
2081 3282 2145 3337 de
2172 3281 2577 3344 necessitatibus
2605 3296 2788 3336 eorum
2816 3280 3007 3336 eduxit
3035 3294 3142 3336 eos.

1766 3386 1809 3452 α
1921 3372 1960 3426 ll
1995 3370 2399 3426 Clamaverunt
2431 3369 2501 3425 ad
2528 3368 2935 3436 Dominum,ut
2958 3367 3288 3439 linquentes
3315 3365 3482 3422 luxu-

1849 3462 2064 3517 riosam
2096 3458 2454 3523 ebrietatem,
2486 3458 2835 3529 sapientiam
2865 3457 2964 3513 Dei
3009 3459 3410 3528 sequerentur.
3437 3453 3480 3510 G

1847 3551 1988 3604 Ecce
2020 3547 2160 3603 illud
2187 3546 2343 3603 velut
2372 3545 2516 3601 ebrii
2565 3563 2814 3618 quorum
2867 3545 3153 3618 sapientia
3199 3543 3480 3616 deglutita

1845 3637 2168 3699 videbatur,
2200 3633 2451 3691 clamore
2482 3633 2700 3689 salubri
2722 3635 2793 3689 ad
2814 3632 3011 3689 vitalia
3030 3631 3273 3689 consilia
3303 3630 3483 3687 redie-

1848 3730 2005 3793 runt,
2038 3729 2094 3780 et
2119 3724 2186 3779 ad
2220 3723 2531 3779 Dominum
2564 3721 2845 3787 conversi,
2877 3724 3175 3794 cmperunt
3194 3721 3320 3792 jam
3351 3734 3481 3775 esse

1848 3813 2048 3869 sobrii.
2064 3813 2131 3867 Et
2152 3810 2349 3867 eduxit
2371 3827 2469 3868 eos
2489 3812 2559 3866 de
2580 3810 3025 3866 necessitatibus
3055 3825 3254 3865 eorum
3284 3808 3479 3873 modo,

1849 3902 1947 3973 qui
1980 3901 2264 3973 sequitur,
2296 3899 2605 3972 allegorica
2632 3898 3038 3971 descriptione.
3460 3902 3465 3909 ’

1844 4009 1915 4063 29
1987 4010 2051 4063 Et
2076 4008 2267 4063 statuit
2296 4007 2587 4078 procellam
2616 4006 2733 4076 ejus
2760 4007 2821 4061 in
2850 4021 3046 4061 auram
3078 4021 3091 4060 :

1987 4096 2053 4150 Et
2083 4096 2357 4150 siluerunt
2381 4095 2576 4163 ﬂuctus
2605 4094 2740 4165 ejus.

1920 4189 1958 4239 C
1987 4185 2055 4239 Et
2084 4182 2289 4240 statuit
2311 4181 2623 4255 procellam
2656 4182 2784 4253 ejus
2813 4182 2872 4236 in
2905 4181 3194 4248 auram,id
3215 4185 3323 4249 est,
3341 4184 3486 4235 tem-

1851 4278 2045 4345 pestas
2078 4270 2176 4325 illa
2206 4270 2529 4327 sazvissima
2559 4271 2707 4343 (qua:
2755 4270 2827 4324 ab
2870 4269 3131 4325 humana
3176 4266 3488 4341 fragilitate

1852 4378 1965 4416 non
1998 4363 2224 4432 poterat
2252 4357 2553 4429 sustineri)
2584 4357 2642 4412 in
2673 4374 2846 4413 auras
2868 4357 3041 4428 jussa
3075 4356 3383 4429 disparuit.
3420 4354 3488 4412 Et

1852 4449 2141 4503 siluerunt
2172 4446 2381 4502 fluctus
2412 4447 2560 4517 ejus,
2594 4446 2651 4500 id
2684 4449 2791 4514 est,
2818 4445 2863 4501 Η
2884 4445 3283 4517 paenitentiam
3316 4460 3487 4518 agen-

1853 4538 2011 4592 tibus
2042 4536 2099 4591 in
2133 4533 2615 4607 tranquillitatem
2648 4532 2906 4589 conversi
2938 4537 3097 4601 sunt,
3128 4532 3229 4605 qui
3261 4536 3301 4586 C
3330 4548 3485 4599 Icon-

1852 4625 2045 4681 festim
2080 4613 2272 4696 fragor
2303 4622 2399 4678 ille
2430 4622 2791 4678 saevientium
2813 4620 3100 4680 malorum
3122 4620 3365 4693 imperio
3391 4619 3488 4676 do-

1772 4745 1816 4810 D
1854 4712 2132 4769 minantis
2161 4710 2475 4767 obmutuit.

1850 4821 1919 4875 30
2006 4825 2061 4885 εξ·
2090 4822 2165 4874 Et
2233 4825 2246 4884 ζ
2290 4820 2467 4876 laetati
2492 4826 2620 4874 sunt
2649 4819 2778 4891 quia
2800 4816 3079 4875 siluerunt
3108 4835 3122 4876 :

1999 4910 2064 4963 Et
2091 4908 2318 4963 deduxit
2343 4924 2430 4964 eos
2461 4909 2521 4963 in
2546 4915 2762 4979 portum
2791 4905 3093 4964 voluntatis
3122 4924 3332 4963 earum.

1930 5000 1969 5050 C
2001 4997 2198 5052 Lmtati
2230 5001 2387 5062 sunt,
2416 4996 2555 5052 dicit
2574 4997 2728 5068 quod
2751 4996 2895 5053 solet
2914 5000 3045 5069 post
3064 4994 3319 5069 pericula
3339 4994 3493 5052 navi-

1861 5085 2136 5157 gantibus
2160 5084 2404 5149 evenire,
2440 5090 2503 5140 ut
2528 5103 2589 5141 se
2615 5087 2909 5158 gaudeant
2958 5086 3028 5141 ab
3075 5085 3296 5158 ingenti
3333 5084 3494 5141 clade

1861 5172 2159 5237 liberatos,
2186 5174 2418 5245 quando
2450 5173 2519 5229 ad
2551 5178 2781 5245 portum
2813 5174 3094 5247 cmperint
3114 5174 3309 5231 venire
3330 5174 3498 5229 tutis-

1861 5262 2098 5331 simum,
2121 5262 2176 5315 id
2210 5265 2299 5316 est
2319 5262 2388 5316 ad
2412 5260 2940 5317 Christum.Portus
2961 5262 3118 5318 enim
3141 5279 3175 5318 a
3193 5261 3494 5335 portandis

1861 5349 2103 5405 navibus
2137 5349 2329 5404 dictus
2360 5354 2469 5417 est,
2502 5353 2556 5405 et
2582 5349 2815 5404 animus
2845 5350 3149 5406 aestuantis
3178 5349 3237 5406 in
3266 5351 3491 5406 Christo

1860 5440 2125 5509 portatur
2154 5436 2465 5509 quietus.H
2499 5436 2941 5502 Quiescentibus
2970 5437 3355 5495 tentationum
3389 5436 3493 5492 llu-

1861 5524 2073 5593 ctibus,
2107 5523 2376 5579 laetantur
2404 5524 2708 5596 inquietati
2733 5529 2792 5581 et
2845 5524 3094 5594 liberati,
3138 5532 3197 5583 et
3249 5525 3493 5581 deducet

1865 5619 2011 5668 Deus
2036 5613 2309 5668 liberatos
2340 5612 2397 5667 in
2430 5617 2660 5684 portum
2687 5612 3001 5670 voluntatis
3016 5614 3220 5670 eorum
3244 5629 3360 5681 eos,
3381 5610 3491 5666 sci-

1861 5701 1997 5757 licet
2024 5701 2124 5773 qui
2145 5700 2431 5773 integram
2453 5699 2804 5758 voluntatem
2828 5700 2885 5758 in
2909 5718 3040 5758 eum
3064 5701 3492 5768 converterunt,

1862 5789 1987 5866 ipse
2015 5789 2172 5847 enim
2201 5793 2290 5848 est
2317 5806 2487 5848 verus
2516 5793 2739 5867 portus.

3100 5913 3179 5996 aa.

4090 6226 5452 6426 Δ
