3878 6408
301 463 308 472 ’
349 459 470 519 395

389 601 416 649 1
496 595 876 666 Conﬁteantur
905 591 1132 646 Domino
1163 594 1558 650 misericordis?
1587 595 1701 666 ejus
1733 611 1744 648 :

495 685 570 737 Et
596 681 883 738 mirabilia
911 682 1026 753 ejus
1053 681 1188 751 ﬁliis
1219 682 1522 738 hominum.

423 774 464 826 ο
494 769 724 843 Inspice
755 769 852 826 hic
874 769 1028 842 quod
1053 770 1323 826 eumdem
1347 788 1581 828 versum
1607 776 1814 845 quarto
1847 789 2009 846 repe-

352 861 506 932 tivit,
539 863 607 916 ut
633 859 994 933 quadrifaria
1025 858 1126 915 illa
1158 861 1363 915 mundi
1397 861 1809 933 divisio,quam
1842 879 2012 934 supe-

353 950 480 1007 rius
510 948 655 1005 dixit
683 965 718 1006 a
747 947 889 1006 solis
920 953 1049 1004 ortu
1072 953 1129 1004 et
1149 966 1381 1017 occasu,
1398 951 1470 1005 ab
1493 949 1764 1022 aquilone
1785 955 1840 1006 et
1862 951 2010 1007 mari

354 1037 449 1097 his
478 1038 840 1094 concordans
871 1037 1139 1110 partibus
1169 1039 1532 1106 redderetur,
1551 1045 1841 1111 quatenus
1872 1057 2009 1096 con-

261 1128 274 1141 ’
355 1127 534 1185 fessio
556 1126 746 1184 fidelis
768 1126 987 1199 ubique
1007 1126 1459 1200 eadem,ubique
1475 1127 1855 1185 celeberrima
1877 1146 2011 1185 can-

353 1219 580 1273 taretur
609 1233 623 1274 :
656 1220 741 1286 ut,
772 1217 931 1273 sicut
959 1216 1179 1289 ubique
1208 1222 1297 1271 est
1329 1234 1442 1274 una
1474 1217 1740 1284 ecclesia,
1775 1236 1892 1274 una
1933 1220 2012 1274 sit

354 1310 412 1363 et
444 1307 663 1380 ubique
695 1305 1005 1363 confessio.
1029 1307 1075 1362 li
1101 1307 1498 1361 Conﬁteantur
1518 1307 1764 1364 Domino
1788 1307 2011 1364 miseri-

351 1398 562 1454 cordiae
593 1397 742 1469 ejus,
776 1397 996 1469 quibus
1037 1397 1286 1469 protegit
1344 1396 1671 1452 humanum
1721 1415 1905 1470 genus
1954 1403 2011 1454 et

353 1487 650 1544 mirabilia
679 1486 831 1542 facta
875 1485 1014 1541 ﬁliis
1071 1485 1407 1554 hominum,
1466 1485 1606 1559 quia
1661 1486 2010 1543 mirabiliter

339 1576 673 1649 compescit
700 1576 809 1632 hos
841 1575 1076 1630 ﬂuctus.

353 1665 424 1720 32
596 1667 665 1722 Et
733 1669 748 1730 ζ
791 1665 1035 1721 exaltant
1061 1681 1188 1720 eum
1219 1667 1278 1719 in
1313 1667 1548 1721 Erclesia
1573 1667 1749 1738 plebis
1782 1683 1796 1722 :

495 1755 563 1811 Et
590 1756 649 1810 in
679 1754 941 1811 cathedra
969 1756 1250 1810 seniorum
1283 1756 1508 1811 laudent
1538 1772 1683 1811 eum.

424 1846 464 1898 C
494 1842 812 1900 Ecclesium
841 1843 938 1899 hic
971 1843 1228 1900 nobilem
1259 1842 1417 1900 illam
1447 1849 1503 1900 et
1541 1861 1678 1901 vera
1725 1844 2008 1918 religione

351 1931 666 2006 pollentem
697 1932 858 2035 dicit,
882 1949 1019 2035 quae
1049 1933 1368 2035 Dominum
1396 2023 1406 2034 ι
1430 1933 1718 2007 religiosis
1758 1937 2009 2035 .actibus
2037 1969 2085 2035 Β

323 2038 584 2096 .semper
611 2021 848 2080 exultat.
881 2023 950 2078 Et
979 2023 1038 2079 in
1069 2022 1308 2080 catbera
1350 2023 1445 2077 hic
1488 2041 1693 2080 omnes
1740 2025 2008 2082 doctores

320 2131 328 2144 ·
353 2111 627 2186 prmcepit
649 2111 856 2168 laudes
886 2112 1117 2169 Domini
1146 2129 1484 2184 personare,
1507 2113 1608 2186 qui
1639 2114 1698 2169 in
1731 2115 2009 2171 cathedra

325 2201 652 2258 .seniorum
683 2202 965 2271 resident,
988 2202 1044 2257 id
1080 2207 1190 2273 est,
1224 2201 1325 2274 qui
1349 2219 1723 2259 successores
1745 2209 2005 2261 veterum

321 2290 694 2364 .pontiﬂcum
725 2309 852 2348 esse
875 2291 1288 2348 meruerunt.H
1316 2292 1380 2346 Et
1400 2291 1642 2348 laudent
1669 2309 1803 2348 eum
1829 2293 1886 2350 in
1911 2311 2004 2350 ca-

329 2380 559 2438 .tbedra
587 2381 909 2451 seniorum,
943 2398 1060 2438 non
1092 2380 1152 2436 in
1183 2380 1286 2437 illa
1317 2381 1375 2436 in
1399 2398 1518 2453 qua
1542 2382 1756 2438 Scriba:
1787 2387 1844 2438 et
1866 2383 2009 2440 Pha-

343 2471 499 2530 risaei
521 2470 928 2543 sederunt,qui
952 2470 1211 2542 legentes
1233 2469 1565 2542 lcgem,non
1592 2470 2006 2529 intellexerunt

340 2559 411 2615 .in
437 2576 514 2618 ea
539 2558 854 2616 Dominum
883 2560 1242 2627 nuntiatum,
1272 2560 1374 2616 sed
1404 2560 1464 2614 in
1492 2559 1612 2628 illa,
1631 2560 1691 2616 in
1721 2579 1839 2633 qua
1868 2579 2003 2618 cum

347 2648 434 2704 vel
467 2648 763 2723 prophetae
783 2648 871 2706 vel
895 2648 1237 2720 patriarcha:
1267 2647 1516 2719 spiritali
1547 2648 1715 2706 oculo
1745 2655 2003 2706 contem-

336 2736 601 2810 .plantes,
634 2741 1033 2811 cognoverunt
1063 2737 1122 2792 in
1154 2736 1482 2803 miraculis,
1513 2737 1602 2794 vel
1633 2739 1885 2796 oraculis
1912 2756 2002 2797 ce-

345 2825 638 2884 cinerunt.

345 2917 418 2972 33
491 2919 713 2974 Pcesuit
737 2918 976 2988 ﬂumina
1007 2918 1064 2972 in
1095 2915 1363 2972 desertum
1397 2932 1410 2970 :

485 3007 552 3063 Et
578 3008 759 3064 exitus
787 3023 1058 3080 aquarum
1092 3008 1164 3061 in.
1179 3007 1349 3061 sitim.

331 3131 344 3166 ε
415 3095 458 3152 C
489 3095 659 3152 Nunc
691 3111 932 3152 causam
961 3094 1347 3151 confessionis
1377 3099 1432 3150 et
1459 3094 1830 3152 exaltationis
1861 3098 1998 3154 sub-

345 3184 842 3258 dit,quia,Judzeis
874 3183 1420 3257 reprobatis,omnis
1451 3187 2000 3258 aquarumSpiritus

1264 459 1329 520 s.
1375 423 1777 522 eunuchis
1822 421 2870 523 unii'sIPOL'ENs'is'EpIscom.

2043 594 2091 660 Α
2125 593 2302 647 Terra
2336 593 2460 648 sine
2492 611 2661 665 aqua,
2695 593 2998 649 incredula
3029 592 3318 668 signiﬁcat
3361 592 3537 648 corda
3585 596 3766 666 genti-

3621 419 3761 523 “3&6

2123 681 2446 756 lium,quae,
2473 683 2867 756 post,irrigata
2902 683 3060 740 unda
3090 681 3461 755 baptismatis
3491 688 3550 739 et
3571 671 3765 740 sancta

2121 771 2532 844 praedicatione
2561 773 2904 830 floruerunt.
2937 773 2982 828 Η
3016 771 3215 830 Posuit
3244 773 3541 828 desertum
3575 773 3638 842 in
3665 776 3772 830 sta-

2121 878 2238 934 gna
2267 879 2576 934 aquarum,
2614 864 2879 935 prmbens
2907 863 2968 918 in
3001 861 3255 922 Ecclesia
3285 861 3673 936 baptismum.
3709 863 3772 920 Et

2122 956 2335 1006 terram
2369 951 2496 1007 sine
2518 969 2670 1023 aqua
2710 951 2768 1006 in
2810 952 3001 1008 exitus
3023 968 3330 1028 aquarum,
3351 950 3408 1006 id
3433 945 3771 1038 est,'praedi-

2120 1041 2344 1096 eatores
2377 1039 2432 1093 in
2469 1040 2774 1096 nationum
2808 1040 3079 1096 ariditate
3109 1039 3432 1096 constituit.
3476 1040 3548 1096 Et
3594 1039 3770 1098 collo-

2119 1127 2269 1184 cavit
2298 1127 2416 1185 illic
2446 1129 2796 1201 esurientes,
2817 1133 2882 1185 ut
2909 1129 3080 1186 bonis
3110 1117 3454 1186 coelestibus
3473 1127 3770 1188 reficeren-

2119 1221 2235 1273 tur.

2117 1308 2188 1362 36
2259 1309 2324 1363 Et
2353 1309 2634 1364 collocarit
2666 1309 2784 1363 illic
2810 1311 3107 1366 esurientes
3138 1327 3154 1365 ,:

2261 1397 2326 1451 Et
2357 1399 2755 1452 constituerunt
2783 1400 3056 1454 ciuitatem
3091 1395 3464 1454 habitationis.

2189 1488 2228 1540 C
2257 1483 2571 1542 Collocavit
2599 1485 2718 1542 illic
2750 1487 3096 1555 esurientes,
3138 1487 3195 1542 id
3244 1487 3486 1562 est,'qui
3537 1489 3767 1544 Domini

2121 1591 2366 1630 munera
2396 1575 2574 1632 nimis
2605 1575 2860 1648 gloriosa
2891 1576 3165 1634 aviditate
3195 1575 3477 1649 complexi
3508 1573 3767 1637 sunt.Ci-

2116 1664 2264 1720 vitas
2323 1663 2708 1721 habitationis
2767 1665 3023 1720 Ecclesia
3081 1664 3366 1721 catholica
3421 1671 3532 1731 est,
3553 1664 3622 1746 in
3653 1683 3768 1752 qua

2118 1754 2367 1809 firmiter
2396 1769 2457 1809 se
2489 1755 2857 1810 constituunt
2911 1754 3012 1827 qui
3071 1755 3344 1828 supernis
3395 1755 3768 1828 jussionibus

2117 1843 2419 1898 obediunt.
3567 1897 3574 1906 .

2117 1933 2186 1988 37
2261 1935 2323 1988 Et
2346 1934 2755 1999 seminaverunt
2783 1949 2942 2005 agros
2972 1942 3023 1990 et
3045 1935 3431 2008 plantaverunt
3465 1934 3648 1991 vineas
3679 1953 3694 1991 :

2260 2023 2323 2077 Et
2352 2024 2600 2094 fecerunt
2627 2024 2872 2094 fructum
2902 2025 3226 2079 nativitatis.
3626 2075 3658 2096 .,

2188 2111 2230 2166 C
2261 2111 2566 2168 Seminant
2592 2129 2764 2184 agros
2788 2115 2845 2168 et
2866 2111 3134 2186 plantant
3152 2113 3371 2182 vincas,
3404 2113 3507 2187 qui
3531 2099 3767 2190 corpora

2118 2218 2225 2257 sua
2254 2201 2554 2258 mundatis
2584 2202 2853 2258 sentibus
2871 2206 3264 2275 peccatorum,
3296 2201 3510 2259 calcati
3535 2203 3771 2276 institu-

2117 2290 2273 2346 tione
2305 2291 2640 2364 puriﬁcant.
2673 2292 2921 2349 Fructus
2953 2310 2987 2348 a
3013 2293 3246 2366 fruendo
3273 2293 3504 2364 dicitur,
3535 2299 3593 2350 et
3639 2279 3768 2370 ideo

2114 2381 2216 2452 qui
2249 2381 2506 2436 fructum
2551 2381 2875 2454 spiritalem
2925 2381 3169 2449 faciunt,
3215 2382 3621 2438 benedictione
3671 2384 3770 2443 Dei

2116 2471 2518 2543 perfruuntur.
2554 2472 2708 2537 Quos
2757 2488 2892 2528 vero
2941 2471 3286 2528 infecundos
3325 2469 3633 2540 invenerit,
3668 2474 3770 2530 ab-

2115 2560 2336 2615 seindet
2358 2563 2423 2615 ut
2456 2559 2717 2616 sterilem
2759 2560 3071 2617 ficulneam
3097 2561 3246 2634 (Luc.
3277 2562 3427 2634 xm).
3458 2561 3610 2635 Ager
3639 2579 3770 2640 vero

2114 2650 2189 2704 ab
2215 2648 2424 2718 agendo
2452 2648 2645 2705 dictus
2677 2654 2787 2718 est,
2821 2650 2976 2723 quod
3011 2650 3090 2705 ibi
3123 2650 3351 2706 diversa
3379 2649 3564 2706 victus
3594 2667 3772 2709 causa

2113 2741 2492 2810 peragantur.
3471 2802 3478 2814 ι

2117 2828 2188 2881 38
2261 2829 2337 2882 Et
2369 2827 2650 2884 benedixit
2679 2829 2758 2884 eis
2786 2835 2838 2885 et
2865 2827 3233 2904 multiplicati
3250 2837 3379 2885 sunt
3405 2830 3573 2886 nimis
3607 2845 3620 2884 :

2255 2919 2328 2972 Et
2348 2917 2601 2988 jumenta
2631 2933 2820 2973 eorum
2851 2932 2958 2972 non
2991 2919 3306 2976 minoravit.
3469 2981 3475 2988 ,
3673 2975 3680 2980 .

2183 3004 2228 3060 Η
2263 3005 2559 3060 Benedixit
2589 3005 2750 3061 enim
2779 3005 2933 3061 Deus
2957 3003 3102 3075 illis,
3135 3005 3236 3079 qui
3270 3024 3332 3064 se
3363 3024 3396 3063 a
3427 3007 3622 3080 pravis
3667 3023 3760 3064 co-

2110 3093 2494 3166 gitationibus
2523 3094 2885 3150 custodiunt.
2919 3094 2960 3148 C
2988 3095 3056 3150 Et
3084 3093 3453 3169 multiplicati
3486 3091 3644 3154 sunt
3671 3096 3760 3152 ni-

2112 3183 2245 3250 mis,
2280 3182 2634 3238 fecunditate
2667 3183 3312 3250 meritorumJumenta
3341 3185 3638 3258 simplices
3655 3183 3762 3251 ho-

333 3274 533 3334 sancti
564 3274 869 3348 plenitudo
886 3273 1044 3330 venit
1073 3273 1144 3328 ad
1168 3273 1448 3345 pepulum
1469 3273 1999 3333 Cbristianum.llla
2034 3337 2070 3348 Α
2109 3271 2298 3326 mines
2330 3271 2613 3328 debemus
2643 3272 2924 3344 accipere,
2959 3273 3093 3330 fidei
3126 3273 3412 3346 probitate
3453 3273 3759 3348 pollentes,

336 3337 639 3438 siquidem
672 3365 939 3430 flumina,
968 3364 1022 3419 id
1057 3368 1146 3419 est
1169 3337 1469 3436 prophetae
1491 3364 1576 3420 vel
1601 3365 1994 3436 apostoli,non
2028 3337 2070 3404 (ἶ
2112 3377 2225 3415 non
2259 3359 2698 3416 dissertitudine
2727 3337 3145 3432 gloriosos,sed
3169 3361 3435 3418 meliores
3452 3337 3569 3418 vita
3585 3337 3763 3436 quam

341 3453 722 3510 credentibus
739 3453 1063 3521 Judaais,ad
1085 3455 1314 3510 deserta
1337 3453 1998 3525 gentiumtransierunt,

337 3547 403 3600 .et
431 3543 588 3600 velut
615 3543 748 3600 fons
779 3543 1038 3615 irriguus
1054 3542 1449 3610 derivatus,ad
1473 3547 1674 3615 gentes
1697 3545 1890 3600 omnis
1912 3545 1998 3601 di-

347 3633 518 3690 vinus
549 3649 744 3690 sermo
773 3637 862 3688 est
883 3631 1300 3688 translatus.Et
1324 3631 1514 3688 exitus
1533 3650 1823 3705 aquarum
1847 3633 1905 3689 in
1927 3633 2000 3692 si-

343 3721 476 3800 tim,
509 3722 566 3777 id
613 3726 704 3778 est
734 3723 792 3778 in
818 3726 1042 3794 gentes,
1076 3727 1141 3777 ut
1169 3739 1298 3793 qua:
1321 3721 1484 3793 prius
1515 3722 1748 3778 fuerant
1771 3723 1998 3780 siccata)

346 3810 614 3867 ariditate
637 3810 1148 3884 peccati,cuzlestes
1171 3828 1355 3882 aquas
1382 3809 1646 3866 sitienter
1675 3811 1995 3871 haurirent.

343 3898 391 3954 H
422 3899 630 3956 Merito
661 3899 913 3957 exaltent
935 3898 1252 3956 etlaudent
1287 3899 1494 3967 Deum,
1519 3899 1620 3972 qui
1651 3899 1710 3956 in
1743 3901 2000 3960 Ecclesia

343 4005 470 4060 quae
487 3989 654 4062 prius
673 3990 863 4046 fuerat
883 3990 1182 4046 desertum
1201 3993 1257 4044 et
1281 3989 1412 4046 odio
1430 3988 1631 4046 habita
1647 3991 1844 4064 posuit
1864 4009 1998 4064 apo-

338 4077 648 4152 stolos,qui
671 4097 800 4136 eam
824 4084 880 4135 ct
901 4073 1347 4135 consolarentur
1368 4077 1647 4150 alloquio,
1669 4084 1725 4136 et
1752 4081 1995 4138 verbum

336 4167 738 4226 fecundarcnt.
773 4168 945 4225 Dedit
972 4172 1030 4224 et
1075 4166 1135 4222 in
1183 4167 1412 4222 animas
1455 4166 1722 4224 sitientes
1782 4168 1996 4227 alluvio

335 4257 524 4313 exitus
583 4257 1085 4330 praedicationum,
1146 4262 1203 4312 et
1259 4262 1475 4313 terram
1535 4256 1819 4330 corporis,
1867 4276 1995 4332 quae

335 4344 500 4418 prius
533 4345 775 4419 protulit
806 4346 1009 4420 spinas
1039 4345 1786 4416 amaritudinis,fructibus
1811 4348 1994 4421 reple-

333 4434 418 4491 vit
447 4436 698 4493 aeternis.

335 4525 405 4580 34
481 4527 699 4583 Terram
729 4528 1077 4600 fructi/eram
1109 4528 1170 4581 in
1207 4525 1540 4593 salsuginem
1576 4541 1588 4579 :

477 4617 515 4671 A
548 4616 774 4672 malitia
804 4615 1239 4672 inhabitantium
1269 4614 1329 4666 in
1357 4630 1441 4668 ea.

2111 3447 2332 3522 lingua,
2371 3447 2695 3521 plurimum
2725 3449 3008 3521 valentes,
3038 3468 3152 3507 non
3178 3449 3404 3524 lingua,
3435 3452 3534 3510 sed
3568 3451 3762 3530 corde;

2109 3537 2170 3593 bi
2199 3555 2314 3594 non
2345 3543 2487 3594 sunt
2521 3539 2817 3605 minorati,
2840 3540 2940 3596 sed
2977 3539 3036 3597 in
3071 3539 3279 3598 melius
3309 3531 3592 3616 reparati,
3618 3558 3764 3616 quo-

2110 3626 2268 3683 niam
2299 3643 2576 3701 magnam
2605 3626 2705 3683 Dei
2734 3628 2986 3702 gratiam
3018 3631 3158 3686 sunt
3186 3629 3569 3686 consecuti.H
3590 3628 3769 3698 Bene-

2110 3717 2254 3772 dixit
2285 3715 2736 3790 apostolis,quia
2764 3734 2891 3790 quas
2923 3721 3092 3774 erant
3115 3717 3328 3792 placita
3373 3719 3424 3774 ei
3471 3715 3766 3776 faciebant

2111 3822 2362 3879 semper,
2408 3806 2560 3864 sicut
2607 3809 2663 3863 et
2693 3806 2752 3862 in
2785 3823 2964 3863 manu
2991 3807 3206 3880 Josepb
3241 3806 3536 3864 benedixit
3561 3807 3766 3865 omnia

2110 3895 2284 3951 Deus.

2107 3986 2177 4040 39
2250 3987 2316 4040 Et
2343 3987 2510 4058 pauci
2535 3986 2673 4056 facti
2700 3995 2830 4042 sunt
2865 4003 2878 4042 :
3151 4039 3156 4044 .
3311 4051 3316 4060 η
3534 4047 3540 4058 ,

2252 4079 2318 4130 Et
2348 4077 2528 4134 vexati
2553 4079 2681 4130 sunt
2711 4094 2746 4131 a
2776 4077 3134 4132 tribulatione
3163 4077 3433 4134 malorum
3465 4085 3516 4132 et
3555 4075 3760 4134 dolore.

2177 4167 2217 4220 C
2251 4165 2310 4219 In
2342 4165 2434 4221 his
2467 4165 2698 4220 duobus
2730 4165 3036 4222 versiculis
3058 4166 3339 4222 describit
3365 4165 3496 4224 illos
3515 4165 3764 4240 qui,hze-

2107 4254 2286 4309 rctica
2316 4254 2598 4326 pravitate
2629 4254 2876 4328 decepti,
2910 4253 3228 4312 Ecclesiam
3262 4253 3360 4310 Dei
3397 4247 3761 4328 relinquunt.

2108 4342 2208 4398 lsti
2240 4358 2377 4415 ergo
2409 4344 2577 4416 pauci
2611 4344 3045 4418 sunt,quamvis
3077 4343 3248 4399 multi
3281 4342 3390 4400 sibi
3423 4341 3760 4413 videantur;

2107 4447 2242 4486 nam
2276 4432 2347 4486 ad
2381 4430 2543 4486 illam
2593 4432 2984 4489 universalem
3041 4431 3361 4506 Ecclesium
3412 4425 3762 4508 comparati,

2105 4520 2465 4578 omnimodis
2492 4521 2820 4594 probantur
2866 4522 3085 4596 exigui.
3111 4520 3336 4590 vexati,
3379 4519 3614 4594 quando
3661 4537 3763 4577 eos

2104 4608 2408 4664 diabolica:
2438 4608 2666 4665 insidiae
2699 4610 3094 4682 perculerunt,
3119 4609 3226 4668 bos
3247 4610 3412 4668 dolor
3437 4611 3496 4666 et
3523 4605 3765 4684 tribula-

407 4704 449 4760 C
479 4705 658 4762 Terra
687 4705 844 4761 enim
872 4702 1173 4760 fructifera
1200 4699 1389 4754 Judea
1417 4703 1561 4768 erat,
1605 4702 1840 4772 quando
1888 4720 1992 4760 su-
2023 4714 2071 4780 Ι)
2101 4696 2180 4754 tio
2202 4698 2893 4775 subsequitur,quoniam
2908 4704 3202 4793 auctorem
3219 4695 3430 4774 salutis
3452 4693 3764 4793 reliquisse

336 4811 519 4868 perna
547 4793 828 4866 religione
859 4791 1121 4854 ﬂorebat,
1155 4787 1254 4843 sed
1305 4788 1457 4844 facta
1509 4794 1600 4848 est
1646 4790 1825 4860 salsa,
1860 4809 1994 4850 cum
2105 4792 2450 4844 noscuntur.
2488 4787 2532 4843 H
2572 4793 2645 4844 De
2673 4788 2896 4846 Judaeis
2925 4786 3188 4864 exponit,
3208 4805 3357 4863 quos
3378 4786 3515 4855 dicit
3539 4803 3760 4860 paucos

335 4883 436 4939 Dei
470 4885 757 4956 praecepta
777 4876 1380 4950 contempsit.Humor
1400 4877 1554 4933 enim
1579 4877 1772 4936 salsus
1799 4879 1994 4938 fructi-

330 4973 449 5028 bus
478 4972 762 5044 probatur
791 4965 1240 5040 adversus,quia
1261 4966 1620 5040 ubicumque
1652 4969 1992 5028 dominatus

334 5061 530 5130 fuerit,
559 5073 798 5131 germen
855 5056 1230 5113 fecunditatis
1283 5055 1598 5132 intercipit.
1658 5059 1821 5124 Quod
1873 5059 1991 5118 illis

335 5148 583 5220 contigit
613 5150 850 5218 propter
881 5145 1168 5203 malitiam
1199 5161 1424 5218 eorum,
1459 5147 1559 5220 qui
1589 5148 1683 5204 Dei
1717 5149 1988 5206 taberna-

335 5235 536 5290 culum
572 5231 836 5288 subdolis
866 5233 1165 5291 mentibus
1193 5234 1458 5290 habitare
1489 5235 1856 5293 videbantur.

334 5323 407 5376 35
481 5323 671 5377 Posuit
701 5320 972 5378 desertum
1003 5326 1061 5378 in
1090 5333 1287 5394 stagna
1313 5341 1585 5395 aquarum
1618 5341 1631 5380 :

480 5411 548 5464 Et
577 5418 780 5466 terram
807 5414 929 5468 sine
957 5429 1101 5484 aqua
1130 5416 1189 5468 in
1215 5415 1406 5468 esritus
1433 5429 1726 5485 aquarum.

369 5559 378 5566 ,
405 5498 448 5552 C
481 5498 595 5554 Iste
624 5516 829 5556 versus
858 5501 1109 5573 pertinet
1140 5503 1213 5558 ad
1246 5501 1529 5574 populum
1551 5502 1986 5574 Christianum;

336 5601 590 5660 quorum
622 5588 869 5646 siccitati
903 5590 1037 5646 data
1067 5595 1156 5647 est
1185 5591 1346 5646 unda
1376 5590 1654 5648 salutaris
1685 5594 1834 5650 sacri
1886 5593 1986 5650 ba-

336 5673 654 5744 ptismatis.
685 5679 924 5751 Stagna,
955 5679 1112 5736 enim
1145 5696 1250 5751 pro
1300 5679 1560 5734 fontibus
1591 5679 1986 5738 Ecclesiarum

336 5763 588 5828 arbitror
600 5768 812 5846 posita;
837 5772 1046 5847 stagna
1064 5766 1357 5844 siquidem
1379 5783 1414 5824 a
1433 5767 1622 5828 stando
1643 5768 1801 5826 dicta
1822 5773 1985 5831 sunt.

2102 4876 2306 4946 factos,
2321 4892 2387 4931 eo
2411 4877 2568 4948 quod
2603 4877 2840 4951 in‘ipsis
2871 4895 2987 4934 non
3021 4879 3142 4934 sint
3173 4877 3446 4951 deinceps
3467 4875 3762 4952 cperaDei

2101 4963 2514 5036 multiplicata,
2529 4971 2587 5022 et
2607 4967 2794 5022 vexati
2822 4985 2856 5023 a
2877 4967 3255 5024 tribulatione
3289 4959 3598 5022 malorum'
3617 4966 3761 5038 quia

2099 5053 2396 5111 insontem
2427 5055 2612 5128 iniqui
2645 5061 2786 5113 sunt
2806 5057 3116 5131 persecuti,
3132 5075 3310 5131 super
3331 5071 3582 5130 quorum
3602 5053 3761 5128 prin-

2101 5141 2259 5218 cipes
2291 5144 2477 5202 effusa
2507 5149 2598 5201 est
2628 5147 2986 5219 contemptio
3013 5165 3025 5202 :
3050 5151 3115 5202 ut
3146 5145 3246 5220 qui
3279 5145 3593 5202 Dominum
3625 5159 3762 5198 con-

2100 5239 2466 5308 tempserant
2495 5235 2608 5308 ipsi
2641 5239 3179 5306 contemnerentur,
3201 5241 3258 5292 et
3279 5251 3470 5294 errare
3496 5233 3630 5289 fecit
3656 5248 3758 5288 eos

2101 5323 2160 5379 in
2187 5323 2342 5379 invio
2373 5323 2626 5380 Satane.

2102 5413 2172 5468 40
2241 5410 2432 5487 Effusa
2461 5417 2539 5469 est
2567 5417 2893 5488 contemptio
2921 5433 3086 5488 super
3109 5418 3391 5490 principes
3409 5431 3437 5496 ἐ

2241 5503 2307 5558 Et
2330 5518 2518 5558 errare
2543 5505 2674 5574 fecit
2699 5520 2786 5560 eos
2815 5507 2875 5560 in
2908 5507 3059 5561 invio
3087 5513 3139 5565 et
3153 5522 3284 5578 non
3305 5507 3370 5564 in
3392 5506 3498 5562 via.
3545 5547 3598 5579 τ,

2169 5591 2211 5647 C
2241 5590 2344 5648 Hic
2374 5591 2628 5650 breviter
2655 5591 3064 5651 haereticorum
3097 5595 3427 5655 sacerdotes
3465 5585 3757 5664 deéignati

2097 5685 2256 5752 sunt,
2292 5697 2470 5754 super
2500 5698 2648 5754 quos
2677 5685 3048 5758 contemptio
3076 5685 3264 5756 effusa
3309 5688 3418 5770 est,
3452 5679 3592 5770 quia.
3620 5695 3754 5770 non

2097 5768 2343 5828 salutari
2372 5771 2660 5844 doctrina,
2675 5772 2779 5831 sed
2809 5775 3041 5833 tantum
3072 5773 3375 5833 mortifera
3402 5764 3755 5845 loquacitate
