5516 6532
102 524 242 589 ’ὥ97

120 1008 358 1084 genis'et
386 1004 723 1078 Hieronymi
751 1009 809 1061 et
836 1007 1148 1079 Augustini
1172 1006 1365 1064 littera
1384 1008 1599 1065 habent
1619 1025 1754 1064 con-

123 1095 367 1169 temptio,
395 1099 453 1149 et
484 1094 566 1149 ita
595 1093 904 1167 exponitur
932 1094 1004 1151 ab
1028 1096 1136 1163 eis,
1164 1096 1203 1150 ll
1229 1099 1293 1151 ut
1322 1096 1419 1167 qui
1439 1097 1751 1153 Dominum

108 1186 580 1255 rontempserant
606 1181 721 1254 ipsi
738 1186 1316 1241 contemnerentur.A
1336 1184 1437 1240 Vel
1461 1185 1751 1257 principes

110 1292 236 1333 esse
263 1271 592 1338 voluerunt,
626 1271 945 1343 contempti
978 1276 1117 1328 sunt
1149 1277 1206 1327 et
1251 1273 1323 1328 ab
1356 1272 1608 1330 Ecclesia
1655 1292 1748 1331 re-

110 1360 352 1437 probati,
382 1363 459 1415 ut-
478 1358 566 1414 sal
595 1358 943 1415 infamatum
958 1404 970 1417 .

117 1455 173 1508 41
246 1455 311 1507 Et
337 1449 530 1520 adjuvi
556 1463 847 1519 pauperem
868 1448 943 1504 de
971 1450 1157 1521 inopia.
1189 1468 1208 1505 ,-

250 1544 311 1595 Εἰ
335 1538 517 1610 posuit
542 1538 685 1591 sicut
712 1551 833 1601 oves
861 1538 1127 1607 familias.

177 1630 215 1685 C
246 1626 408 1684 Redit
455 1624 531 1680 ad
580 1623 834 1681 humiles
884 1624 1223 1681 catholicos.
1254 1627 1488 1697 Adjuvit
1531 1645 1742 1700 paupe-

112 1735 245 1781 rem,
274 1716 319 1771 ΙΙ
350 1716 405 1769 id
436 1718 547 1780 est,
565 1713 844 1785 populum
877 1712 1270 1770 Christianum
1303 1716 1553 1787 dapibus
1574 1718 1744 1773 satia-

108 1809 182 1863 vit
211 1803 455 1863 aeternis.
488 1802 558 1857 Et
579 1803 774 1874 posuit
790 1801 945 1856 sicut
976 1819 1111 1858 oves
1142 1803 1487 1870 familias,ut
1507 1805 1741 1861 audien-

106 1902 184 1951 tes
210 1908 401 1953 vocem
418 1891 543 1947 veri
567 1890 823 1963 pastoris
842 1891 955 1946 ﬁde
976 1895 1319 1962 sequantur.
1334 1892 1376 1946 Ο
1405 1897 1518 1948 Iste
1544 1898 1738 1948 autem

98 1996 309 2057 pauper
338 1984 446 2050 est,
479 1979 606 2051 qui,
628 1977 956 2035 mundanis
988 1978 1277 2036 illecebris
1318 1979 1627 2048 derelictis,
1661 1982 1731 2038 ad

97 2070 339 2128 ccclestis
373 2065 789 2124 misericordiae
809 2068 1083 2138 januam,
1109 2066 1325 2138 pulsat,
1359 2072 1425 2123 ut
1472 2068 1532 2123 in
1575 2068 1734 2125 illam

97 2160 189 2215 Dei
242 2156 531 2214 familiam
588 2159 881 2211 mereatur
929 2154 1180 2224 admitti,
1214 2170 1362 2227 quae,
1396 2156 1548 2213 sicut
1602 2174 1734 2213 oves

92 2248 354 2314 innoxiae,
388 2243 790 2315 simplicitatis
819 2242 1038 2298 honore
1068 2243 1395 2310 decoratur,
1501 2249 1507 2258 '

100 2340 161 2394 42
235 2335 496 2393 Videbunt
524 2333 665 2388 recti
689 2339 739 2388 et
769 2331 1108 2388 laetabuntur
1137 2351 1153 2386 :

229 2427 291 2480 Et
320 2425 500 2481 omnis
532 2422 800 2492 iniquitas
827 2421 1114 2492 oppillabit
1144 2436 1200 2476 os
1226 2438 1404 2479 suum.

126 2546 131 2555 -
164 2516 204 2571 Η
238 2514 534 2569 Videbunt
565 2509 726 2579 recti,
749 2525 1000 2581 quornm
1032 2509 1293 2572 suntisti
1327 2512 1731 2582 praedicatione

98 2602 370 2659 conversi.
405 2601 475 2655 Et
503 2597 702 2654 omnis
730 2596 1028 2669 iniquitas,
1062 2598 1119 2652 id
1163 2602 1269 2665 est,
1302 2599 1568 2655 diabolus
1614 2602 1731 2657 sive

98 2690 272 2747 Judaei
303 2695 359 2745 et
388 2687 648 2744 haeretici
681 2690 1168 2754 commutescunt,
1199 2687 1239 2742 Ο
1270 2687 1505 2758 quando
1533 2687 1731 2745 electis

96 2779 315 2835 Domini
347 2794 464 2833 non
496 2776 611 2832 erit
640 2775 794 2848 quod
821 2774 1006 2847 possit
1033 2775 1267 2847 opponi.

94 2871 157 2924 43
230 2868 359 2937 Quis
385 2866 615 2938 sapiens
644 2872 694 2919 et
723 2862 983 2919 custodiet
1013 2862 1166 2919 hanc?

221 2958 285 3012 Et
314 2954 593 3024 intelliget
619 2951 1021 3007 misericordias
1050 2953 1290 3006 Domini.

154 3046 194 3101 C
219 3046 358 3112 Quis
389 3041 669 3115 sapiens?
698 3057 763 3096 ac
795 3041 842 3096 si
875 3040 1089 3096 diceret
1114 3056 1134 3117 ,ε
1170 3041 1276 3105 Qui
1319 3057 1448 3096 vere
1496 3043 1729 3114 sapiens

81 3140 169 3191 est
188 3134 445 3191 custodit
468 3132 588 3190 ista
610 3147 739 3203 quae
761 3129 917 3185 dicta
937 3124 1187 3198 sunt,'ut
1208 3129 1419 3184 Christi
1449 3147 1509 3186 se
1540 3131 1728 3202 magis

86 3224 216 3279 velit
244 3239 372 3279 esse
393 3236 716 3295 pauperem
748 3235 926 3291 quam
958 3218 1359 3273 haereticorum
1381 3218 1724 3290 principem.

88 3313 128 3368 ll
152 3314 209 3368 Si
241 3312 397 3369 enim
421 3310 736 3383 sapienter
765 3306 1118 3371 consideres,
1151 3312 1207 3361 et
1255 3307 1593 3377 spiritaliter
1639 3308 1728 3362 in-

1331 522 1746 589 EXPOSITIO
1776 521 2295 591 'PSALMORUM‘.

110 653 496 713 .contendunt.
528 650 590 706 lli
624 668 726 723 per
753 651 940 707 invios
970 652 1250 708 labuntur
1268 670 1518 725 errores;
1545 656 1758 728 quippe
1787 658 1841 723 Α
1875 657 1897 709 1

130 746 223 818 qui
251 742 394 798 viam
428 739 641 796 salutis
671 740 973 806 deserunt,
1001 745 1059 796 et
1082 743 1361 807 tortuosis
1401 744 1628 800 semitis
1657 744 1759 799 im-

129 832 505 895 morantur,et
534 828 616 883 ita
645 826 842 883 littera
869 828 1195 885 Cassiodori
1247 829 1425 887 habet
1465 833 1756 888 contentio

125 927 175 979 et
204 922 326 991 ejus
356 917 663 988 expositio.
693 917 1040 983 Sedomnes
1068 917 1498 987 translationes,
1530 925 1589 975 et
1630 920 1756 976 Ori-

3370 535 3507 600 £38

2013 657 2275 712 Paratum
2353 674 2444 713 cor
2522 676 2723 727 meum,
2790 662 2932 718 Deus
2996 668 3051 728 *ᾇ
3100 672 3351 735 paratum
3413 683 3505 725 cor

2078 762 2261 801 meum
2290 765 2309 801 .'

2009 832 2243 890 Canmbo
2280 844 2332 891 et
2355 838 2592 907 psallam
2615 840 2675 894 in
2704 839 2887 907 gloria
2910 848 3035 899 mea

1935 920 1976 975 C
2007 926 2249 978 Paratus
2297 925 2454 980 enim
2511 926 2777 987 Christus
2824 938 3063 1000 semper
3089 932 3315 991 orabat}
3343 932 3504 1004 talia,

1850 1007 1963 1079 ,qui
1997 1005 2068 1064 ad
2087 1011 2377 1082 praeconia
2398 1012 2586 1071 Patris
2608 1014 3507 1092 perﬁciendaohltmulum-pec-

1862 1097 1971 1151 cati
2006 1114 2119 1153 non
2166 1098 2435 1155 habebat.
2460 1102 2797 1174 Sequitur:
2829 1104 3183 1165 Cantaboiet.
3200 1108 3500 1179 psalmum

1859 1183 2068 1240 dicam.
2102 1185 2421 1243 Meritoillc
2452 1189 2521 1244 de
2545 1205 2606 1244 se
2638 1189 2778 1247 talia
2814 1190 3267 1264 dicebat,.fcujus
3293 1212 3502 1259 :sermo

1846 1275 1915 1339 ._et
1947 1277 2115 1330 actus
2160 1274 2372 1330 divinis
2423 1276 2642 1349 regulis
2689 1281 3497 1354 consonabant-imminutam

1852 1360 2170 1432 geminatio
2200 1363 2612 1421 conﬁdentiam
2642 1367 3498 1438 promissionispataadiudum

1852 1448 2136 1518 bisdicit,
2169 1456 2438 1521 paratum
2470 1469 2569 1507 cor
2606 1470 2825 1511 meum:
2854 1457 2900 1511 -Η
2934 1456 3190 1523 Paratas
3204 1474 3339 1523 sum
3380 1475 3495 1524 non

1853 1537 2043 1592 solum
2068 1541 2367 1609 opere,sed
2398 1541 2579 1595 etinm
2603 1543 2773 1597 corde
2793 1548 2851 1598 et
2871 1560 3069 1611 sensu,
3088 1547 3334 1613 cantabo
3354 1562 3491 1619 ergo

1850 1625 1908 1679 in
1942 1625 2112 1680 corde
2142 1630 2199 1681 et
2230 1626 2475 1698 psallam
2520 1628 2580 1683 in
2626 1646 2818 1701 Opere.
2863 1632 2917 1685 Si
2962 1632 3346 1711 in,psal._terio
3379 1652 3496 1711 una

1849 1712 2067 1767 chorda
2095 1718 2267 1786 rupta
2296 1716 2490 1781 fuerit,
2510 1698 2932 1775 exterminatur
2961 1698 3335 1801 psalterium;
3358 1726 3414 1777 et
3443 1698 3496 1777 si

1847 1802 1906 1856 in
1940 1802 2412 1858 actibusnostris
2461 1822 2646 1869 unum
2692 1798 3491 1887 prae-ceptum-fpretorg'ressi

1848 1890 2152 1958 fuerimus,
2188 1890 2531 1962 psalterium
2562 1899 2830 1951 nostrum
2860 1890 3177 1969 rumpitur.

1916 1978 2166 2034 Psallam
2188 1978 2437 2051 igiturin
2461 1980 2649 2052 gloria
2670 1974 2981 2057 mea,quod
2998 1986 3158 2047 enim
3182 1986 3493 2061 tibi,Dcus,

1846 2066 2031 2139 psalle
2057 2066 2143 2122 vel
2170 2072 2363 2134 canto,
2396 2086 2517 2125 non.
2542 2069 2647 2126 tibi
2696 2062 3285 2152 gratiam,,sed,mihi
3319 2075 3492 2152 facit),

1845 2154 2121 2227 quoniam
2148 2156 2439 2221 bonorum,
2458 2175 2720 2223 meorum
2745 2176 3020 2234 noneges
3045 2144 3218 2239 (Psal.
3240 2146 3354 2235 xv);
3379 2144 3492 2236 Igi-F

1843 2249 1940 2299 tur
1970 2244 2123 2315 quod
2172 2244 2275 2298 tibi
2327 2244 2531 2313 servio,
2565 2246 2751 2318 gloria
2800 2263 2931 2305 mea
2968 2253 3067 2307 est
3090 2250 3187 2319 ;‘si
3218 2251 3374 2317 enim
3399 2252 3488 2309 vel

1834 2333 2058 2403 jejuno,
2091 2331 2178 2387 vel
2209 2332 2267 2387 in
2300 2349 2465 2388 sacco
2488 2335 2654 2404 jaceo
2685 2348 2795 2407 pro
2834 2337 3087 2407 peccatis
3128 2322 3308 2409 meis,
3337 2340 3487 2401 facto

1842 2423 1950 2476 hoc
1966 2425 2194 2475 tantum
2221 2421 2321 2475 tibi
2344 2424 2737 2494 praesto,quod
2767 2424 3025 2481 animam
3056 2409 3486 2499 meam'salvam

1840 2509 2007 2565 facio.
2042 2514 2117 2564 De
2146 2526 2279 2580 quo,
2313 2515 2376 2564 ut
2424 2511 2614 2566 bonus
2666 2512 2948 2578 medicus,
2981 2515 3222 2593 gaudes,
3258 2518 3477 2590 gaudes

1839 2599 1910 2654 de
1941 2598 2240 2653 sanatione
2272 2615 2419 2664 mea,
2453 2603 2508 2653 et
2536 2614 2639 2671 ego
2672 2601 2895 2672 gaudeo
2931 2601 3001 2657 de
3043 2600 3291 2663 utilitate
3323 2621 3473 2663 mea.

1836 2690 1872 2741 2
1978 2688 2246 2756 Exsurge,
2275 2686 2597 2759 psalterium
2631 2697 2681 2743 et
2710 2689 2921 2746 cithara
2956 2706 2968 2745 :

1981 2778 2288 2844 Exsurgam
2315 2775 2576 2831 diluculo.

1907 2868 1947 2919 Ο
1973 2864 2250 2935 Exsurge,
2279 2863 2464 2936 gloria
2491 2881 2643 2932 mea,
2666 2882 2790 2938 quae
2822 2883 2924 2939 per
2952 2866 3294 2941 psalterium
3327 2870 3478 2927 indi-

1837 2957 2002 3007 catur
2028 2955 2085 3007 et
2114 2950 2417 3007 citharam.
2445 2951 2789 3009 Psalterium
2836 2956 2908 3011 ad
2959 2972 3203 3030 morum
3229 2958 3480 3030 pertinet

1838 3040 2213 3112 probitatem;
2256 3040 2478 3095 cithara
2524 3041 2597 3096 ad
2641 3042 3015 3100 atﬂictionem
3064 3028 3480 3120 corporis,,per

1836 3129 1955 3184 haec
1979 3128 2291 3184 ostendens
2316 3132 2372 3183 et
2388 3131 2552 3184 actus
2573 3128 2896 3186 laudabiles
2917 3136 2973 3187 et
2990 3132 3479 3206 gloriosissimam

1836 3216 2186 3289 passionem.
2200 3217 2351 3271 Exsu
2362 3232 2522 3288 rgam
2548 3216 2943 3284 diluculo,hoc
2959 3221 3035 3275 de
3051 3223 3475 3301 resurrectione

1836 3305 2045 3360 Christi
2079 3309 2265 3376 potest
2294 3304 2546 3377 intelligi
2568 3310 2625 3361 et
2649 3305 2719 3361 de
2749 3307 3035 3363 membris
3057 3294 3476 3385 ejuset'quoli-

89 3400 324 3474 telligas,
341 3376 571 3456 videbis
588 3397 652 3453 in
682 3397 790 3452 hoc
822 3395 1046 3466 psalmo
1068 3376 1495 3451 misericordias
1518 3396 1727 3466 petitas
1757 3376 1801 3444 Π
1833 3395 1929 3449 bet
1959 3392 2257 3456 ﬁdeli.Qui
2275 3393 2332 3447 in
2355 3376 2608 3449 Ecclesia
2631 3394 2858 3449 Domini
2879 3376 3224 3453 laudaturus
3246 3376 3473 3455 assistit

84 3494 138 3543 et
165 3489 484 3544 clementer
516 3484 859 3549 indultas.C.
877 3483 977 3539 Vel
1004 3482 1225 3538 videbis
1254 3483 1314 3537 in
1346 3483 1486 3538 caelo
1512 3485 1730 3539 miseri-

86 3577 396 3644 cordias,et
426 3573 726 3646 intelliges
756 3571 1072 3628 clementer
1101 3570 1442 3637 indultas,id
1463 3573 1727 3638 est,acci-

70 3666 199 3736 .pies
231 3662 677 3723 misericordias
726 3661 782 3716 in
832 3660 1090 3732 prmr‘nio,
1125 3677 1248 3730 quae
1298 3659 1457 3715 nullo
1482 3664 1730 3731 possunt

68 3757 332 3826 tempore
363 3750 698 3810 terminari.
729 3751 778 3805 A
822 3748 926 3804 Vel
970 3747 1254 3821 intelliget
1300 3748 1728 3806 misericordias

71 3841 323 3912 Domini,
345 3860 468 3901 non
501 3840 718 3897 merita
741 3856 868 3906 sua,
889 3854 1001 3892 non
1032 3837 1184 3892 vires
1214 3854 1372 3903 suas,
1390 3853 1504 3892 non
1528 3841 1727 3909 poten-

79 3930 234 3997 tiam,
266 3932 370 3989 sed
406 3936 606 3987 totum
640 3928 773 3997 sibi,
806 3925 1092 3999 quidquid
1126 3925 1262 3980 boni
1294 3925 1487 3989 habet,
1502 3925 1727 3982 miseri-

77 4020 267 4075 cordia
288 4019 542 4076 Domini
589 4017 889 4090 largitum,
922 4020 980 4071 et
1008 4018 1210 4087 gentes
1236 4030 1303 4069 ex
1334 4013 1732 4069 misericordia

78 4107 141 4161 ad
173 4108 350 4163 ﬁdem
381 4107 644 4171 venisse,
678 4109 735 4160 et
763 4120 967 4161 omnes
1017 4102 1267 4158 salvatos
1318 4106 1375 4158 et
1422 4102 1731 4159 salvandos

74 4193 193 4250 sola
222 4194 645 4255 misericordia
672 4209 801 4248 esse
832 4193 1052 4256 beatos,
1086 4193 1320 4263 propter
1368 4192 1520 4262 quod
1560 4191 1730 4247 toties

71 4282 534 4352 jussit'Domino
567 4280 1002 4339 misericordias
1034 4280 1161 4350 ejus
1191 4279 1471 4335 conﬁteri.

572 4387 778 4428 ORATIO
816 4386 887 4424 EX
925 4385 1088 4425 PSAL.
1137 4385 1244 4423 CVI.

143 4461 531 4530 Conﬁtemnr,
552 4460 821 4525 Domine,
851 4457 1281 4513 misericordias
1314 4459 1730 4530 tuas,qnasjn-

74 4546 218 4620 giter
245 4549 403 4607 circa
454 4553 700 4605 nostras
732 4558 975 4604 ‘exerces
1024 4545 1273 4617 inopias,
1303 4550 1604 4617 precantes
1644 4549 1728 4613 ut,

74 4639 191 4707 qui,
214 4639 511 4696 exaltatus
544 4639 611 4694 in
636 4635 945 4704 Ecclesiis,
970 4636 1193 4691 resides
1221 4635 1293 4689 ad
1324 4636 1617 4690 dexteram
1634 4635 1734 4690 Pa-

1834 3482 2109 3553 operibus
2141 3480 2284 3553 piis;
2311 3497 2467 3549 nam,
2502 3480 2649 3537 licet'
2689 3483 2976 3555 profunda
3029 3489 3198 3555 nocte
3254 3483 3473 3556 laudet,

1835 3568 2090 3625 diluculo
2122 3568 2388 3640 praeconii
2422 3570 2520 3625 Dei
2549 3570 2881 3626 irradiatur.

1836 3659 1869 3711 3
1979 3658 2275 3727 Confitebor
2302 3659 2404 3713 tibi
2432 3660 2494 3713 in
2518 3660 2758 3731 populis,
2789 3661 3016 3717 Domine
3046 3678 3067 3717 :

1976 3751 2043 3804 Et
2073 3747 2310 3817 psallam
2338 3748 2440 3802 tibi
2470 3749 2529 3802 in
2556 3749 2893 3805 nationibus.

1906 3836 1947 3891 C
1977 3834 2249 3891 Conﬁteri
2296 3850 2357 3891 se
2407 3835 2546 3890 dicit
2596 3836 2656 3892 in
2717 3835 2952 3909 populo
2988 3838 3346 3911 Judaaorum,
3374 3839 3477 3896 ubi

1836 3925 2071 3998 propria
2098 3939 2235 3979 voce
2262 3923 2491 3979 locutus
2520 3928 2635 3994 est;
2669 3925 2915 3997 psallere
2955 3928 3151 3983 autem
3184 3926 3265 3983 in=
3290 3912 3477 4002 genti-

1836 4012 1968 4079 bus,
2000 4013 2073 4067 ad
2103 4028 2250 4084 quas
2281 4012 2483 4068 directi
2513 4013 2757 4084 apostoli
2788 4004 3018 4091 Domini
3048 4012 3333 4088 praecepta
3354 4016 3469 4073 im-

1836 4101 2160 4173 pleverunt,
2191 4104 2247 4155 et
2274 4100 2403 4156 ideo
2453 4100 2593 4155 dicit
2632 4117 2693 4156 se
2722 4101 2993 4157 videlicet
3042 4101 3293 4174 psallere
3321 4104 3476 4175 quod

1838 4206 1941 4262 per
1968 4188 2269 4244 ministros
2300 4205 2439 4244 suos
2468 4188 2839 4260 cognoscitur
2865 4186 3156 4246 effecisse.
3190 4190 3239 4246 H
3282 4189 3476 4267 Conli-

1836 4279 2001 4334 tebor
2032 4276 2137 4331 tibi
2161 4275 2219 4331 in
2252 4275 2507 4348 pepulis,
2532 4277 2596 4331 id
2628 4280 2716 4332 est
2744 4276 2983 4345 Judaeis,
3012 4277 3111 4349 qui
3141 4279 3331 4350 primo
3360 4292 3478 4337 cre~

1838 4365 2133 4431 diderunt,
2164 4363 2374 4420 deinde
2404 4364 2578 4420 etiam
2610 4364 2669 4419 in
2702 4364 3036 4421 nationibus
3065 4366 3349 4439 gentium.

1840 4455 1873 4508 4
1981 4452 2259 4524 Quoniam
2285 4469 2486 4524 magna
2515 4468 2679 4524 super
2694 4453 2859 4509 caelos
2888 4452 3391 4513 misericordia-tua
3419 4471 3442 4515 :

1980 4543 2043 4597 Et
2069 4556 2238 4613 usque
2266 4541 2336 4596 ad
2362 4542 2531 4598 nubes
2556 4542 2756 4597 veritas
2782 4549 2899 4598 tua.

1909 4630 1950 4686 C
1984 4630 2355 4703 Magnificata
2381 4633 2470 4686 est
2500 4629 2899 4686 misericordia
2927 4647 3131 4703 usque
3158 4632 3239 4687 ad
3276 4631 3474 4701 ambs,

74 4725 173 4782 tris
202 4726 259 4783 in
291 4728 537 4795 throno,
574 4725 745 4782 nobis
774 4729 948 4781 tanta
978 4722 1369 4779 miserationis
1416 4726 1472 4777 et
1520 4721 1733 4777 intelli-
1761 4737 1809 4802 D
1840 4719 2072 4792 quando
2131 4733 2394 4789 supernae
2452 4721 2766 4790 potestates
2823 4710 3307 4805 ejusabeneﬁciis
3328 4732 3479 4792 iper-

73 4830 199 4884 gere
226 4821 285 4872 et
318 4815 634 4875 custodire
664 4814 950 4873 concedas
997 4828 1301 4869 arcanum.
1332 4809 1439 4874 Qui
1483 4810 1626 4873 vivis
1675 4814 1729 4865 et
1800 4806 1805 4811 ”
1838 4806 2429 4878 fruuntur.Usquead
2449 4807 2637 4867 nubes
2658 4807 2888 4879 quando
2908 4806 3484 4881 praedicatoresvelut

72 4918 293 4977 regnas,
326 4910 442 4963 etc.

643 4990 968 5047 PSALMUS
1016 4989 1178 5045 CVII.

458 5136 465 5141 _
517 5069 916 5139 Ἀιιαωίεκτυω
957 5096 1115 5137 psmn
1156 5093 1283 5133 cvu.

86 5208 97 5209 κ
138 5169 176 5224 C
206 5171 481 5230 Christus
505 5170 673 5229 Patri
702 5168 922 5243 gratias
951 5167 1256 5240 agit,quod
1287 5170 1417 5237 poet
1438 5165 1730 5240 passionis

75 5258 436 5334 triumphum
469 5263 825 5334 perpetuam
856 5255 1170 5314 resurrexit
1199 5254 1257 5313 in
1282 5253 1549 5327 gloriam.

452 5349 576 5405 TT.
615 5348 904 5404 Canticum
927 5346 1132 5418 psalmi
1158 5342 1350 5400 David.

138 5439 176 5491 C
201 5439 516 5496 Canticum
542 5436 707 5494 enim
738 5436 1079 5507 frequenter
1100 5432 1358 5491 diximus
1407 5432 1479 5487 ad
1509 5430 1730 5487 divina-

76 5539 196 5581 rum
218 5544 417 5584 rerum
438 5523 1010 5597 contemplationem
1034 5520 1234 5579 referri
1253 5537 1266 5587 ;
1282 5518 1576 5593 psalmum
1596 5535 1730 5574 vero

76 5612 139 5666 ad
170 5630 372 5688 operas
424 5612 733 5681 actuales,
759 5628 887 5684 quas
937 5614 1133 5667 tamen
1165 5607 1382 5665 divinis
1414 5611 1735 5665 noscuntur

75 5705 368 5762 convenire
400 5700 736 5771 mandatis.
769 5698 945 5758 David
979 5697 1273 5770 signiﬁcat
1304 5712 1498 5770 regem
1533 5694 1731 5754 Chris-

90 5805 213 5865 μω,
243 5792 343 5870 qui
364 5810 484 5869 per
513 5793 716 5851 totum
746 5787 1043 5867 psalmum
1075 5784 1353 5860 loquitur.

1835 4896 2145 4953 imbrifera:
2196 4896 2385 4952 nubes
2439 4894 2705 4952 inﬁdeles
2752 4890 3001 4968 populos
3030 4893 3481 4970 ‘irrlgabantpH

1835 4985 1981 5052 Quia
2010 5000 2221 5056 magna
2250 4983 2649 5040 misericordia
2668 4987 2773 5039 tua
2803 4999 2980 5056 super
3008 4975 3355 5053 c’oalosynon
3376 4984 3483 5040 εδει

1836 5078 2100 5129 creatura
2128 5089 2256 5144 quae
2286 5088 2401 5127 non
2432 5072 2689 5145 indigeat
2714 5068 3115 5129 misericordia
3158 5072 3483 5145 Dei,'etiam

1838 5160 2089 5230 Gabriel,
2111 5160 2378 5228 Michael,
2402 5158 3081 5233 Charubim,Seraphim'.
3097 5162 3223 5218 Non
3243 5160 3485 5218 detraho

1839 5250 2081 5323 angelis,
2115 5248 2212 5304 sed
2243 5248 2571 5304 Creatorem
2606 5244 2877 5321 praedico,
2910 5250 2983 5305 de
3026 5265 3145 5322 quo
3172 5254 3249 5305 set
3290 5246 3485 5321 angeli

1836 5339 2113 5412 gaudent,
2131 5336 2352 5392 scilicet
2383 5338 2537 5409 quod
2569 5337 2807 5393 Greater
2836 5336 3205 5410 praedicatur.
3243 5337 3344 5392 Vel
3375 5335 3485 5391 mi-

1838 5427 2151 5492 sericordia
2175 5430 2277 5482 tua
2305 5426 2377 5481 de
2402 5430 2556 5482 terra
2582 5424 2767 5483 elevat
2792 5426 2867 5482 ad
2897 5424 3092 5483 emlos.
3234 5426 3249 5439 '

1837 5519 1874 5571 5
1981 5515 2239 5571 Emaltare
2262 5529 2424 5585 super
2450 5514 2626 5582 caelos,
2660 5518 2803 5571 Deus
2833 5533 2852 5570 :
2882 5522 2935 5570 et
2959 5530 3126 5586 super
3148 5527 3363 5571 omnem
3382 5518 3486 5567 ter-

2057 5620 2180 5660 ram
2204 5603 2383 5674 gloria
2415 5610 2509 5659 tua
2543 5619 2557 5657 :

1987 5694 2050 5751 Ut
2079 5692 2383 5749 liberentur
2402 5688 2587 5747 dilecti
2615 5691 2715 5747 tui.

1911 5781 1953 5841 G
1980 5780 2242 5841 Exaltare
2266 5793 2444 5858 super
2467 5777 2853 5852 coelosiDens,
2870 5768 3481 5853 utoqiusnimlh-
