3878 6412
318 468 438 532 399

1351 463 1747 526 BRUNONIS
1793 461 2412 527 HERBIPOLENSIS
2455 461 2834 526 EPlSCOPI.

3627 459 3745 525 400

319 603 418 657 dia
449 598 707 655 cmlestia
737 598 1365 668 continentur,justum
1399 602 1486 653 est
1519 603 1582 652 ut
1613 599 1981 670 superantes
2010 601 2064 667 Α
2097 616 2264 652 suam
2293 603 2349 653 et
2381 597 2784 669 Evangelium,
2819 598 3111 653 mundum
3139 595 3448 658 universali
3478 597 3753 671 praedica-

318 689 533 747 debeat
562 686 826 744 exaltari.
844 687 911 742 Et
942 703 1120 760 super
1150 704 1384 742 omnem
1411 692 1648 756 terram,
1671 705 1802 743 cum
1827 687 1984 744 exal-

316 781 480 836 tatus
503 777 688 833 fuero.
714 779 764 831 Η
793 775 853 831 id
885 778 994 845 est,
1019 775 1256 848 quando
1287 777 1607 832 cruciﬁxus
1639 793 1760 844 ero,
1787 775 1988 834 omnia

320 865 556 924 traham
587 865 660 922 ad
692 881 784 921 me
817 865 998 937 (Joan.
1031 865 1153 936 xu).
1182 864 1254 920 Ut
1283 863 1609 921 liberentur
1633 865 1986 932 dilecti,ideo

320 953 686 1028 cruciﬁgitur
705 954 1016 1026 Dominus,
1049 959 1105 1010 et
1135 953 1423 1010 exaltatur
1450 959 1513 1010 ut
1541 953 1865 1011 liberentur
1895 955 1982 1010 di-

320 1044 477 1117 lecti,
510 1043 727 1100 factum
759 1047 849 1100 est
877 1044 1035 1100 enim
1068 1047 1133 1099 ut
1172 1043 1517 1116 petivimus;
1552 1043 1648 1100 ille
1697 1045 1985 1100 exaltatus

322 1138 432 1201 est,
463 1138 522 1190 et
552 1151 660 1190 nos
711 1132 943 1190 liberati
992 1151 1224 1190 sumus.
1260 1133 1524 1190 Exaltare
1575 1151 1744 1190 surer
1786 1134 1984 1203 oculos,

323 1229 476 1280 Deus
501 1240 617 1281 non
647 1222 938 1280 exaltatur
975 1224 1089 1279 nisi
1123 1240 1302 1297 super
1330 1222 1531 1290 caelos,
1555 1242 1669 1281 non
1699 1224 1988 1280 exaltatur

321 1332 501 1390 super
543 1320 793 1385 terram;
827 1315 1064 1389 quando
1116 1314 1273 1372 enim
1323 1314 1539 1371 terreni
1587 1332 1816 1383 sumus,
1868 1331 1986 1370 non

321 1405 646 1462 exaltamus
678 1405 1005 1474 Deum,sed
1039 1405 1277 1478 quando
1309 1421 1520 1462 sumus
1549 1404 1988 1460 conversatione

323 1496 604 1553 celestes.

321 1604 358 1658 6
466 1603 695 1658 Salvum
724 1603 816 1674 fac
843 1600 1070 1658 dextera
1101 1606 1200 1656 tua
1229 1609 1284 1657 et
1309 1601 1515 1656 exaudi
1542 1618 1628 1657 me
1657 1619 1676 1656 :

469 1689 611 1747 Deus
643 1690 854 1747 locutus
883 1698 962 1746 est
987 1691 1048 1746 in
1075 1699 1261 1746 sancto
1289 1707 1408 1746 suo.

397 1779 439 1837 C
468 1777 709 1836 Salvum
741 1779 853 1849 fac,
879 1778 1108 1835 salvum
1139 1796 1201 1835 se
1233 1779 1356 1834 ﬁeri
1385 1780 1734 1852 deprecatur
1763 1778 1824 1835 in
1854 1795 1987 1852 pas-

327 1868 512 1936 sione,
543 1873 610 1924 ut
639 1868 1005 1925 credentium
1037 1870 1212 1924 turba
1244 1868 1610 1925 liberaretur.
1644 1869 1799 1925 Deus
1829 1869 1990 1924 locu-

2095 686 2251 742 tione
2281 686 2616 760 complevit,
2645 685 2982 759 alienigenaa
3014 686 3172 742 enim
3203 690 3406 760 gentes
3437 690 3597 742 sunt.

2096 777 2157 832 11
2234 778 2373 846 Quis
2401 776 2626 832 deducet
2649 794 2737 832 me
2766 779 2826 832 in
2858 778 3136 833 civitatem
3163 777 3439 832 munitam
3469 794 3489 831 :

2238 867 2380 938 Quis
2405 865 2632 922 deducet
2659 882 2746 922 me
2774 881 2947 938 usque
2974 867 3034 921 in
3065 864 3406 924 ldumwam?

2165 953 2207 1010 C
2237 954 2379 1019 Quis
2399 954 2651 1010 deducet
2672 971 2828 1024 me,a
2847 959 3012 1028 parte
3038 954 3425 1012 humanitatis
3445 954 3754 1027 aptissima

2093 1042 2472 1116 interrogatio
2523 1043 2917 1116 praemittitur,
2949 1048 3015 1100 ut
3052 1059 3417 1118 consequens
3445 1043 3751 1118 responsio

2096 1132 2514 1204 subsequatur.
2540 1132 2586 1189 Η
2609 1133 2650 1189 C
2671 1133 2888 1190 Civitas
2911 1133 3139 1190 munita
3165 1134 3310 1190 forte
3350 1133 3645 1206 significat
3661 1133 3753 1190 in-

2096 1222 2350 1291 fernum,
2374 1237 2550 1294 quem
2576 1221 2740 1279 nulla
2766 1223 2856 1279 vis
2886 1222 3148 1279 humana
3170 1222 3361 1296 potuit
3387 1221 3754 1296 aperire,nisi

2097 1309 2198 1382 qui
2229 1314 2428 1381 portas
2459 1312 2587 1383 ejus
2618 1311 2809 1384 fregit.
2843 1311 2957 1368 Ista
2983 1310 3188 1368 civitas
3213 1311 3285 1368 ad
3335 1311 3755 1384 egrediendum

2098 1397 2326 1454 munita
2355 1404 2464 1470 est,
2491 1405 2694 1472 aperta
2723 1404 2815 1456 est
2843 1400 2917 1458 ad
2963 1399 3401 1457 introeundum.
3425 1399 3469 1455 Η
3501 1399 3759 1456 tdumea

2098 1505 2332 1561 quoque
2365 1489 2785 1561 interpretatur
2813 1489 3157 1564 sanguinea,
3191 1489 3535 1564 signiﬁcans
3556 1488 3756 1546 locum

2099 1579 2545 1651 poenarum,ubi
2581 1579 3017 1637 interﬁciuntur
3044 1578 3253 1636 animae
3284 1583 3681 1652 peccatorum.

2101 1667 2173 1722 12
2243 1668 2434 1724 Nonne
2463 1672 2542 1733 tu,
2574 1669 2739 1738 Deus,
2767 1670 2866 1743 qui
2893 1669 3146 1742 repulisti
3173 1685 3274 1726 nos
3302 1686 3322 1725 :

2242 1758 2308 1813 Et
2335 1773 2446 1813 non
2475 1758 2679 1826 exibis,
2712 1760 2874 1825 Deus,
2908 1759 2969 1814 in
2995 1759 3290 1816 virtutibus
3317 1760 3541 1815 nostris.

2170 1846 2212 1901 C
2241 1847 2383 1911 Quis
2414 1845 2570 1902 enim
2604 1846 2930 1904 claustrum
2971 1847 3178 1904 mortis
3221 1847 3586 1922 infringeret,
3619 1847 3760 1920 quis

325 1963 424 2014 tus
457 1933 546 2014 est
574 1958 634 2013 in
667 1962 868 2014 sancto
895 1973 1024 2026 suo,
1055 1957 1113 2013 id
1145 1962 1234 2014 est
1267 1957 1436 2026 Filio,
1469 1962 1532 2012 ut
1563 1957 1821 2014 Verbum
1855 1974 1989 2013 caro
2020 1977 2067 2044 Β
2091 1935 2309 2044 ξξαυεξεξ
2331 1935 2570 2044 Tuum”
2598 1935 2851 2044 ξείνίίδιιίε
2882 1933 3762 2044 “Perifet‘vnisiuipsﬁeam???

328 2047 548 2104 factum
580 2063 702 2104 una
723 2046 1020 2104 voluntate
1050 2065 1182 2103 cum
1217 2048 1385 2103 Patre
1415 2047 1772 2120 loqueretur.

327 2157 362 2210 7
462 2152 770 2212 'Exsultabo
815 2160 870 2221 ’ἐι
899 2160 952 2210 et
993 2161 1010 2219 ζ
1052 2155 1295 2212 dividam
1324 2155 1625 2211 Sichimam
1657 2174 1679 2212 ,·

471 2245 536 2300 Et
563 2245 868 2300 convallem
897 2246 1377 2301 tabernaculorum
1406 2245 1684 2301 dimetiar.

399 2333 446 2388 H
477 2331 736 2388 Sicbima
765 2331 1186 2406 interpretatur
1214 2334 1452 2403 humeri,
1485 2333 1718 2389 humeri
1771 2338 1990 2400 autem,

330 2420 626 2496 signiﬁcat
655 2437 853 2495 opera,
886 2438 1097 2478 sensus
1145 2439 1282 2494 ergo
1337 2421 1474 2477 talis
1519 2427 1608 2479 est
1641 2441 1654 2479 :
1689 2426 1995 2494 propterea

329 2511 660 2583 cruciﬁgor,
694 2512 759 2566 ut
787 2527 964 2583 Opera
995 2527 1127 2566 mea
1175 2511 1433 2566 dividam
1481 2511 1704 2567 sanctis
1755 2511 1920 2568 meis.
1951 2511 1993 2566 C

329 2599 454 2667 Vel,
475 2603 606 2673 post
627 2599 1116 2656 resurrectionem
1143 2617 1311 2655 suam
1334 2599 1666 2656 laetaturum
1692 2618 1754 2656 se
1776 2605 1834 2656 et
1851 2599 1995 2656 divi-

331 2705 538 2744 surum
570 2687 713 2744 dicit
742 2703 940 2761 Opera,
979 2688 1037 2744 id
1067 2689 1428 2761 est,-gratias
1461 2705 1602 2744 suas
1634 2687 1912 2760 apostolis
1941 2693 1998 2744 et

333 2776 713 2833 ﬁdelibus.Et
742 2775 1258 2844 addit,eonvallem
1293 2777 1994 2850 tabernaculorum,quod

335 2865 631 2940 signiﬁcat
659 2864 1055 2922 humilitatem
1088 2865 1495 2922 ecclesiarum.
1532 2868 1689 2922 llanc
1720 2884 1856 2939 ergo
1887 2867 1996 2923 hu-

336 2955 645 3012 militatem
678 2955 920 3012 metitus
952 2960 1042 3011 est
1072 2955 1381 3022 Dominus,
1409 2955 1647 3027 quando
1679 2956 1998 3029 unicuique

335 3044 622 3114 ﬁdelium,
656 3047 831 3118 prout
861 3043 1064 3116 voluit,
1096 3045 1250 3100 dona
1279 3043 1602 3100 distribuit.

337 3153 372 3206 8
481 3157 637 3212 Meus
665 3160 744 3209 est
769 3151 980 3210 Galaad
1008 3159 1061 3210 et
1085 3169 1238 3208 meus
1263 3160 1342 3209 est
1361 3153 1628 3208 Manasses
1657 3169 1670 3208 :

479 3242 545 3298 Et
571 3241 841 3314 Ephraim
867 3244 1136 3315 susceptio
1164 3243 1363 3314 capitis
1391 3243 1520 3296 mei.

2102 2024 2410 2098 Repulisti,
2446 2028 2624 2098 caput
2651 2041 2787 2082 cum
2812 2025 3101 2082 membris
3128 2023 3482 2098 loquitur,id
3529 2029 3620 2082 est
3647 2024 3760 2081 dis-

2101 2116 2298 2181 tulisti,
2331 2115 2470 2187 quia
2499 2118 2558 2170 et
2599 2113 2795 2186 ipsum
2843 2114 3141 2171 Christum
3173 2114 3245 2170 ad
3277 2113 3762 2188 gloriﬁcationem

2102 2221 2272 2260 suam
2299 2208 2530 2260 constat
2556 2220 2685 2260 esse
2715 2203 2986 2273 dilatum,
3022 2221 3157 2260 cum
3188 2203 3247 2260 in
3279 2203 3388 2260 hac
3415 2204 3536 2260 vita
3560 2205 3762 2260 demo-

2103 2298 2350 2349 raretur.
2381 2293 2445 2348 Et
2477 2311 2592 2350 non
2624 2291 2962 2366 egredieris,
2994 2297 3229 2367 tempus
3257 2292 3401 2349 illud
3445 2291 3760 2367 signiﬁcat,

2104 2383 2340 2454 quando
2373 2387 2572 2437 tentus
2601 2399 2634 2437 a
2662 2381 3096 2453 Judaeis,sputa
3116 2386 3174 2438 et
3203 2380 3432 2454 ﬂagella
3453 2380 3761 2437 sustinuit.

2101 2472 2268 2526 Tunc
2298 2470 2456 2527 enim
2486 2472 2533 2526 si
2567 2470 2854 2527 voluisset
2883 2471 3161 2527 divinitas
3191 2469 3292 2527 illa
3319 2469 3762 2544 repulisset,ssd

2103 2559 2339 2616 distulit
2365 2560 2719 2617 miraculum
2751 2560 3081 2629 ostendere,
3100 2565 3166 2616 ut
3193 2560 3459 2616 ordinem
3490 2559 3761 2633 proﬁch

2106 2650 2402 2724 passionis
2431 2649 2722 2724 impleret.

2107 2742 2174 2796 13
2251 2745 2334 2796 Da
2363 2740 2520 2795 nobis
2551 2740 2832 2796 auxilium
2863 2740 2931 2796 de
2966 2740 3324 2797 tribulatione
3352 2757 3372 2794 :

2252 2830 2390 2898 Quia
2423 2846 2567 2884 vana
2596 2829 2748 2885 salus
2776 2831 3037 2886 hominis.

2177 2923 2216 2974 C
2247 2919 2331 2976 Da
2355 2918 2524 2974 nobis
2556 2917 2866 2991 auxilium,
2893 2918 3237 2975 humanitas
3268 2917 3480 2975 Christi
3515 2917 3610 2974 hic
3641 2917 3762 2974 cla-

2108 3013 2231 3064 mat
2251 3025 2387 3064 cum
2412 3007 2697 3064 membris
2714 3008 2864 3076 suis,
2878 3012 3170 3080 quatenus
3189 3008 3424 3064 tandem
3451 3005 3764 3080 aliquando

2107 3101 2430 3171 tempestas
2450 3097 2632 3170 hujus
2661 3097 2859 3153 saeculi
2891 3097 3285 3170 conquiescat.
3318 3095 3464 3162 Quia
3491 3113 3644 3153 vana
3671 3113 3764 3154 sa-

2105 3186 2200 3243 lus
2230 3186 2510 3253 hominis,
2543 3186 2601 3242 id
2632 3191 2745 3256 est,
2776 3186 2822 3243 H
2857 3185 3204 3244 maledictus
3252 3186 3428 3243 homo
3467 3185 3567 3258 qui
3597 3201 3764 3258 spem

2107 3293 2276 3333 suam
2311 3275 2474 3349 ponit
2497 3276 2554 3332 in
2586 3275 2887 3333 hominem
2917 3277 3055 3347 (Jer.
3089 3279 3246 3347 xvn),
3278 3275 3417 3349 quia
3446 3291 3562 3332 non
3592 3275 3766 3332 habe-

403 3331 446 3387 C
472 3329 716 3400 Galaad,
739 3329 1160 3438 interpretatur
1187 3332 1752 3430 transmigratio,qua
1771 3329 1993 3438 inlgra-
2026 3352 2070 3419 ρ

337 3420 506 3527 tione.
525 3424 728 3519 gentes
746 3418 1315 3527 Domini‘vppatione
1338 3424 1701 3527 compunctze
1725 3419 1796 3474 ad
1813 3419 1997 3527 Deu‘m
2049 3418 2054 3419 ν
2110 3418 2328 3511 [nr
2347 3418 3037 3527 νυξλιηεεηι
3071 3475 3090 3512 ε

330 3505 578 3563 feliciter
602 3507 1027 3578 migraverunt.
1052 3507 1377 3574 Manasses,
1410 3509 1648 3571 oblivio;
1677 3525 1795 3580 quo
1823 3509 1998 3564 verbo

332 3593 631 3667 signiﬁcat
660 3594 945 3666 populum
975 3595 1440 3669 Judazorum,qui
1472 3595 1692 3652 oblitus
1719 3596 2001 3653 beneﬁcia

331 3683 533 3738 divina
563 3682 863 3738 Christum
898 3683 1209 3752 cruciﬁxit,
1247 3685 1346 3757 qui
1376 3690 1571 3741 tamen
1611 3702 1719 3743 sua
1749 3686 1998 3742 misera-

333 3772 493 3828 tione
523 3771 596 3827 ad
625 3771 754 3842 ejus
784 3770 1076 3828 culturam
1111 3775 1405 3830 remeavit.
1429 3777 1523 3831 Sic
1549 3781 1870 3849 utrumque
1900 3792 1999 3850 po-

331 3860 560 3934 pulum,
594 3861 902 3916 nominum
933 3861 1180 3918 istorum
1213 3865 1792 3936 commemoratione,
1819 3882 1993 3923 suum

331 3965 460 4007 esse
493 3953 762 4007 testatur.
797 3950 842 4006 Η
870 3955 910 4006 C
959 3951 1234 4024 Ephrem,
1265 3956 1617 4026 fructiﬁcatio
1665 3955 1904 4021 dicitur,
1939 3959 1995 4011 et

329 4038 626 4113 signiﬁcat
654 4039 924 4113 spineam
947 4058 1252 4110 coronam;
1278 4043 1398 4099 haec
1419 4045 1576 4100 enim
1609 4043 1818 4101 fertilis
1841 4043 1995 4100 ultra

329 4144 535 4186 omnes
563 4129 791 4186 fruetus
822 4130 952 4196 fuit,
989 4131 1268 4204 quoniam
1301 4150 1408 4190 nos
1440 4132 1709 4190 liberavit
1740 4133 1854 4190 ista
1880 4132 1991 4190 hu-

329 4216 602 4288 militate,
635 4221 692 4274 et
721 4219 1156 4292 susceptionem
1190 4237 1294 4294 pro
1325 4237 1540 4278 corona
1571 4221 1788 4294 posuit.

329 4323 366 4377 9
471 4325 630 4393 ludo,
663 4342 748 4382 res
776 4343 930 4383 meus
960 4345 980 4382 :

371 4449 386 4481 ο,
465 4412 617 4471 Ιοαῡ
646 4415 790 4471 lebes
820 4418 942 4488 spei
965 4433 1123 4474 mete.

393 4500 435 4556 C
463 4501 680 4559 Judam
715 4520 908 4577 regem
938 4522 1114 4562 suum
1149 4506 1314 4572 dixit,
1351 4505 1490 4577 quia
1533 4505 1605 4560 de
1645 4505 1776 4577 ejus
1806 4506 1987 4580 stirpe

313 4591 648 4657 descendit.
673 4592 720 4648 Η
754 4593 924 4650 Moab
953 4611 1022 4650 ea:
1049 4603 1206 4667 patre
1235 4595 1472 4659 dicitur,
1504 4610 1593 4649 mo
1613 4594 1772 4650 enim
1805 4595 1984 4653 inter-

321 4685 613 4753 pretatum
646 4681 862 4738 dicitur
889 4700 994 4748 ex;
1018 4684 1086 4738 ab
1109 4699 1266 4750 vero,
1295 4690 1470 4754 pater,
1505 4682 1658 4754 quod
1691 4687 1982 4758 est,e.rpa-

319 4775 420 4826 tre.
446 4771 514 4826 Et
543 4771 677 4844 quis
696 4777 786 4827 est
811 4771 910 4826 ille
940 4771 1042 4842 qui
1069 4776 1159 4826 est
1188 4787 1256 4825 ex
1287 4769 1488 4842 patre?
1511 4769 1608 4826 ille
1630 4775 1718 4828 est
1739 4773 1838 4845 qui
1858 4791 1981 4832 ma-

319 4858 392 4914 lis
423 4861 701 4932 operibus
734 4859 991 4931 perdidit
1021 4863 1270 4929 patrem,
1305 4874 1411 4914 nec
1460 4875 1728 4917 reversus
1777 4868 1865 4918 est
1907 4865 1980 4920 ad

318 4953 565 5018 patrem,
586 4945 878 5012 diabolus,
903 4944 1154 5012 scilicet;
1179 4946 1477 5018 signiﬁcat
1497 4947 1653 5005 enim
1678 4949 1977 5008 diabolum

317 5037 415 5109 qui
449 5037 610 5092 lebes
640 5031 764 5106 spei
799 5033 1024 5089 Domini
1055 5040 1162 5090 est.
1189 5036 1375 5092 Labes
1406 5035 1824 5111 interpretatur
1841 5043 1974 5098 olla.

315 5125 618 5192 Quomodo
647 5119 760 5175 olla
782 5121 907 5192 spei
939 5123 1167 5181 Domini
1199 5125 1324 5181 est?
1355 5125 1439 5182 sic
1469 5131 1578 5195 est,
1614 5132 1678 5184 ut
1708 5130 1808 5202 qui
1859 5148 1975 5188 non

327 5218 481 5268 recte
511 5206 821 5266 ambulant
850 5212 1158 5269 tradantur
1186 5214 1440 5285 diabolo,
1476 5220 1540 5271 ut
1577 5217 1651 5273 ab
1683 5218 1810 5290 ipso
1840 5237 1976 5277 cru-

327 5299 463 5355 ciati
493 5298 908 5352 convertantur
936 5301 1008 5356 ad
1041 5301 1376 5358 Dominum.

315 5403 384 5456 10
455 5403 517 5458 1η
546 5399 856 5457 [dammam
875 5407 1162 5463 extendam
1191 5410 1618 5469 calceamentum
1645 5430 1827 5472 meum
1849 5433 1871 5472 :

457 5489 595 5545 lilii
619 5487 955 5558 alienigena?
982 5498 1150 5552 amici
1176 5499 1311 5568 facti
1339 5507 1487 5556 sunt.

384 5578 430 5632 H
465 5578 723 5634 Idumaea
751 5575 1165 5654 interpretatur
1192 5587 1777 5654 terrena,misericors
1811 5594 1968 5649 enim

2250 3546 2315 3600 Et
2344 3546 2456 3616 ipse
2485 3544 2557 3600 ad
2585 3544 2830 3600 nihilum
2855 3544 3081 3601 deducet
3108 3545 3364 3601 inimicos
3394 3552 3621 3601 nostros.

2180 3633 2227 3689 Η
2266 3633 2329 3690 In
2363 3638 2477 3689 Deo
2510 3633 2795 3690 faciemus
2817 3634 3114 3704 virtutem,
3136 3635 3262 3708 ipse
3287 3633 3398 3690 erit
3419 3633 3604 3690 virtus
3631 3647 3771 3689 nos-

2107 3722 2350 3796 tra,ipse
2382 3724 2552 3796 panis
2575 3727 2776 3780 noster
2796 3724 2895 3798 qui
2920 3741 3021 3780 cor
3044 3723 3483 3797 confortat,ipse
3501 3727 3558 3779 et
3577 3727 3773 3780 rector

2107 3818 2322 3868 noster
2340 3813 2549 3886 Etipse
2569 3813 2641 3868 ad
2660 3813 2910 3868 nihilum
2938 3814 3190 3870 deducet
3215 3813 3485 3869 inimicos
3512 3816 3769 3880 nostros,

2105 3901 2245 3974 quia
2294 3902 2420 3974 ipse
2468 3919 2575 3958 nos
2621 3908 2862 3958 coronat
2900 3907 2958 3959 et
3004 3902 3308 3960 diabolum
3357 3906 3614 3975 superat,
3641 3901 3771 3974 ipse

2107 3995 2325 4064 pugnat
2358 3991 2416 4046 in
2450 3990 2640 4059 nobis,
2663 3991 2854 4065 magis
2886 3996 3083 4048 autem
3114 3991 3242 4064 ipse
3271 3991 3448 4047 vincit
3478 3991 3538 4046 in
3571 3989 3764 4046 nobis.

2582 4123 2786 4163 ORATIO
2824 4124 2895 4164 EX
2934 4124 3092 4165 PSAL.
3134 4124 3267 4164 CVII.

2173 4212 2498 4286 Prasparata
2526 4212 2932 4282 tibi,Domine,
2961 4230 3061 4270 cor
3090 4219 3355 4270 nostrum
3386 4212 3458 4269 ad
3479 4212 3757 4268 conﬁten-

2099 4301 2241 4358 dum
2265 4301 2491 4358 nomini
2522 4307 2644 4370 tuo,
2678 4306 2743 4357 ut
2773 4307 2829 4358 te
2855 4301 3248 4376 intelligentes
3269 4301 3589 4359 surrexisse
3607 4299 3758 4356 dilu-

2099 4390 2406 4459 culo,illuc
2439 4392 2753 4448 tendamus
2786 4392 2994 4448 merito
3023 4409 3138 4464 quo
3171 4395 3234 4449 tu
3265 4391 3459 4449 eluces
3483 4390 3666 4446 victor
3685 4389 3750 4446 in

2097 4496 2298 4553 regno.
2330 4479 2437 4545 Qui
2471 4480 2615 4537 vivis
2645 4485 2703 4536 et
2734 4497 2966 4554 regnas,
2999 4485 3108 4536 etc.

2639 4594 2972 4652 PSALMUS
3013 4595 3205 4653 CVIII.

2525 4700 2931 4742 ARGUMENTUM
2971 4701 3130 4742 PSAL.
3172 4702 3328 4742 CVIII.

2163 4795 2203 4847 C
2230 4791 2499 4848 Christus
2525 4793 2790 4864 increpat
2817 4790 3182 4865 Judaaos,qui
3213 4791 3327 4848 sibi
3354 4791 3508 4848 mala
3525 4807 3629 4864 pro
3651 4789 3754 4847 bo-

2088 4881 2181 4938 nis
2208 4881 2679 4951 reddiderunt,et
2704 4881 2868 4938 Judze
2896 4886 3071 4954 atque
3101 4881 3289 4953 ipsius
3319 4879 3516 4954 populi
3550 4883 3752 4936 narrat

2089 4970 2416 5026 interitum.

2469 5061 2587 5116 T'l‘.
2620 5061 2679 5116 In
2711 5061 2880 5133 ﬁnem
2904 5062 3152 5134 psalmus
3177 5060 3370 5116 David.

2158 5149 2199 5204 C
2233 5153 2347 5206 lste
2370 5148 2639 5223 psalmus
2668 5149 3008 5207 referendus
3051 5155 3142 5206 est
3189 5150 3262 5206 ad
3313 5163 3508 5222 regem
3539 5163 3749 5220 super-

2086 5254 2231 5294 num
2266 5256 2279 5294 :
2311 5238 2593 5311 quoniam
2623 5255 2831 5295 omnes
2872 5255 3173 5296 sermones
3221 5239 3351 5310 ejus
3395 5236 3643 5293 tendunt
3670 5235 3747 5292 ad

2088 5325 2385 5384 Christum
2419 5327 2761 5384 Dominum.

2085 5417 2110 5474 l
2226 5417 2368 5473 Deus
2398 5416 2618 5472 laudem
2646 5434 2824 5474 meam
2851 5433 2922 5474 ne
2951 5419 3233 5474 tacueris:

2225 5507 2370 5575 Quia
2397 5521 2454 5561 os
2480 5507 2784 5578 peccatoris
2804 5511 2858 5564 et
2885 5505 3061 5564 dolosi
3077 5522 3244 5579 super
3261 5521 3348 5562 me
3371 5508 3622 5578 apertum
3639 5507 3741 5558 est.

2151 5598 2191 5649 C
2224 5594 2505 5650 Dominus
2524 5594 2790 5651 Salvator
2811 5594 3136 5651 secundum
3159 5593 3609 5662 humanitatem,
3625 5589 3746 5648 lau-

312 5669 464 5757 Deus
496 5683 631 5757 nor:
645 5663 838 5757 solum
871 5671 1128 5728 coelestia
1156 5673 1280 5730 vult
1312 5676 1740 5746 possidere,sed
1772 5686 1829 5736 et
1854 5687 1968 5738 ter-
2079 5684 2211 5740 dem
2227 5683 3090 5757 resurrectionissuzepetitnon
3109 5681 3742 5750 taeeri,dicens:Deus,

308 5755 468 5814 una.
492 5754 534 5812 C
589 5753 923 5818 Extendens
979 5759 1464 5835 calceamentum,
1513 5763 1570 5821 id
1633 5772 1743 5836 est,
1776 5767 1965 5846 legem
2079 5771 2313 5831 laudem
2340 5789 2533 5832 meam
2561 5790 2634 5830 ne
2665 5753 2941 5848 tacueris,
2974 5773 3033 5830 id
3064 5777 3174 5843 est,
3208 5788 3280 5832 ne
3309 5777 3504 5830 tacere
3539 5770 3741 5839 facias,
