5516 6538
115 488 214 556 101

1312 492 1726 559 EXPOSITIO
1766 492 2273 563 PSALMORUM.

3363 501 3482 567 402

119 622 293 685 decuit
318 619 474 678 enim
510 618 806 695 (quoniam
840 621 1061 681 inimici
1095 625 1400 682 mendacia
1426 626 1741 699 loqueban-
1765 631 1821 699 Α
1848 630 2115 700 liberam,
2148 632 2247 704 qui
2292 635 2447 689 totus
2496 630 2712 689 scelera
2742 633 2923 707 partis
2950 632 3197 692 sinistra:
3223 636 3485 709 perficie-

114 720 216 781 tur,
246 711 501 767 dicentes
536 728 549 766 :
584 711 863 785 Discipuli
922 714 1097 770 furati
1149 708 1289 770 sunt
1344 731 1477 771 eum
1526 717 1735 784 (Matth.

116 800 314 872 xxvm),
346 802 412 854 ut
440 802 644 856 contra
671 816 770 857 eos
798 805 916 858 toto
944 802 1081 859 orbe
1112 804 1453 861 testimonia
1482 822 1741 861 resurre-

116 889 305 949 ctionis
332 904 677 945 caneremus
693 906 706 945 :
722 893 788 946 ut
813 890 1002 946 Judaei
1032 896 1352 964 agnoscant
1372 896 1596 948 reatum
1618 911 1743 965 per-

113 976 381 1036 versitatis
413 975 680 1049 propriae.
702 978 982 1050 Apertum
1006 980 1207 1051 utique
1228 996 1325 1035 os:
1354 981 1739 1037 contumelias

109 1063 572 1138 designari,quas
600 1065 838 1137 pertulit
856 1083 890 1121 a
913 1066 1159 1135 Judmis;
1188 1084 1343 1133 nam,
1360 1067 1738 1125 licetnomine

110 1171 279 1213 unum
308 1152 463 1209 dicat
510 1151 906 1226 singulariter,
940 1154 1236 1211 intellectu
1270 1159 1466 1212 tamen
1498 1156 1737 1229 plurimi

106 1260 224 1301 esse
251 1244 574 1298 noscuntur
602 1242 662 1296 in
692 1258 809 1298 uno
839 1243 1072 1316 populo.

104 1345 138 1397 2
201 1340 383 1396 Loculi
409 1346 540 1395 sunt
566 1338 853 1395 adversum
881 1358 968 1396 me
997 1343 1189 1414 lingua
1216 1342 1399 1397 dolosa
1425 1362 1444 1396 :

232 1430 295 1485 Et
321 1430 663 1484 sermonibus
691 1428 808 1485 odii
826 1431 1307 1487 circumdederunt
1331 1447 1417 1487 me
1444 1449 1463 1486 :

232 1520 295 1573 Et
318 1525 775 1588 expugnavemnt
800 1534 889 1575 me
912 1521 1111 1591 gratis.

164 1615 203 1669 C
230 1613 425 1669 Locuti
458 1618 598 1670 sunt
628 1613 811 1688 igitur
849 1615 1051 1689 lingua
1098 1616 1299 1673 dolosa
1332 1634 1345 1672 :
1380 1634 1512 1672 cum
1544 1617 1735 1673 verbis

100 1702 305 1760 dolosis
336 1705 603 1758 sanctam
636 1702 868 1758 Domini
899 1704 1335 1777 simplicitatem
1367 1706 1731 1777 appetebant,

96 1791 340 1848 dicentes
372 1805 385 1843 :
423 1788 581 1845 Licet
618 1805 861 1846 censum
893 1790 1018 1847 dari
1049 1791 1255 1847 Caesari
1278 1792 1307 1847 ?
1335 1793 1537 1859 (Matth.
1572 1792 1726 1863 mm).

96 1882 160 1937 Et
185 1877 556 1936 sermonibus
584 1877 702 1933 odii
736 1895 749 1933 :
784 1879 1017 1950 quando
1058 1878 1259 1951 iniqua
1305 1879 1733 1951 conspiratione

1851 718 1969 775 bat.
2003 720 2097 775 Sic
2139 720 2544 794 unusquisque
2575 722 2762 778 facere
2792 721 3006 779 dicitur
3033 739 3046 780 :
3080 723 3233 780 sicut
3260 729 3347 781 est
3376 726 3485 782 iste

1850 808 1949 880 qui
1972 809 2100 879 ejus
2130 810 2426 866 dexteram
2458 814 2635 866 tenet.

1847 898 1883 950 6
1956 898 2088 953 Cum
2105 899 2392 970 judicatur
2427 908 2586 955 exeat
2610 900 2996 957 condemnatus
3026 920 3046 958 :

1988 987 2056 1040 Et-
2083 988 2254 1041 oratio
2283 988 2397 1058 ejus
2433 989 2531 1059 ﬁat
2559 990 2617 1044 in
2642 998 2940 1061 peccatum.

1918 1072 1958 1127 Ο
1984 1073 2100 1129 Hoc
2130 1074 2343 1131 dicitur
2363 1075 2434 1131 de
2466 1076 2660 1132 futuro
2684 1078 2936 1149 judicio:
2971 1079 3205 1150 quando
3227 1083 3483 1151 peccato-

1848 1176 1938 1217 res
1962 1161 2277 1218 damnandi
2300 1168 2439 1219 sunt
2460 1182 2493 1220 a
2510 1182 2645 1220 voce
2660 1166 2984 1237 judicantis
3003 1167 3250 1223 dicentis
3266 1184 3278 1222 :
3295 1168 3485 1226 Disce-

1846 1249 1963 1305 dite
1984 1268 2017 1304 a
2042 1250 2476 1318 me,maledicti.
2499 1254 2921 1327 Exeat,scilicet
2940 1272 3008 1312 ex
3036 1257 3480 1330 congregatione

1836 1338 2154 1409 justorum.
2188 1340 2234 1395 H
2266 1341 2579 1413 Oportebat
2634 1344 2955 1400 orationem
3014 1344 3201 1417 ipsius
3249 1362 3378 1402 esse
3419 1348 3478 1401 in

1844 1425 2263 1497 pmnitentiam.
2290 1434 2345 1484 et
2364 1447 2528 1485 versa
2549 1435 2636 1487 est
2658 1433 2714 1487 in
2742 1436 3065 1504 peccatum.
3088 1432 3344 1490 Audiant
3363 1432 3477 1490 hm-

1844 1514 2006 1570 retici
2038 1520 2096 1571 et
2126 1518 2601 1587 manichzei,licet
2628 1524 3025 1587 orent,tamen
3057 1538 3257 1577 eorum
3293 1523 3477 1579 oratio

1842 1604 2084 1659 vertitur
2110 1604 2170 1660 in
2200 1610 2523 1678 peccatum.
2556 1610 2901 1666 Pcenitentia
2940 1627 3170 1682 quoque
3200 1611 3383 1679 Judaa,
3418 1612 3475 1667 id

1840 1696 1928 1747 est
1958 1694 2283 1764 suspensio,
2320 1696 2513 1764 majus
2553 1700 2853 1768 peccatum
2900 1698 3229 1769 proditione
3258 1699 3476 1754 factum

1839 1784 1927 1834 est
1956 1797 1968 1835 :
2003 1783 2190 1855 magis
2215 1784 2371 1839 enim
2403 1784 2717 1839 Dominum
2741 1785 3003 1853 offendit,
3018 1785 3117 1857 qui
3145 1803 3207 1842 se
3238 1804 3478 1859 suspen-

1839 1868 1944 1934 dit,
1977 1886 2153 1940 quam
2187 1872 2284 1942 qui
2319 1871 2629 1927 Dominum
2653 1872 2927 1945 prodidit.

90 1967 260 2062 Pilato
306 1966 586 2062 dicebant
618 1982 631 2021 ε
663 1966 1340 2062 C-rucifige,__crucifige._
1364 1968 1732 2062 Expugnave-
1761 1997 1807 2062 Β
1835 1960 1871 2010 7
1942 1960 2111 2062 Fid-nt
2139 1958 2255 2058 dies
2283 1960 2399 2062 eius
2423 1963 2592 2061 pauci
2622 1978 2634 2015 :

91 2058 219 2112 runt
244 2054 425 2127 gratis
455 2070 468 2108 :
500 2069 638 2109 nam
667 2053 820 2110 sicut
861 2056 1012 2127 justi
1059 2060 1259 2111 amant
1304 2056 1487 2111 Deum
1525 2057 1727 2129 gratis,

92 2160 216 2200 eum
245 2158 378 2199 eum
410 2159 530 2198 non
563 2148 800 2215 prepter
829 2142 1067 2215 aliquod
1101 2142 1437 2217 temporale,
1469 2145 1569 2200 sed
1602 2148 1727 2200 tan-

87 2237 205 2288 tum
244 2234 482 2304 propter
534 2247 703 2288 suam
756 2231 1073 2288 bonitatem
1123 2232 1421 2304 diligunt:
1457 2233 1535 2289 ita
1565 2233 1727 2305 impii

86 2321 259 2395 gratis
290 2322 691 2387 exsecrantur,
707 2319 845 2392 quia
873 2337 1113 2376 causam
1146 2321 1261 2377 odii
1296 2321 1353 2375 in
1384 2337 1449 2377 eo
1481 2321 1728 2394 reperire

85 2426 192 2465 non
220 2412 490 2481 possunt.
516 2408 563 2464 H
584 2407 685 2463 Vel
710 2409 914 2482 gratis,
933 2409 987 2464 id
1010 2413 1119 2480 est,
1146 2410 1270 2466 sine
1290 2426 1467 2465 causa
1493 2410 1579 2466 vel
1602 2410 1727 2466 sine

86 2496 346 2562 utilitate,
370 2496 477 2569 qui
502 2496 659 2553 enim
684 2496 940 2570 aliquem
974 2499 1343 2571 persequitur
1369 2504 1423 2555 et
1445 2499 1587 2555 nihil
1605 2516 1727 2571 pro-

82 2586 216 2654 ficit,
250 2602 368 2641 non
400 2585 744 2658 assequitur
774 2586 1156 2643 intentionem
1188 2605 1355 2644 suam
1386 2614 1399 2656 ;
1432 2588 1633 2659 gratis,
1669 2588 1723 2643 id

77 2678 179 2741 est,
212 2673 433 2730 frustra
466 2679 809 2746 persecutus
836 2674 1069 2730 dicitur.

73 2789 107 2845 3
172 2791 283 2847 Pro
306 2806 366 2846 eo
392 2797 457 2845 ut
611 2805 697 2845 me
738 2789 1062 2859 :dz'ligerent
1089 2791 1443 2848 detrahebant
1472 2793 1609 2847 mihi
1632 2809 1651 2846 :

208 2881 318 2951 Ego
346 2882 538 2934 autem
564 2879 814 2934 orabam.

138 2977 183 3032 Η
213 2976 259 3032 Η
292 2977 401 3033 Pro
433 2992 504 3032 eo
533 2981 599 3031 ut
627 2993 723 3033 me
749 2974 1076 3051 diligerent,
1100 2977 1158 3033 id
1177 2982 1284 3046 est,
1299 2995 1402 3050 pro
1423 2979 1721 3035 beneﬁciis

74 3080 195 3136 qua
222 3064 278 3119 in
313 3080 414 3120 eos
447 3062 835 3131 contuleram,
856 3064 967 3137 ipsi
998 3066 1380 3123 contumelias
1402 3066 1545 3121 mihi
1579 3067 1721 3122 fece-

71 3156 222 3219 runt,
254 3157 312 3208 et
342 3151 753 3209 retribuebant
808 3154 966 3209 mala
1016 3153 1160 3209 mihi
1220 3172 1323 3227 pro
1381 3155 1567 3211 bonis.
1602 3156 1718 3227 Ego

69 3245 256 3296 autem
281 3241 532 3297 orabam
557 3257 569 3296 :
595 3241 859 3310 Domine,
884 3258 955 3298 ne
976 3246 1202 3298 statuas
1234 3242 1349 3299 illis
1380 3242 1488 3299 hoc
1510 3259 1716 3315 pecca-

63 3333 185 3385 tum
205 3333 361 3398 (Luc.
386 3329 579 3400 χχιιι).
604 3330 651 3386 Η
669 3330 711 3385 C
741 3332 882 3387 Tres
911 3336 1051 3386 sunt
1082 3335 1446 3403 peccatorum
1477 3332 1713 3402 gradus,

63 3418 290 3488 primus
318 3435 438 3474 non
475 3404 717 3474 redde‘re
747 3418 900 3475 bona
926 3436 1030 3491 pro
1056 3420 1252 3488 bonis;
1286 3420 1575 3475 secundus
1599 3421 1719 3475 red-

64 3506 194 3561 dere
224 3510 387 3563 mala
420 3524 532 3581 pro
565 3506 739 3562 malis
766 3525 779 3574 ;
811 3507 1019 3563 tertius
1048 3512 1105 3563 et
1135 3508 1447 3580 pessimus,
1468 3509 1722 3564 tribuere

63 3594 217 3651 mala
249 3612 358 3667 pro
386 3595 584 3652 bonis.
602 3594 765 3651 Illam
788 3596 974 3652 διιόωί
996 3600 1314 3652 extremam
1336 3601 1392 3653 ct
1420 3598 1723 3653 vitiosissi-

61 3699 214 3738 mam
246 3688 485 3755 partem
517 3682 836 3756 elegerunt.
868 3686 908 3740 E
941 3689 1143 3741 contra
1184 3684 1414 3740 virtutis
1441 3690 1559 3741 tres
1590 3702 1721 3758 gra-

63 3769 171 3827 dus
200 3772 469 3843 adverte.
506 3771 739 3827 Primus
794 3772 1129 3844 impendere
1170 3773 1323 3829 bona
1370 3790 1473 3844 pro
1512 3774 1720 3841 bonis;

58 3858 361 3913 secundus
393 3855 622 3913 malum
656 3874 770 3913 non
804 3858 1043 3915 reddere
1072 3875 1177 3931 pro
1209 3858 1360 3914 malo
1387 3877 1400 3927 ;
1432 3860 1639 3916 tertius
1668 3865 1724 3915 et

57 3944 540 4016 perfectissimus
578 3946 799 4001 bonum
834 3945 1089 4002 tribuere
1119 3964 1222 4019 pro
1266 3946 1437 4003 malo.
1472 3948 1541 4002 Et
1572 3949 1724 4005 sicut

53 4031 239 4089 Judaei
270 4033 617 4107 pessimum
660 4034 934 4090 vitiorum
984 4036 1232 4108 gradum
1276 4035 1607 4108 elegerunt;
1644 4037 1723 4092 ita

54 4120 327 4178 Christus
342 4140 659 4179 summum
675 4121 842 4178 illum
864 4123 1140 4179 bonitatis
1160 4125 1406 4196 gradum
1428 4129 1723 4181 tenerevo-

52 4206 180 4279 luit,
215 4210 506 4266 utetiam
550 4204 611 4265 in
646 4228 816 4267 cruce
866 4216 1059 4267 oraret
1103 4228 1207 4283 pro
1257 4211 1718 4269 cruciﬁxoribus.

53 4296 96 4351 Η
131 4298 251 4370 Ego
312 4302 528 4355 autem
583 4299 825 4354 orabam
858 4316 871 4355 :
907 4299 1093 4367 Pater,
1143 4300 1379 4372 ignosce
1421 4300 1573 4369 illis;
1608 4319 1720 4357 non

49 4384 376 4442 vindictam
411 4387 686 4455 orabam,
714 4388 815 4443 sed
846 4404 1048 4444 eorum
1080 4387 1346 4444 salutem.

52 4490 84 4544 4
155 4493 221 4548 Et
248 4502 569 4564 posuerunt
595 4493 884 4550 adversum
906 4510 992 4551 me
1019 4495 1169 4549 mala
1187 4510 1287 4566 pro
1318 4495 1472 4549 bonis
1500 4513 1521 4548 :

188 4582 258 4637 Et
287 4583 495 4638 odium
522 4599 622 4655 pro
651 4583 940 4639 dilectione
968 4599 1106 4638 mea.

117 4676 164 4731 Η
196 4678 551 4736 Posuerunt
597 4680 923 4739 adversum.
957 4696 1053 4735 me
1094 4678 1249 4735 mala
1282 4697 1294 4734 :
1330 4678 1427 4735 ille
1478 4680 1718 4752 rogabat

44 4781 147 4835 pro
173 4768 702 4841 crucifigentibus,
730 4766 815 4823 illi
842 4768 1144 4824 dicebant:
1178 4767 1302 4824 Vah
1334 4767 1434 4840 qui
1466 4768 1721 4824 destruis

44 4854 339 4927 templum
389 4855 533 4922 hoc,
577 4856 741 4913 salva
781 4857 1153 4928 temetipsum
1196 4856 1396 4928 (Matth.
1429 4860 1622 4925 xxvn).
1655 4858 1725 4912 Et

44 4941 245 4999 odium
306 4961 419 5017 pro
485 4944 840 5001 dilectione:
874 4944 1212 5010 Considera,
1245 4961 1276 4999 ο
1317 4944 1639 5000 Christiane
1668 4950 1725 5001 et

47 5033 364 5100 monacho,
389 5033 443 5089 si
472 5032 746 5089 Christus
770 5049 874 5105 pro
903 5033 1379 5106 crucifigentibus
1400 5049 1462 5088 se
1490 5033 1717 5088 orabat:

49 5133 156 5175 nos
184 5137 296 5193 pro
331 5120 633 5177 fratribus
659 5120 875 5177 nostris
906 5120 1048 5192 quid
1080 5121 1266 5177 facere
1297 5121 1634 5177 debeamus.

46 5214 81 5269 5
149 5219 451 5274 Constitue
479 5233 652 5290 super
677 5233 806 5275 eum
827 5225 1162 5290 peccatorem
1190 5236 1208 5271 :

182 5306 249 5362 Et
275 5306 551 5363 diabolus
578 5310 681 5362 stet
708 5323 743 5362 a
766 5305 976 5361 dextris
1002 5309 1145 5377 ejus.

112 5401 153 5455 C
186 5402 478 5457 Praedixit
504 5401 797 5475 Propheta
823 5401 1188 5457 certissimus
1231 5401 1580 5469 futurorum,
1614 5418 1713 5458 su-

44 5490 177 5561 praJ
186 5492 373 5547 udam
388 5489 749 5547 traditorem
764 5489 1240 5546 constituendum
1255 5506 1381 5545 esse
1394 5489 1712 5546 diabolum:

47 5579 141 5648 qui
167 5580 386 5635 merito
410 5583 696 5653 peccator
725 5578 957 5643 dicitur,
983 5577 1255 5650 quoniam
1280 5584 1577 5649 peccatum
1603 5583 1716 5633 tra-

47 5665 283 5725 ditionis
304 5669 383 5725 ab
412 5668 555 5740 ipso
582 5666 838 5739 sumpsit
861 5665 1116 5721 initium.
1139 5665 1333 5729 Addit,
1362 5670 1420 5721 et
1451 5666 1717 5721 diabolus

47 5756 157 5809 stet
184 5772 219 5811 a
249 5756 490 5813 dextris
525 5755 663 5826 ejus
697 5771 710 5811 :
744 5755 873 5811 Non
922 5754 1111 5826 potuit
1161 5753 1457 5808 dexteram
1510 5753 1719 5810 habere

1981 2050 2048 2102 Et
2071 2048 2434 2120 episcopatum
2465 2049 2581 2121 ejus
2610 2050 2843 2120 accipiat
2864 2050 3022 2104 alter.

1909 2134 1955 2190 H
1986 2135 2117 2192 Dies
2138 2138 2264 2207 ejus
2286 2137 2452 2209 pauci
2478 2142 2615 2193 sunt
2643 2154 2655 2192 :
2681 2137 2959 2209 quoniam
2983 2138 3221 2194 recessit
3244 2139 3317 2195 ab
3348 2140 3475 2213 ipso

1838 2221 1922 2277 sol
1944 2223 2207 2294 justitize,
2243 2228 2297 2279 et
2330 2226 2577 2281 tenebrae
2608 2225 2659 2281 ei
2691 2225 3087 2297 multiplicata:
3118 2231 3274 2282 sunt.
3300 2229 3341 2282 C
3371 2228 3474 2285 Vel

1835 2312 1969 2381 quia
2011 2329 2124 2367 non
2157 2313 2358 2368 tandiu
2383 2314 2439 2369 in
2472 2313 2797 2385 apostolatu
2828 2313 2988 2379 vixit,
3022 2314 3173 2369 sicut
3202 2314 3299 2369 alii
3334 2332 3470 2387 apo-

1835 2399 1986 2455 stoli.
2022 2401 2089 2455 Et
2117 2401 2513 2473 episcopatum
2546 2403 2674 2472 ejus
2706 2402 2928 2474 accepit
2956 2402 3103 2458 alter
3132 2403 3267 2473 (Act.
3304 2410 3365 2471 ι),
3402 2421 3473 2459 ne

1835 2505 2116 2543 numerus
2147 2492 2578 2547 sacratissimus
2603 2490 3021 2562 apostolorum,
3046 2491 3196 2546 .luda
3218 2494 3468 2559 mortuo,

1835 2584 2221 2648 rumperetur.
2258 2580 2636 2651 Episcopatus
2669 2597 2938 2637 summus
2969 2580 3028 2634 in
3061 2579 3312 2636 Ecclesia
3341 2598 3470 2653 gra-

1833 2666 1943 2721 dus
1978 2682 1991 2720 :
2029 2667 2227 2721 Latine
2256 2670 2677 2740 superinspectio
2707 2668 2938 2723 dicitur.

1831 2756 1865 2808 8
1937 2757 2102 2811 Fiant
2130 2758 2241 2827 ﬁlii
2268 2759 2383 2829 ejus
2413 2758 2651 2829 orphani
2679 2773 2693 2812 :

1972 2846 2034 2898 Et
2064 2861 2206 2900 uxor
2232 2848 2345 2917 ejus
2374 2847 2567 2902 vidua.

1898 2932 2007 2987 AC
2038 2934 2310 3000 Quamvis
2340 2932 2478 2989 alibi
2531 2950 2645 2989 non
2706 2932 2933 3006 legatur
2973 2932 3185 2988 Judam
3232 2949 3467 2989 uxorem

1828 3017 2105 3076 habuisse
2151 3021 2235 3077 vel
2284 3022 2453 3086 ﬁlios,
2485 3026 2676 3077 tamen
2725 3038 2792 3076 ex
2842 3021 2955 3075 ista
3002 3020 3305 3093 pr0phetia
3333 3036 3466 3076 eum

1826 3106 2103 3164 habuisse
2128 3110 2302 3165 datur
2322 3108 2694 3182 intelligi.lllo
2717 3109 2872 3164 enim
2899 3112 3127 3163 mortuo
3147 3107 3274 3164 sine
3286 3107 3463 3162 dubio

1826 3195 2086 3267 contigit,
2117 3202 2174 3252 et
2207 3202 2270 3253 ut
2298 3197 2473 3253 vidua
2503 3198 2663 3253 fieret
2691 3213 2836 3252 uxor
2858 3197 2987 3267 ejus
3018 3195 3238 3263 relicta,
3270 3199 3327 3250 et
3358 3194 3463 3250 filii

1824 3284 2089 3356 orphani,
2122 3303 2254 3341 cum
2312 3291 2474 3358 patre
2516 3284 2873 3341 caruissent.
2925 3282 3276 3356 Spiritaliter
3326 3299 3462 3338 vero

1748 3358 1790 3425 C
1830 3378 1968 3428 sunt
1993 3375 2103 3444 ﬁlii
2125 3375 2241 3443 ejus
2267 3376 2400 3430 dicti
2426 3374 2628 3439 Judwi,
2659 3375 2755 3445 qui
2784 3389 2908 3427 eum
2938 3373 2999 3427 in
3030 3370 3133 3426 illa
3178 3370 3469 3425 traditione

1828 3463 1999 3517 secuti
2024 3472 2171 3518 sunt.
2209 3464 2247 3518 ll
2282 3463 2349 3517 Et
2380 3479 2673 3535 synagoga
2721 3477 2865 3516 uxor
2912 3460 3100 3526 Judar,
3130 3476 3255 3530 quae
3285 3475 3318 3513 a
3345 3458 3468 3513 viro

1829 3550 2054 3605 Christo
2085 3551 2407 3623 repudiata,
2435 3551 2596 3606 Judae
2646 3548 2907 3605 traditori
2940 3546 3143 3603 relicta
3170 3550 3278 3602 est.
3311 3547 3353 3602 C
3381 3544 3470 3601 vel

1831 3655 1975 3694 uxor
2003 3638 2271 3694 voluntas
2301 3640 2429 3711 ejus
2460 3639 2570 3693 dici
2601 3642 2807 3710 potest,
2826 3637 2895 3691 de
2913 3653 3028 3707 qua
3046 3651 3221 3707 opera
3236 3651 3476 3708 genera-

1831 3743 1984 3793 mus,
2018 3745 2144 3800 qua:
2176 3728 2276 3783 ﬁlii
2312 3728 2427 3784 dici
2463 3732 2731 3800 possunt.
3428 3724 3435 3730 ’

1829 3816 1865 3870 9
1934 3818 2196 3872 Nutantes
2228 3819 2637 3888 transferantur
2654 3817 2764 3887 ﬁlii
2789 3816 2904 3886 ejus
2932 3823 2985 3871 et
3014 3814 3319 3870 mendice-nt
3348 3831 3366 3868 .°

1970 3905 2279 3975 Ejiciantur
2304 3906 2371 3959 de
2400 3904 2827 3960 habitationibus
2853 3904 2989 3958 suis.

1901 3991 1946 4046 H
1977 3992 2259 4047 Nutantes
2283 3993 2516 4047 fuerunt
2533 3992 2714 4047 Judaei
2739 3994 2871 4064 post
2900 3988 3335 4045 crucifixionem
3365 3988 3471 4044 Do-

1831 4078 1996 4149 mini,
2019 4079 2155 4151 quia
2188 4097 2298 4135 non
2333 4085 2471 4135 sunt
2502 4081 2559 4134 in
2593 4080 2718 4135 suis
2749 4076 3360 4133 locis.Mendicitatem
3377 4075 3471 4130 hic

1831 4166 1971 4222 dicit
1990 4185 2182 4222 rerum
2208 4166 2701 4239 spiritalium,non
2723 4166 2879 4222 enim
2901 4165 3118 4220 habent
3137 4162 3471 4235 prophetas,

1829 4272 1944 4311 non
1985 4255 2199 4311 habent
2248 4256 2453 4327 legem,
2488 4273 2602 4311 non
2657 4253 3066 4319 sacerdotium,
3102 4269 3217 4307 non
3249 4251 3470 4307 sacriﬁ-

1830 4342 2015 4399 cium:
2042 4344 2141 4399 sed
2171 4360 2300 4399 vere
2330 4344 2577 4399 mendici
2611 4346 2750 4398 sunt
2776 4341 2910 4397 facti
2944 4338 3265 4412 indigentia
3292 4340 3473 4395 bona-

1830 4430 1959 4486 ruin
1994 4448 2207 4487 rerum.
2232 4432 2390 4496 Quod
2416 4432 2729 4505 figuratum
2756 4434 2845 4484 est
2875 4429 2934 4483 in
2965 4428 3128 4494 Cain,
3154 4427 3225 4482 de
3256 4442 3373 4497 quo
3394 4425 3490 4481 di-

1830 4520 1999 4589 citur,
2033 4520 2187 4575 Exiit
2214 4538 2247 4575 a
2281 4520 2423 4576 facie
2459 4520 2551 4576 Dei
2601 4523 2658 4575 et
2709 4516 2993 4573 habitavit
3038 4515 3099 4571 in
3149 4518 3302 4570 terra
3330 4513 3477 4569 Naid

1831 4611 1981 4677 (Gen.
2038 4610 2160 4680 1v):
2221 4609 2361 4664 Naid
2424 4613 2617 4663 autem
2672 4608 3093 4678 interpretatur
3140 4603 3421 4659 commotio
3473 4602 3486 4639 ε

1754 4717 1801 4783 D
1831 4713 2099 4769 egressus
2121 4712 2255 4769 ergo
2278 4716 2308 4752 a
2334 4698 2475 4753 facio
2500 4696 2621 4763 Dei,
2649 4712 2767 4751 non
2791 4695 2973 4762 stetit,
2997 4692 3097 4749 sed
3120 4688 3484 4751 habitavitin

1831 4784 2218 4841 commotione
2247 4790 2304 4841 et
2333 4784 2732 4840 instabilitate.

1836 4875 1904 4928 10
1975 4873 2259 4929 Serutelur
2286 4877 2559 4945 fenerator
2583 4889 2794 4929 omnem
2820 4870 3184 4927 substantiam
3211 4867 3329 4939 ejus
3361 4882 3379 4922 :

1971 4963 2041 5032 Ξ(
2072 4963 2135 5017 Et
2177 4968 2191 5026 ζ
2237 4963 2505 5033 diripiant
2534 4963 2708 5018 alieni
2737 4962 2943 5017 labores
2971 4959 3107 5029 ejus.

1903 5050 1948 5105 H
1984 5051 2295 5105 Fenerator
2326 5068 2340 5103 :
2376 5050 2468 5105 hic
2518 5050 2791 5107 diabolus
2842 5047 3141 5120 accipitur.
3176 5046 3292 5100 Hoc
3324 5060 3481 5099 nunc

1831 5138 2083 5210 optativo
2115 5138 2287 5193 modo
2324 5138 2704 5209 prophetatur
2732 5137 2999 5205 Juda,ut
3029 5135 3198 5190 detur
3226 5132 3287 5187 in
3319 5134 3480 5204 pote-

1830 5230 2038 5282 statem
2069 5225 2306 5293 diaboli,
2330 5230 2393 5280 ut
2410 5227 2682 5281 omnibus
2715 5226 2883 5281 bonis
2914 5222 3265 5279 onudetur.C
3284 5219 3450 5276 Alien

1822 5331 2053 5386 quoque
2111 5318 2250 5369 sunt
2300 5313 2591 5369 immundi
2645 5315 2911 5386 spiritus,
2944 5311 3160 5384 quibus
3202 5307 3497 5375 diabolus:

1822 5406 2103 5473 tanquam
2137 5400 2445 5473 mancipiis
2488 5402 2738 5473 imperat
2767 5402 2838 5457 ad
2872 5399 3221 5455 nocendum.
3254 5395 3354 5452 Isti
3383 5394 3498 5450 la-.

1825 5490 1996 5546 bores
2039 5488 2345 5562 diripiunt,
2382 5491 2657 5545 mandata
2714 5490 2813 5545 Dei
2863 5483 3429 5557 transgredientium

1829 5579 1971 5633 dum
1989 5581 2257 5650 percepta
2272 5577 2507 5633 licentia
2522 5594 2619 5633 eos
2638 5576 2805 5633 bonis
2824 5575 3098 5632 omnibus
3111 5568 3459 5643 privaverint

1835 5669 1878 5722 ll
1914 5668 2046 5721 Sive
2079 5666 2250 5720 alieni
2286 5666 2532 5721 Romani
2568 5667 2844 5732 fuerunt,
2871 5664 2970 5735 Qui
3004 5678 3102 5716 cos
3132 5655 3433 5721 vastando,
3462 5652 3474 5705 l
3500 5668 3531 5704 a

1838 5756 2009 5811 bores
2038 5758 2093 5810 et
2124 5754 2358 5810 divitias
2386 5755 2774 5828 diripuerunt.
