3878 6444
256 566 330 623 lt
397 566 520 624 Νοη
541 565 618 622 sit
645 561 978 635 illiatljutor
1006 579 1026 617 :

396 654 726 726 Nec'sit-qui
749 653 1081 711 misereatur
1105 650 1336 722 pupillis
1363 650 1500 722 ejus.

324 744 373 800 Η
404 743 532 800 Non
562 742 640 799 sit
669 740 753 797 illi
783 741 1036 812 adjutor.
1069 738 1174 794 lllo
1205 743 1464 810 tempore
1489 736 1695 794 habuit
1723 755 1909 810 popu-

251 833 351 892 lus
367 831 707 890 Judaaorum
729 828 1323 902 adiutorem,quando
1339 827 1449 882 fuit
1470 826 1530 882 in
1555 826 1910 900 Babylonica

251 921 586 996 captivitate
615 918 990 993 septuaginta
1017 915 1209 984 annis,
1236 915 1444 972 habuit
1473 915 1632 972 enim
1655 915 1734 972 ibi
1767 917 1908 972 Eze-

253 1010 406 1072 chiel
435 1014 494 1066 et
521 1009 723 1068 Daniel
755 1007 1096 1082 prophetas:
1114 1011 1170 1062 et
1199 1006 1469 1078 quamvis
1493 1009 1631 1061 tunc
1655 1004 1910 1061 colerent

253 1100 432 1168 idola,
463 1104 662 1160 tamen
684 1113 889 1156 eorum
919 1097 1076 1154 Deus
1106 1095 1691 1152 miserebatur.1\'unc
1711 1100 1906 1150 autem

256 1186 835 1266 quadringenti'anni
865 1190 1006 1243 sunt
1035 1203 1070 1241 a
1097 1185 1313 1242 Christi
1358 1184 1670 1252 occisione,
1704 1189 1760 1240 et
1792 1201 1908 1239 non

256 1279 458 1342 colant
484 1278 676 1338 idola:
712 1291 893 1350 quare
940 1274 1254 1347 dereliquit
1300 1291 1400 1329 eos
1429 1273 1739 1342 Dominus,
1772 1272 1928 1345 quia-

256 1369 554 1429 Christum
583 1367 942 1433 occiderunt,
976 1369 1033 1421 et
1062 1363 1191 1420 ideo
1241 1379 1357 1418 non
1406 1367 1497 1418 est
1536 1362 1620 1418 eis
1652 1362 1908 1433 adjutor.

257 1457 550 1532 CJ’upilli-
564 1473 697 1516 vero
727 1455 869 1512 dicti
898 1459 1038 1510 sunt
1068 1452 1236 1526 quasi
1269 1450 1603 1524 pusilli,qui
1630 1449 1912 1524 parvitate

258 1548 457 1610 aetatis
476 1547 646 1607 ad‘se
673 1545 962 1618 regendos
990 1543 1315 1616 probantur
1345 1539 1588 1597 inﬁrmi.

262 1639 332 1698 12
400 1638 570 1696 Fiam
591 1635 714 1692 nati
743 1634 860 1706 ejus
886 1635 948 1688 in
977 1633 1266 1688 interitum
1296 1648 1315 1687 :

400 1730 473 1785 In
499 1725 850 1797 generatione
877 1737 992 1777 una
1020 1721 1266 1777 deleatur
1295 1735 1487 1776 nomen
1517 1721 1652 1792 ejus.

333 1816 381 1872 Η
411 1815 456 1872 Ο
486 1812 816 1887 prophetia,
840 1829 873 1868 o
905 1814 1338 1868 sacramentum
1372 1809 1712 1882 pmphetiaal
1736 1806 1795 1862 in
1819 1823 1916 1880 ge-

262 1904 563 1963 neratione
582 1919 702 1958 una
719 1900 984 1958 deleatur
1001 1916 1216 1955 nomen
1233 1898 1573 1955 Judzcorum
1595 1917 1608 1954 :
1631 1901 1764 1971 post
1785 1913 1914 1970 pas-

263 1995 491 2051 sionem
529 1989 761 2048 Domini
793 1987 1184 2063 quadraginta
1213 1987 1328 2043 duo
1361 1985 1498 2043 anni
1530 1986 1911 2054 transierunt,

262 2087 322 2141 et
345 2080 604 2156 populus
627 2079 732 2136 ille
757 2077 986 2136 deletus
1015 2082 1128 2144 est,
1160 2093 1228 2133 ac
1255 2075 1657 2149 Hierosolyma
1683 2076 1912 2131 destru-

264 2175 360 2230 cta
387 2173 508 2228 est:
526 2169 628 2228 sed
649 2168 710 2226 in
737 2167 848 2224 hoc
869 2166 1182 2224 clementia
1214 2166 1309 2223 Dei
1338 2171 1484 2234 erat,
1510 2164 1652 2238 quia
1669 2164 1918 2235 quadra.

261 2262 429 2336 ginta
455 2259 605 2316 duos
635 2273 822 2316 annos
848 2255 1008 2313 dedit
1035 2255 1122 2312 eis
1151 2256 1222 2312 ad
1251 2255 1681 2328 pcnnitendum,
1715 2258 1916 2326 postea

262 2349 472 2408 nullus
492 2347 776 2406 remansit
801 2362 872 2404 ex
900 2345 988 2402 eis
1017 2345 1076 2401 in
1108 2344 1210 2401 illa
1241 2343 1495 2416 regione.

259 2439 336 2500 43
403 2439 465 2498 In
515 2437 841 2496 memoriam
889 2435 1074 2492 redeat
1121 2436 1387 2507 iniquitas
1438 2442 1665 2506 patrum
1710 2433 1826 2504 ejus
1857 2433 1913 2487 in

475 2534 762 2600 conspectu
781 2527 1006 2582 Domini
1028 2544 1047 2580 :

333 2629 340 2640 '
405 2619 472 2676 Et
497 2624 779 2690 peccatum
803 2615 998 2672 matris
1026 2614 1148 2684 ejus
1173 2629 1284 2669 non
1311 2611 1577 2668 deleatur.

337 2706 386 2763 Η
413 2705 596 2761 Judas
641 2702 1031 2769 maledicitur,
1061 2705 1129 2757 ut
1158 2701 1217 2756 in
1246 2701 1278 2756 J
1288 2701 1403 2756 uda
1431 2700 1617 2757 Judaei
1667 2697 1916 2756 maledi-

265 2796 496 2850 cantur.
515 2791 906 2848 Peccaverunt
923 2789 1109 2845 Judaei
1141 2788 1199 2844 in
1225 2789 1476 2857 deserto,
1501 2789 1602 2845 sed
1625 2788 1780 2845 Deus
1801 2787 1918 2844 illis

266 2879 512 2948 dimisit,
545 2894 714 2939 nunc'
734 2882 1024 2953 precatur,
1041 2882 1104 2934 ut
1127 2876 1244 2933 illis
1279 2881 1581 2950 reputatur
1599 2878 1756 2949 quod
1779 2881 1919 2932 tunc

265 2973 610 3046 peccaram,
639 2973 922 3042 tanquam
955 2984 1168 3024 novum
1201 2966 1416 3037 scelus,
1440 2967 1500 3022 in
1532 2967 1920 3022 interitum.C.

265 3062 576 3120 Peccatum
607 3057 816 3116 matris
849 3074 864 3117 :
894 3061 984 3114 est
1013 3062 1151 3113 nota
1200 3057 1547 3129 protervitas
1590 3073 1917 3129 synagogas,

266 3157 396 3224 qua
427 3146 988 3225 prophetasoccidit
1020 3162 1032 3202 :
1065 3149 1121 3202 et
1174 3163 1243 3202 ex
1299 3145 1401 3201 illa
1457 3149 1618 3218 parte
1666 3146 1919 3218 genitrix

266 3238 583 3314 proditoris
609 3237 765 3299 dicta
791 3240 900 3305 est,
934 3235 1074 3310 quia
1119 3234 1521 3292 innocentium
1566 3234 1917 3308 sanguinem

1163 425 1230 488 8.
1275 423 2342 500 BRUNQN‘IS'HERBIPOLENSIS
2385 425 2770 491 EPISCOPI.

1939 561 1994 629 Λ
2025 563 2122 617 tur
2154 577 2166 618 :
2204 564 2271 618 ut
2297 561 2592 634 Stephano
2621 564 2681 618 et
2710 558 2887 619 Paulo
2917 562 2976 616 et
3005 557 3135 616 aliis
3159 574 3309 631 quos
3330 555 3518 614 διιόωὶ
3550 573 3681 630 per-

3561 423 3733 496 40‘s

2016 651 2204 707 secuti
2233 657 2373 708 sunt
2401 652 2461 707 in
2489 651 2740 706 Christo.

2019 741 2087 796 16
2157 743 2224 796 Et
2249 741 2448 796 dilexit
2475 739 2940 808 maledictionem,
2963 742 3016 796 et
3045 740 3221 796 veniet
3245 739 3299 794 ei
3330 755 3343 794 :

2156 830 2220 886 Et
2249 831 2431 885 notuit
2453 829 2908 896 benedictionem,
2937 836 2992 884 et
3019 826 3370 897 etongabitur
3398 826 3468 882 ab
3490 843 3574 883 eo.

2087 919 2128 974 C
2159 919 2365 975 Adhuc
2397 919 2469 975 de
2501 919 2724 992 perﬁdo
2760 917 2974 991 populo
3005 915 3690 989 dieit:quiadilexitma-

2018 1005 2407 1076 ledictionem,
2441 1007 2676 1081 quando
2718 1007 2835 1062 ait:
2860 1007 3114 1079 Sanguis
3145 1006 3272 1078 ejus
3301 1021 3481 1078 super
3501 1009 3689 1062 noset

2018 1111 2196 1168 snper
2247 1095 2396 1152 ﬁlios
2455 1101 2694 1152 nostros
2728 1096 2936 1168 (Matth.
2968 1097 3168 1164 xxm).
3198 1093 3398 1151 Noluit
3442 1093 3684 1150 benedi-

2019 1185 2271 1242 ctionem
2305 1203 2318 1241 :
2353 1186 2591 1258 quando
2623 1187 2696 1242 ab
2738 1184 3072 1241 illuminato
3123 1182 3346 1240 dictum
3401 1187 3491 1240 est
3537 1182 3679 1253 illis,

2017 1275 2299 1346 Nunquid
2323 1279 2380 1330 et
2403 1293 2506 1331 vos
2531 1274 2707 1330 vultis
2730 1272 3006 1347 discipuli
3025 1275 3154 1346 ejus
3175 1273 3300 1328 ﬁeri
3322 1275 3554 1342 Νισίβι.
3574 1278 3708 1342 Ix.)-

2018 1365 2089 1418 At
2109 1363 2187 1418 illi
2214 1363 2406 1436 (quasi
2429 1364 2540 1420 sub
2580 1364 2892 1420 maledicto
2923 1363 3208 1421 acerrimo
3239 1361 3554 1434 provocati)
3587 1362 3680 1417 di-

2021 1452 2251 1522 cebant,
2275 1453 2362 1508 'l‘u
2385 1453 2468 1508 sis
2489 1453 2820 1524 discipulus
2837 1453 2888 1524 ej
2900 1456 3321 1520 us,nosautem
3344 1450 3678 1524 Moysiﬂuo

2021 1541 2198 1608 dioto,
2222 1541 2567 1615 prolongata
2595 1547 2686 1597 cst
2715 1542 2787 1598 ab
2819 1541 2906 1598 eis
2935 1540 3286 1609 benedictio,
3309 1540 3543 1613 quando
3559 1539 3678 1596 illis

2023 1630 2316 1686 derelictis
2346 1631 2504 1686 venit
2535 1630 2606 1686 ad
2637 1631 2904 1703 gentium
2937 1630 3134 1686 ﬁdem.

2025 1720 2092 1776 17
2165 1721 2229 1777 Et
2259 1719 2442 1776 induit
2474 1719 2910 1779 maledictionem
2940 1721 3081 1776 sicut
3111 1720 3486 1776 vestimentum
3519 1737 3532 1774 :

2235 1815 2286 1865 et
2323 1811 2552 1866 intravit
2579 1811 2720 1865 sicut
2750 1826 2898 1882 aqua
2928 1812 2986 1864 in
3020 1810 3285 1866 interiora
3307 1809 3445 1881 ejus.

2166 1899 2230 1954 Et
2258 1901 2401 1954 sicut
2427 1900 2608 1954 oleum
2639 1901 2699 1954 in
2729 1899 2942 1955 ossibus
2971 1899 3110 1970 ejus.

2095 1987 2137 2044 C
2167 1987 2361 2043 Induit
2389 2005 2450 2044 se
2482 1987 2796 2062 praedictus
2822 1987 3076 2060 populus
3098 1986 3503 2044 maledictione
3527 1987 3684 2044 sicut

2023 2077 2403 2135 vestimento:
2429 2078 2687 2150 quando,
2720 2076 3039 2150 instigante
3069 2076 3686 2144 diabolo,consensum

2025 2166 2376 2238 prazbuit,ut
2393 2167 2706 2223 Dominum
2741 2166 2946 2222 Pontio
2969 2165 3153 2223 Pilato
3177 2166 3408 2223 tradere
3435 2164 3686 2223 maluis-

2025 2259 2134 2311 set.
2170 2254 2252 2310 lbi
2283 2255 2440 2310 enim
2474 2254 2719 2311 indutus
2765 2259 2856 2311 est
2907 2254 3076 2328 quasi
3125 2271 3298 2312 onere
3327 2255 3508 2312 vestis
3539 2255 3686 2312 :ubi

2024 2343 2126 2402 tali
2158 2343 2454 2400 voluntate
2487 2361 2549 2400 se
2579 2343 2837 2402 involvit.
2874 2343 3118 2400 Intravit
3163 2361 3297 2402 vero
3343 2344 3497 2400 sicut
3526 2360 3685 2416 aqua

2027 2431 2387 2489 maledictio:
2413 2434 2650 2506 quando
2673 2431 3014 2490 deliberavit
3035 2433 3404 2507 facerc,quod
3426 2433 3476 2489 ei
3492 2433 3686 2492 fuerat

2026 2521 2406 2594 iniquissima
2437 2521 2822 2594 inspiratione
2859 2526 3225 2596 suggestum,
3259 2522 3490 2594 quando
3521 2521 3687 2582 enim

2027 2627 2181 2684 aqua
2199 2610 2521 2667 visceribus
2543 2611 2794 2668 inﬁrmis
2808 2611 3687 2685 recipitur,semperingreditur

2027 2701 2100 2756 ad
2132 2701 2482 2756 nocendum.
2518 2701 2723 2756 Oleum
2772 2701 2866 2756 hic
2906 2700 3200 2775 signiﬁcat
3239 2701 3685 2759 delectationem

2027 2788 2302 2846 facinoris
2337 2806 2349 2844 :
2386 2790 2539 2846 unde
2568 2793 2626 2845 et
2656 2790 2824 2846 tertio
2867 2789 3098 2846 inﬂuxit
3147 2789 3428 2863 iniquitas
3455 2789 3514 2846 in
3547 2806 3687 2848 ossa

2027 2882 2094 2934 ut
2125 2878 2315 2934 oleum
2347 2879 2582 2952 quando
2613 2879 2887 2936 cll'ectum
2921 2879 3000 2935 rei
3027 2878 3290 2935 inaudita
3311 2879 3686 2954 perversitate

2028 2967 2358 3041 complevit,
2393 2972 2458 3024 ut
2496 2969 2624 3040 jam
2674 2986 2790 3025 non
2823 2969 2882 3024 in
2917 2967 3195 3025 interiora
3225 2968 3418 3025 solum
3463 2967 3685 3038 carnis,

2029 3057 2128 3113 sed
2163 3057 2338 3112 etiam
2369 3058 2594 3113 ossium
2627 3057 2868 3114 venerit.

2031 3148 2098 3202 18
2173 3149 2292 3202 Fiat
2313 3149 2366 3202 ei
2392 3149 2536 3204 sicut
2565 3151 2948 3204 vestimentum
2972 3164 3076 3221 quo
3104 3149 3347 3220 operitur
3380 3163 3394 3202 :

2173 3237 2238 3292 Et
2261 3238 2405 3292 sicut
2435 3253 2573 3293 zona
2599 3254 2711 3310 qua
2736 3254 2950 3310 semper
2971 3237 3359 3310 praecingitur.

266 3309 448 3389 ludit:
475 3345 596 3388 non
613 3345 684 3388 cx
703 3326 812 3386 illa
825 3309 989 3399 parte
1009 3327 1138 3397 ejus
1159 3329 1348 3382 mater
1371 3324 1605 3391 dicitur,
1629 3341 1750 3397 qua
1763 3322 1918 3379 viros
1949 3309 1994 3379 C
2101 3323 2142 3379 C
2171 3326 2362 3398 Supra
2392 3326 2538 3382 dixit
2569 3309 2779 3393 induit,
2803 3309 3246 3400 quodipertinet
3277 3326 3350 3382 ad
3381 3326 3640 3382 tunicam
3669 3344 3684 3382 :

267 3422 502 3477 sanctos
533 3415 1152 3491 protulit,-sed-qua(ut
1171 3415 1396 3470 dictum
1427 3415 1535 3486 est)
1570 3412 1920 3486 sanguinem

269 3506 447 3565 fudit;
468 3489 670 3578 int—qua
687 3509 852 3577 parte
879 3520 1009 3560 eam
1039 3503 1222 3558 ludas
1252 3507 1319 3558 ut
1347 3501 1502 3558 ﬁlius
1521 3501 1786 3558 imitatus
1805 3506 1916 3558 est.

272 3595 352 3653 11s
411 3599 586 3653 Fiunt
607 3600 800 3651 contra
825 3593 1121 3648 Dominum
1164 3607 1393 3663 semper.
1425 3591 1491 3646 Et
1533 3591 1802 3663 dispereat
1855 3590 1920 3647 de

478 3688 633 3739 terra
659 3681 926 3737 memoria
956 3695 1145 3735 eorum
1172 3694 1187 3735 :

407 3779 520 3831 Pro
547 3783 614 3828 eo
639 3767 782 3842 quod
805 3784 922 3825 non
963 3775 1044 3825 est
1091 3766 1404 3824 recordatus
1457 3769 1638 3839 facere
1693 3769 1916 3824 miseri-

475 3858 740 3916 cordiam.

332 3948 376 4006 0
401 3947 577 4008 Fiunt
595 3959 734 4022 ergo
755 3949 1090 4020 peccatores
1112 3947 1314 4002 contra
1334 3945 1649 4001 Dominum
1662 3963 1784 4002 sem
1791 3963 1912 4020 per,

257 4038 493 4113 quando
523 4037 811 4110 de‘rsgno
854 4036 986 4108 ejus
1035 4033 1294 4101 alienati,
1324 4040 1381 4090 et
1410 4035 1482 4091 ab
1512 4051 1578 4092 eo
1629 4035 1822 4108 divisi,
1854 4035 1914 4092 in

249 4127 589 4203 gehcnn‘am
623 4125 899 4184 mittendi
933 4128 1094 4194 sunt,
1127 4141 1264 4180 nam
1297 4140 1433 4181 cum
1465 4124 1560 4181 ille
1592 4125 1672 4182 sit
1697 4130 1914 4183 aaterna

252 4216 573 4285 beatitudo,
600 4220 808 4272 contra
837 4214 1036 4288 ipsum
1067 4213 1350 4270 dicuntur
1367 4213 1514 4281 ﬁeri,
1539 4215 1638 4288 qui
1672 4215 1913 4288 perenni

252 4305 476 4364 ultione
504 4302 1156 4377 damnantur.Disperit
1175 4308 1372 4360 autem
1396 4305 1679 4362 memoria
1707 4321 1911 4361 eorum

252 4396 329 4453 de
353 4399 514 4454 terra
533 4394 850 4454 viventium
883 4411 897 4452 :
929 4393 1032 4467 qui
1062 4393 1121 4449 in
1154 4393 1324 4450 beata
1354 4394 1546 4466 patria
1575 4411 1690 4450 non
1719 4394 1912 4450 viden-

251 4487 370 4553 tur,
402 4491 510 4542 nec
541 4482 726 4544 ullam
757 4482 1006 4540 ulterius
1038 4482 1502 4540 misericordiam
1535 4500 1912 4556 consequun-

252 4576 366 4631 tur.
389 4573 504 4631 Pro
525 4590 594 4630 eo
618 4574 774 4646 quod
805 4591 921 4634 non
952 4578 1060 4641 est,
1087 4576 1198 4630 etc.
1223 4571 1375 4628 Dicit
1404 4589 1644 4640 causam
1666 4571 1911 4629 ultionis

2030 3429 2186 3470 nunc
2217 3414 2358 3470 dicit
2389 3416 2668 3488 operitur,
2703 3418 2858 3489 quod
2891 3415 3118 3474 videtur
3147 3413 3325 3490 pallio
3355 3415 3684 3472 convenire.

2029 3503 2339 3561 Geminata
2384 3504 2542 3561 enim
2591 3506 2770 3562 vestis
2816 3505 3112 3578 signiﬁcat
3150 3521 3326 3562 onera
3355 3504 3687 3578 ingentium

2027 3597 2420 3664 peccatorum.
2437 3593 2506 3649 Et
2530 3594 2683 3650 sicut
2698 3611 2844 3650 zona
2864 3612 2982 3668 qua
3011 3611 3133 3651 sem
3143 3611 3244 3667 per
3275 3592 3682 3667 praecingitur:

2028 3693 2145 3754 qua
2167 3681 2556 3739 similitudine
2578 3683 2834 3751 dicit,sic
2847 3684 3102 3756 peccatis
3122 3681 3487 3756 illigantibus
3499 3681 3686 3738 fuisse

2025 3769 2210 3826 iatum
2236 3771 2517 3844 populum
2541 3773 3020 3844 constrictum,ut
3032 3788 3336 3845 nunquam
3357 3789 3392 3829 a
3413 3771 3536 3828 suis
3547 3787 3686 3828 one-

2027 3859 2190 3915 ribus
2211 3859 2624 3918 obstinationis
2643 3861 2889 3934 perﬁdia
2910 3866 3186 3933 gravatus
3208 3864 3533 3916 exueretur.
3551 3857 3682 3916 Istae

2023 3954 2214 4005 vestes
2244 3954 2402 4016 sunt,
2437 3965 2564 4022 qua:
2595 3949 3000 4021 peccatoribus
3052 3949 3256 4008 ardere
3288 3945 3529 4017 faciunt,
3564 3965 3683 4004 non

2023 4037 2249 4094 calere:
2284 4055 2412 4110 quae
2443 4037 2502 4094 in
2535 4039 2836 4095 flammam
2869 4037 3132 4110 mittunt,
3152 4053 3266 4095 non
3299 4057 3334 4094 a
3361 4037 3573 4110 frigore
3589 4037 3686 4093 de-

2024 4127 2294 4184 fendunt.

2025 4218 2093 4274 19
2165 4219 2274 4274 Hoc
2301 4233 2434 4289 opus
2474 4233 2663 4274 eorum
2721 4220 2822 4290 qui
2867 4217 3163 4274 detrahunt
3217 4217 3363 4273 mihi
3411 4215 3560 4290 apud
3584 4218 3687 4274 Do-

2237 4307 2454 4362 minum
2485 4324 2502 4360 :

2162 4399 2228 4451 Et
2258 4396 2356 4467 qui
2384 4395 2688 4468 loquuntur
2714 4396 2868 4452 mala
2914 4395 3173 4453 adversus
3199 4395 3460 4450 animum
3481 4409 3680 4451 meam.

2091 4484 2132 4540 C
2161 4483 2328 4540 Hunc
2356 4500 2590 4540 versum
2623 4499 2738 4541 non
2771 4485 2963 4542 solum
2997 4487 3204 4541 contra
3231 4483 3486 4551 Iudaeos,
3507 4483 3685 4542 sedet

2020 4577 2223 4629 contra
2243 4589 2450 4628 omnes
2473 4574 2728 4646 perﬁdos
2743 4575 3032 4630 debemus
3051 4572 3336 4646 accipere.
3358 4571 3686 4630 Detrahunt

242 4662 919 4736 jmtlssimazqaeniam
947 4663 1226 4751 pietatem
1258 4677 1374 4751 non
1408 4663 1597 4751 potest
1625 4660 1905 4751 invenire,
1939 4687 1986 4751 Β
2020 4662 2178 4718 enim
2209 4659 2354 4751 Filio
2385 4663 2538 4734 apud
2575 4662 2805 4720 Patrem
2832 4662 3056 4730 Ariani,
3089 4662 3192 4736 qui
3221 4675 3358 4719 eum
3395 4661 3684 4718 minorem

249 4751 350 4825 qui
364 4768 493 4808 eam
526 4751 658 4808 aliis
683 4751 1008 4809 contemnit
1037 4749 1517 4822 impendere,per
1546 4746 1907 4821 singularem
1939 4746 1978 4751 —
2020 4767 2153 4806 esse
2197 4749 2422 4806 dicunt.
2459 4751 2808 4823 Loquuntur
2834 4757 2893 4808 et
2921 4751 3077 4809 mala
3107 4752 3394 4808 adversus
3424 4751 3684 4806 animam

244 4857 380 4898 vero
395 4849 871 4908 numerummon
892 4838 1092 4910 ipsum
1114 4837 1144 4892 J
1151 4836 1328 4891 udam
1354 4835 1570 4902 solum,
1593 4837 1694 4891 sed
1718 4840 1907 4892 totum

244 4929 530 5003 populum
558 4929 620 4984 in
649 4926 814 4984 Judaa
845 4925 1058 4982 delicto
1091 4941 1273 4980 unum
1309 4924 1596 4980 debemus
1625 4925 1907 4998 accipere.

183 5008 188 5013 ’
244 5019 318 5076 15
383 5021 453 5078 Et
477 5020 792 5090 persecutus
819 5023 897 5071 est
926 5015 1204 5070 hominem
1228 5015 1448 5087 inopem
1473 5021 1523 5069 et
1550 5014 1866 5070 mendicum
1893 5034 1911 5072 :

383 5109 454 5164 Et
480 5109 862 5174 compunctum
885 5104 1042 5162 corde
1071 5105 1425 5176 morti/icere.

313 5195 355 5250 G
385 5195 546 5250 More
565 5194 764 5248 autem
787 5207 896 5256 suo
911 5210 1236 5266 pauperem
1262 5211 1324 5250 se
1351 5192 1641 5250 Dominus
1663 5197 1720 5250 et
1743 5210 1912 5250 men-

241 5283 443 5347 dicum
467 5290 598 5337 esse
631 5287 952 5338 memorat:
988 5283 1295 5339 mendicus
1321 5283 1391 5338 de
1425 5283 1817 5350 nostro,dlves
1833 5283 1905 5340 de

252 5385 381 5430 suo.
415 5369 462 5424 Η
485 5368 915 5438 Campunetum
942 5372 1114 5427 corde
1149 5390 1160 5428 :
1199 5378 1261 5427 ut
1293 5373 1350 5428 in
1383 5371 1694 5445 Evangelio
1730 5390 1742 5428 :
1777 5371 1903 5428 Tri-

248 5455 358 5512 stis
387 5461 480 5510 es't
507 5455 707 5510 anima
736 5471 865 5512 mea
894 5476 1080 5532 usque
1107 5461 1177 5515 ad
1212 5466 1460 5516 mortem
1494 5461 1902 5535 (Matth.xxv1).

251 5543 436 5602 Aliter
469 5561 482 5600 :
519 5543 629 5600 hoc
652 5541 948 5614 dolebant,
971 5547 1110 5620 quia
1139 5566 1276 5604 eum
1307 5554 1723 5621 persequentes
1754 5549 1909 5607 nole-

243 5631 817 5705 bantpcenitentiam
850 5650 1038 5706 agere.
1073 5639 1111 5691 A
1143 5637 1184 5690 Ο
1211 5636 1336 5704 Vel,
1372 5637 1511 5710 quia
1535 5641 1908 5711 compunctio

247 5720 489 5796 proprio
519 5723 592 5814 de
622 5720 878 5794 peccatis
908 5725 1014 5793 est,
1043 5724 1114 5780 de
1144 5724 1356 5780 Christi
1387 5725 1669 5782 membris
1704 5729 1908 5802 accipi-

2025 4837 2260 4896 Domini
2293 4839 2856 4913 Apollinaristae,qui
2877 4841 3086 4898 dicunt
3112 4842 3242 4914 ejus
3271 4841 3546 4897 deitatem
3563 4857 3688 4896 ραι-ο
3721 4881 3726 4889 .

2025 4945 2160 4985 nem
2193 4927 2385 4986 solam
2409 4928 2669 4988 hominis
2699 4929 3035 5004 suscepisse
3065 4947 3184 4987 non
3210 4929 3490 4996 animum.

2024 5020 2094 5074 20
2169 5023 2234 5074 Et
2265 5025 2348 5084 tu,
2379 5018 2626 5087 Domine,
2657 5021 2908 5089 Domine,
2939 5023 3033 5092 fac
3076 5034 3292 5076 mecum
3331 5022 3558 5092 propter
3582 5035 3682 5074 no-

2235 5123 2362 5163 men
2390 5115 2548 5164 tuum
2581 5126 2596 5164 ζ

2165 5197 2310 5266 Quia
2337 5199 2523 5252 suavis
2553 5205 2633 5254 est
2663 5198 3051 5256 misericordia
3079 5206 3197 5256 tua.

2087 5287 2126 5341 C
2156 5285 2226 5340 Et
2255 5289 2340 5352 tu,
2375 5286 2618 5343 Domine
2651 5304 2664 5342 :
2696 5289 2804 5346 hoc
2833 5291 2925 5344 est
2959 5304 2972 5344 :
3017 5286 3070 5344 si
3113 5285 3298 5344 Judas
3336 5284 3596 5352 tradidit,
3629 5286 3680 5342 si

2015 5374 2257 5430 Judzeus
2288 5374 2614 5432 cruciﬁxit:
2650 5381 2714 5434 tu
2753 5379 2844 5434 fac
2874 5375 3361 5444 misericordiam,
3385 5379 3450 5430 ut
3477 5379 3682 5432 contra

2020 5465 2122 5521 illa
2153 5483 2281 5539 quae
2315 5465 2467 5521 facta
2496 5472 2640 5522 sunt
2689 5467 3042 5524 resurrectio
3071 5465 3329 5540 gloriosa
3353 5463 3680 5539 proveniat.

2017 5555 2149 5610 Sive
2171 5554 2300 5611 ideo
2323 5553 2466 5610 dicit
2489 5573 2718 5612 mecum
2747 5556 2926 5629 :quia
2955 5556 3155 5612 omnia
3183 5573 3312 5630 quae
3343 5553 3482 5612 facit
3511 5553 3680 5610 Pater

2019 5648 2292 5716 operatur
2322 5647 2381 5698 et
2408 5643 2610 5702 Filius.
2642 5647 2847 5704 Suavis
2879 5652 2969 5702 est
3005 5646 3165 5703 enim
3192 5641 3594 5704 misericordia
3617 5642 3679 5698 in

2017 5730 2174 5788 vasis
2203 5729 2616 5794 misericordias
2649 5736 2830 5808 (Rom.
2857 5735 2959 5808 ix),
2991 5751 3170 5808 quam
3211 5731 3681 5802 misericordiam
