3878 6456
99 426 239 499 105.
1128 446 1135 451 ’
1357 433 1775 503 EXPOSITIO
1816 436 2323 504 PSALMORUM.
2548 454 2557 459 '
3410 442 3567 516 406).

95 569 158 624 in
191 565 331 624 istis
363 565 535 625 vasis
565 564 748 623 simul
780 563 917 623 facit
951 566 1122 622 Pater
1148 570 1206 623 et
1235 565 1416 623 Filius
1444 570 1501 622 et
1526 567 1778 641 Spiritus
1804 572 1862 643 Α
1890 575 2257 628 transeuntes
2289 572 2773 645 blasphemabant
2800 590 2968 630 eum;
2989 572 3154 631 Pater
3185 575 3393 633 Filium
3426 580 3529 637 be-

98 662 352 713 sanctus
391 673 405 711 :
443 654 535 712 vel
570 656 793 726 suavis,
824 656 882 711 in
913 654 1107 710 carnis
1135 654 1554 728 assumptione.
1648 670 1657 679 '
1792 672 1797 675 ‘
1888 660 2127 728 nedixit,
2160 678 2294 717 cum
2338 660 2457 717 ait:
2488 663 2552 717 Et
2594 661 2900 719 clariﬁcavi
2950 666 3008 719 et
3054 664 3266 720 iterum
3314 665 3545 724 clariﬁ-'

95 746 159 800 21
243 744 455 802 Libera
488 757 579 800 me
606 746 739 817 quia
765 760 965 813 egenus
990 747 1044 799 et
1066 755 1279 815 pauper
1299 755 1395 814 ego
1422 760 1544 799 sum
1573 764 1591 798 :
1886 750 2027 803 cabo
2054 749 2231 821 (Joan.
2263 749 2383 821 xu).
2416 750 2855 806 Insurrexerunt
2882 751 3067 806 Judaei
3110 753 3389 811 adversus
3413 756 3524 813 Do-

245 836 315 890 Et
347 848 454 888 cor
481 848 674 887 meum
700 834 1081 888 conturbatum
1114 841 1193 888 est
1224 834 1371 888 intra
1397 848 1500 887 me.
1886 836 2134 903 minum,
2186 840 2251 892 ut
2306 854 2438 892 eum
2495 838 2619 893 neci
2678 838 2989 895 traderent.
3049 839 3285 896 Confusi
3338 848 3474 899 sunt
3508 862 3521 901 :

165 922 209 978 C
242 921 471 978 Libera
503 937 622 987 me,
658 921 718 975 in
744 920 1017 993 passione
1057 921 1379 976 saevissima
1417 920 1773 976 Judaeorum.
1885 924 2117 994 quando
2148 925 2587 982 resurrectionis
2616 927 2746 997 ejus
2785 926 3071 983 miracula
3111 937 3521 1001 cognoverunt.

95 1012 368 1082 Egenum
403 1014 467 1065 et
499 1018 825 1081 pauperem
858 1022 919 1064 se
949 1008 1091 1064 dicit
1112 1025 1180 1064 ex
1206 1007 1537 1064 humilitate
1559 1008 1773 1064 carnis.
1886 1012 2096 1067 Servus
2126 1030 2139 1067 :
2168 1014 2489 1069 secundum
2530 1013 2848 1083 hominem,
2883 1020 2946 1071 ut
2994 1016 3174 1073 Isaias
3220 1017 3302 1073 ait
3334 1035 3348 1074 :
3381 1020 3523 1076 Ecce

94 1100 205 1155 Cor
234 1097 678 1153 conturbatum
711 1095 980 1163 est,si‘c‘ut
1009 1096 1135 1167 ipse
1165 1097 1463 1168 professus
1493 1099 1582 1151 est
1614 1113 1628 1153 :
1660 1097 1778 1152 Tri-

96 1187 203 1242 stis
233 1185 579 1247 est,anima
608 1193 743 1240 m’ea
770 1196 961 1258 usque
987 1185 1057 1239 ad
1100 1188 1348 1240 mortem
1378 1186 1561 1253 (Marc.
1598 1188 1738 1257 xiv.)

95 1280 164 1332 22
238 1277 406 1331 Sicut
446 1274 653 1329 umbra
672 1288 800 1329 cum
827 1272 1067 1330 declinat
1094 1274 1312 1329 ablatus
1340 1288 1463 1329 sum
1490 1292 1508 1328 :

241 1367 316 1420 Et
340 1378 618 1418 excussus
644 1371 768 1417 sum
794 1363 937 1417 sicut
966 1362 1188 1417 locusta.

1884 1116 2085 1156 servus
2108 1118 2293 1169 meus,
2326 1102 2643 1174 suscipiam
2693 1120 2827 1159 eum
2859 1104 2983 1175 (Isa.
3014 1105 3171 1176 xm).
3204 1105 3252 1161 H
3283 1105 3557 1163 Maledi-‘

1884 1192 2015 1243 cent
2044 1189 2125 1245 illi
2160 1207 2172 1246 :
2207 1206 2392 1263 usque
2423 1191 2592 1247 hodie
2622 1191 2730 1247 hoc
2761 1192 2825 1247 ﬁt
2853 1191 2937 1246 illi
2970 1192 3327 1251 maledicunt
3356 1193 3413 1249 in
3434 1212 3523 1268 sy-

1884 1293 2140 1349 nagoga;
2178 1278 2442 1336 Christus
2472 1280 2761 1335 benedicit
2790 1280 2847 1335 in
2879 1280 3151 1337 Ecclesia.
3250 1302 3255 1307 ο
3418 1300 3421 1305 ·

1883 1366 1952 1417 28
2022 1365 2328 1423 Induantur
2354 1370 2450 1439 qui
2477 1368 2769 1424 detrahunt
2795 1369 2934 1423 mihi
2956 1370 3161 1440 pudore
3191 1387 3210 1425 :
3316 1390 3321 1393 τ
3546 1412 3552 1419 .

168 1453 211 1508 C
240 1452 351 1509 Ilic
405 1448 783 1506 velocitatem
838 1448 1255 1521 persecutionis
1305 1449 1559 1505 ostendit
1590 1467 1603 1506 :
1638 1468 1776 1522 quo-
2024 1456 2099 1509 Et
2126 1458 2445 1526 aperiantur
2468 1456 2611 1511 sicut
2628 1455 2867 1527 diploide
2893 1457 3212 1531 confusione
3237 1475 3355 1514 sua.
3458 1478 3459 1481 η
3542 1496 3547 1509 π

98 1541 257 1597 niam
292 1543 473 1596 tanta
498 1537 799 1594 celeritate
822 1538 895 1593 de
919 1538 1108 1593 medio
1130 1537 1550 1609 discipulorum
1574 1543 1774 1611 raptus
1954 1540 1999 1597 Η
2028 1547 2068 1598 G
2097 1544 2422 1599 Induantur
2476 1544 2695 1615 pudore
2751 1544 3102 1600 detractores
3138 1562 3151 1601 :
3183 1546 3293 1602 hoc
3331 1551 3419 1603 est
3451 1552 3517 1604 ut

96 1625 789 1700 est,quanta'velocitate
819 1624 969 1680 solet
998 1626 1210 1681 umbra
1239 1626 1426 1682 noctis
1456 1626 1771 1695 discedere,
1879 1629 2209 1702 intelligant
2234 1646 2488 1686 errorem
2517 1637 2575 1686 et
2603 1632 3043 1687 confundantur
3055 1634 3361 1704 pudore',et
3381 1635 3516 1692 inde

92 1718 363 1774 veniente
395 1713 554 1773 solis
583 1712 1316 1770 lumine.Excussus'sicut
1344 1713 1569 1770 locusta
1602 1732 1616 1771 :
1646 1732 1772 1787 quas
1880 1717 2163 1791 incipiant
2191 1720 2386 1779 venire
2416 1720 2487 1775 ad
2520 1719 2937 1791 paenitentiam.
2960 1721 3075 1783 ‘Qui
3108 1721 3262 1776 enim
3296 1724 3515 1794 pudore

97 1822 309 1862 manus
338 1802 863 1876 app'rehendentis
891 1802 1499 1873 evitans,quibusdam
1522 1802 1771 1859 saltibus
1878 1805 2160 1873 induitur,
2194 1824 2370 1879 prope
2401 1812 2489 1861 est
2519 1807 2692 1862 saluti
2729 1824 2742 1863 :
2771 1808 2819 1862 si
2845 1808 2978 1879 quis
3007 1808 3163 1865 enim
3194 1827 3326 1865 vere
3371 1828 3513 1867 con-

96 1893 303 1949 evolat.
341 1893 390 1948 Η
424 1898 468 1946 C
500 1891 617 1988 Sic.
641 1890 974 1988 Christus
995 1890 1504 1962 'persecutionibus
1551 1891 1771 1988 crebris
1798 1922 1847 1988 Β
1880 1894 2163 1961 funditur,
2193 1894 2398 1967 incipit
2428 1895 2775 1966 pmniterell
2798 1896 2844 1950 A
2870 1894 3188 1968 CDiplois:
3220 1913 3405 1969 genus
3427 1903 3516 1954 est

98 1982 348 2055 fugiens,
386 1980 526 2035 loca
567 1978 876 2057 videbatur
915 1978 1143 2033 diversa
1192 1982 1439 2047 mutare,
1472 1995 1544 2034 ne
1572 1978 1761 2034 zelum

98 2078 267 2126 suum
284 2068 513 2141 poulus
530 2065 1147 2139 impleret,antequ‘am
1167 2067 1289 2137 ipse
1307 2065 1454 2122 mori
1465 2067 1762 2124 voluisset.

96 2159 165 2215 23
226 2158 427 2214 Genua
451 2170 586 2212 mea
611 2155 898 2223 inﬁrtnata
924 2158 1054 2210 sunt
1084 2171 1117 2209 a
1146 2154 1353 2225 jejunio
1384 2168 1402 2210 :

232 2248 297 2302 Et
324 2260 458 2302 caro
488 2260 619 2301 mea
650 2244 942 2299 immutata
968 2250 1045 2299 est
1064 2247 1287 2313 propter
1315 2243 1514 2298 oleum.

162 2337 207 2391 Α
236 2335 449 2391 Genua
482 2333 673 2388 fortes
703 2330 978 2386 videntur
1006 2329 1151 2387 mihi
1183 2330 1244 2386 in
1272 2330 1619 2399 Ecclesia,ut
1647 2332 1765 2387 fue-

98 2427 229 2478 runt
259 2419 776 2494 apostoli.Ergo,C
794 2418 1088 2476 inﬁrmata
1109 2423 1249 2475 sunt
1276 2435 1504 2491 genua:
1529 2420 1763 2490 quando

96 2509 335 2584 apostoli
366 2511 505 2581 ejus
541 2506 914 2579 in‘passione
940 2510 1085 2561 sunt
1113 2505 1384 2578 dispersi.
1418 2507 1566 2572 Quid
1604 2507 1760 2564 enim

97 2599 277 2672 potuit
302 2614 438 2655 esse
470 2594 1018 2666 infirmius,'quam
1059 2597 1125 2649 ut
1172 2594 1375 2649 Petrus
1416 2600 1675 2667 negaret,
1707 2601 1764 2652 et

98 2686 311 2759 reliqua
329 2685 516 2742 turba
543 2682 817 2740 fidelium
844 2680 1153 2737 latuisset?
1168 2680 1214 2736 H
1232 2680 1435 2737 Oleum
1456 2682 1549 2737 hic
1568 2682 1761 2756 imago

100 2780 182 2832 est
210 2774 509 2831 claritatis
533 2771 666 2828 Dei‘.
699 2772 743 2827 C
772 2768 904 2826 Sive
930 2768 1120 2842 gratia
1162 2768 1378 2835 divina,
1415 2785 1542 2841 quea
1569 2772 1761 2827 carnis

99 2862 499 2918 inﬁrmitatem
518 2860 590 2916 in
608 2857 859 2931 gloriam
883 2856 1340 2913 immortalitatis
1361 2861 1759 2915 commutavit.

101 2952 142 3006 Α
168 2950 364 3007 Oleum
395 2948 551 3007 illud
586 2950 679 3002 est
710 2944 1017 3017 plenitudo
1043 2945 1241 3017 gratiae
1264 2944 1322 2999 in
1343 2944 1606 3002 Christo:
1633 2964 1760 3018 quae

107 3042 384 3093 mortuam
417 3035 764 3092 humanam
798 3036 1068 3089 naturam
1094 3030 1152 3085 in
1183 3030 1429 3103 gloriam
1481 3049 1764 3090 resurrec-

104 3125 266 3182 tionis
294 3124 575 3181 mutavit.
1246 3142 1249 3145 <
1516 3138 1519 3139 ν

104 3216 165 3271 24
233 3215 345 3283 Ego
368 3216 561 3284 factus
593 3226 721 3266 sum
740 3208 1093 3280 opprobrium
1122 3208 1239 3263 illis
1268 3224 1282 3261 :

236 3302 502 3359 Viderunt
530 3315 630 3355 me
659 3306 712 3355 et
741 3303 1028 3353 moverunt
1054 3298 1236 3367 capita
1263 3312 1384 3352 sua.

164 3394 201 3445 C
226 3392 435 3446 Factus
463 3391 563 3444 est
597 3385 869 3441 Christus
900 3385 959 3440 in
997 3382 1376 3454 opprobrium
1419 3383 1755 3441 Judworum

104 3478 406 3535 dicentium
443 3475 628 3533 :‘Vab
662 3472 767 3545 qui
798 3470 1056 3529 destruis
1097 3470 1383 3543 templum
1416 3471 1511 3527 Dei
1541 3473 1753 3543 (Matth.

103 3567 282 3635 xxvii),
310 3571 368 3622 et
397 3570 639 3630 cetera,
673 3578 806 3633 qua
835 3560 1060 3616 insanis
1086 3560 1385 3615 mentibus
1412 3559 1759 3617 videbantur

103 3654 428 3727 opprobria:
450 3654 557 3711 sed
582 3652 717 3722 ipsa
741 3649 978 3704 ﬁxerunt
1000 3662 1127 3719 quas
1159 3647 1329 3702 nobis
1359 3648 1600 3718 probata
1622 3654 1758 3705 sunt

98 3743 345 3809 conferre
374 3739 772 3798 medicinam.
800 3736 1105 3792 Moverunt
1132 3735 1323 3806 capita
1355 3751 1368 3790 :
1400 3736 1489 3791 ad‘
1514 3752 1755 3793 consue-

106 3831 351 3887 tudinem
384 3830 651 3904 pertinet
681 3823 867 3881 nimis
893 3822 1436 3895 irascentium,quia
1455 3822 1538 3878 illi
1561 3825 1757 3880 turbu-

105 3915 246 3973 lenta
270 3918 481 3990 capitis
513 3912 925 3972 commotione
951 3911 1275 3966 minantur.

107 4003 169 4059 ἦ
232 4005 440 4076 Adjuva
466 4020 578 4071 me,
612 4001 848 4059 Domine
877 3999 1024 4055 Deus
1040 4014 1189 4054 meus
1218 4015 1239 4053 :

234 4095 455 4149 Salvum
478 4107 571 4148 me
596 4089 702 4163 fac
718 4087 1021 4144 secundum
1048 4084 1485 4142 misericordiam
1511 4094 1681 4143 tuam.

166 4183 203 4234 C
226 4181 497 4252 AdjuVari
532 4192 607 4236 se
636 4176 789 4251 petit
817 4178 1094 4246 suscepta
1122 4172 1455 4229 infirmitas.
1481 4173 1525 4229 Η
1554 4175 1595 4230 C
1628 4180 1756 4247 Ipse

108 4268 243 4324 enim
274 4266 754 4326 misericordiam
788 4263 953 4335 petit,
979 4261 1080 4333 qui
1110 4264 1169 4317 et
1196 4260 1478 4317 auxilium
1510 4261 1753 4330 tribuit;

109 4361 253 4427 rogat
281 4361 341 4412 ut
368 4356 573 4423 homo,
611 4354 860 4428 praestat
888 4353 953 4406 ut
983 4349 1138 4406 Deus
1166 4365 1178 4404 :
1213 4349 1357 4420 petit
1393 4364 1529 4420 ergo
1560 4366 1752 4406 resur-

109 4445 393 4502 rectiOnem
424 4442 726 4517 carperis.
848 4454 911 4465 η
1289 4451 1295 4456 ‘
1428 4451 1433 4457 '

108 4533 169 4586 26
231 4538 293 4590 Et
316 4537 498 4590 sciant
528 4534 675 4605 quia
700 4545 906 4585 manus
935 4535 1029 4583 tua
1056 4527 1175 4584 haec
1204 4544 1224 4581 :

232 4624 290 4679 Et
314 4630 390 4689 tu,
424 4624 690 4695 Domine,
721 4619 911 4691 fecisti
938 4632 1080 4672 eam.

169 4707 209 4763 Η
233 4710 298 4765 Et
325 4711 538 4778 sciant,
572 4709 635 4764 id
691 4709 789 4763 est
830 4703 1163 4778 intelligant
1207 4701 1393 4757 Judaei
1428 4719 1441 4757 :
1476 4701 1753 4774 quoniam

112 4810 208 4851 non
236 4797 342 4872 ipsi
372 4797 823 4871 praevaluerunt
853 4792 911 4847 in
956 4788 1317 4857 Christo,sed
1348 4806 1454 4845 sua
1483 4794 1539 4845 et
1569 4791 1754 4845 Patris

112 4880 348 4941 voluntas
378 4890 528 4954 erat,
563 4887 635 4941 ut
667 4882 992 4940 sustineret
1019 4894 1250 4934 crucem
1283 4895 1386 4950 pro
1420 4878 1755 4951 nobis,quia

114 4983 297 5029 manus
320 4978 421 5030 tua
446 4973 651 5029 haec.C
682 4970 746 5026 Id
778 4972 870 5026 est
900 4969 1159 5040 potestas
1190 4970 1372 5033 tua,et
1401 4965 1753 5021 subaudien-

117 5057 233 5114 dum
261 5067 495 5135 operata
526 5066 621 5118 est
651 5060 803 5116 haec.
839 5057 885 5112 Η
916 5054 1019 5112 Vel
1065 5070 1276 5110 manus
1302 5057 1425 5133 \tua
1472 5053 1592 5108 haec
1642 5057 1750 5120 est,

118 5146 304 5204 scilicet
326 5148 385 5205 in
416 5149 700 5222 passione
731 5160 867 5201 mea
896 5148 954 5199 et
1000 5141 1443 5198 resurrectione.
1474 5142 1520 5195 A
1550 5141 1615 5195 Et
1646 5140 1751 5197 hec

120 5233 275 5291 sciant
308 5243 510 5310 postea
558 5234 877 5294 credentes
923 5231 983 5286 in
1034 5234 1133 5285 me
1166 5245 1179 5284 :
1211 5228 1311 5299 qui
1363 5244 1518 5285 nunc
1564 5245 1753 5301 perse-

119 5328 345 5390 quuntur
370 5343 485 5382 me.
796 5342 801 5347 ‘

118 5408 173 5460 27
222 5415 555 5473 ‘Maledicent
586 5414 683 5471 illi
709 5418 766 5469 et
795 5418 857 5466 tu
886 5406 1163 5465 benediccs
1196 5421 1209 5459 :

295 5507 388 5574 qui
407 5507 715 5575 insurgunt
749 5502 815 5555 in
834 5512 922 5553 me
948 5492 1359 5565 confundantur
1388 5511 1406 5546 :

236 5592 418 5649 Servus
447 5602 641 5649 autem
668 5597 863 5647 autem
893 5593 1018 5641 tuus
1047 5582 1343 5641 lambitur.

179 5675 582 5741 CMalediceht'
613 5678 703 5738 ini
743 5694 757 5734 :
795 5672 1022 5732 Scilicet
1068 5669 1169 5742 qui
1219 5673 1514 5726 moventes
1562 5668 1753 5741 capita

1873 1981 2055 2052 pallii,
2088 1982 2307 2037 scilicet
2364 1982 2576 2055 duplex
2632 1981 2895 2053 pallium.
2944 1982 2985 2038 C
3042 1983 3188 2039 Petit
3237 2000 3392 2057 ergo,
3451 1990 3515 2041 ut

1872 2071 2181 2142 utriusque
2226 2070 2369 2142 legis
2419 2070 2804 2142 intelligentia
2844 2070 3187 2139 vestiantur,
3215 2073 3316 2144 qui
3356 2090 3512 2128 nunc

1873 2162 2121 2230 utroque
2150 2158 2421 2230 (faciente
2464 2158 2729 2230 perfidia)
2761 2158 2965 2215 nudati
3016 2164 3173 2216 sunt.
3213 2160 3515 2217 Confessio

1872 2245 2029 2300 enim
2056 2245 2389 2300 Judzeorum
2418 2249 2525 2311 est,
2548 2244 2735 2317 legem
2767 2261 2881 2300 non
2911 2244 3252 2319 intelligere,
3279 2264 3404 2319 qua:
3434 2251 3515 2303 to-

1870 2332 1991 2387 ties
2012 2332 2362 2388 Salvatorcm
2397 2332 2703 2404 praecinuit
2735 2331 3023 2387 advenire.
3057 2332 3187 2388 Sive
3235 2333 3507 2406 diploide,

1872 2420 1929 2475 id
1960 2424 2049 2476 est
2077 2419 2293 2492 duplici
2321 2420 2680 2488 confusione,
2713 2418 2932 2475 scilicet
2959 2424 3089 2476 aute
3111 2420 3294 2477 Deum
3326 2425 3383 2476 et
3409 2421 3508 2477 ho-

1871 2508 2079 2565 mines.
2104 2524 2107 2529 ‘

1869 2597 1949 2653 29~
2015 2596 2313 2667 Conﬁtebor
2341 2597 2576 2651 Domino
2603 2597 2768 2650 nimis
2800 2597 2858 2649 in
2886 2611 2977 2650 ore
3001 2611 3116 2651 meo
3143 2614 3165 2649 .-

2010 2685 2074 2739 Et
2103 2686 2160 2738 in
2191 2682 2365 2740 medio
2393 2684 2690 2738 multorum
2719 2682 2951 2737 laudabo
2980 2698 3122 2737 cum.

1940 2771 1981 2827 C
2006 2771 2122 2827 Hoc
2153 2771 2366 2826 dicitur
2386 2788 2420 2826 a
2438 2774 2599 2842 parte
2622 2768 3017 2825 membrorum
3042 2785 3055 2824 :
3082 2770 3356 2843 quoniam
3378 2775 3511 2843 post

1870 2859 2349 2915 resurrectionem
2381 2862 2585 2914 sancta
2625 2857 2727 2914 Dei
2756 2856 3033 2927 Ecclesia,
3065 2861 3184 2919 toto
3231 2858 3523 2939 orbetlifa

1871 2948 2020 3015 fusa,
2053 2948 2235 3003 Deum
2290 2948 2638 3018 deprecatur
2680 2950 2737 3001 et
2782 2962 2879 3001 ore
2926 2950 2984 3003 et
3028 2945 3407 3005 confessione.
3440 2950 3505 3003 In

1870 3036 2061 3091 medio
2091 3035 2408 3091 multorum
2441 3051 2455 3089 :
2489 3034 2675 3105 ipsam
2716 3049 2948 3105 quoque
2995 3032 3313 3091 Ecclesium
3348 3033 3510 3091 desi-

1869 3122 2617 3196 gnat,quaa,circnmpositis
2646 3120 2837 3176 adhuc
2860 3121 3117 3193 perﬁdis,
3149 3138 3265 3179 non
3293 3122 3507 3179 desinit

1870 3211 1984 3266 Deo
2015 3209 2345 3267 conﬁteri.A
2376 3209 2562 3264 Nimis
2591 3206 2703 3263 dici
2736 3198 3357 3280 solet-(consuetudine
3383 3225 3504 3267 ser-

1787 3272 1830 3339 C
1868 3299 2059 3355 monis
2090 3297 2300 3368 Latini)
2330 3296 2483 3368 quod
2506 3294 2638 3368 plus
2659 3272 2946 3367 estquam
2967 3295 3263 3352 debet.Cui
3285 3300 3504 3355 contra-

1865 3387 2015 3442 rium
2046 3389 2135 3441 est
2160 3400 2367 3457 parum
2402 3402 2415 3439 ;
2450 3384 2603 3455 quod
2629 3384 2825 3438 minus
2856 3387 2943 3439 est
2968 3399 3143 3455 quam
3178 3383 3366 3441 debet.
3392 3382 3502 3441 Sed
3538 3441 3545 3447 _

1865 3473 2062 3541 nimis,
2095 3473 2295 3529 Greece
2317 3488 2465 3543 agan
2490 3470 2719 3526 dicitur.
2756 3469 2869 3525 Iste
2901 3474 3095 3526 autem
3125 3464 3503 3543 versus,agan
3522 3466 3527 3471 ’

1864 3579 1981 3618 non
2005 3561 2197 3628 habet,
2232 3560 2333 3616 sed
2365 3559 2539 3614 habet
2568 3560 2698 3614 aian
2723 3575 2737 3613 :
2764 3558 2920 3630 quod
2944 3559 3294 3631 quandoque
3313 3557 3503 3629 valde,
3538 3618 3545 3625 ,

1866 3650 2218 3722 quandoque
2248 3647 2445 3713 nimis,
2473 3647 2715 3719 quidam
2746 3646 2927 3702 nostri
2959 3646 3319 3719 interpretati
3344 3647 3502 3715 sunt,

1865 3738 1965 3793 sed
1998 3736 2175 3792 nimis
2203 3753 2307 3808 pro
2336 3752 2402 3791 eo
2433 3735 2584 3807 quod
2617 3739 2705 3790 est
2730 3732 2893 3791 valde
2924 3733 3285 3807 intelligatur
3306 3751 3330 3789 :-
3354 3732 3507 3791 unde

1864 3830 1922 3881 et
1952 3822 2255 3881 translatio
2284 3823 2523 3880 Hebraea
2571 3839 2685 3878 non
2734 3821 2907 3877 habet
2956 3821 3133 3878 nimis
3181 3822 3284 3879 sed
3330 3823 3504 3879 vehe-

1864 3918 2107 3970 menter.

1862 4002 1934 4056 30
2004 4000 2113 4069 Qui
2142 4000 2317 4053 astitit
2342 4015 2376 4052 a
2404 3998 2608 4052 dextris
2630 3998 2891 4067 pauperis
2915 4015 2935 4051 :

2009 4088 2070 4143 Ut
2132 4087 2335 4141 salvam
2391 4088 2592 4156 faceret
2656 4100 2691 4139 a
2749 4083 3197 4154 persequentibus
3259 4084 3506 4139 animam

2074 4190 2272 4230 meum.
3354 4168 3383 4215 -’
3470 4226 3479 4235 ,

1933 4263 1973 4318 C
2002 4260 2150 4317 Dicit
2179 4260 2288 4314 sibi
2321 4259 2578 4316 astitisse
2613 4257 2838 4314 Patrem
2867 4274 2902 4313 a
2931 4256 3148 4313 dextris
3181 4273 3193 4311 ε
3220 4256 3360 4330 quia
3379 4274 3505 4330 peo-

1863 4353 1994 4405 cata
2021 4366 2135 4405 non
2160 4348 2386 4414 habuit,
2419 4347 2519 4403 sed
2547 4350 2604 4402 et
2656 4344 2925 4402 fidelibus
2967 4345 3211 4410 assistit,
3239 4361 3375 4402 cum
3402 4344 3505 4403 de-

1860 4436 2001 4493 licta
2054 4435 2362 4493 remiserit.
2412 4433 2582 4490 Salva
2634 4433 2797 4502 facta,
2841 4436 2931 4488 est
2958 4450 2992 4489 a
3020 4433 3519 4504 persequentibus.

1861 4524 2058 4580 anima
2087 4526 2216 4596 ejus
2248 4541 2262 4577 :
2296 4522 2528 4596 quando
2560 4525 2995 4594 persecutorum
3028 4519 3304 4594 nequitiis
3342 4520 3506 4578 nulla
3548 4520 3553 4525 ’

1783 4619 1831 4684 D
1863 4613 2147 4687 pravitate
2176 4610 2491 4669 consenslt.

2335 4733 2538 4773 ORATIO
2577 4733 2645 4771 EX
2685 4732 2840 4772 PSAL.
2880 4732 3035 4772 CVIII.

1929 4823 2106 4879 Unice
2137 4822 2553 4889 miserationis,
2586 4821 2758 4885 Deus,
2778 4820 3172 4877 maledictioni
3204 4821 3521 4891 subiacere
3554 4870 3557 4873 .

1858 4911 1959 4982 qui
1988 4912 2264 4982 dignatus
2295 4929 2357 4967 es
2388 4915 2453 4966 ut
2499 4927 2607 4965 nos
2636 4927 2670 4965 a
2702 4909 3010 4965 maledicto
3057 4909 3206 4982 legis
3246 4925 3502 4977 emeres,

1857 5014 2215 5069 quaesumus,
2241 5004 2305 5053 ut
2336 5000 2513 5055 facias
2545 4998 2853 5053 nobiscum
2888 4996 3349 5054 misericordiam
3377 5014 3504 5070 pro-

1856 5090 1984 5156 pter
2012 5102 2223 5141 nomen
2253 5090 2507 5153 tuum,et
2528 5086 2788 5159 digneris
2820 5102 2926 5140 nos
2958 5102 2992 5141 a
3021 5085 3502 5157 persequentibus

1857 5172 2012 5229 vitiis
2041 5178 2098 5228 et
2128 5190 2161 5228 a
2192 5173 2477 5229 malorum
2527 5173 3043 5230 obtrectationibus
3090 5173 3353 5230 liberare.
3392 5173 3501 5239 Qui

1856 5259 2000 5317 vivis
2030 5267 2087 5316 et
2115 5277 2343 5333 regnas,
2375 5266 2485 5317 etc.
3026 5260 3031 5263 ’

2420 5375 2750 5432 PSALMUS
2792 5362 2930 5431 CIX.

2306 5479 2648 5519 ARGUMEN'I’U
2655 5481 2695 5518 Μ
2737 5480 2892 5520 PSAL.
2933 5480 3044 5519 CIX.

1928 5582 1968 5632 C
1995 5577 2265 5634 Psalmus
2293 5576 2387 5632 hic
2419 5578 2489 5633 de
2519 5578 2914 5634 incarnatione
2943 5576 3256 5646 Domini,et
3278 5575 3348 5630 de
3368 5573 3495 5644 ejus

1858 5666 2067 5723 deitate
2099 5664 2436 5737 plenissime
2467 5666 2831 5739 breviterque
2858 5665 3144 5722 decantat.
