5516 6404
1267 415 1384 482 107

1787 554 1906 611 ΤΤ.
1939 555 2185 610 Psalmus
2215 555 2415 610 David.

1277 643 1304 700 1
1417 644 1574 701 Dixit
1602 645 1865 700 Dominus
1891 646 2126 701 Domino
2149 659 2262 700 meo
2296 662 2308 698 :

1418 733 1554 790 Sede
1580 749 1614 789 α
1642 733 1854 790 dextris
1881 736 2037 789 meis.

1351 822 1842 880 CSanctissimus
1900 821 2202 895 Propheta,
2239 823 2294 877 in
2349 828 2634 878 secretum
2692 829 2925 878 evectus

1279 909 1580 969 altissima
1608 909 2197 984 contemplationis,in
2231 913 2418 984 primo
2446 929 2616 967 versu
2652 918 2922 968 naturam

1279 1000 1514 1058 deitatis
1543 999 1793 1057 ostendit
1821 999 2080 1055 simulet
2123 999 2525 1056 humanitatis.
2561 1001 2706 1055 Cum
2758 1001 2920 1066 dicit,

1279 1089 1432 1148 Dixit
1450 1090 1731 1147 Dominus
1764 1106 1776 1145 :
1811 1095 2079 1144 naturam
2111 1088 2341 1145 deitatis
2373 1090 2648 1144 ostendit.
2675 1091 2922 1144 Domino

1279 1196 1408 1236 meo
1441 1196 1454 1236 :
1488 1179 1558 1235 de
1586 1183 1866 1235 coeterno
1895 1177 2036 1234 Filio
2065 1178 2230 1248 dixit,
2259 1178 2360 1250 qui
2411 1179 2694 1234 Dominus
2745 1179 2920 1233 David

1276 1274 1333 1326 et
1362 1269 1520 1325 {ilius
1549 1267 1928 1342 dicitur,quia
1957 1285 2026 1323 ex
2058 1269 2281 1323 semine
2311 1269 2438 1338 ejus
2464 1275 2627 1323 ortus
2657 1273 2760 1323 est.
2778 1269 2922 1322 Sede

1273 1375 1308 1414 a
1333 1358 1548 1416 dextris
1579 1358 1725 1414 meis
1752 1374 1764 1412 :
1788 1356 1990 1413 victori
2027 1357 2189 1423 Filio,
2218 1363 2272 1412 et
2315 1374 2415 1428 per
2463 1358 2918 1412 incarnationem

1272 1447 1450 1504 totius
1476 1447 1683 1503 mundi
1712 1445 2153 1517 triumphatori,
2185 1447 2492 1501 confessus
2539 1448 2777 1501 offertur
2811 1462 2823 1502 :
2859 1451 2922 1500 ut

1269 1553 1372 1612 per
1399 1537 1557 1594 hunc
1584 1537 2076 1607 situm,suscepta:
2107 1535 2493 1590 humanitatis
2525 1536 2706 1607 gloria
2738 1536 2922 1590 decla-

1269 1625 1504 1682 retur.H
1535 1625 1672 1682 Ideo
1703 1628 1898 1682 autem
1925 1623 2068 1679 dicit
2091 1624 2386 1679 dexteram
2422 1625 2561 1680 Filio
2591 1626 2785 1680 datam
2813 1645 2824 1680 :
2853 1644 2922 1680 ne

1270 1715 1540 1772 videatur
1564 1713 1754 1786 major
1781 1712 1882 1787 qui
1904 1713 2075 1797 jubet
2095 1716 2150 1768 et
2171 1713 2312 1768 dicit
2341 1715 2686 1785 Sede,quam
2713 1715 2806 1769 ille
2829 1716 2917 1769 cui

1267 1805 1530 1878 jubetur.

1273 1898 1312 1950 2
1410 1896 1595 1952 Donec
1617 1909 1821 1968 ponam
1849 1895 2100 1949 inimicos
2131 1901 2247 1948 tuos
2279 1911 2296 1948 .-

1419 1985 1730 2042 Scabellum
1757 1983 1954 2056 pedum
1982 1991 2220 2038 tuorum.

1346 2075 1388 2132 C
1417 2071 1746 2131 Scabellum
1777 2072 1998 2128 dictum
2040 2077 2127 2127 est
2175 2073 2328 2144 quod
2383 2073 2717 2136 scandatur,
2750 2072 2802 2128 id
2836 2078 2924 2127 est

1273 2162 1836 2222 ascendatur.Donec
1861 2180 1874 2217 :
1899 2161 2128 2216 finitum
2159 2166 2246 2216 est
2276 2178 2379 2232 pro
2413 2161 2640 2215 inlinito
2666 2165 2917 2232 positum,

1270 2257 1360 2310 est
1385 2253 1543 2310 enim
1570 2268 1716 2308 usus
1747 2249 2234 2323 Scriptureﬁllud
2267 2252 2507 2305 verbum
2539 2256 2596 2304 ot
2629 2268 2730 2320 pro
2763 2251 2917 2304 brevi

1269 2348 1526 2418 tempore
1547 2341 1760 2408 dicere,
1791 2344 1847 2396 et
1876 2357 1979 2412 pro
2007 2341 2327 2394 mternitate
2359 2340 2722 2410 depromere.
2741 2340 2920 2394 Pedes

1267 2435 1460 2490 autem
1490 2431 1722 2488 Domini
1747 2434 2023 2486 aeternam
2046 2429 2175 2499 ejus
2197 2427 2578 2483 stabilitatem
2603 2428 2919 2498 signiﬁcat,

1267 2521 1360 2578 his
1387 2520 1544 2578 enim
1577 2518 1826 2594 pedibus
1855 2517 2076 2573 inimici
2105 2516 2186 2572 illi
2210 2517 2918 2588 subjiciuntur,qui,dere-

1268 2609 1422 2674 lictis
1449 2609 1724 2666 vitiorum
1756 2607 2108 2680 peccatis,ad
2138 2605 2446 2660 Dominum
2471 2623 2531 2660 se
2551 2611 2916 2670 convertunt,

1271 2702 1330 2755 et
1355 2703 1639 2770 tanquam
1671 2694 1992 2752 scabellum
2024 2692 2380 2767 pedibus,ita
2408 2694 2535 2762 ejus
2568 2693 2919 2764 prmdicatio-

1273 2786 1450 2844 nibus
1479 2801 1543 2842 se
1572 2784 1855 2840 subdunt.

1271 2879 1308 2936 3
1418 2877 1646 2948 Virgam
1671 2875 1894 2930 virtutis
1921 2881 2030 2930 tum
2049 2874 2253 2928 emittet
2279 2873 2538 2943 Qominus
2566 2888 2635 2926 ex
2659 2872 2787 2927 Sion

1413 2967 1709 3024 Dominare
1737 2965 1799 3020 in
1824 2963 2000 3019 medio
2030 2963 2382 3017 inimicorum
2412 2969 2649 3016 tuorum.

1339 3057 1384 3132 β
1411 3055 1589 3130 Virga
1610 3051 1843 3110 virtutis
1873 3068 1886 3107 :
1915 3055 2004 3108 est
2031 3054 2328 3122 sceptrum
2370 3051 2540 3122 regiae
2593 3052 2916 3122 potestatis,

1269 3162 1388 3220 qua
1401 3147 1692 3202 sustentat
1709 3141 1908 3198 fideles
1923 3145 1979 3196 et
1994 3140 2203 3212 affligit
2218 3139 2711 3196 incredulos.Tuaa
2734 3141 2911 3195 dixit:

1263 3235 1402 3310 quia
1427 3237 1686 3308 potestas
1719 3230 1804 3286 illi
1835 3229 2066 3287 deitatis
2096 3246 2216 3284 sua:
2247 3228 2484 3301 propria
2504 3235 2589 3284 est
2611 3234 2666 3283 et
2688 3235 2914 3285 eoa-ter-

2171 421 2235 484 S.
2281 419 2674 484 BRUNONIS
2717 417 3334 483 HERBIPOLENSIS
3381 420 3759 484 EPISCOPI.

2953 1928 3000 1994 B

4536 431 4630 494 ωε

2951 555 3006 622 Α
3037 553 3239 621 Filius,
3275 555 3370 627 qui
3405 572 3472 610 ex
3507 561 3668 611 utero
3699 557 3980 628 nascitur,
4013 575 4125 613 non
4159 558 4472 632 adoptivus.

3031 645 3068 697 5
3172 645 3388 700 Jurut'it
3417 647 3674 700 Dominus
3703 655 3752 700 et
3783 663 3888 699 non
3917 649 4200 718 po‘nitebit
4223 664 4346 704 eum
4376 669 4392 705 :

3178 736 3248 789 Tu
3279 752 3333 789 es
3364 736 3609 788 sacerdos
3654 739 3710 790 in
3762 745 4028 792 a'ternum
4086 739 4378 794 secundum
4427 743 4631 801 ordinem

3248 823 3408 877 Mi'lt‘h
3420 825 3622 879 isetlr‘l'h
3633 867 3644 878 .

3106 911 3148 965 ll
3176 917 3215 967 C
3245 915 3383 967 Cum
3414 915 3567 968 enim
3593 914 3812 984 juravit
3844 915 4146 983 Dominus,
4185 935 4296 972 non
4326 919 4373 974 ei
4404 922 4491 992 qui
4527 931 4631 979 ante

3032 1000 3336 1056 luciferum
3373 1005 3606 1073 genitus
3638 1009 3744 1070 est,
3781 1005 3877 1058 sed
3909 1005 3957 1059 ei
3984 1007 4167 1074 jurat,
4199 1007 4298 1078 qui
4329 1016 4447 1079 post
4475 1010 4633 1068 lucife-

3035 1108 3163 1145 rum
3202 1097 3372 1144 natus
3402 1109 3468 1145 ex
3509 1091 3742 1162 Virgine
3790 1099 3896 1147 est.
3931 1093 4042 1148 Nec
4095 1097 4390 1167 pcnnitebit
4432 1103 4632 1168 eum;C

3033 1181 3315 1246 Quoniam
3350 1181 3417 1233 de
3451 1187 3608 1234 tanta
3638 1198 3700 1233 ac
3731 1181 3828 1234 tali
3863 1183 4320 1253 dispensatione,
4344 1195 4532 1242 cuncta
4555 1207 4632 1261 ga-

3033 1271 3156 1324 visa
3187 1276 3342 1323 sunt.
3377 1271 3461 1324 'I‘u
3505 1288 3567 1324 es
3616 1271 3884 1324 sacerdos
3920 1287 3931 1325 :
3969 1271 4072 1326 hoc
4121 1273 4350 1328 Christo
4403 1280 4634 1333 veraciter

3032 1359 3216 1430 aptari
3249 1360 3430 1424 decet,
3458 1360 3555 1430 qui
3586 1377 3795 1431 corpus
3821 1377 3886 1414 ac
3919 1362 4262 1431 sanguinem
4298 1367 4535 1430 suum,in
4557 1386 4631 1439 pa-

3034 1449 3124 1502 nis
3159 1465 3221 1502 ac
3253 1447 3366 1501 viui
3399 1449 4076 1516 erogatione,snlubriter
4107 1453 4276 1506 nobis
4306 1457 4630 1511 consecravit.

3031 1537 3310 1590 Sacerdos
3341 1539 3568 1608 proprie
3599 1538 3813 1591 dicitur
3844 1538 4245 1610 Cliristus,qui
4282 1541 4452 1597 semel
4481 1561 4533 1598 se
4556 1561 4633 1615 pro

3034 1627 3201 1680 nobis
3234 1625 3658 1680 immolandum
3691 1627 3900 1679 obtulit
3931 1629 4118 1697 (Hebr.
4155 1635 4250 1694 ix).
4287 1630 4451 1685 Solus
4493 1633 4632 1687 etiam

3033 1715 3185 1771 Deus
3218 1714 3364 1769 licite
3389 1718 3570 1784 jurat,
3606 1716 3742 1787 quia
3773 1716 3934 1770 solus
3977 1723 4164 1788 potest
4210 1718 4470 1776 exhibere
4511 1723 4632 1792 qund

3033 1807 3319 1876 promittit
3353 1822 3364 1858 ε
3402 1805 3573 1859 homo
3607 1822 3717 1858 non
3755 1810 3941 1876 potest
3976 1807 4086 1860 nisi
4120 1806 4235 1862 Deo
4274 1808 4579 1878 adjuvante.

3029 1897 3064 1946 6
3173 1896 3437 1950 Dominus
3465 1913 3495 1948 a
3528 1895 3732 1947 dextris
3766 1897 3872 1947 tuis
3901 1912 3918 1948 :

3174 1984 3450 2051 Cnn/reqit
3486 1986 3540 2037 in
3573 1985 3659 2036 die
3690 1987 3792 2038 irxr
3821 1999 3940 2038 sum
3971 2001 4138 2052 reges.

3100 2077 3140 2126 C
3171 2073 3211 2126 ll
3245 2071 3525 2126 Dominus
3554 2091 3586 2126 a
3616 2073 3833 2126 dextris
3867 2074 4002 2128 tuis.
4031 2073 4253 2129 Dicitur
4286 2075 4341 2130 in
4375 2075 4632 2147 principio,

3031 2163 3176 2217 Sede
3211 2179 3242 2215 a
3273 2162 3490 2216 dextris
3541 2161 3683 2214 meis
3720 2179 3731 2215 :
3769 2162 3815 2216 si
3869 2163 3992 2232 ipse
4023 2162 4092 2215 ad
4139 2163 4432 2219 dexteram
4489 2165 4635 2219 Patris

3031 2252 3210 2314 sedet,
3245 2251 3536 2320 quomodo
3571 2268 3803 2304 rursum
3841 2251 4005 2305 Pater
4053 2251 4214 2306 sedet
4261 2253 4334 2307 ad
4384 2253 4633 2307 dexteram

3033 2339 3200 2394 Filii?
3228 2343 3268 2392 t1
3299 2340 3456 2402 Quod
3495 2340 3620 2393 ideo
3649 2340 3871 2393 dictum
3904 2346 4013 2405 est,
4049 2343 4112 2393 ut
4141 2357 4272 2394 cum
4309 2341 4424 2396 haec
4456 2341 4636 2395 vicissio

3031 2429 3170 2482 tudo
3202 2428 3442 2499 aequalis
3478 2429 3931 2499 ponitur,:najus
3955 2427 4045 2482 hic
4077 2434 4176 2482 aut
4209 2430 4404 2485 minus
4433 2429 4633 2501 aliquid,

3031 2517 3188 2571 nullo
3223 2518 3393 2571 modo
3426 2516 3727 2570 sentiatur.
3767 2516 3807 2570 ll
3846 2516 3902 2571 ld
3936 2523 4024 2570 est
4065 2518 4218 2588 quod
4265 2518 4500 2590 aequalis
4527 2518 4635 2573 Filio

3031 2606 3195 2661 Pater
3225 2607 3582 2660 ostendatur.
3617 2605 3658 2659 C
3689 2607 3868 2674 Reges
3905 2622 3917 2659 :
3955 2605 4086 2660 illos
4133 2606 4444 2677 signiﬁcat,
4475 2607 4557 2678 qui
4593 2608 4633 2659 in

3027 2713 3210 2750 unum
3244 2701 3636 2750 convenerunt
3670 2695 3947 2749 adversus
3976 2695 4270 2750 Christum
4301 2715 4314 2751 :
4341 2697 4442 2752 hos
4462 2696 4637 2752 conire-

3025 2786 3129 2855 git,
3165 2785 3399 2856 quando
3431 2801 3629 2838 eurum
3664 2784 3998 2854 superbiam
4033 2785 4368 2855 prostravit.

3022 2876 3056 2926 7
3164 2874 3447 2932 Judicabit
3480 2876 3534 2926 in
3569 2874 3881 2927 nationibus
3918 2875 4162 2944 implebit
4189 2878 4383 2929 ruina:
4414 2894 4432 2930 :

3164 2964 3560 3032 Conquassabit
3589 2966 3768 3033 capita
3803 2966 3858 3015 in
3889 2968 4035 3017 terra
4063 2964 4382 3018 multorum.

3077 3044 3134 3105 'C
3159 3051 3429 3105 Judicare
3488 3053 3752 3105 nationes
3813 3052 4096 3123 perhibet,
4157 3060 4395 3125 propter
4444 3058 4638 3126 peccata

3024 3139 3598 3212 communialmplet
3630 3145 3824 3194 autem
3859 3141 4098 3196 ruinas:
4134 3143 4374 3212 quando
4399 3144 4465 3198 de
4492 3141 4636 3196 cordi-

3025 3229 3134 3284 bus
3168 3211 3441 3283 humanis
3467 3231 3600 3282 facit
3627 3233 3859 3299 peccata
3891 3211 4242 3296 corruere,et
4270 3229 4634 3290 emendatione

1259 3298 1521 3384 lianﬂanc
1551 3320 1766 3379 emittit
1793 3321 2056 3376 Dominus
2087 3335 2156 3374 ea:
2186 3298 2314 3374 Sion
2338 3298 2475 3389 {qui
2501 3326 2579 3372 est
2599 3320 2785 3389 utique
2805 3337 2913 3373 om-
2943 3298 2985 3364 (ἶ
3024 3318 3412 3373 saluberrima
3469 3298 3772 3388 disperire.
3807 3319 4006 3388 Capita
4053 3321 4360 3390 quassabit
4395 3339 4408 3375 :
4441 3320 4634 3374 illorum

1258 3417 1505 3488 nipotens
1533 3414 1715 3476 Pater,
1733 3410 2000 3465 Dominus
2025 3416 2210 3463 autem
2238 3423 2309 3463 ex
2337 3408 2471 3462 Sion
2500 3407 2706 3461 dicitur
2736 3411 2793 3462 et
2825 3409 2912 3463 Fi-

1259 3501 1570 3560 lius.’l‘unc
1589 3505 1784 3556 autem
1805 3495 2402 3567 dominatur,quando
2423 3496 2493 3550 ad
2521 3497 2709 3566 ipsum
2735 3495 2915 3552 delin-

1259 3589 1573 3664 quentium
1602 3587 1776 3642 turba
1803 3583 2229 3640 convertitur.H
2251 3584 2556 3638 Dominare
2587 3585 2730 3639 dixit
2756 3602 2768 3638 :
2797 3603 2909 3640 non

1259 3679 1409 3736 dixit
1437 3675 1730 3732 interﬂces
1760 3671 2050 3742 inimicos,
2084 3671 2183 3728 sed
2232 3672 2554 3738 dominare,
2589 3672 2644 3728 id
2678 3676 2908 3754 est,.fac

1259 3767 1364 3842 qui
1415 3761 1639 3821 inimici
1669 3767 1728 3820 et
1775 3761 1945 3818 alieni
1991 3765 2176 3827 erant,
2207 3760 2290 3816 tui
2343 3777 2470 3816 esse
2518 3761 2814 3833 incipiant,
2851 3764 2907 3818 id

1258 3860 1368 3925 est,
1401 3853 1644 3927 dignare
1669 3867 1798 3909 esse
1829 3849 2111 3906 Dominus
2137 3849 2508 3906 inimicorum
2535 3855 2789 3906 tuorum.

1257 3947 1291 4004 4
1406 3941 1599 4001 Tecum
1621 3942 1963 4015 principium
1993 3941 2053 3995 in
2082 3939 2172 3995 die
2201 3941 2421 3994 virtutis
2453 3944 2566 3996 tua:
2587 3942 2645 3994 in
2666 3941 2909 4013 splendo-

1466 4032 1620 4088 ribus
1644 4037 1958 4087 sanctorum
1986 4047 2006 4084 :

1392 4127 1480 4181 Ex
1511 4128 1661 4178 utero
1690 4126 1816 4177 ante
1845 4119 2140 4190 luciferum
2164 4121 2338 4187 genui
2367 4126 2440 4174 te.
2899 4177 2904 4183 _

1319 4213 1360 4270 C
1388 4211 1492 4268 Hic
1524 4209 1894 4282 omnipotens
1925 4207 2093 4264 Pater
2122 4207 2192 4262 de
2223 4207 2610 4278 omnipotenti
2643 4206 2783 4263 Filio
2815 4209 2901 4263 di-

3027 3407 3224 3477 utiun
3256 3407 3351 3476 qui
3389 3411 3562 3477 caput
3597 3423 3707 3460 non
3745 3406 3960 3460 habent
3988 3407 4310 3474 Christum,
4345 3409 4440 3464 sed
4472 3407 4636 3463 diabo-

3023 3494 3142 3549 lum
3180 3512 3192 3548 ε
3225 3512 3358 3549 cum
3395 3495 3608 3548 fuerint
3639 3497 3904 3557 correcti.
3937 3497 4124 3568 capite
4157 3515 4265 3552 suo
4298 3498 4424 3552 sine
4451 3495 4636 3551 dubita-

3023 3585 3174 3638 tione
3207 3589 3584 3655 quassantur.
3618 3585 3797 3639 Terra
3829 3584 4150 3640 multorum
4179 3591 4291 3656 est,
4324 3603 4453 3658 qua:
4482 3599 4639 3658 pecca-

3021 3678 3176 3728 tores
3207 3673 3574 3726 abundanter
3619 3674 3857 3727 enutrit.
3893 3673 3936 3728 ll
3969 3673 4066 3729 Vel
4119 3674 4438 3730 multorum
4484 3672 4633 3728 dicit:

3018 3778 3133 3833 quo
3175 3762 3245 3815 ad
3293 3761 3610 3816 vindictam
3670 3762 4088 3828 damnationis,
4125 3780 4237 3817 non
4291 3763 4546 3818 omnium
4591 3764 4637 3813 ut

3017 3868 3180 3922 spem
3234 3868 3346 3903 non
3398 3850 3642 3920 auferat)
3677 3851 3776 3905 sed
3827 3851 4144 3907 multorum
4195 3852 4344 3908 dixit
4379 3869 4392 3907 :
4425 3851 4471 3907 si
4509 3850 4633 3908 enim

3015 3940 3280 3994 omnium
3315 3939 3576 4005 dixisset,
3605 3956 3776 3993 nemo
3808 3941 3982 3994 vitam
4017 3945 4300 4011 speraret.

3013 4030 3048 4082 8
3158 4029 3232 4084 De
3259 4037 3494 4083 torrente
3524 4030 3580 4081 in
3615 4032 3701 4083 via
3735 4029 3874 4084 bibet
3905 4049 3924 4083 :

3156 4119 3446 4188 Propterea
3473 4117 3654 4171 multa
3664 4118 3739 4171 bit
3769 4107 3980 4187 eaput.-

3082 4210 3122 4260 C
3153 4207 3405 4262 Torrens
3440 4206 3544 4260 luit
3572 4205 3906 4260 turbulenta
3955 4207 4281 4276 persecutio
4307 4206 4631 4262 Judaaorum.

3011 4294 3082 4349 dc
3114 4313 3231 4366 qua
3260 4295 3541 4349 Dominus
3571 4295 3837 4348 Christus
3873 4294 4017 4349 bibit
4048 4294 4104 4348 in
4127 4294 4237 4359 via,
4263 4295 4323 4349 id
4353 4299 4440 4350 est
4467 4295 4521 4348 in
4549 4291 4631 4344 hac

3013 4382 3148 4448 vita,
3182 4384 3323 4437 dum
3357 4400 3483 4438 eam
3521 4384 3578 4437 in
3610 4399 3847 4454 corpore
3877 4383 4441 4454 pertulit.Exaltabit
4468 4383 4630 4452 caput.

3011 4471 3056 4526 Η
3088 4472 3147 4527 ld
3179 4477 3268 4527 est
3300 4471 3396 4543 qui
3429 4488 3489 4526 se
3522 4471 4087 4543 humiliaverat,ipse
4119 4489 4233 4527 non
4265 4471 4418 4528 alius
4447 4467 4631 4526 exalta-

3007 4560 3086 4620 vit
3117 4559 3227 4616 sibi
3255 4565 3452 4632 caput,
3487 4560 3588 4631 qui
3622 4565 3709 4615 est
3741 4561 4004 4614 omnium
4037 4565 4230 4631 caput.

1248 4293 1570 4369 cit,Tecum
1597 4297 1974 4372 principium.
2009 4297 2178 4352 Pater
2200 4296 2357 4351 enim
2392 4295 2741 4367 principium
2791 4301 2899 4363 est,

1245 4393 1302 4447 et
1327 4387 1510 4446 Filius
1539 4386 1895 4461 principium
1925 4403 1938 4442 :
1967 4403 2169 4442 verum
2195 4402 2307 4441 non
2340 4386 2458 4440 duo
2486 4385 2898 4456 principia,sed

1243 4477 1396 4536 sicut
1425 4493 1581 4534 unus
1613 4477 1784 4542 Deus,
1803 4475 1884 4531 ita
1913 4491 2099 4530 unum
2129 4479 2216 4530 est
2247 4474 2625 4546 principium.
2663 4474 2722 4528 In
2757 4475 2848 4529 die
2883 4493 2896 4530 :

1239 4566 1618 4624 aternitafem
1653 4565 1972 4638 signiﬁcat,
2002 4564 2080 4618 ibi
2114 4581 2268 4618 unus
2293 4567 2383 4619 est
2411 4562 2556 4631 dies,
2591 4563 2687 4616 ubi
2707 4565 2832 4634 jam
2865 4581 2899 4618 a

1237 4656 1424 4714 beatis
1449 4653 1686 4711 claritas
1716 4653 1916 4710 divina
1945 4650 2678 4723 consnicitur.Splendores
2701 4657 2892 4707 autem
2927 4668 2974 4732 Β

1237 4748 1378 4803 sunt
1405 4748 1743 4800 sanctorum
1769 4761 1782 4799 :
1809 4743 2046 4816 quando
2076 4741 2135 4796 in
2167 4739 2588 4796 resurrectione
2619 4740 2897 4796 lucebunt

3503 4683 3706 4721 ORATIO
3747 4684 3813 4720 EX
3853 4683 4009 4721 PSAL.
4051 4683 4161 4721 CIX.

3078 4775 3223 4828 Ante
3255 4771 3562 4827 luciferum
3596 4773 3811 4842 genite,
3840 4773 3937 4844 qui
3969 4788 4030 4828 es
4080 4773 4433 4845 principium
4482 4767 4631 4824 totius

3005 4869 3302 4927 creatura),
3341 4879 3615 4933 rogamus
3651 4867 3704 4916 et
3737 4879 4099 4934 qumsumus,
4131 4867 4194 4917 ut
4238 4865 4396 4918 sicut
4441 4856 4630 4914 sanctis

3005 4952 3252 5024 pedibus
3283 4951 3401 5005 tuis
3435 4951 3703 5006 inimicos
3732 4952 3800 5004 ad
3835 4952 4130 5006 dexteram
4179 4946 4366 5006 Patris
4399 4947 4628 5005 residens

3005 5040 3328 5109 subjecisti,
3362 5041 3440 5094 ita
3471 5057 3579 5095 nos
3605 5039 3720 5094 tuis
3752 5040 3959 5096 ofliciis
3989 5039 4196 5112 dignos
4219 5040 4436 5096 habeas
4464 5034 4629 5093 ablata

3005 5129 3381 5184 damnatione
3413 5128 3653 5200 peccati.
3687 5129 3792 5194 Qui
3824 5130 3966 5184 vivis
3993 5134 4048 5184 et
4075 5145 4304 5201 regnas,
4337 5134 4446 5184 etc.

3588 5263 3820 5318 PSALM
3831 5263 3916 5319 ['S
3956 5263 4063 5318 CX.

3455 5365 3858 5408 Διιοιολιεκτυιιι
3899 5369 4056 5408 PSAL.
4097 5369 4186 5408 CX.

3061 5455 3101 5504 C
3127 5451 3508 5519 Congregalio
3534 5451 3830 5519 justorum
3863 5452 4121 5523 undique
4152 5449 4394 5506 collecta
4425 5444 4625 5502 conﬁte-

2991 5538 3038 5592 ri
3070 5555 3134 5591 ac
3168 5535 3406 5592 laudare
3441 5537 3618 5591 Deum
3654 5555 3716 5591 se
3746 5538 3906 5592 dicit.

3606 5627 3722 5681 ΤΤ.
3765 5629 4028 5683 Alleluia.

3058 5720 3098 5772 C
3129 5715 3403 5782 Quamvis
3437 5715 3544 5772 hoc
3591 5732 3805 5773 nomen
3857 5717 4046 5773 laudis
4097 5715 4353 5776 alleluia.
4383 5705 4616 5785 generale

1235 4833 1390 4890 sicut
1417 4831 1610 4906 angeli
1641 4831 1853 4889 Dei.Ex
1880 4835 2044 4887 utero
2075 4828 2215 4884 dicit
2243 4833 2415 4884 Pater
2450 4829 2676 4895 Filium,
2705 4829 2760 4883 id
2787 4834 2894 4900 est,

1233 4937 1304 4979 ex
1323 4938 1534 4978 arcano
1563 4920 1907 4978 substantias
1941 4936 2103 4986 mere,
2137 4935 2206 4974 ex
2237 4918 2366 4990 ipsa
2393 4918 2613 4974 scilicet
2657 4918 2891 4972 deitate.

1234 5009 1283 5066 ll
1311 5011 1458 5067 Cum
1487 5027 1620 5078 vero
1648 5011 1959 5077 dicit,ante
1990 5008 2302 5062 luciferum
2330 5025 2342 5062 :
2369 5024 2545 5062 unam
2569 5013 2894 5062 creaturam

1235 5097 1588 5160 nominat.et
1609 5115 1812 5154 omnes
1829 5102 2127 5153 creaturas
2149 5095 2371 5152 indicat
2391 5113 2526 5151 eum
2552 5096 2893 5168 prtecedere.

1235 5185 1364 5243 Non
1395 5184 1572 5242 etiam
1601 5186 1772 5242 Pater
1801 5188 1988 5259 potuit
2020 5203 2082 5241 se
2113 5186 2282 5242 aliter
2309 5185 2544 5241 Patrem
2590 5203 2719 5241 esse
2751 5183 2898 5239 indi-

1233 5273 1508 5342 care,nisi
1540 5273 1814 5331 humanis
1839 5275 2032 5331 verbis
2061 5275 2606 5346 loqueretur,Genui
2641 5278 2787 5341 tc,et
2816 5291 2884 5329 ex

1231 5361 1588 5436 utero.Quod
1615 5365 1808 5418 autem
1841 5362 2002 5430 dicit,
2028 5379 2098 5419 ex
2129 5367 2316 5428 utero,
2347 5362 2494 5418 nulli
2534 5361 2880 5417 scandalum

1231 5449 1602 5518 faciat,Pater
1629 5449 1786 5506 enim
1817 5456 2046 5506 uterum
2077 5468 2192 5506 non
2223 5450 2397 5505 habet
2424 5467 2436 5504 :
2473 5450 2572 5504 sed
2624 5467 2739 5504 non
2781 5467 2880 5521 po-

1231 5545 1343 5598 test
1372 5557 1434 5596 sc
1465 5539 1634 5595 aliter
1663 5539 1921 5595 indicare
1950 5541 2204 5606 Patrem,
2242 5540 2352 5594 nisi
2383 5538 2641 5594 hominis
2691 5539 2880 5592 verbis

1231 5627 1458 5684 locutus
1491 5628 1670 5684 fuerit
1701 5645 1717 5682 :
1752 5631 1818 5683 ut
1845 5631 2050 5683 contra
2075 5626 2278 5682 Arium
2307 5644 2417 5682 non
2449 5632 2878 5699 creatura,quze

1233 5732 1410 5775 manu
1457 5716 1544 5786 tit,
1600 5715 1870 5778 Christus
1926 5715 2244 5774 credatur:
2281 5715 2381 5772 sed
2439 5715 2539 5772 Dei
2598 5715 2879 5783 naturalis
