5516 6518
107 516 215 581 109

1304 509 1721 572 EXPOSITIO
1764 508 1907 571 PSA
1919 507 2271 574 LMORUM.

3358 490 3493 577 4m

107 666 227 708 esse
253 645 539 703 videatur:
579 646 774 699 tamen
826 641 903 697 ibi
957 639 1209 697 maxime
1256 641 1587 713 apponitur,
1635 639 1733 696 ubi
1760 640 1816 708 Α
1846 639 2107 714 telligant
2135 659 2268 697 eum
2295 659 2422 699 esse
2469 643 2651 699 Deum
2708 644 3025 713 credentes,
3070 649 3127 700 et
3168 663 3346 703 causa
3387 665 3476 704 se-

109 752 310 812 magna
338 732 724 790 exsultatione
755 731 1060 804 gaudetur.

111 847 134 901 1
240 840 544 913 Conﬁtebor
587 839 757 905 E—tibi
799 842 814 905 ζ
862 840 1106 903 Domine,
1142 840 1198 893 in
1231 842 1337 893 toto
1384 836 1541 892 corde
1582 853 1733 892 meo:

242 932 299 986 In
319 929 554 985 concilio
574 929 853 1000 justorum
879 932 932 983 et
951 928 1382 998 congregatione.

174 1018 597 1077 CConﬁtentur
640 1022 698 1071 et
734 1017 834 1088 qui
882 1021 1118 1088 peccata
1159 1014 1483 1086 deplorant,
1534 1019 1591 1069 ct
1637 1014 1737 1085 qui

110 1108 323 1166 Christo
381 1105 601 1178 gratias
657 1106 944 1160 referunt:
1006 1104 1104 1159 sed
1138 1102 1281 1157 illud
1338 1102 1395 1156 in
1442 1101 1737 1173 lacrymis,

108 1197 258 1255 istud
290 1196 349 1250 in
375 1194 591 1265 gaudio
604 1198 711 1248 est.
739 1194 839 1248 Hic
865 1197 1058 1248 autem
1075 1191 1313 1263 profusa
1330 1190 1531 1245 latitia
1547 1190 1739 1246 exsul-

108 1292 186 1343 tat
213 1282 463 1358 populus
494 1281 704 1350 ﬁdelis,
739 1282 1056 1353 quamdam
1084 1279 1401 1353 imaginem
1434 1280 1611 1334 futuri
1629 1297 1739 1335 sa:-

109 1374 217 1433 culi
250 1371 585 1443 designans,
618 1371 718 1425 ubi
752 1370 955 1426 laudes
986 1368 1214 1425 Domini
1264 1385 1495 1439 semper
1536 1369 1741 1423 devota

108 1467 293 1519 mente
324 1458 754 1524 concelebrant,
788 1458 887 1513 ubi
918 1462 974 1512 et
999 1458 1173 1513 verba
1188 1460 1243 1511 et
1262 1456 1384 1511 ista:
1412 1472 1579 1511 voces
1609 1472 1741 1510 con-

108 1553 275 1608 tinuae
307 1551 464 1604 sunt.
500 1546 1136 1618 Consiliumjustorum
1168 1548 1274 1609 est,
1323 1548 1367 1599 A
1398 1545 1553 1617 quod
1590 1545 1739 1615 justi

108 1637 433 1695 consulunt.
465 1636 498 1692 J
506 1635 621 1690 usti
654 1638 845 1691 autem
864 1633 1194 1701 consulunt,
1218 1638 1395 1688 Deum
1413 1632 1667 1696 laudare,
1687 1638 1743 1687 ct

109 1727 185 1783 illi
216 1726 430 1782 servire
458 1739 563 1795 pro
593 1724 821 1778 aeternis
834 1723 1023 1785 bonis,
1048 1722 1398 1794 laudatergo
1428 1725 1483 1777 et
1512 1720 1744 1776 conﬁtc-

105 1820 197 1870 tur
224 1814 282 1869 in
314 1810 564 1868 concilio
587 1811 909 1882 justorum,
956 1811 1056 1883 qui
1088 1828 1201 1865 non
1250 1815 1484 1877 temere,
1536 1811 1635 1865 sed
1675 1827 1741 1865 ex

106 1902 320 1958 ratione
351 1904 410 1955 et
437 1898 851 1955 deliberatione
882 1904 1102 1966 sancta,
1132 1916 1234 1969 pro
1258 1899 1486 1954 internis
1519 1898 1737 1964 laudat,

1846 728 2065 801 quitur.

1842 820 1878 873 6
1991 820 2054 875 Ut
2080 819 2169 875 det
2198 821 2311 875 illis
2341 822 2708 878 htereditatem
2737 825 3015 891 gentium:

1988 911 2165 979 Opera
2199 907 2460 965 manuum
2491 912 2607 982 ejus
2637 914 2832 970 veritas
2859 920 2911 968 et
2922 913 3215 984 judicium.

1917 996 1957 1050 C
1990 996 2156 1052 Dedit
2185 1002 2378 1054 autem
2409 999 2514 1065 eis,
2545 1000 2600 1053 id
2630 1005 2719 1055 est
2740 1000 2954 1072 populo
2985 1001 3332 1070 Christiano,
3358 1004 3477 1059 he-

1848 1086 2148 1141 redilatem
2176 1088 2465 1159 gentium:
2509 1090 2741 1159 quando
2791 1089 3103 1145 Ecclesium
3137 1092 3207 1145 de
3255 1092 3479 1147 cunctis

1846 1173 2180 1230 nationibus
2211 1175 2351 1231 vivis
2382 1175 2674 1248 lapidibus
2704 1176 3021 1232 fabricavit.
3057 1179 3215 1250 Opus
3236 1180 3363 1249 ejus
3394 1197 3483 1235 ve-

1848 1262 1989 1317 ritas
2018 1266 2074 1316 et
2094 1262 2379 1333 judicium
2403 1282 2415 1331 ;
2451 1264 2681 1330 veritas,
2718 1266 2871 1335 quod
2896 1266 3169 1324 fidelibus
3191 1267 3482 1338 promissa

1850 1350 2128 1417 restituit;
2154 1351 2465 1421 judicium,
2500 1353 2650 1423 quod
2671 1352 2864 1424 impiis
2878 1353 3479 1428 minaturfuturaquae

1848 1438 2132 1493 debentur
2163 1439 2331 1495 malis
2363 1440 2668 1511 supplicia.

1846 1526 1883 1578 7
1988 1527 2195 1582 Fidelia
2231 1531 2416 1583 omnia
2462 1529 2718 1583 mandata
2746 1530 2879 1599 ejus.
2923 1532 3253 1601 Conﬁrmata
3284 1534 3342 1586 in
3372 1548 3480 1589 sa:-

2059 1617 2243 1671 eulum
2266 1618 2479 1672 saeculi.
2642 1678 2651 1683 ,

1989 1707 2151 1759 Facta
2181 1706 2240 1758 in
2264 1706 2487 1760 veritate
2514 1714 2563 1760 et
2592 1707 2867 1777 aequitate.

1919 1793 1960 1847 C
1992 1791 2207 1847 Fidelia
2234 1794 2362 1863 ejus
2394 1794 2668 1848 mandata
2690 1798 2847 1860 sunt,
2867 1794 3140 1866 quoniam
3155 1796 3313 1853 nullo
3326 1814 3482 1853 men-

1849 1880 2012 1935 dacio
2042 1881 2196 1937 dicta
2224 1881 2541 1950 variantur,
2575 1883 2675 1938 sed
2702 1884 2947 1939 firmiter
2976 1902 3081 1940 nos
3126 1887 3480 1954 custodiunt,

105 1992 253 2047 sicut
272 2005 478 2044 omnes
502 1987 651 2058 justi
679 1987 920 2043 faciunt.
953 1986 1521 2059 Congregatiavero:
1545 1992 1632 2041 est
1652 2003 1742 2041 co-
1773 2003 1817 2066 Β
1849 1987 1981 2066 ουῐῖι
2013 1988 2080 2026 θα
2110 1975 2283 2066 ευεξῗέο⁴

1305 2003 1521 2042 avem:
1545 1992 1742 2041 esteo-
1773 2003 1817 2066 Β
1849 1987 1981 2026 cum
2013 1988 2080 2026 ca
2110 1972 2401 2027 custodire
2435 1976 2529 2027 Dei
2571 1973 2785 2029 auxilio
2835 1974 3203 2030 festinamus.
3257 1976 3483 2032 Confir-

106 2095 243 2135 rona
272 2078 444 2133 beata
474 2076 547 2131 de
577 2075 821 2131 diversis
848 2076 1114 2147 partibus
1143 2075 1343 2130 mundi
1372 2075 1643 2130 adunata.

103 2188 137 2238 2
242 2188 451 2254 Magna
482 2197 647 2253 opera
676 2184 931 2237 Domini:

239 2273 531 2343 Exguisita
554 2272 610 2325 in
633 2286 815 2326 omnes
846 2272 1143 2326 voluntates
1172 2271 1308 2341 ejus.

171 2361 216 2416 Η
248 2360 465 2432 Magna
494 2375 671 2430 opera
719 2358 977 2414 Domini:
1031 2362 1215 2414 rectos
1258 2359 1415 2423 dicit,
1468 2360 1567 2430 qui
1611 2363 1743 2414 ante

103 2453 431 2522 peccatores
453 2450 640 2502 erant.
666 2446 706 2501 C
736 2448 881 2512 Quid
908 2447 1064 2502 enim
1080 2448 1546 2519 magniﬁcentius
1568 2464 1743 2518 quam

100 2539 168 2593 de
197 2537 377 2609 impio
406 2536 600 2591 facere
623 2536 876 2606 justum,
910 2536 981 2590 de
1002 2535 1166 2591 hoste
1184 2534 1743 2607 ﬁlium?Exquisita.

102 2625 155 2680 id
188 2629 277 2679 est
305 2623 692 2696 singulariter
721 2628 942 2689 exacta,
978 2624 1071 2678 cui
1121 2622 1312 2679 simile
1359 2622 1503 2677 nihil
1553 2627 1747 2694 potest

100 2712 355 2785 reperiri.
391 2711 549 2767 Sinit
577 2712 734 2767 enim
764 2716 821 2767 et
852 2711 1149 2766 diabolum
1183 2712 1403 2775 saevire,
1438 2716 1503 2766 ut
1545 2711 1742 2766 exini-

101 2801 319 2873 quitate
345 2800 533 2865 illius,
569 2798 943 2855 fidelissimos
976 2799 1083 2855 sibi
1117 2816 1311 2855 servos
1353 2798 1628 2854 inveniat.
1664 2800 1749 2855 Ita

98 2894 152 2945 et
181 2889 240 2944 in
270 2888 559 2945 omnibus
589 2888 655 2942 fit
684 2887 1003 2944 secundum
1036 2904 1240 2943 omnes
1270 2887 1596 2942 voluntates
1620 2887 1749 2957 ejus

100 2976 590 3049 exquisitissime.
627 2980 688 3031 ut
717 2975 776 3030 in
808 2976 1056 3049 singulis
1084 2975 1396 3031 velmelius
1412 2976 1587 3031 etiam
1602 2975 1753 3047 cogi-

104 3066 209 3122 tari
234 3065 462 3138 aliquid
497 3081 616 3120 non
649 3064 854 3137 possit.

101 3171 136 3227 3
244 3172 527 3243 Confessio
557 3177 607 3226 et
635 3171 1043 3241 magniﬁcentia
1072 3186 1202 3241 opus
1229 3172 1346 3242 ejus
1386 3174 1400 3237 ζ
1448 3211 1459 3223 .

239 3261 303 3315 Et
323 3261 561 3332 justitia
590 3259 706 3329 ejus
737 3266 918 3314 manet
940 3261 997 3314 in
1029 3260 1294 3315 sweulum
1338 3260 1626 3325 E—sarculi:

1850 2063 2028 2125 mata,
2062 2060 2247 2116 nescit
2275 2060 2430 2116 enim
2463 2078 2654 2117 sermo
2678 2061 2950 2129 titubare,
2984 2079 3159 2134 quem
3189 2064 3486 2121 veritaslo-

1850 2148 2067 2220 quitur.
2101 2150 2271 2204 Facta
2292 2149 2435 2204 dixit
2464 2167 2590 2205 esse
2624 2150 2679 2205 in
2711 2150 2967 2216 veritate,
3002 2152 3139 2224 quia
3166 2153 3320 2207 dicta
3334 2170 3487 2209 com-

1851 2236 2103 2308 plentur,
2136 2241 2193 2291 et
2214 2237 2504 2308 mquitate,
2524 2237 2799 2310 quoniam
2823 2240 3335 2310 ponderejustitia:
3349 2259 3486 2313 pro-

1852 2325 2144 2393 feruntur;
2180 2326 2394 2381 habent
2424 2327 2578 2382 enim
2610 2328 2808 2383 omnia
2824 2328 3101 2383 mandata
3129 2330 3323 2399 ejuset
3348 2330 3487 2385 veri-

1852 2417 2026 2470 tatem
2060 2420 2115 2469 et
2135 2414 2462 2485 aequitatem
2486 2415 2751 2486 justitize.

1852 2502 1886 2555 8
1996 2503 2427 2573 Redemptionem
2455 2506 2607 2559 misit
2628 2505 2884 2559 Dominus
2908 2506 3106 2575 populo
3138 2521 3253 2560 suo.

1994 2591 2267 2647 Mandavit
2298 2594 2358 2645 in
2384 2599 2652 2648 aeternum
2682 2597 3057 2648 testamentum
3084 2610 3264 2648 suum.

1926 2683 1964 2733 Ο
1993 2680 2149 2735 Misit
2176 2681 2331 2735 enim
2365 2680 2575 2736 Filium
2600 2681 2770 2735 Pater
2785 2681 2857 2736 ad
2881 2682 3281 2737 redimendum
3305 2698 3490 2753 genus

1856 2768 2203 2823 humanum.
2230 2768 2589 2824 Mandavitin
2613 2773 2912 2837 aeternum,
2931 2770 3489 2836 mandaredicimus,

1858 2855 2201 2912 absentibus
2230 2856 2404 2911 verba
2430 2873 2531 2928 per
2577 2856 2801 2913 medias
2848 2858 3141 2913 destinare
3191 2874 3488 2929 personas.

1858 2945 2019 3009 Quod
2054 2944 2268 2999 factum
2300 2949 2551 3010 constat,
2582 2946 2814 3016 quando
2835 2950 3252 3001 testamentum
3276 2962 3489 3001 novum

1861 3050 1962 3105 per
1991 3032 2284 3104 apostolos
2314 3033 2719 3088 transmisitad
2737 3038 2958 3103 gentes,
2994 3037 3057 3087 ut
3072 3032 3495 3105 usqueinaater-

1861 3139 2003 3176 num
2037 3138 2069 3175 a
2085 3121 2519 3176 successoribus
2549 3122 2984 3192 praedicaretur;
3002 3138 3115 3177 non
3129 3122 3283 3178 enim
3299 3122 3345 3177 ei
3362 3140 3491 3177 suc-

1861 3208 2177 3264 ceditaliud
2192 3212 2605 3264 testamentum
2620 3208 2951 3265 sicutveteri
2968 3227 3179 3265 novum
3192 3210 3492 3266 successit.

1863 3298 2064 3353 Merito
2094 3314 2228 3369 ergo
2258 3301 2536 3352 aeternum
2567 3296 2797 3360 dicitur,
2831 3298 2984 3368 quod
3019 3296 3178 3353 nullo
3207 3297 3322 3353 alio
3350 3298 3497 3354 indi-

167 3346 807 3459 9_C?:3ffsi'?z-:‘1:?§:
833 3345 1310 3459 essetesse
1324 3348 1753 3459 esse???
1782 3359 1825 3426 ο
1864 3403 1997 3459 gere
2028 3385 2415 3457 cognoscitur.

98 3451 241 3508 opus
271 3436 427 3508 ejus.
465 3434 815 3490 Laudabilia
842 3434 994 3489 enim
1041 3440 1179 3489 sunt
1223 3434 1389 3490 valde
1420 3439 1477 3490 et
1524 3435 1749 3504 decora,

98 3539 220 3594 qua
251 3523 552 3580 Dominus
584 3520 734 3578 fecit.
766 3521 1003 3577 Justitia
1027 3523 1155 3593 ejus
1177 3527 1373 3578 manet
1401 3522 1459 3577 in
1475 3522 1751 3577 saeculum

97 3610 312 3667 saeculi.
349 3598 493 3666 clum
523 3610 928 3682 peccatoribus
958 3609 1126 3665 dicit:
1159 3611 1239 3666 Ite
1268 3609 1327 3664 in
1358 3609 1552 3682 ignem
1584 3614 1752 3664 ater-

97 3716 236 3754 num
288 3699 508 3770 (Matth.
562 3699 724 3770 xxv),-
774 3698 860 3753 vel
908 3699 1141 3770 quando
1192 3698 1389 3753 fideles
1436 3697 1747 3754 vocaverit:

95 3786 855 3858 Venite.benedicti(lbid.);
887 3787 968 3842 sic
991 3786 1050 3840 in
1074 3790 1317 3858 utraque
1331 3791 1511 3857 parte,
1520 3784 1751 3857 justitia

95 3876 189 3931 Dei
220 3879 520 3947 perpetua
541 3877 599 3929 et
628 3874 1124 3931 incommutabilis
1156 3878 1500 3946 perseverat.

92 3981 123 4036 4
228 3982 565 4038 Memoriam
592 3982 724 4051 fecit
752 3981 1097 4035 mirabilium
1119 3996 1345 4037 suorum
1366 3982 1670 4036 misericors
1699 3988 1750 4036 et

301 4069 611 4125 miserator
630 4070 924 4124 Dominus:

229 4158 429 4214 Escam
459 4156 617 4213 dedit
635 4157 952 4212 timentibus
983 4173 1057 4211 se.

157 4245 520 4301 Memoriam
553 4260 691 4317 ergo
707 4243 1229 4311 fecitmirabilium,
1245 4245 1476 4315 quando
1499 4244 1749 4317 plurima

88 4348 234 4389 nova
266 4332 578 4389 mirabilia
607 4336 664 4388 et
696 4331 975 4388 inusitata
1004 4331 1370 4387 monstravit.
1396 4333 1744 4401 Misericors,

88 4424 360 4476 naturam
396 4422 538 4493 ejus
572 4420 805 4493 pietatis
835 4420 1118 4487 ostendit;
1154 4419 1480 4487 miserator,
1531 4437 1664 4476 cum
1688 4421 1747 4476 in

88 4508 335 4564 adventu
371 4526 488 4565 suo
521 4509 786 4565 humano
801 4508 998 4582 generi
1028 4507 1191 4581 larga
1219 4509 1428 4579 pietate
1458 4509 1745 4577 subvenit;

86 4596 245 4651 dedit
274 4613 507 4665 escam,
546 4595 745 4652 cibum
779 4596 982 4669 utique
1015 4594 1360 4667 spiritalem,
1411 4597 1544 4668 quis
1590 4598 1746 4653 enim

1859 3474 1895 3527 9
2001 3475 2256 3529 Sanctum
2285 3483 2337 3529 et
2364 3476 2610 3530 terribile
2641 3491 2833 3530 nomen
2861 3475 2999 3546 ejus.

2001 3564 2226 3619 Initium
2252 3565 2541 3636 sapientiae
2570 3566 2734 3620 timor
2760 3565 2998 3619 Domini.

1932 3651 1972 3706 C
1999 3655 2295 3716 Sanctum,
2313 3668 2525 3707 nomen
2548 3652 2797 3724 pertinet
2809 3652 2880 3707 ad
2903 3652 3358 3709 incarnationem
3382 3653 3490 3709 sic-

1861 3741 1925 3792 ut
1955 3737 2063 3792 ait:
2096 3737 2330 3792 Custodi
2347 3738 2602 3792 animam
2618 3754 2804 3793 meam
2820 3738 3095 3810 quoniam
3115 3744 3351 3797 sanctus
3364 3758 3493 3796 sum

1860 3825 2030 3896 (Psal.
2064 3826 2284 3894 Lxxxv).
2315 3824 2615 3891 Terribile,
2650 3826 2721 3880 ad
2742 3826 3226 3898 omnipotentiam
3241 3827 3491 3884 deitatis.

1858 3912 1988 3967 Haac
2017 3912 2132 3967 duo
2164 3913 2474 3982 conjuncta
2501 3916 2657 3978 sunt,
2687 3930 2756 3968 ne
2790 3930 2896 3969 nos
2921 3914 3196 3969 autsolus
3222 3932 3385 3971 amor
3404 3934 3495 3973 ne-

1858 3999 2142 4072 gligentes
2156 4000 2376 4067 reddat,
2392 4004 2493 4055 aut
2504 4004 2701 4055 tantus
2713 4000 2888 4057 timor
2911 4003 3246 4073 desperatos
3259 4002 3490 4058 efficiat.

1858 4087 2003 4153 Quid
2037 4103 2168 4142 vero
2199 4087 2275 4142 sit
2320 4087 2495 4142 timor
2537 4087 2807 4157 ostendit,
2859 4087 3080 4145 scilicet
3124 4089 3361 4145 initium
3394 4107 3489 4147 sa-

1858 4175 2107 4247 pientize.

1859 4264 1926 4318 10
1996 4264 2303 4318 Intellectus
2334 4263 2501 4317 bonus
2528 4265 2778 4319 omnibus
2804 4265 3134 4335 facientibus
3162 4282 3316 4321 eum:

1996 4350 2263 4405 Laudatio
2292 4350 2407 4420 ejus
2434 4354 2619 4406 manet
2648 4352 2705 4405 in
2734 4353 2995 4407 swculum
3035 4355 3292 4418 E—szeeuli
3329 4359 3343 4421 ζ
3390 4396 3402 4408 .

1926 4441 1967 4495 C
1994 4443 2109 4494 Iste
2140 4455 2274 4511 ergo
2300 4436 2626 4493 intellectus
2658 4439 2865 4508 bonus,
2892 4440 2956 4495 'id
2988 4445 3095 4509 est,
3126 4459 3296 4498 verus
3323 4448 3379 4499 et
3400 4461 3494 4499 sa-

1854 4528 2079 4596 lutaris,
2113 4526 2211 4599 qui
2243 4525 2301 4581 in
2334 4525 2540 4582 timore
2589 4527 2819 4583 Domini
2868 4530 3147 4600 probatur
3191 4531 3495 4599 intentus;

1858 4615 2017 4673 utilis
2049 4621 2219 4688 atque
2251 4616 2583 4672 fructuosus
2614 4621 2722 4682 est,
2753 4618 3029 4688 quoniam
3062 4618 3197 4675 inde
3230 4620 3490 4676 nascitur

87 4700 277 4780 escam
301 4688 894 4780 communem-putet
924 4682 1195 4780 ﬁdelibus
1227 4684 1297 4739 ad
1318 4685 1751 4780 praemiumda.
1782 4714 1826 4779 Β
1857 4705 2010 4776 quod
2043 4682 2143 4759 (ω’
2170 4720 2265 4776 ρετ

1350 4685 1751 4780 mallii“???
1782 4714 1826 4779 ι)
1857 4705 2010 4776 quod
2043 4682 2143 4759 ad-
2170 4720 2482 4776 perennem
2534 4682 2789 4776 gloriam-
2827 4706 3141 4777 perducere
3190 4709 3488 4780 probatur.
3524 4707 3528 4711 ’

84 4773 222 4841 tam,
259 4790 394 4845 quae
427 4776 491 4828 et
517 4772 928 4845 peccatoribus
958 4770 1177 4845 passim
1199 4772 1748 4847 cognosciturzattri-

82 4858 269 4915 buta?
301 4861 350 4916 H
381 4862 603 4917 Escam
634 4876 770 4932 ergo
800 4860 978 4928 dedit,
1021 4860 1078 4914 id
1129 4863 1235 4927 est,
1286 4877 1494 4932 panem
1545 4863 1645 4934 qui
1675 4863 1746 4919 de

83 4948 222 5005 calo
249 4948 599 5006 descendit.

81 5052 117 5107 5
218 5059 448 5112 Memor
476 5040 597 5111 erit
626 5055 683 5109 in
705 5054 973 5111 saeculum
1002 5056 1306 5110 testamenti
1332 5058 1451 5113 sui:

221 5144 500 5200 Virtutem
533 5157 762 5214 operum
790 5156 1017 5197 suorum
1044 5144 1398 5198 annuntiabit
1426 5145 1743 5216 p0pulosuo.

149 5233 189 5285 C
218 5231 281 5289 In
316 5230 644 5298 aemulum,
675 5230 1057 5286 aeternitatem
1081 5229 1390 5303 signiﬁcat,
1411 5232 1548 5303 quia
1576 5234 1751 5290 verba

83 5320 421 5376 testamenti
446 5317 576 5386 sui,
612 5318 976 5375 solidissima
1022 5318 1258 5373 veritate
1304 5320 1576 5387 custodit,
1612 5322 1752 5393 quia

86 5406 232 5463 sicut
276 5408 335 5463 in
368 5401 582 5463 Veteri
617 5406 990 5461 Testamento
1013 5406 1279 5462 Christus
1302 5408 1746 5479 promissusest,

78 5483 164 5550 ita
188 5497 248 5551 in
280 5498 448 5553 Novo
477 5493 669 5561 venit,
687 5494 1141 5566 Virtusoperum
1157 5494 1287 5563 fuit,
1304 5496 1549 5566 quamin
1565 5497 1749 5553 Evan-

86 5581 227 5653 gelio
256 5584 438 5641 dicit:
474 5582 633 5639 Caeci
667 5578 881 5649 vident,
903 5581 1750 5653 surdiaudiunt,lcprosimun-

88 5672 313 5740 dantur,
349 5670 588 5730 mortui
624 5674 946 5743 resurgunt
968 5671 1172 5737 (Matth.
1206 5673 1305 5738 XI).
1347 5669 1512 5726 Illam
1564 5673 1749 5728 virtu-

87 5761 197 5817 tem
227 5758 623 5819 annuntiavit
652 5758 867 5831 populo
893 5774 999 5814 suo
1024 5756 1369 5824 Christiano,
1400 5763 1463 5813 ut
1486 5776 1554 5815 ex
1584 5761 1750 5816 eain-

1859 4794 2137 4850 Laudatio
2168 4794 2294 4863 ejus
2325 4793 2501 4865 digna
2524 4797 2630 4861 est,
2664 4794 2798 4866 quia
2812 4794 3493 4866 peccatoresliberatbic,

1852 4884 1909 4937 et
1937 4881 1997 4936 in
2028 4881 2221 4936 futuro
2251 4888 2518 4948 coronat;
2544 4880 2797 4939 laudatio
2827 4900 2959 4939 vero
2991 4885 3119 4955 ejus
3132 4901 3245 4940 non
3267 4883 3487 4940 claudi,-

1853 4973 1950 5024 tur
1973 4968 2240 5039 termino,
2254 4970 2393 5040 quia
2405 4986 2508 5024 nec
2540 4970 2713 5025 finem
2728 4970 2938 5027 habere
2952 4976 3137 5044 potest
3149 4972 3492 5029 beneficium

1854 5057 2077 5112 datum.
2115 5058 2153 5111 Il
2182 5058 2223 5112 C
2250 5057 2451 5112 Merito
2483 5074 2618 5130 ergo
2650 5058 2709 5114 in
2742 5060 2911 5116 titulo
2942 5059 3178 5117 alleluia
3206 5060 3491 5134 scriptum

1855 5149 1962 5213 est,
1996 5144 2136 5215 quia
2163 5148 2219 5199 et
2247 5143 2479 5200 laudem
2498 5146 2591 5200 Dei
2626 5147 3166 5216 fecitinitium,etin
3182 5148 3493 5221 ejuslaude

1857 5230 2056 5288 ﬁnitus
2089 5236 2177 5287 est
2206 5231 2493 5304 psalmus,

2349 5337 2551 5375 ORATIO
2588 5339 2659 5377 EX
2707 5339 2863 5378 PSAL.
2906 5341 2995 5379 CX.

1926 5409 2270 5464 Sanctorum
2325 5408 2591 5463 omnium
2641 5409 2893 5482 gloriosa
2941 5412 3245 5479 confessio,
3300 5414 3489 5468 tribue

1858 5494 2024 5553 nobis
2072 5495 2338 5550 timorem
2400 5496 2656 5552 nominis
2714 5498 2796 5553 tui
2859 5500 3033 5570 (quod
3079 5517 3206 5556 esse
3256 5499 3485 5554 initium

1857 5583 2151 5656 sapientia:
2203 5582 2560 5654 prmdixisti),
2608 5590 2672 5640 ut
2726 5590 2959 5641 tuorum
3010 5586 3244 5642 admisti
3295 5586 3485 5640 conci-

1857 5672 1971 5737 liis,
2026 5669 2430 5726 miscricordias
2486 5677 2597 5728 tua:
2662 5674 2911 5746 dapibus
2970 5674 3321 5745 saginemur,
3380 5671 3484 5725 Per

1857 5759 2170 5817 Dominum
2198 5764 2463 5817 nostrum
2488 5760 2711 5833 Jesum,
2745 5767 2852 5818 etc.

4152 6192 5500 6434 -
