3878 6418
343 413 382 498 ι

255 413 383 513 ei
1183 413 1249 480 ες
1293 413 1338 479 Β

841 545 1168 608 PSALMUS
1206 549 1338 634 cxi.

714 665 1058 704 ARGUMENTU
1067 667 1110 705 Μ
1153 665 1309 705 ΡεΑι..
1351 665 1440 704 CXI
1450 689 1464 709 ο

332 767 373 822 C
402 763 691 838 Propheta
718 764 980 836 loquitur
1001 765 1072 820 de
1102 763 1462 820 beatitudine
1480 761 1912 836 justi,etdein-

260 855 597 912 carnatione
627 853 862 922 Christi,
891 859 1067 926 atque
1091 853 1469 910 damnatione
1499 852 1837 924 impiorum.

265 946 380 1002 TT.
439 944 680 1000 Alleluia
720 945 1152 1009 E—cmwersionis
1193 944 1385 1013 Aggzei
1418 950 1470 997 et
1507 941 1792 997 Zachariae
1834 945 1848 1008 ζ
1895 982 1909 996 .

332 1033 527 1090 Cldeo
558 1033 693 1089 huic
727 1032 893 1088 titulo
936 1032 1353 1094 conversionis,
1411 1047 1513 1086 seu
1565 1031 1913 1086 reversionis

261 1122 452 1196 Aggaai
483 1127 542 1178 et
569 1121 858 1179 Zachariae
891 1120 1190 1186 intexitur,
1225 1121 1526 1192 quiasicut
1555 1118 1659 1186 illi,
1685 1137 1716 1173 a
1735 1120 1913 1191 Baby-

257 1212 452 1272 lonica
477 1211 808 1284 captivitate
837 1211 1071 1276 reversi,
1093 1208 1379 1281 templum
1401 1208 1627 1264 Domini
1653 1208 1909 1280 reparari

258 1302 544 1368 videntes,
567 1299 772 1356 laudes
785 1299 1015 1355 Domini
1037 1316 1251 1370 magna
1262 1295 1649 1370 profuderunt
1662 1296 1914 1352 exsulta-

260 1392 437 1456 tione,
473 1391 554 1446 ita
582 1394 713 1462 post
739 1394 1111 1462 peccatorum
1133 1386 1583 1452 absolutionem,
1615 1403 1649 1440 a
1667 1385 1907 1458 captivi-

255 1482 372 1536 tate
405 1478 618 1536 diaboli
653 1478 864 1534 reversi
912 1477 968 1532 in
1021 1476 1120 1532 Dei
1153 1475 1426 1548 gratiam,
1482 1474 1911 1546 perfectissima

257 1568 510 1624 debeant
527 1567 840 1622 Christiani
871 1565 1172 1620 alacritate
1194 1562 1721 1619 cantare.Ostendit
1750 1563 1906 1618 enim

255 1656 524 1730 psalmus
555 1655 685 1722 istc,
719 1660 852 1726 post
873 1653 1276 1710 liberationem
1293 1651 1661 1717 delictorum,
1690 1655 1911 1724 quanta

256 1747 376 1806 sint
406 1747 560 1804 bona
592 1743 857 1802 fidelium
887 1748 945 1800 et
984 1761 1112 1816 qua:
1161 1740 1466 1798 retributio
1515 1745 1905 1813 peccatorum.

256 1853 282 1907 1
398 1855 598 1908 Beatus
627 1853 716 1907 vir
737 1853 835 1924 qui
861 1853 1012 1907 timet
1041 1851 1376 1907 Dominum:

469 1941 532 1996 In
559 1940 834 1996 mandatis
864 1941 978 2013 ejus
1009 1941 1147 1996 voth
1175 1940 1362 1994 nimis.

326 2031 372 2086 H
403 2030 673 2086 Nondum
701 2029 860 2097 dicit,
880 2030 1086 2085 beatus
1109 2029 1197 2083 vir
1223 2027 1323 2100 qui
1347 2025 1538 2098 diligit
1565 2025 1900 2092 Dominum;

251 2119 512 2176 virorum
543 2119 700 2175 enim
733 2123 821 2175 est
851 2111 1258 2190 incipientium
1292 2106 1495 2170 timere
1523 2102 1741 2182 Doum;
1781 2101 1905 2186 per-

249 2209 535 2264 fectorum
581 2201 799 2275 autem,
849 2206 1108 2280 diligere.
1162 2210 1226 2260 In
1253 2201 1548 2260 mandatis
1598 2203 1728 2274 ejus
1752 2201 1906 2258 volet

251 2296 450 2364 nimis,
483 2295 584 2369 qui
613 2296 770 2354 enim
799 2289 970 2352 timet
995 2294 1334 2360 Dominum,
1364 2297 1422 2348 et
1451 2292 1551 2364 qui
1571 2292 1776 2346 beatus
1790 2296 1900 2358 est,

248 2387 529 2442 mandata
558 2384 744 2458 ipsius
775 2383 1025 2440 libenter
1055 2382 1310 2438 custodit
1339 2384 1397 2436 et
1428 2377 1582 2436 facit.
1634 2379 1747 2435 Sed
1773 2379 1903 2436 vide

247 2474 387 2548 quia
417 2475 592 2531 etiam
624 2491 737 2530 non
765 2473 931 2543 dixit,
966 2472 1242 2529 mandata
1273 2471 1404 2542 ejus
1425 2470 1582 2536 facit,
1615 2465 1718 2525 ted
1749 2467 1904 2524 volet

245 2563 444 2620 nimis.
477 2561 643 2619 Multi
669 2561 828 2618 enim
865 2563 1042 2618 etiam
1073 2561 1296 2616 faciunt
1341 2557 1639 2624 mandata,
1690 2556 1795 2612 sed
1828 2558 1900 2610 ti-

247 2667 409 2708 more
431 2667 634 2724 prensa,
650 2667 765 2707 non
777 2649 1094 2706 voluntatis
1119 2647 1458 2720 cupiditate.
1477 2642 1688 2702 Beatus
1701 2647 1900 2700 autem

248 2741 431 2798 etiam
461 2737 586 2795 vult
610 2735 703 2808 ea,
729 2739 893 2810 cupit
922 2755 991 2794 ea
1019 2739 1226 2793 facere.

245 2849 281 2902 2
387 2848 584 2903 Potens
604 2847 663 2901 in
695 2852 842 2902 terra
873 2847 980 2926 erit
1003 2860 1188 2918 semen
1217 2844 1364 2916 ejus:

392 2936 677 2992 Generaiio
705 2942 973 2991 rectorum
995 2932 1353 2990 benedicatur.

316 3029 356 3080 C
383 3026 722 3098 Quaeramus
755 3029 974 3091 autem,
1003 3023 1060 3079 in
1079 3040 1195 3097 qua
1210 3020 1393 3093 terraj
1405 3019 1516 3075 usti
1533 3021 1800 3092 potentes
1817 3018 1899 3073 di-

246 3117 458 3170 cantur
489 3111 662 3180 effici,
696 3109 837 3186 quia
855 3109 949 3168 hic
965 3104 1428 3185 probanturesse
1441 3107 1760 3164 derisui.ln
1777 3106 1894 3192 illa,

245 3203 468 3278 scilicet
493 3197 552 3274 in
584 3221 701 3279 qua
729 3219 864 3276 cum
895 3201 1142 3259 Domino
1174 3196 1473 3274 regnaturi
1505 3201 1646 3254 sunt
1683 3195 1892 3252 sancti.

244 3293 456 3351 Semen
485 3309 639 3362 vero,
671 3309 845 3366 opera
866 3285 1170 3365 signiﬁcat
1214 3289 1389 3357 bona,
1442 3303 1569 3360 quae
1609 3281 1702 3342 hic
1746 3281 1902 3342 velut
1929 3285 1974 3354 C

246 3381 478 3438 semina
511 3381 838 3454 jaciuntur,
874 3385 938 3436 ut
970 3381 1194 3436 fructus
1229 3379 1440 3434 future
1460 3374 1674 3454 messis
1704 3371 1898 3431 adole-

245 3474 388 3527 scat.
405 3452 712 3528 Generatio
725 3486 962 3546 quoque
978 3462 1290 3548 rectorum,
1310 3483 1424 3522 non
1439 3468 1528 3521 est
1553 3452 1666 3519 ista
1681 3463 1897 3530 carnis,

247 3559 348 3614 sed
377 3557 482 3614 illa
511 3575 639 3633 quas;
665 3553 1434 3632 imitationejustorum,per
1449 3549 1900 3633 similitudinem

247 3663 494 3720 operum
525 3627 790 3701 noscitur
817 3627 946 3700 esse
975 3627 1316 3716 propagata.
1723 3637 1730 3642 ’
1787 3640 1796 3645 ’
1869 3627 1874 3634 ’

249 3753 283 3808 3
390 3751 582 3808 Gloria
610 3758 660 3806 et
687 3751 890 3808 divitia:
919 3751 978 3806 in
1004 3749 1159 3828 domo
1180 3750 1297 3821 ejus
1313 3767 1334 3804 .·

389 3841 455 3896 Et
473 3839 700 3912 justilia
727 3840 843 3912 ejus
873 3843 1057 3896 manet
1103 3841 1161 3912 in
1209 3837 1479 3921 saeculum
1523 3835 1780 3904 ξ-δέθειιιὶ
1823 3840 1838 3900 ζ
1883 3874 1896 3888 .

319 3929 361 3988 C
389 3928 550 3988 Beati
578 3929 809 4010 domus,
845 3934 934 3986 est
963 3928 1178 4001 mentis
1203 3920 1516 3994 secretum,
1536 3923 1636 3980 ubi
1667 3920 1900 3980 divitias

247 4021 481 4098 sanctas
512 4022 569 4074 et
597 4015 846 4092 gloriam
870 4020 1213 4092 perpetuam
1241 4015 1488 4090 reponit,
1512 4011 1900 4092 quisquisDo-

247 4106 393 4165 mini
423 4111 712 4180 preacepta
727 4105 1122 4180 compleverit.
1149 4101 1388 4162 Justitia
1413 4109 1609 4160 autem
1640 4099 1900 4180 hominis

245 4196 491 4274 dicitur,
516 4213 642 4270 qua:
675 4195 922 4269 Domino
953 4194 1234 4270 largiente
1265 4197 1596 4270 praestatur,
1621 4196 1677 4248 et
1705 4208 1775 4248 ne
1791 4185 1897 4248 ali-

245 4284 380 4358 quis
409 4301 471 4351 se
501 4283 970 4364 existimaretDei
1004 4283 1586 4364 praeceptaservand‘o
1618 4280 1741 4337 fieri
1758 4282 1902 4352 tem-

244 4373 520 4448 poraliter
547 4365 808 4451 beatum,
841 4361 1299 4456 addidit,manet
1325 4373 1383 4428 in
1408 4361 1688 4449 saeculum
1721 4389 1900 4431 saecu-

243 4462 306 4520 li.
340 4463 590 4548 Causam
603 4481 738 4542 vero
764 4463 935 4548 istius
953 4461 1332 4542 beatitudinis
1349 4461 1583 4534 subdit:
1620 4461 1897 4522 Exortum

243 4557 356 4620 est,
386 4546 494 4610 etc.
923 4546 928 4556 ’

243 4643 275 4699 4
385 4644 648 4708 Exortum
674 4648 752 4700 est
783 4645 845 4699 in
875 4645 1118 4722 tenebris
1145 4643 1332 4698 lumen
1362 4642 1522 4698 rectis
1547 4658 1566 4696 :

384 4734 685 4815 Misericors
713 4726 765 4790 et
790 4735 1082 4810 miserator
1107 4740 1160 4788 et
1179 4731 1384 4815 justus.

312 4825 353 4878 C
383 4806 737 4898 Venit‘enim
767 4806 1039 4898 lumquae
1070 4806 1569 4892 superat'omnem
1603 4815 1814 4884 lucem,
1838 4820 1897 4873 et

242 4916 309 4967 ut
337 4910 559 4986 gratior
583 4893 740 4966 esset
765 4891 879 4964 ista
906 4891 1027 4990 lux,
1063 4902 1356 4990 addiditin
1378 4903 1657 4977 tenebris,
1691 4903 1894 4990 sediny

241 4973 509 5056 tusvsunt
539 4999 598 5054 in
629 4997 804 5054 corde
829 4979 958 5051 istae
984 4983 1255 5063 tenebras,
1297 4993 1398 5049 ubi
1429 4973 1894 5054 sol‘mun'da'nus

241 5106 358 5146 non
390 5070 583 5164 potest
613 5081 906 5156 accedere,
939 5102 1087 5160 quas
1111 5080 1252 5141 illud
1276 5081 1472 5138 lumen
1501 5071 1893 5168 capulitquod

241 5182 491 5234 mortem
526 5173 684 5228 vicit.
707 5173 1056 5243 Misericors,
1073 5171 1394 5230 sciliccthis
1427 5169 1528 5248 qui
1541 5163 1896 5246 conﬁtentur

1183 412 1249 480 s.
1293 413 1692 481 BRUNONIS
1743 410 2382 502 uEaBJrOLENSIs
2413 411 2794 482 EPISCOPI.

3563 411 3714 500 ‘33.“:-

1939 548 2002 631 Α
2027 555 2325 623 acceptus,
2359 565 2540 624 quam
2569 547 2686 606 Deo
2715 551 2941 623 gratus.
2973 543 3451 622 Quimiseretur,
3476 543 3710 624 idest“

2025 640 2125 713 qui
2157 639 2466 713 egentibus
2494 637 2651 694 bona
2674 654 2785 716 sua
2812 637 3039 717 tribuit.
3080 635 3462 716 Commodare
3481 641 3676 693 autem
3703 686 3710 691 .

2022 729 2269 795 videtur,
2303 727 2538 801 quando
2579 727 2680 784 dat
2730 725 2907 800 homo
2953 725 3295 800 temporalia
3337 729 3678 800 recepturus

2023 822 2113 874 est
2143 819 2376 872 aeterna.
2429 816 2731 888 Disponct,
2778 830 2912 870 vero
2945 814 3085 870 dicit
3128 805 3186 870 id
3227 807 3321 884 est,
3359 813 3704 886 tranquillo'

2023 907 2220 962 animo
2243 905 2563 978 judicabit:
2599 903 2893 977 quomodo
2917 901 3200 959 talentum
3226 901 3338 960 sibi
3367 920 3401 959 a
3429 901 3676 960 Domino

2022 996 2306 1051 traditum
2338 993 2617 1068 duplicet.
2634 989 2760 1067 Ipse
2775 1010 2911 1067 ergo
2925 991 3180 1069 disponit
3197 997 3497 1048 sermones
3509 1010 3674 1066 suos,

2022 1085 2121 1157 qui
2158 1103 2218 1140 se
2250 1085 2402 1140 bona
2432 1083 2530 1139 Dei
2564 1080 2896 1154 geminasse
2926 1081 3276 1154 probaverit,
3310 1075 3539 1138 dicens:
3569 1082 3677 1138 Do-

2021 1175 2200 1240 mine,
2233 1173 2496 1248 quinque
2527 1171 2744 1228 talenta
2774 1167 3068 1226 tradidisti
3100 1170 3244 1227 'mihi
3279 1170 3484 1244 (Matth.
3517 1172 3672 1243 xxv).

2020 1264 2144 1319 Non
2177 1261 2659 1328 commovebitur,
2693 1261 2749 1316 id
2782 1263 2871 1316 est
2901 1277 2934 1314 a
2958 1257 3146 1333 gloria
3175 1257 3401 1316 Domini
3431 1259 3677 1318 nullate-

2020 1347 2556 1424 nus'separabitur.
2593 1349 2648 1428 Η,
2673 1350 2713 1423 (ξ
2745 1349 3016 1422 Disponit
3053 1347 3230 1405 etiam
3276 1335 3673 1428 sermonesiin

2010 1433 2260 1524 judicio,
2293 1440 2394 1515 qui
2425 1440 2654 1500 divinas
2686 1439 3018 1522 Scripturas
3035 1429 3590 1516 praedicatdiscrete,
3609 1443 3678 1496 ut

2021 1548 2134 1587 non
2169 1530 2437 1604 projiciat
2483 1529 2831 1602 margaritas
2863 1533 2996 1584 ante
3045 1546 3251 1601 porcos
3303 1529 3508 1599 (Matth.
3543 1529 3672 1602 vn),

2021 1638 2126 1676 nec
2157 1621 2327 1676 bonis
2355 1637 2481 1692 qua:
2511 1634 2716 1691 capere
2749 1621 2996 1690 possunt
3043 1617 3288 1674 tacendo
3336 1617 3673 1674 subtrahat.

2017 1712 2052 1765 6
2161 1710 2221 1765 In
2257 1711 2520 1764 memoria
2551 1715 2755 1763 ωιίννηα
2784 1709 2892 1763 ενα
2909 1707 3091 1778 justus
3112 1724 3124 1762 τ
3211 1706 3218 1714 ο
3253 1695 3259 1708 ι
3590 1707 3596 1714 .

2159 1801 2236 1854 Ab
2268 1797 2550 1854 auditione
2570 1795 2719 1852 mala
2744 1812 2852 1850 non
2885 1795 3118 1850 timebit.

1937 1915 1990 1983 Β
2091 1887 2133 1942 C
2164 1888 2226 1944 In
2260 1885 2543 1943 memoria
2573 1890 2789 1940 aeterna
2819 1883 3155 1956 eritjustus,
3180 1884 3319 1956 quia
3346 1885 3675 1941 vocaturad

2018 1976 2347 2051 prmmium,
2385 1975 2584 2050 impiis
2614 1975 2772 2030 enim
2805 1971 3276 2029 dicitur:Ncscio
3305 1971 3534 2030 vos.‘A‘b
3570 1971 3678 2051 illo

2014 2049 2220 2122 auditu
2250 2064 2404 2120 malo
2436 2049 2551 2119 non
2581 2061 2832 2128 timebit,
2865 2078 3040 2134 quem
3071 2061 3329 2117 audituri
3373 2064 3533 2118 ‘sunt‘
3557 2049 3672 2118 im-

2015 2155 2128 2228 pii:
2167 2159 2248 2210 lte
2279 2153 2338 2209 in
2365 2152 2562 2227 ignem
2606 2156 2924 2219 aeternum;
2973 2148 3166 2206 malus
3219 2147 3379 2222 enim
3421 2145 3545 2206 illis
3572 2150 3670 2207 ille

2015 2244 2256 2318 auditus
2279 2240 2529 2310 videtur,
2563 2241 2663 2313 qui
2691 2239 2854 2312 justa
2879 2235 3184 2319 severitate
3207 2235 3664 2312 puniendi'sunt.

2009 2335 2047 2388 7
2156 2337 2423 2388 Paratum
2441 2343 2536 2410 cor
2559 2329 2676 2402 ejus
2693 2329 2912 2403 sperare
2942 2330 2999 2384 in
3035 2327 3302 2385 Domino:
3363 2322 3372 2328 ’

2156 2420 2517 2493 Coﬁrmatum
2544 2423 2622 2475 est
2649 2435 2742 2474 cor
2771 2418 2922 2494 ejus:
2945 2433 3055 2474 non
3087 2419 3511 2493 commovebitur

2157 2515 2343 2568 Donec
2371 2510 2642 2583 despiciat
2674 2509 2930 2564 inimicos
2949 2522 3093 2564 suos.
3319 2502 3326 2510 ’

2083 2599 2260 2655 CCor
2288 2599 2448 2655 enim
2497 2595 2593 2653 hic
2642 2595 2900 2670 positum
2951 2596 3041 2670 est
3087 2611 3191 2668 pro
3239 2594 3447 2652 all’ectu
3498 2601 3666 2654 rectas

2012 2689 2249 2744 mentis.
2310 2669 2738 2760 Confirmatum
2793 2688 2884 2742 est
2940 2669 3078 2758 ergo
3135 2700 3235 2764 cor
3283 2678 3463 2757 'justi,
3529 2681 3712 2742 cum‘

2011 2776 2176 2854 nulla
2233 2774 2454 2854 saeculi
2485 2773 2759 2832 felicitate
2827 2771 3133 2830 mollescit.
3179 2773 3404 2830 'Donec
3470 2770 3666 2849 despi-

2009 2851 2450 2940 ciat'inimicos,
2487 2861 2543 2920 id
2576 2861 2753 2920 estin
2787 2861 2887 2918 illa
2927 2861 3125 2936 futura
3164 2861 3529 2934 judicatione
3559 2861 3664 2920 de-

2010 2953 2191 3028 specti
2220 2958 2360 3011 sunt
2389 2952 2730 3010 omnimodo
2760 2947 3098 3032 adversarii,
3132 2947 3232 3023 qni
3257 2949 3355 3006 hic
3385 2951 3664 3026 des’pex'e-

2009 3048 2148 3100 runt
2168 3044 2384 3117 justos.
2419 3042 2482 3098 In
2513 3040 2622 3097 hoc
2653 3041 2810 3098 enim
2827 3037 3047 3096 mundo
3061 3036 3212 3096 Deus
3223 3037 3446 3114 patitur
3465 3035 3665 3113 jthtos

2009 3150 2150 3190 suos
2179 3133 2372 3188 videre
2405 3131 2673 3192 inimicos
2703 3129 2844 3186 suos
2875 3131 3142 3202 potentes
3177 3126 3331 3200 esse,
3355 3125 3436 3184 ut”
3450 3128 3534 3186 ibi
3551 3133 3666 3188 ‘eos

2009 3221 2241 3294 possint
2264 3219 2607 3278 humiliatos
2639 3217 2919 3292 aspicere.
2952 3219 2998 3274 Η
3032 3217 3133 3274 Vel
3163 3215 3454 3286 inimicos,
3487 3215 3547 3274 id
3576 3223 3667 3276 est

2009 3313 2272 3384 peccata,
2316 3309 2640 3376 haereticos,
2686 3305 2991 3366 diabolum
3035 3311 3093 3363 et
3140 3301 3462 3379 potestates
3511 3307 3662 3380 ejus,

2009 3401 2363 3472 peccatores,
2397 3395 2621 3454 scilicet
2649 3396 2955 3470 despiciet.
3199 3398 3204 3408 ‘
3337 3395 3344 3402 ’

2009 3490 2044 3544 8
2153 3485 2424 3560 Dispersit
2451 3487 2601 3544 dedit
2617 3482 2983 3559 pauperibus:

2149 3579 2373 3634 Iustitia
2401 3575 2518 3650 ejus
2546 3573 2737 3633 mouet
2758 3577 2816 3631 in
2846 3575 3115 3632 siccatum
3158 3575 3411 3644 ξ--εεειιὶί
3453 3583 3467 3642 ;
3523 3593 3546 3629 .·

2154 3668 2344 3724 Cornu
2370 3668 2489 3739 ejus
2518 3664 2861 3722 exaltabitur
2890 3666 2949 3720 in
2977 3665 3180 3734 gloria.
3350 3656 3356 3663 ’

2081 3755 2122 3811 C
2147 3753 2590 3828 Dispersit,hmc
2629 3753 2924 3810 sententia
2967 3749 3220 3825 pertinet
3247 3751 3320 3808 ad
3342 3751 3486 3808 illud
3513 3769 3698 3826 pres-v

2008 3848 2272 3918 ceptum:
2307 3843 2466 3900 Vade
2514 3848 2571 3900 et
2615 3838 3046 3899 vende'o'mnta
3092 3845 3150 3898 et
3178 3841 3253 3897 da
3301 3833 3669 3914 pauperibus

2007 3932 2216 4004 (Matth.
2249 3934 2385 4006 χιχ).
2431 3933 2540 3998 Qui
2589 3931 2711 3989 haec
2755 3930 2972 3999 fecerit,
3026 3930 3316 4010 iustitiam
3355 3934 3662 4003 'operatur,

2009 4021 2150 4096 quia
2178 4021 2412 4079 Domini
2434 4025 2725 4094 praecepta
2753 4018 3087 4092 complevit.
3121 4018 3169 4076 Η
3202 4019 3274 4080 Et
3320 4018 3435 4076 ista
3462 4023 3666 4076 manet

2009 4111 2070 4168 in
2095 4109 2375 4167 saeculum
2408 4109 2630 4166 saeculi.
2662 4108 2720 4164 id
2749 4112 2840 4166 est
2869 4123 3046 4181 opera
3075 4107 3205 4181 ipsa
3232 4111 3600 4181 permanent.
3621 4111 3667 4164 C

2008 4199 2116 4256 Vel
2147 4199 2288 4273 quia
2313 4197 2622 4281 premium
2651 4211 2854 4260 eorum
2866 4195 3668 4274 aeternalitermanetﬁicun-

2007 4293 2106 4346 tur
2134 4304 2370 4346 manere
2401 4288 2460 4344 in
2481 4285 2766 4344 saeculum
2791 4285 3010 4348 saeculi.
3037 4285 3288 4344 HCornu
3301 4286 3455 4358 ejus,
3471 4285 3533 4346 id
3545 4290 3664 4353 est,

2006 4395 2256 4453 regnum
2277 4377 2466 4450 ipsius
2496 4375 2849 4444 exaltabitur
2877 4376 2937 4432 in
2965 4373 3174 4449 gloria,
3205 4373 3344 4453 quia
3371 4385 3518 4432 cum
3547 4373 3666 4434 Do-

2009 4467 2169 4543 mino
2193 4483 2426 4540 semper
2449 4465 2738 4549 regnabit.
2769 4464 2813 4524 C
2843 4468 3033 4522 Cornu
3055 4464 3215 4522 enim
3247 4479 3351 4537 pro
3375 4466 3666 4536 potestate

2006 4555 2266 4631 ponitur,
2299 4555 2421 4639 sive
2449 4571 2554 4630 pro
2585 4568 2788 4628 regno,
2814 4553 2974 4634 sicut
2991 4552 3135 4613 dicit
3153 4550 3357 4626 Daniel
3373 4551 3668 4618 :Quatuor

1926 4658 1975 4724 υ
2006 4649 2204 4704 autem
2235 4660 2474 4712 cornua,
2507 4646 2978 4718 quatuor'regna
3007 4646 3166 4721 sunt.

2003 4733 2040 4788 9
2151 4739 2407 4792 Peccator
2436 4731 2640 4815 videbit
2671 4741 2725 4791 et
2755 4734 3048 4814 irascetur:
3101 4731 3355 4809 dentibus
3381 4733 3500 4790 suis
3543 4733 3661 4804 fre-

2220 4831 2326 4879 met
2347 4827 2400 4882 et
2430 4823 2678 4904 tabescet.
3395 4828 3406 4835 ’
3465 4827 3498 4832 "

2148 4912 2500 4969 Desiderium
2517 4919 2866 4984 peccatorum
2889 4911 3112 4984 peribit.

2073 5002 2115 5058 C
2139 5000 2391 5082 Videbit.
2402 5005 2670 5082 peccator
2690 5000 2750 5057 in
2773 5001 2867 5056 die
2891 5000 3107 5079 ju'dicii
3142 5015 3516 5077 remunerare
3544 4999 3664 5075 Do-

2003 5090 2232 5172 minum
2264 5077 2480 5164 electos
2500 5077 2668 5172 suos.
2701 5077 2983 5169 Tuncque
3021 5089 3328 5162 irascetur,
3378 5088 3660 5164 quoniam

2004 5166 2110 5266 pro
2141 5197 2252 5266 sua
2281 5166 2646 5258 malignitate
2677 5166 2943 5256 punitur,
2993 5179 3202 5264 fremet
3246 5173 3482 5254 quoque
3509 5181 3566 5250 et
3595 5193 3662 5250 se

241 5265 324 5331 ei;
355 5263 458 5336 qui
486 5278 618 5318 vero
671 5266 1072 5336 contemnunt,
1122 5263 1318 5336 ipsum
1356 5262 1589 5346 justum
1629 5253 1891 5333 judicem
1995 5249 2124 5350 iam
2156 5249 2384 5350 mordet
2405 5249 2530 5350 suis
2560 5249 2837 5347 dentibus
2867 5271 3043 5344 mue
3073 5249 3151 5342 δέ
3178 5249 3658 5350 ρτξρςξᾷιάριοιιθ

242 5350 644 5408 sustinebunt.
1194 5422 1198 5424 _

241 5441 279 5495 5
384 5440 672 5496 Jac-undas
729 5439 885 5496 homo
947 5443 1044 5512 qui
1099 5442 1394 5496 miseretur
1456 5448 1508 5496 et
1559 5441 1889 5498 commodat:

457 5525 702 5598 disponet
731 5544 1000 5586 sermones
1027 5546 1150 5586 suos
1174 5532 1228 5584 in
1247 5529 1493 5601 judicio:
1607 5511 1610 5520 ’
1711 5513 1716 5522 ’
1815 5521 1821 5532 ’

389 5617 531 5686 Quia
559 5617 619 5670 in
645 5623 915 5673 (uernum
943 5633 1054 5673 non
1081 5618 1522 5690 commovebitur.

317 5708 356 5762 Ο
384 5704 696 5762 Jucundus
725 5704 902 5760 homo
933 5702 1398 5776 bicdicitur,non
1412 5707 1532 5762 tam
1546 5704 1890 5766 hominibus

2002 5343 2542 5437 castigatzﬂexigen's
2573 5373 2614 5437 ᾳ,
2637 5343 2704 5413 se
2729 5343 3046 5435 cruciatus,
3091 5343 3242 5434 quos
3259 5343 3363 5432 hic
3407 5355 3658 5430 cogebat

2003 5447 2298 5521 sustinere
2329 5435 2634 5516 innoxios—7;
2667 5449 2724 5504 et
2755 5447 3035 5520 tabescet,
3068 5445 3129 5502 in
3156 5445 3493 5526 perditione
3527 5461 3661 5516 sua,

2002 5539 2059 5592 et
2074 5541 2447 5614 peccatorum
2479 5533 2771 5615 desideria
2797 5535 3032 5612 succisa
3060 5539 3442 5610 marcescent.

2494 5641 2701 5706 onagro
2738 5642 2807 5682 sx
2846 5640 3006 5703 PsAL.
3057 5641 3170 5698 cxi.

2075 5714 2306 5800 1+9“)?!
2325 5716 2678 5799 P939999!!!
2706 5717 3002 5794 restarem
3023 5713 3658 5792 σοῖςιίυφιθριλξιορη·
3721 5769 3755 5783 ,ί
