5516 6510
118 495 245 558 M3.

1332 489 1750 554 EXPOSITIO
1788 486 2274 552 PSALMORUM
2284 528 2299 549 .

3365 482 3521 551 uti

118 628 246 687 cede
268 624 431 683 nobis
459 622 720 698 diligere,
750 628 857 682 tua
886 623 1071 699 gloria
1090 625 1422 698 jocundari,
1452 627 1510 680 et
1537 622 1621 679 sic
1651 623 1737 679 di-
1765 624 1829 691 Α,
1847 624 1883 677 6
1988 622 2270 677 Suscitans
2298 639 2333 677 a
2361 625 2507 677 terra
2536 623 2747 693 inopem
2765 636 2788 678 :

119 730 369 789 spargere
398 713 456 769 in
487 713 596 783 hoc
628 713 837 769 saeculo
868 719 933 771 ut
951 730 1257 770 caveamus
1280 711 1545 769 auditum
1576 728 1740 784 aspe-

117 821 238 860 rum
266 803 322 858 in
354 802 568 857 futuro.
594 802 699 859 Per
724 802 1036 859 Dominum
1065 807 1332 858 nostrum
1352 801 1550 857 Jesum
1581 798 1741 855 Chri-

118 900 281 959 stum,
314 894 419 947 etc.
1122 906 1127 911 -

657 1004 985 1062 PSALMUS
1024 1006 1184 1063 CXII.

532 1111 935 1150 ARGUMENTUM
976 1110 1133 1149 PSAL.
1175 1111 1308 1149 CXII.

178 1210 216 1265 C
239 1208 525 1281 Propheta
553 1212 749 1264 monet
777 1208 1017 1265 devotos
1044 1214 1110 1264 ut
1136 1208 1340 1264 laudes
1374 1208 1485 1263 Deo
1525 1206 1747 1287 jugiter

113 1314 143 1353 a
169 1298 388 1355 cunctis
421 1296 625 1353 mundi
658 1297 924 1369 partibus
960 1296 1179 1353 dicant.

719 1402 833 1458 TT.
872 1403 1127 1460 Alleluia.

175 1510 215 1565 C
243 1511 382 1566 Ecce
397 1509 575 1564 verba
594 1508 748 1564 tituli
773 1507 864 1567 sui
895 1510 1262 1581 subsequens
1287 1509 1552 1580 psalmus
1581 1525 1747 1579 exp0~

113 1599 210 1665 nit,
242 1613 376 1653 nam
409 1613 545 1652 cum
566 1597 667 1662 sit,
700 1596 954 1663 alleluia,
991 1597 1223 1653 laudate
1250 1597 1673 1663 Dominum,ita
1693 1601 1750 1651 et

110 1687 227 1759 ipse
259 1686 394 1741 facit
416 1684 673 1753 initium,
699 1688 765 1741 ut
795 1685 1085 1741 suoinitio
1115 1689 1362 1757 exponat
1390 1684 1646 1740 titulum.
1680 1685 1745 1740 H.

110 1776 173 1830 Et
224 1774 316 1829 hic
363 1774 634 1847 psalmus
681 1774 871 1841 docet,
904 1778 986 1842 ut,
1028 1774 1295 1846 deposita
1318 1774 1495 1829 veteri
1526 1772 1750 1829 malitia

111 1865 157 1935 (Ι
180 1867 323 1919 Petr.
357 1865 442 1929 ιι),
477 1865 763 1934 tanquam
805 1862 977 1918 modo
1018 1862 1198 1935 geniti
1242 1860 1493 1917 infantes
1541 1861 1600 1916 in
1649 1861 1747 1917 Dei

107 1950 374 2007 laudibus
401 1948 744 2023 gloriemur.

109 2058 133 2112 1
241 2058 502 2124 Laudate,
530 2058 713 2129 pueri,
744 2059 1037 2112 Dominum
1056 2076 1077 2111 .-

240 2146 482 2202 Laudate
505 2160 702 2201 nomen
731 2146 972 2201 Domini.

172 2234 229 2290 C.
262 2234 457 2301 Pueri,
491 2234 634 2288 dicti
668 2236 808 2289 sunt
848 2248 1052 2289 omnes
1084 2233 1284 2289 ﬁdeles
1328 2233 1685 2299 innocentes,
1719 2250 1754 2288 a

105 2322 354 2395 puritate
397 2322 617 2377 mentis
665 2326 839 2392 atque
869 2338 904 2375 a
952 2320 1321 2392 simplicitate
1369 2323 1600 2391 cordis;
1637 2339 1751 2378 non

105 2409 255 2466 enim
275 2410 372 2465 hic
398 2414 542 2466 mtas
564 2414 652 2465 est
673 2408 874 2475 electa,
896 2412 998 2464 sed
1026 2411 1268 2481 puritas.
1298 2410 1520 2466 Laudat
1541 2428 1750 2467 nomen

106 2498 353 2567 Domini,
383 2498 486 2570 qui
520 2495 764 2553 virtutes
795 2499 922 2569 ejus
954 2502 1154 2554 sancta
1185 2498 1588 2571 praedicatione
1619 2517 1752 2555 con-

104 2587 374 2654 celebrat,
410 2586 731 2642 Dominum
762 2601 895 2642 vero
923 2584 1143 2654 laudat,
1179 2587 1279 2659 qui
1310 2603 1443 2643 cum
1467 2588 1755 2660 probabili

102 2675 323 2731 actione
363 2674 761 2730 commendat.

103 2786 139 2837 2
243 2783 326 2837 Sit
353 2797 557 2837 nomen
587 2781 810 2839 Domini
841 2780 1212 2838 benedictum:

239 2872 323 2927 Bc
352 2871 455 2945 hoc
486 2884 636 2927 nunc
662 2876 715 2924 et
740 2884 908 2941 usque
939 2870 997 2923 in
1021 2870 1304 2933 saeculum,

167 2958 234 3013 Η.
276 2958 365 3013 Sit
406 2972 624 3013 nomen
657 2956 885 3017 Domini
937 2957 1327 3027 benedictum,
1380 2958 1752 3015 benedictum

102 3046 210 3103 fuit
240 3051 398 3115 ante,
434 3049 669 3101 tantum
696 3045 753 3100 in
780 3062 896 3102 una
926 3050 1095 3119 gente
1117 3046 1470 3117 Judzeorum,
1505 3046 1641 3119 quia
1672 3046 1757 3101 illi

99 3139 326 3190 tantum
348 3133 782 3190 benedicebant
805 3137 860 3188 et
878 3134 1209 3199 credebant,
1234 3135 1333 3190 sed
1357 3135 1529 3191 modo
1552 3135 1609 3191 in
1638 3152 1756 3191 om-

99 3222 271 3279 nibus
302 3222 591 3301 gentibus
620 3222 876 3278 creditur
900 3225 955 3277 et
985 3222 1377 3291 benedicitur;
1410 3240 1484 3277 ex
1498 3222 1626 3290 hoc,
1651 3225 1757 3279 sci-

1992 714 2057 766 Et
2082 711 2146 766 de
2172 718 2400 769 stercore
2428 713 2642 780 erigens
2669 727 2981 782 pauperem.

1923 800 1965 855 Ο
1992 799 2109 864 Hoc
2166 800 2512 855 beneﬁcium
2566 815 2681 855 non
2713 798 2819 854 soli
2874 799 2988 854 sibi
3038 798 3238 871 inopes
3267 804 3323 853 et
3352 816 3488 871 pau-

1852 904 2020 961 peres
2048 888 2361 953 vindicent,
2395 905 2528 942 nam
2560 889 2632 943 de
2662 892 2912 943 stercore
2937 892 2994 943 et
3024 891 3363 959 paupertate
3386 889 3491 943 eri-

1852 977 2030 1050 gitur,
2055 976 2326 1049 quisquis
2348 977 2419 1032 de
2444 976 2551 1032 hac
2568 976 2695 1032 labe
2716 976 2973 1049 corporis
2996 992 3095 1049 per
3116 976 3215 1032 Dei
3242 977 3489 1049 gratiam

1854 1065 2209 1121 sublevatur.
2236 1066 2352 1121 Rex
2373 1066 2623 1137 denique
2646 1066 2977 1120 mundanus
2998 1065 3166 1137 inops
3191 1070 3279 1120 est
3297 1082 3493 1121 mune-

1854 1171 1985 1210 rum
2017 1155 2136 1222 Dei,
2181 1159 2237 1210 et
2284 1155 2342 1208 in
2375 1158 2624 1210 stercore
2654 1154 2921 1221 volvitur,
2973 1154 3066 1209 cui
3114 1154 3305 1210 carnis
3354 1154 3493 1209 vitia

1852 1243 2248 1298 dominantur.

1852 1335 1888 1385 7
2000 1335 2062 1389 Ut
2088 1335 2305 1389 collocet
2330 1350 2453 1389 eum
2481 1350 2604 1387 cum
2629 1334 2992 1404 principibus.

1999 1423 2140 1477 Cum
2164 1424 2507 1493 principibus
2533 1423 2724 1494 populi
2754 1425 2863 1476 sui.

1926 1514 1964 1563 C
1994 1510 2289 1581 Principes
2319 1515 2512 1565 autem
2538 1510 2734 1583 populi
2762 1514 2899 1565 sunt
2923 1510 3260 1582 patriarcha:
3284 1514 3341 1566 et
3370 1527 3496 1582 pro-

1856 1598 2062 1672 pheta},
2097 1598 2339 1669 apostoli
2374 1603 2428 1653 et
2460 1598 2794 1670 quicunque
2821 1603 2929 1653 Deo
2952 1597 3236 1669 probabili
3267 1616 3497 1654 conver-

1857 1688 2081 1743 satione
2111 1686 2453 1759 placuerunt
2478 1704 2491 1753 ;
2526 1686 2602 1740 ibi
2628 1686 2783 1740 enim
2810 1685 3181 1741 collocabitur
3201 1702 3420 1758 pauper
3442 1690 3498 1742 et

1859 1776 2027 1846 inops
2052 1775 2286 1830 Christi.
2319 1775 2497 1829 Addit
2518 1773 2715 1846 populi
2749 1775 2861 1841 sui,
2895 1775 3049 1845 quod
3077 1773 3366 1845 signiﬁcat
3395 1775 3495 1828 Ec-

1858 1863 2116 1919 clesiam.
2150 1864 2273 1918 Non
2306 1866 2501 1921 autem
2532 1861 2925 1934 principatum
2958 1862 3053 1917 hic
3082 1861 3502 1927 honorem,ho-

1779 1988 1837 2053 Β
1862 1952 2087 2006 minum
2132 1950 2546 2022 sull‘ragatione
2596 1950 3012 2023 conquisitum,
3052 1949 3362 2021 intelligas,
3397 1950 3497 2005 sed

1859 2039 2027 2095 illum
2040 2039 2138 2113 qui
2155 2038 2399 2095 Domino
2416 2038 2695 2112 largiente
2708 2044 3034 2112 praestatur,
3054 2040 3152 2111 qui
3171 2038 3500 2095 humilitate

1862 2128 2014 2184 altus
2044 2133 2145 2184 est.

1859 2218 1894 2271 8
2003 2218 2109 2285 Qui
2137 2217 2383 2272 habitare
2411 2218 2547 2287 facit
2575 2218 2815 2272 sterilem
2848 2219 2908 2271 in.
2934 2217 3089 2273 domo
3111 2233 3133 2271 .'

2002 2308 2226 2361 Matrem
2252 2306 2496 2375 ﬁliorum
2529 2307 2827 2361 laetantem.

1932 2395 1972 2450 Ο
2002 2395 2130 2449 Fuit
2169 2394 2321 2449 enim
2356 2392 2568 2448 sterilis
2599 2397 2800 2449 sancta
2828 2391 3082 2448 Ecclesia
3110 2397 3245 2447 ante
3286 2393 3498 2449 adven-

1861 2486 1985 2537 tum
2019 2481 2216 2553 sponsi
2247 2481 2358 2548 sui,
2395 2482 2494 2536 sed
2528 2482 2677 2535 facta
2722 2485 2812 2535 est
2842 2485 3029 2535 mater
3060 2479 3187 2535 laeta
3221 2478 3496 2547 ﬁliorum,

1862 2570 2265 2643 praedicatione
2312 2568 2729 2641 apostolorum,
2758 2585 2912 2640 aqua
2959 2572 3016 2622 et
3053 2568 3268 2640 Spiritu
3299 2573 3498 2625 sancto

1863 2674 2229 2729 regenerans,
2265 2673 2442 2728 quam
2476 2657 2755 2713 Dominus
2786 2657 2845 2712 in
2877 2657 3048 2711 domo
3080 2673 3206 2721 sua,
3248 2655 3294 2711 Η
3325 2657 3380 2711 id
3414 2662 3502 2713 est

1863 2747 2057 2819 seipsa
2085 2746 2346 2800 habitare
2378 2745 2532 2800 facit.
2557 2744 2597 2799 Ο
2631 2745 2948 2800 Lactantem
2971 2745 3041 2800 de
3066 2732 3255 2816 partu,
3285 2745 3502 2800 scilicet

1862 2840 1918 2891 et
1947 2834 2363 2890 numerositate
2401 2838 2757 2889 sanctorum.

2358 2955 2560 2995 ORATIO
2591 2957 2657 2995 EX
2688 2957 2842 2996 PSAL.
2872 2956 3002 2996 CXII.

1935 3048 2261 3102 Laudantes
2286 3045 2657 3111 benedictum
2686 3063 2893 3101 nomen
2918 3050 3105 3113 tuum,
3131 3046 3517 3127 omnipotens.

1862 3137 2036 3201 Deus,
2068 3151 2360 3206 rogamus,
2388 3137 2449 3187 ut
2477 3134 2534 3189 in
2570 3134 2701 3189 sinu
2736 3135 2938 3189 matris
2970 3133 3233 3191 Ecclesiae
3263 3133 3500 3191 colloca-

1864 3230 1973 3294 tos,
2006 3221 2302 3277 charitatis
2332 3224 2442 3275 tua;
2496 3221 2673 3303 facias
2714 3222 3028 3278 stabilitate
3076 3222 3359 3287 connecti.
3394 3222 3499 3305 Per

94 3312 228 3367 licet
256 3316 532 3384 tempore
563 3327 681 3382 quo
729 3311 960 3367 credere
1004 3315 1334 3383 cmperunt;
1366 3328 1540 3381 nunc,
1574 3311 1631 3368 id
1662 3314 1749 3366 est
1776 3344 1820 3412 α
1867 3312 2174 3373 Dominum
2206 3314 2471 3365 nostrum
2501 3302 2704 3365 Jesum
2735 3310 3175 3379 Christum,etc.

97 3400 154 3455 in
181 3400 487 3473 praesenti,
525 3400 584 3457 in
616 3398 916 3467 saeculum,
950 3398 1059 3454 hoc
1087 3404 1175 3454 est
1207 3398 1331 3455 sine
1363 3400 1497 3455 ﬁne.

93 3508 127 3561 3
232 3508 272 3562 Α
300 3508 442 3567 solis
472 3514 602 3563 ortu
633 3521 803 3577 usque
830 3504 900 3560 ad
929 3521 1173 3562 occasum
1194 3523 1214 3561 :

234 3595 551 3653 Laudabile
572 3610 769 3651 nomen
800 3596 1046 3653 Domini.

157 3684 198 3741 C
226 3686 273 3740 A
304 3683 457 3743 solis
492 3687 650 3750 ortu,
679 3699 783 3754 per
811 3698 1048 3739 cursum
1081 3682 1236 3737 enim
1269 3681 1410 3739 solis
1439 3681 1532 3738 hic
1564 3682 1752 3740 decla-

87 3776 248 3831 ratus
296 3776 393 3829 est
443 3776 611 3829 totus
666 3771 946 3839 mundus,
979 3773 1037 3825 et
1085 3770 1253 3841 quasi
1304 3786 1407 3843 per
1435 3771 1752 3842 quamdam

81 3860 301 3917 lineam
333 3859 717 3933 signiﬁcatus
747 3863 836 3913 est
858 3859 1136 3937 mundus,
1166 3858 1268 3930 qui
1282 3858 1551 3932 designat
1568 3858 1756 3915 Eccle-

80 3949 251 4020 siam,
282 3949 342 4005 in
374 3965 506 4021 qua
536 3964 644 4020 per
674 3950 859 4007 totum
892 3947 1182 4003 mundum
1222 3946 1508 4018 praeconia
1537 3946 1752 4002 Christi

72 4053 396 4109 personare
427 4038 729 4093 monstrat
757 4026 967 4094 debere
1004 4034 1225 4092 ﬁdeles.

76 4145 107 4199 4
217 4144 495 4207 Bacchus
525 4158 693 4214 super
719 4157 904 4201 omnes
931 4148 1109 4212 gentes
1138 4142 1432 4197 Dominus:

214 4236 287 4291 Et
316 4248 496 4304 super
516 4231 680 4289 calas
709 4232 893 4300 gloria
920 4231 1055 4301 ejus.

142 4324 183 4376 C
214 4319 511 4381 Encelsus
528 4334 721 4392 super
750 4335 955 4376 omnes
987 4321 1208 4391 gentes,
1231 4316 1290 4372 id
1312 4324 1419 4382 est,
1445 4333 1621 4389 super
1643 4316 1752 4375 bo-

69 4408 264 4468 mines
292 4407 599 4479 carnales.
633 4405 823 4463 Ccelos
854 4421 987 4462 vero
1028 4404 1319 4477 spiritales
1349 4404 1627 4463 debemus
1657 4420 1751 4467 ac-

70 4496 288 4569 cipere,
322 4500 393 4554 ut
425 4513 619 4569 supra
647 4511 853 4559 omnes
871 4497 1168 4555 creaturas
1186 4492 1523 4557 Altissimus
1544 4491 1752 4553 sentia-

66 4588 183 4654 tur,
217 4584 325 4659 qui
379 4587 745 4642 cunctarum
786 4599 981 4643 rerum
1040 4581 1304 4647 conditor
1360 4598 1488 4644 esse
1543 4580 1749 4653 digno-

68 4674 273 4729 scitur.

61 4772 98 4825 5
208 4772 351 4840 Quis
380 4772 553 4828 sicut.
588 4769 854 4827 Dominus
902 4769 1045 4825 Deus
1073 4770 1260 4825 ποιέων.
1280 4766 1378 4838 qui
1406 4767 1463 4822 in
1494 4766 1620 4821 altis
1650 4766 1749 4821 lia-

244 4860 395 4917 bitat
415 4878 439 4915 .'
1246 4864 1252 4868 ’

201 4950 277 5005 Et
300 4948 575 5006 humilia
604 4946 828 5017 respicit
860 4946 922 5000 in
949 4944 1077 5001 caelo
1104 4952 1157 5001 et
1185 4945 1247 4999 in
1274 4950 1423 5001 terra
1447 4946 1470 4998 Ρ

134 5045 282 5108 Quis
313 5045 487 5100 sicut
520 5042 831 5109 Dominus,
865 5042 911 5098 Η
953 5043 993 5098 C
1022 5043 1101 5097 Ac
1131 5039 1179 5096 si
1211 5040 1386 5107 dicat,
1433 5036 1633 5094 nullus
1661 5041 1746 5093 ta-

61 5130 155 5189 lis.
182 5134 297 5200 Qui
317 5130 577 5189 habitat
602 5130 663 5185 in
695 5129 879 5197 emlis,
903 5129 948 5185 Η
981 5130 1037 5185 id
1072 5133 1163 5185 est
1188 5127 1251 5183 in
1273 5126 1510 5183 sanctis.
1546 5126 1612 5180 Et
1640 5125 1748 5180 hu-

65 5220 228 5277 milia
258 5218 545 5293 respicit,
580 5218 786 5289 utipse
818 5218 1000 5273 dixit:
1034 5217 1222 5288 Super
1240 5231 1415 5286 quem
1438 5212 1749 5284 requiescit

63 5308 322 5381 Spiritus
356 5322 569 5372 meus,
604 5305 719 5362 nisi
738 5321 931 5376 super
957 5303 1291 5367 humilem?
1320 5303 1381 5356 In
1408 5300 1568 5356 .cmlo
1603 5303 1663 5356 et
1686 5301 1745 5356 in

64 5398 240 5463 terra,
272 5399 321 5450 Ο
369 5394 463 5451 sic
492 5392 567 5447 in
595 5390 739 5447 cmlo
771 5396 827 5447 et
856 5390 916 5446 in
942 5394 1097 5447 terra
1124 5389 1427 5446 humilitas
1479 5388 1594 5444 Deo
1625 5387 1745 5460 pla-

66 5482 181 5541 cita
209 5481 547 5557 reperitur,
580 5479 734 5535 sicut
761 5478 1038 5550 superbia
1064 5478 1345 5551 probatur
1370 5492 1546 5531 exosa
1591 5476 1743 5547 (Isai.

69 5572 239 5637 Lm),
273 5570 385 5627 ubi
427 5584 580 5641 ergo
611 5565 749 5623 elati
778 5566 1026 5621 credunt
1063 5565 1256 5622 locum
1282 5564 1497 5619 habere
1543 5578 1773 5634 super-.

66 5656 246 5728 binm,
281 5675 432 5717 cum
468 5655 693 5713 cerium
724 5658 783 5710 et
806 5657 1027 5711 terram
1052 5655 1127 5710 ab
1160 5650 1490 5711 humilitate
1512 5649 1747 5707 videant

66 5747 557 5820 οωιηηιιωῗ,
680 5768 685 5775 δ
1009 5742 1016 5749 ’

2403 3443 2729 3500 PSALMUS
2767 3444 2953 3501 CXIII.

2284 3548 2682 3588 ARGUMENTUM
2722 3549 2877 3588 PSAL.
2918 3550 3071 3590 CXIII.

1933 3635 1973 3685 C
1998 3630 2278 3686 Memorat
2307 3629 2591 3700 Propheta
2618 3646 2746 3700 quae
2767 3629 3046 3685 beneﬁcia
3076 3629 3357 3686 Dominus
3386 3635 3495 3686 He-

1862 3718 2031 3774 braeis
2057 3717 2388 3790 praestiterit
2416 3721 2472 3772 et
2496 3717 2708 3789 populo
2738 3717 3095 3787 Christiano,
3119 3724 3175 3774 et
3194 3718 3348 3797 idola
3364 3736 3498 3797 gen-

1860 3807 2009 3862 tium
2039 3823 2188 3862 vana
2214 3822 2342 3862 esse
2373 3805 2753 3861 demonstrat.

2478 3894 2588 3948 TT.
2622 3894 2876 3950 Alleluia.

1914 3984 1972 4039 ‘C
2000 3984 2427 4039 Commemorat
2455 3981 2739 4054 Propheta
2768 4000 2894 4054 quae
2914 3982 3195 4039 beneﬁcia
3215 3983 3498 4057 Dominus

1860 4071 2114 4127 Hebraeis
2172 4069 2531 4141 prastiterit;
2566 4074 2623 4125 et
2669 4069 2825 4126 idola
2871 4070 3132 4143 gentium
3176 4087 3324 4126 vana
3371 4088 3499 4126 esse

1859 4159 2240 4223 demonstrat,
2272 4161 2329 4210 et
2352 4158 2588 4229 exponit
2619 4162 3040 4231 consequenter
3087 4160 3373 4230 quantum
3420 4158 3497 4214 sit

1856 4245 2048 4304 vitalis
2078 4250 2136 4301 et
2154 4243 2540 4300 saluberrima
2561 4245 2761 4318 religio
2790 4245 3020 4321 Domini
3044 4244 3294 4321 propriis
3316 4244 3497 4320 culto-

1861 4335 2046 4390 ribus.

1862 4424 1885 4478 1
1999 4425 2061 4478 In
2084 4423 2238 4477 exitu
2271 4421 2442 4476 Israel
2472 4420 2537 4475 de
2568 4423 2833 4493 Egyplo:

2033 4512 2232 4566 Domus
2252 4508 2420 4565 Iacob
2449 4508 2513 4564 de
2535 4511 2737 4581 populo
2767 4510 3018 4567 barbaro.

1927 4599 1969 4654 C
1986 4598 2089 4654 Hie
2116 4597 2331 4654 exitum
2357 4595 2520 4652 illum
2539 4598 2819 4654 debemus
2840 4599 3120 4671 accipere,
3140 4600 3375 4679 quando
3392 4618 3498 4675 nos

1780 4707 1827 4772 Ι)
1858 4703 1891 4743 a
1924 4690 2289 4760 peccatorum
2305 4684 2555 4741 vinculis
2572 4686 2856 4759 contingit
2875 4688 3047 4744 exire.
3067 4689 3229 4759 Tunc
3249 4688 3404 4744 enim
3426 4689 3499 4744 ab

1860 4776 2275 4848 Egyptiorum,
2319 4774 2377 4829 id
2406 4778 2494 4829 est
2535 4775 2789 4831 tenebris
2837 4776 3174 4849 ignorantiae
3227 4781 3283 4834 et
3330 4777 3501 4845 turba

1858 4858 2190 4919 daemonum
2238 4862 2573 4917 liberamur.
2608 4862 2898 4919 Barbarus
2946 4869 3140 4937 autem
3188 4881 3221 4919 a
3246 4865 3415 4920 barba
3443 4869 3501 4919 et

1858 4968 1987 5006 rure
2018 4951 2210 5005 dictus
2232 4955 2338 5017 est,
2364 4952 2517 5021 quod
2550 4967 2851 5022 nunquam
2884 4951 2940 5006 in
2969 4953 3111 5007 urbe
3139 4950 3362 5017 vixerit,
3395 4953 3500 5009 sed

1859 5055 2090 5110 semper
2120 5043 2185 5095 ut
2213 5038 2333 5093 fera
2357 5038 2414 5092 in
2448 5039 2599 5109 agris
2630 5039 2925 5095 habitasse
2956 5044 3246 5097 noscatur.
3279 5039 3499 5097 Domus

1857 5132 2055 5184 autem
2084 5128 2257 5182 Iacob
2280 5127 2591 5193 efﬁcimur,
2614 5128 2848 5200 quando
2872 5134 3155 5201 praecepta
3180 5129 3279 5185 Dei
3307 5146 3495 5185 serva-

1857 5230 2012 5271 mus.
2038 5215 2083 5268 Η
2115 5213 2290 5269 Jacob
2309 5213 2463 5269 enim
2484 5215 3254 5290 supplantatorinterpretatu
3264 5222 3372 5282 r,et
3393 5234 3497 5273 nos

1855 5302 2046 5374 primo
2076 5301 2359 5357 debemus
2390 5301 2763 5373 supplantare
2809 5303 2967 5371 vitia,
3000 5310 3057 5359 et
3102 5305 3361 5360 conﬁteri
3406 5322 3492 5371 ea,

1855 5389 1976 5445 sive
2008 5389 2182 5443 ﬁdem
2210 5389 2533 5455 Trinitatis,
2570 5392 2724 5462 quod
2754 5392 2933 5447 ludas
2958 5392 3385 5465 interpretatur.

1798 5478 1799 5481 “
1852 5479 1889 5531 2
1995 5480 2155 5532 Facta
2182 5481 2260 5531 est
2287 5478 2480 5534 Iudaea
2505 5479 2869 5550 sanctiﬁcatio
2897 5481 3049 5552 ejus:

1993 5565 2162 5620 Israel
2187 5569 2419 5635 potestas
2442 5567 2574 5637 ejus.

1922 5657 1963 5707 C
1990 5653 2021 5708 J
2030 5652 2203 5707 udam
2220 5653 2473 5709 dicimus
2490 5671 2606 5710 non
2624 5656 2813 5712 solum
2836 5655 2905 5711 ad
2925 5656 3290 5729 Hebraeorum
3313 5642 3488 5708 natio-

1853 5756 2010 5810 nem,
2043 5740 2145 5796 sed
2177 5743 2233 5796 et
2251 5742 2321 5798 ad
2345 5758 2549 5800 omnes
2570 5744 2772 5800 ﬁdeles
2785 5759 2955 5815 posse
2980 5741 3279 5814 respicere.
3304 5738 3484 5793 Verus

5300 1772 5508 2428 \

4058 6186 5508 6420 -
