  <div class='ocr_page' id='page_1' title='image "/cluster/home/n/w/nwhite01/storage/ocr_20150623/142-143/uc1.31175018423130/215.png"; bbox 0 0 3878 6420; ppageno 0'>
   <div class='ocr_carea' id='block_1_1' title="bbox 275 427 396 495">
    <p class='ocr_par' dir='ltr' id='par_1_1' title="bbox 275 427 396 495">
     <span class='ocr_line' id='line_1_1' title="bbox 275 427 396 495; baseline -0.017 0"><span class='ocrx_word' id='word_1_1' title='bbox 275 427 396 495; x_wconf 71' lang='lat' dir='ltr'><strong>H5</strong></span> 
     </span>
    </p>
   </div>
   <div class='ocr_carea' id='block_1_2' title="bbox 1190 423 2790 492">
    <p class='ocr_par' dir='ltr' id='par_1_2' title="bbox 1190 423 2790 492">
     <span class='ocr_line' id='line_1_2' title="bbox 1190 423 2790 492; baseline -0.004 0"><span class='ocrx_word' id='word_1_2' title='bbox 1190 427 1258 492; x_wconf 87' lang='lat' dir='ltr'><strong>S.</strong></span> <span class='ocrx_word' id='word_1_3' title='bbox 1303 425 1698 492; x_wconf 80' lang='lat' dir='ltr'><strong>BRUNONIS</strong></span> <span class='ocrx_word' id='word_1_4' title='bbox 1744 423 2371 491; x_wconf 78' lang='lat' dir='ltr'><strong>HERBIPOLENSIS</strong></span> <span class='ocrx_word' id='word_1_5' title='bbox 2415 423 2790 490; x_wconf 84' lang='lat' dir='ltr'><strong>EPISCOPI.</strong></span> 
     </span>
    </p>
   </div>
   <div class='ocr_carea' id='block_1_3' title="bbox 3497 425 3696 490">
    <p class='ocr_par' dir='ltr' id='par_1_3' title="bbox 3497 425 3696 490">
     <span class='ocr_line' id='line_1_3' title="bbox 3497 425 3696 490; baseline 0.02 -5"><span class='ocrx_word' id='word_1_6' title='bbox 3497 425 3506 430; x_wconf 81' lang='grc'><em>’</em></span> <span class='ocrx_word' id='word_1_7' title='bbox 3585 425 3696 490; x_wconf 71' lang='grc'><strong>416</strong></span> 
     </span>
    </p>
   </div>
   <div class='ocr_carea' id='block_1_4' title="bbox 276 557 3698 635">
    <p class='ocr_par' dir='ltr' id='par_1_4' title="bbox 276 557 3698 635">
     <span class='ocr_line' id='line_1_4' title="bbox 276 557 3698 635; baseline -0.002 -12"><span class='ocrx_word' id='word_1_8' title='bbox 276 566 435 624; x_wconf 89' lang='lat' dir='ltr'><strong>enim</strong></span> <span class='ocrx_word' id='word_1_9' title='bbox 460 564 646 622; x_wconf 89' lang='lat' dir='ltr'><strong>Judas</strong></span> <span class='ocrx_word' id='word_1_10' title='bbox 677 563 943 620; x_wconf 82' lang='lat' dir='ltr'><strong>Salvator</strong></span> <span class='ocrx_word' id='word_1_11' title='bbox 972 568 1062 622; x_wconf 89' lang='lat' dir='ltr'><strong>est</strong></span> <span class='ocrx_word' id='word_1_12' title='bbox 1093 563 1397 630; x_wconf 88' lang='lat' dir='ltr'><strong>Dominus,</strong></span> <span class='ocrx_word' id='word_1_13' title='bbox 1430 560 1489 618; x_wconf 89' lang='lat' dir='ltr'><strong>in</strong></span> <span class='ocrx_word' id='word_1_14' title='bbox 1529 579 1646 634; x_wconf 89' lang='lat' dir='ltr'><strong>quo</strong></span> <span class='ocrx_word' id='word_1_15' title='bbox 1676 566 1933 635; x_wconf 80' lang='lat' dir='ltr'><strong>potestas</strong></span> <span class='ocrx_word' id='word_1_16' title='bbox 1963 561 2018 629; x_wconf 76' lang='grc' dir='ltr'><strong>Α</strong></span> <span class='ocrx_word' id='word_1_17' title='bbox 2047 562 2123 618; x_wconf 89' lang='lat' dir='ltr'><strong>da</strong></span> <span class='ocrx_word' id='word_1_18' title='bbox 2151 567 2207 618; x_wconf 90' lang='lat' dir='ltr'><strong>et</strong></span> <span class='ocrx_word' id='word_1_19' title='bbox 2238 562 2388 619; x_wconf 87' lang='lat' dir='ltr'><strong>dura</strong></span> <span class='ocrx_word' id='word_1_20' title='bbox 2435 562 2608 618; x_wconf 90' lang='lat' dir='ltr'><strong>corda</strong></span> <span class='ocrx_word' id='word_1_21' title='bbox 2637 558 2970 635; x_wconf 74' lang='lat' dir='ltr'><strong>gentilium,</strong></span> <span class='ocrx_word' id='word_1_22' title='bbox 2998 558 3182 618; x_wconf 83' lang='lat' dir='ltr'><strong>divini</strong></span> <span class='ocrx_word' id='word_1_23' title='bbox 3217 557 3434 634; x_wconf 84' lang='lat' dir='ltr'><strong>eloquii</strong></span> <span class='ocrx_word' id='word_1_24' title='bbox 3465 575 3698 618; x_wconf 86' lang='lat' dir='ltr'><strong>manare</strong></span> 
     </span>
    </p>
   </div>
   <div class='ocr_carea' id='block_1_5' title="bbox 276 652 1941 723">
    <p class='ocr_par' dir='ltr' id='par_1_5' title="bbox 276 652 1941 723">
     <span class='ocr_line' id='line_1_5' title="bbox 276 652 1941 723; baseline -0.004 -11"><span class='ocrx_word' id='word_1_25' title='bbox 276 653 704 719; x_wconf 89' lang='lat' dir='ltr'><strong>Israelitarum,</strong></span> <span class='ocrx_word' id='word_1_26' title='bbox 729 653 784 708; x_wconf 90' lang='lat' dir='ltr'><strong>id</strong></span> <span class='ocrx_word' id='word_1_27' title='bbox 803 657 912 720; x_wconf 89' lang='lat' dir='ltr'><strong>est,</strong></span> <span class='ocrx_word' id='word_1_28' title='bbox 935 652 1236 709; x_wconf 72' lang='lat' dir='ltr'><strong>videntium</strong></span> <span class='ocrx_word' id='word_1_29' title='bbox 1267 656 1442 708; x_wconf 87' lang='lat' dir='ltr'><strong>Deum</strong></span> <span class='ocrx_word' id='word_1_30' title='bbox 1457 652 1723 708; x_wconf 90' lang='lat' dir='ltr'><strong>noscitur</strong></span> <span class='ocrx_word' id='word_1_31' title='bbox 1742 667 1941 723; x_wconf 89' lang='lat' dir='ltr'><strong>perpe-</strong></span> 
     </span>
    </p>
   </div>
   <div class='ocr_carea' id='block_1_6' title="bbox 276 739 1940 814">
    <p class='ocr_par' dir='ltr' id='par_1_6' title="bbox 276 739 1940 814">
     <span class='ocr_line' id='line_1_6' title="bbox 276 739 1940 814; baseline -0.004 -13"><span class='ocrx_word' id='word_1_32' title='bbox 276 748 383 801; x_wconf 88' lang='lat' dir='ltr'><strong>tua</strong></span> <span class='ocrx_word' id='word_1_33' title='bbox 410 759 560 800; x_wconf 89' lang='lat' dir='ltr'><strong>esse.</strong></span> <span class='ocrx_word' id='word_1_34' title='bbox 595 742 799 814; x_wconf 80' lang='lat' dir='ltr'><strong>Itaque</strong></span> <span class='ocrx_word' id='word_1_35' title='bbox 829 741 929 814; x_wconf 87' lang='lat' dir='ltr'><strong>qui</strong></span> <span class='ocrx_word' id='word_1_36' title='bbox 961 758 1096 797; x_wconf 90' lang='lat' dir='ltr'><strong>eum</strong></span> <span class='ocrx_word' id='word_1_37' title='bbox 1121 739 1467 798; x_wconf 89' lang='lat' dir='ltr'><strong>circumciso</strong></span> <span class='ocrx_word' id='word_1_38' title='bbox 1490 741 1662 797; x_wconf 88' lang='lat' dir='ltr'><strong>corde</strong></span> <span class='ocrx_word' id='word_1_39' title='bbox 1685 756 1940 813; x_wconf 89' lang='lat' dir='ltr'><strong>sequun-</strong></span> 
     </span>
    </p>
   </div>
   <div class='ocr_carea' id='block_1_7' title="bbox 277 829 1941 904">
    <p class='ocr_par' dir='ltr' id='par_1_7' title="bbox 277 829 1941 904">
     <span class='ocr_line' id='line_1_7' title="bbox 277 829 1941 904; baseline -0.003 -15"><span class='ocrx_word' id='word_1_40' title='bbox 277 837 397 899; x_wconf 89' lang='lat' dir='ltr'><strong>tur,</strong></span> <span class='ocrx_word' id='word_1_41' title='bbox 438 830 618 888; x_wconf 80' lang='lat' dir='ltr'><strong>Israel</strong></span> <span class='ocrx_word' id='word_1_42' title='bbox 664 830 1036 904; x_wconf 88' lang='lat' dir='ltr'><strong>appellantur</strong></span> <span class='ocrx_word' id='word_1_43' title='bbox 1080 831 1380 886; x_wconf 89' lang='lat' dir='ltr'><strong>veraciter.</strong></span> <span class='ocrx_word' id='word_1_44' title='bbox 1425 829 1600 886; x_wconf 89' lang='lat' dir='ltr'><strong>Israel</strong></span> <span class='ocrx_word' id='word_1_45' title='bbox 1644 829 1798 885; x_wconf 85' lang='lat' dir='ltr'><strong>enim</strong></span> <span class='ocrx_word' id='word_1_46' title='bbox 1852 831 1941 884; x_wconf 73' lang='lat' dir='ltr'><strong>vir</strong></span> 
     </span>
    </p>
   </div>
   <div class='ocr_carea' id='block_1_8' title="bbox 276 917 1937 992">
    <p class='ocr_par' dir='ltr' id='par_1_8' title="bbox 276 917 1937 992">
     <span class='ocr_line' id='line_1_8' title="bbox 276 917 1937 992; baseline -0.002 -15"><span class='ocrx_word' id='word_1_47' title='bbox 276 921 467 978; x_wconf 84' lang='lat' dir='ltr'><strong>videns</strong></span> <span class='ocrx_word' id='word_1_48' title='bbox 511 925 680 976; x_wconf 88' lang='lat' dir='ltr'><strong>Deum</strong></span> <span class='ocrx_word' id='word_1_49' title='bbox 739 920 1174 992; x_wconf 86' lang='lat' dir='ltr'><strong>interpretatur,</strong></span> <span class='ocrx_word' id='word_1_50' title='bbox 1234 921 1280 974; x_wconf 79' lang='grc' dir='ltr'><strong>Λ</strong></span> <span class='ocrx_word' id='word_1_51' title='bbox 1337 917 1424 974; x_wconf 86' lang='lat' dir='ltr'><strong>vel</strong></span> <span class='ocrx_word' id='word_1_52' title='bbox 1482 918 1677 974; x_wconf 83' lang='lat' dir='ltr'><strong>verius</strong></span> <span class='ocrx_word' id='word_1_53' title='bbox 1736 917 1937 974; x_wconf 90' lang='lat' dir='ltr'><strong>videns</strong></span> 
     </span>
    </p>
   </div>
   <div class='ocr_carea' id='block_1_9' title="bbox 279 1016 484 1068">
    <p class='ocr_par' dir='ltr' id='par_1_9' title="bbox 279 1016 484 1068">
     <span class='ocr_line' id='line_1_9' title="bbox 279 1016 484 1068; baseline 0 -2"><span class='ocrx_word' id='word_1_54' title='bbox 279 1016 484 1068; x_wconf 91' lang='lat' dir='ltr'><strong>Deum.</strong></span> 
     </span>
    </p>
   </div>
   <div class='ocr_carea' id='block_1_10' title="bbox 276 1100 1028 1172">
    <p class='ocr_par' dir='ltr' id='par_1_10' title="bbox 276 1100 1028 1172">
     <span class='ocr_line' id='line_1_10' title="bbox 276 1100 1028 1172; baseline -0.001 -15"><span class='ocrx_word' id='word_1_55' title='bbox 276 1103 312 1157; x_wconf 89' lang='lat'><strong>3</strong></span> <span class='ocrx_word' id='word_1_56' title='bbox 421 1100 569 1156; x_wconf 73' lang='lat' dir='ltr'><strong>Mare</strong></span> <span class='ocrx_word' id='word_1_57' title='bbox 599 1100 734 1156; x_wconf 85' lang='lat' dir='ltr'><strong>vidit</strong></span> <span class='ocrx_word' id='word_1_58' title='bbox 761 1107 813 1156; x_wconf 88' lang='lat' dir='ltr'><strong>et</strong></span> <span class='ocrx_word' id='word_1_59' title='bbox 841 1102 1028 1172; x_wconf 79' lang='lat' dir='ltr'><strong>fugit:</strong></span> 
     </span>
    </p>
   </div>
   <div class='ocr_carea' id='block_1_11' title="bbox 417 1189 1433 1247">
    <p class='ocr_par' dir='ltr' id='par_1_11' title="bbox 417 1189 1433 1247">
     <span class='ocr_line' id='line_1_11' title="bbox 417 1189 1433 1247; baseline -0.004 0"><span class='ocrx_word' id='word_1_60' title='bbox 417 1189 675 1247; x_wconf 87' lang='lat' dir='ltr'><strong>Iordanis</strong></span> <span class='ocrx_word' id='word_1_61' title='bbox 695 1205 980 1246; x_wconf 80' lang='lat' dir='ltr'><strong>conversus</strong></span> <span class='ocrx_word' id='word_1_62' title='bbox 1003 1196 1080 1244; x_wconf 78' lang='lat' dir='ltr'><strong>est</strong></span> <span class='ocrx_word' id='word_1_63' title='bbox 1111 1192 1433 1244; x_wconf 77' lang='lat' dir='ltr'><strong>retrorsum.</strong></span> 
     </span>
    </p>
   </div>
   <div class='ocr_carea' id='block_1_12' title="bbox 347 1274 1932 1351">
    <p class='ocr_par' dir='ltr' id='par_1_12' title="bbox 347 1274 1932 1351">
     <span class='ocr_line' id='line_1_12' title="bbox 347 1274 1932 1351; baseline -0.001 -17"><span class='ocrx_word' id='word_1_64' title='bbox 347 1278 388 1334; x_wconf 93' lang='lat' dir='ltr'><strong>C</strong></span> <span class='ocrx_word' id='word_1_65' title='bbox 421 1278 598 1347; x_wconf 85' lang='lat' dir='ltr'><strong>Mare,</strong></span> <span class='ocrx_word' id='word_1_66' title='bbox 629 1278 684 1333; x_wconf 90' lang='lat' dir='ltr'><strong>id</strong></span> <span class='ocrx_word' id='word_1_67' title='bbox 706 1284 796 1334; x_wconf 88' lang='lat' dir='ltr'><strong>est</strong></span> <span class='ocrx_word' id='word_1_68' title='bbox 825 1277 1147 1351; x_wconf 79' lang='lat' dir='ltr'><strong>gentilitas,</strong></span> <span class='ocrx_word' id='word_1_69' title='bbox 1169 1278 1313 1331; x_wconf 76' lang='lat' dir='ltr'><strong>vidit</strong></span> <span class='ocrx_word' id='word_1_70' title='bbox 1335 1280 1568 1333; x_wconf 89' lang='lat' dir='ltr'><strong>sanctos</strong></span> <span class='ocrx_word' id='word_1_71' title='bbox 1593 1274 1932 1348; x_wconf 88' lang='lat' dir='ltr'><strong>supplanta-</strong></span> 
     </span>
    </p>
   </div>
   <div class='ocr_carea' id='block_1_13' title="bbox 275 1364 1932 1440">
    <p class='ocr_par' dir='ltr' id='par_1_13' title="bbox 275 1364 1932 1440">
     <span class='ocr_line' id='line_1_13' title="bbox 275 1364 1932 1440; baseline -0.003 -15"><span class='ocrx_word' id='word_1_72' title='bbox 275 1372 431 1425; x_wconf 91' lang='lat' dir='ltr'><strong>tores</strong></span> <span class='ocrx_word' id='word_1_73' title='bbox 460 1368 756 1434; x_wconf 89' lang='lat' dir='ltr'><strong>vitiorum,</strong></span> <span class='ocrx_word' id='word_1_74' title='bbox 782 1367 838 1423; x_wconf 89' lang='lat' dir='ltr'><strong>id</strong></span> <span class='ocrx_word' id='word_1_75' title='bbox 871 1371 961 1422; x_wconf 92' lang='lat' dir='ltr'><strong>est</strong></span> <span class='ocrx_word' id='word_1_76' title='bbox 991 1365 1417 1440; x_wconf 67' lang='lat' dir='ltr'><strong>prazdicatores,</strong></span> <span class='ocrx_word' id='word_1_77' title='bbox 1451 1369 1508 1421; x_wconf 90' lang='lat' dir='ltr'><strong>et</strong></span> <span class='ocrx_word' id='word_1_78' title='bbox 1541 1365 1708 1437; x_wconf 81' lang='lat' dir='ltr'><strong>fugit,</strong></span> <span class='ocrx_word' id='word_1_79' title='bbox 1737 1364 1794 1419; x_wconf 92' lang='lat' dir='ltr'><strong>id</strong></span> <span class='ocrx_word' id='word_1_80' title='bbox 1821 1369 1932 1420; x_wconf 88' lang='lat' dir='ltr'><strong>est.</strong></span> 
     </span>
    </p>
   </div>
   <div class='ocr_carea' id='block_1_14' title="bbox 275 1453 1930 1530">
    <p class='ocr_par' dir='ltr' id='par_1_14' title="bbox 275 1453 1930 1530">
     <span class='ocr_line' id='line_1_14' title="bbox 275 1453 1930 1530; baseline -0.004 -16"><span class='ocrx_word' id='word_1_81' title='bbox 275 1475 388 1514; x_wconf 90' lang='lat' dir='ltr'><strong>non</strong></span> <span class='ocrx_word' id='word_1_82' title='bbox 410 1457 600 1530; x_wconf 91' lang='lat' dir='ltr'><strong>potuit</strong></span> <span class='ocrx_word' id='word_1_83' title='bbox 618 1457 889 1512; x_wconf 75' lang='lat' dir='ltr'><strong>resistere</strong></span> <span class='ocrx_word' id='word_1_84' title='bbox 909 1454 1210 1527; x_wconf 77' lang='lat' dir='ltr'><strong>apostolis,</strong></span> <span class='ocrx_word' id='word_1_85' title='bbox 1235 1454 1377 1528; x_wconf 88' lang='lat' dir='ltr'><strong>quia</strong></span> <span class='ocrx_word' id='word_1_86' title='bbox 1399 1455 1551 1510; x_wconf 91' lang='lat' dir='ltr'><strong>Deus</strong></span> <span class='ocrx_word' id='word_1_87' title='bbox 1568 1453 1626 1509; x_wconf 91' lang='lat' dir='ltr'><strong>in</strong></span> <span class='ocrx_word' id='word_1_88' title='bbox 1649 1453 1766 1509; x_wconf 86' lang='lat' dir='ltr'><strong>illis</strong></span> <span class='ocrx_word' id='word_1_89' title='bbox 1788 1458 1930 1508; x_wconf 83' lang='lat' dir='ltr'><strong>erat.</strong></span> 
     </span>
    </p>
   </div>
   <div class='ocr_carea' id='block_1_15' title="bbox 271 1541 1931 1618">
    <p class='ocr_par' dir='ltr' id='par_1_15' title="bbox 271 1541 1931 1618">
     <span class='ocr_line' id='line_1_15' title="bbox 271 1541 1931 1618; baseline -0.002 -16"><span class='ocrx_word' id='word_1_90' title='bbox 271 1547 545 1603; x_wconf 88' lang='lat' dir='ltr'><strong>Jordanis</strong></span> <span class='ocrx_word' id='word_1_91' title='bbox 577 1547 992 1618; x_wconf 75' lang='lat' dir='ltr'><strong>interpretatur</strong></span> <span class='ocrx_word' id='word_1_92' title='bbox 1033 1544 1309 1599; x_wconf 65' lang='lat' dir='ltr'><strong>descensio</strong></span> <span class='ocrx_word' id='word_1_93' title='bbox 1339 1560 1549 1609; x_wconf 89' lang='lat' dir='ltr'><strong>eorum,</strong></span> <span class='ocrx_word' id='word_1_94' title='bbox 1581 1541 1800 1598; x_wconf 84' lang='lat' dir='ltr'><strong>scilicet</strong></span> <span class='ocrx_word' id='word_1_95' title='bbox 1832 1544 1931 1598; x_wconf 89' lang='lat' dir='ltr'><strong>ba-</strong></span> 
     </span>
    </p>
   </div>
   <div class='ocr_carea' id='block_1_16' title="bbox 273 1632 1930 1708">
    <p class='ocr_par' dir='ltr' id='par_1_16' title="bbox 273 1632 1930 1708">
     <span class='ocr_line' id='line_1_16' title="bbox 273 1632 1930 1708; baseline -0.002 -17"><span class='ocrx_word' id='word_1_96' title='bbox 273 1635 648 1708; x_wconf 82' lang='lat' dir='ltr'><strong>ptizatorum,</strong></span> <span class='ocrx_word' id='word_1_97' title='bbox 684 1633 786 1706; x_wconf 85' lang='lat' dir='ltr'><strong>qui</strong></span> <span class='ocrx_word' id='word_1_98' title='bbox 817 1633 1185 1689; x_wconf 89' lang='lat' dir='ltr'><strong>descendunt</strong></span> <span class='ocrx_word' id='word_1_99' title='bbox 1216 1633 1273 1688; x_wconf 92' lang='lat' dir='ltr'><strong>in</strong></span> <span class='ocrx_word' id='word_1_100' title='bbox 1314 1633 1698 1704; x_wconf 80' lang='lat' dir='ltr'><strong>baptismum,</strong></span> <span class='ocrx_word' id='word_1_101' title='bbox 1735 1632 1790 1687; x_wconf 91' lang='lat' dir='ltr'><strong>id</strong></span> <span class='ocrx_word' id='word_1_102' title='bbox 1821 1637 1930 1700; x_wconf 90' lang='lat' dir='ltr'><strong>est,</strong></span> 
     </span>
    </p>
   </div>
   <div class='ocr_carea' id='block_1_17' title="bbox 272 1720 1929 1794">
    <p class='ocr_par' dir='ltr' id='par_1_17' title="bbox 272 1720 1929 1794">
     <span class='ocr_line' id='line_1_17' title="bbox 272 1720 1929 1794; baseline -0.002 -15"><span class='ocrx_word' id='word_1_103' title='bbox 272 1722 670 1779; x_wconf 87' lang='lat' dir='ltr'><strong>humiliantur</strong></span> <span class='ocrx_word' id='word_1_104' title='bbox 699 1721 1000 1794; x_wconf 82' lang='lat' dir='ltr'><strong>baptizati,</strong></span> <span class='ocrx_word' id='word_1_105' title='bbox 1027 1720 1108 1776; x_wconf 90' lang='lat' dir='ltr'><strong>illi</strong></span> <span class='ocrx_word' id='word_1_106' title='bbox 1131 1722 1389 1777; x_wconf 84' lang='lat' dir='ltr'><strong>conversi</strong></span> <span class='ocrx_word' id='word_1_107' title='bbox 1419 1726 1557 1777; x_wconf 89' lang='lat' dir='ltr'><strong>sunt</strong></span> <span class='ocrx_word' id='word_1_108' title='bbox 1587 1727 1929 1790; x_wconf 87' lang='lat' dir='ltr'><strong>retrorsum,</strong></span> 
     </span>
    </p>
   </div>
   <div class='ocr_carea' id='block_1_18' title="bbox 213 1811 1934 1884">
    <p class='ocr_par' dir='ltr' id='par_1_18' title="bbox 213 1811 1934 1884">
     <span class='ocr_line' id='line_1_18' title="bbox 213 1811 1934 1884; baseline -0.002 -15"><span class='ocrx_word' id='word_1_109' title='bbox 213 1852 226 1860; x_wconf 78' lang='lat'><strong>.</strong></span> <span class='ocrx_word' id='word_1_110' title='bbox 273 1813 320 1869; x_wconf 83' lang='lat' dir='ltr'><strong>A</strong></span> <span class='ocrx_word' id='word_1_111' title='bbox 351 1811 578 1869; x_wconf 87' lang='lat' dir='ltr'><strong>scilicet</strong></span> <span class='ocrx_word' id='word_1_112' title='bbox 625 1811 700 1867; x_wconf 91' lang='lat' dir='ltr'><strong>ad</strong></span> <span class='ocrx_word' id='word_1_113' title='bbox 753 1811 936 1866; x_wconf 92' lang='lat' dir='ltr'><strong>Deum</strong></span> <span class='ocrx_word' id='word_1_114' title='bbox 970 1812 1126 1866; x_wconf 91' lang='lat' dir='ltr'><strong>unde</strong></span> <span class='ocrx_word' id='word_1_115' title='bbox 1173 1812 1282 1867; x_wconf 92' lang='lat' dir='ltr'><strong>orti</strong></span> <span class='ocrx_word' id='word_1_116' title='bbox 1315 1817 1503 1876; x_wconf 86' lang='lat' dir='ltr'><strong>erant,</strong></span> <span class='ocrx_word' id='word_1_117' title='bbox 1535 1816 1590 1867; x_wconf 90' lang='lat' dir='ltr'><strong>et</strong></span> <span class='ocrx_word' id='word_1_118' title='bbox 1622 1829 1655 1866; x_wconf 90' lang='lat' dir='ltr'><strong>a</strong></span> <span class='ocrx_word' id='word_1_119' title='bbox 1683 1828 1799 1883; x_wconf 92' lang='lat' dir='ltr'><strong>quo</strong></span> <span class='ocrx_word' id='word_1_120' title='bbox 1831 1828 1934 1884; x_wconf 91' lang='lat' dir='ltr'><strong>per</strong></span> 
     </span>
    </p>
   </div>
   <div class='ocr_carea' id='block_1_19' title="bbox 2050 651 2702 725">
    <p class='ocr_par' dir='ltr' id='par_1_19' title="bbox 2050 651 2702 725">
     <span class='ocr_line' id='line_1_19' title="bbox 2050 651 2702 725; baseline 0 -18"><span class='ocrx_word' id='word_1_121' title='bbox 2050 651 2184 708; x_wconf 89' lang='lat' dir='ltr'><strong>fecit</strong></span> <span class='ocrx_word' id='word_1_122' title='bbox 2213 652 2400 709; x_wconf 81' lang='lat' dir='ltr'><strong>fontes</strong></span> <span class='ocrx_word' id='word_1_123' title='bbox 2432 652 2702 725; x_wconf 83' lang='lat' dir='ltr'><strong>irriguos.</strong></span> 
     </span>
    </p>
   </div>
   <div class='ocr_carea' id='block_1_20' title="bbox 2045 739 3154 808">
    <p class='ocr_par' dir='ltr' id='par_1_20' title="bbox 2045 739 3154 808">
     <span class='ocr_line' id='line_1_20' title="bbox 2045 739 3154 808; baseline -0.001 -13"><span class='ocrx_word' id='word_1_124' title='bbox 2045 741 2082 795; x_wconf 83' lang='lat'><strong>9</strong></span> <span class='ocrx_word' id='word_1_125' title='bbox 2190 743 2309 798; x_wconf 78' lang='lat' dir='ltr'><strong>Non</strong></span> <span class='ocrx_word' id='word_1_126' title='bbox 2336 742 2520 807; x_wconf 80' lang='lat' dir='ltr'><strong>nobis,</strong></span> <span class='ocrx_word' id='word_1_127' title='bbox 2549 743 2797 808; x_wconf 86' lang='lat' dir='ltr'><strong>Domine,</strong></span> <span class='ocrx_word' id='word_1_128' title='bbox 2826 756 2940 798; x_wconf 85' lang='lat' dir='ltr'><strong>non</strong></span> <span class='ocrx_word' id='word_1_129' title='bbox 2965 739 3154 797; x_wconf 86' lang='lat' dir='ltr'><strong>nobis:</strong></span> 
     </span>
    </p>
   </div>
   <div class='ocr_carea' id='block_1_21' title="bbox 2190 830 3038 899">
    <p class='ocr_par' dir='ltr' id='par_1_21' title="bbox 2190 830 3038 899">
     <span class='ocr_line' id='line_1_21' title="bbox 2190 830 3038 899; baseline -0.004 -12"><span class='ocrx_word' id='word_1_130' title='bbox 2190 830 2293 887; x_wconf 86' lang='lat' dir='ltr'><strong>Sed</strong></span> <span class='ocrx_word' id='word_1_131' title='bbox 2321 831 2538 886; x_wconf 80' lang='lat' dir='ltr'><strong>nomini</strong></span> <span class='ocrx_word' id='word_1_132' title='bbox 2567 835 2659 886; x_wconf 89' lang='lat' dir='ltr'><strong>tuo</strong></span> <span class='ocrx_word' id='word_1_133' title='bbox 2686 830 2759 885; x_wconf 87' lang='lat' dir='ltr'><strong>da</strong></span> <span class='ocrx_word' id='word_1_134' title='bbox 2782 830 3038 899; x_wconf 80' lang='lat' dir='ltr'><strong>gloriam.</strong></span> 
     </span>
    </p>
   </div>
   <div class='ocr_carea' id='block_1_22' title="bbox 2117 916 3703 990">
    <p class='ocr_par' dir='ltr' id='par_1_22' title="bbox 2117 916 3703 990">
     <span class='ocr_line' id='line_1_22' title="bbox 2117 916 3703 990; baseline -0.002 -14"><span class='ocrx_word' id='word_1_135' title='bbox 2117 921 2157 975; x_wconf 94' lang='lat' dir='ltr'><strong>C</strong></span> <span class='ocrx_word' id='word_1_136' title='bbox 2183 921 2307 976; x_wconf 82' lang='lat' dir='ltr'><strong>Non</strong></span> <span class='ocrx_word' id='word_1_137' title='bbox 2340 920 2530 990; x_wconf 89' lang='lat' dir='ltr'><strong>nobis,</strong></span> <span class='ocrx_word' id='word_1_138' title='bbox 2583 918 2844 984; x_wconf 90' lang='lat' dir='ltr'><strong>Domine,</strong></span> <span class='ocrx_word' id='word_1_139' title='bbox 2883 933 3019 974; x_wconf 89' lang='lat' dir='ltr'><strong>nam</strong></span> <span class='ocrx_word' id='word_1_140' title='bbox 3051 935 3183 974; x_wconf 89' lang='lat' dir='ltr'><strong>cum</strong></span> <span class='ocrx_word' id='word_1_141' title='bbox 3213 918 3370 974; x_wconf 91' lang='lat' dir='ltr'><strong>bona</strong></span> <span class='ocrx_word' id='word_1_142' title='bbox 3416 916 3703 990; x_wconf 81' lang='lat' dir='ltr'><strong>largiatur</strong></span> 
     </span>
    </p>
   </div>
   <div class='ocr_carea' id='block_1_23' title="bbox 2047 1006 3698 1081">
    <p class='ocr_par' dir='ltr' id='par_1_23' title="bbox 2047 1006 3698 1081">
     <span class='ocr_line' id='line_1_23' title="bbox 2047 1006 3698 1081; baseline 0 -17"><span class='ocrx_word' id='word_1_143' title='bbox 2047 1009 2383 1077; x_wconf 88' lang='lat' dir='ltr'><strong>immeritis,</strong></span> <span class='ocrx_word' id='word_1_144' title='bbox 2408 1009 2597 1081; x_wconf 90' lang='lat' dir='ltr'><strong>ipsius</strong></span> <span class='ocrx_word' id='word_1_145' title='bbox 2611 1006 2808 1080; x_wconf 75' lang='lat' dir='ltr'><strong>gloria:</strong></span> <span class='ocrx_word' id='word_1_146' title='bbox 2830 1007 3110 1080; x_wconf 88' lang='lat' dir='ltr'><strong>probatur</strong></span> <span class='ocrx_word' id='word_1_147' title='bbox 3126 1024 3276 1074; x_wconf 89' lang='lat' dir='ltr'><strong>esse,</strong></span> <span class='ocrx_word' id='word_1_148' title='bbox 3302 1024 3416 1064; x_wconf 89' lang='lat' dir='ltr'><strong>non</strong></span> <span class='ocrx_word' id='word_1_149' title='bbox 3437 1006 3698 1074; x_wconf 83' lang='lat' dir='ltr'><strong>aliunde,</strong></span> 
     </span>
    </p>
   </div>
   <div class='ocr_carea' id='block_1_24' title="bbox 2045 1095 3701 1171">
    <p class='ocr_par' dir='ltr' id='par_1_24' title="bbox 2045 1095 3701 1171">
     <span class='ocr_line' id='line_1_24' title="bbox 2045 1095 3701 1171; baseline -0.002 -17"><span class='ocrx_word' id='word_1_150' title='bbox 2045 1099 2200 1171; x_wconf 90' lang='lat' dir='ltr'><strong>quod</strong></span> <span class='ocrx_word' id='word_1_151' title='bbox 2235 1098 2521 1155; x_wconf 89' lang='lat' dir='ltr'><strong>concedit.</strong></span> <span class='ocrx_word' id='word_1_152' title='bbox 2555 1099 2625 1154; x_wconf 83' lang='lat' dir='ltr'><strong>Et</strong></span> <span class='ocrx_word' id='word_1_153' title='bbox 2652 1100 2742 1153; x_wconf 91' lang='lat' dir='ltr'><strong>est</strong></span> <span class='ocrx_word' id='word_1_154' title='bbox 2773 1097 3090 1153; x_wconf 82' lang='lat' dir='ltr'><strong>all‘ectuosa</strong></span> <span class='ocrx_word' id='word_1_155' title='bbox 3121 1101 3180 1153; x_wconf 88' lang='lat' dir='ltr'><strong>et</strong></span> <span class='ocrx_word' id='word_1_156' title='bbox 3201 1095 3381 1152; x_wconf 92' lang='lat' dir='ltr'><strong>nimis</strong></span> <span class='ocrx_word' id='word_1_157' title='bbox 3400 1111 3537 1152; x_wconf 88' lang='lat' dir='ltr'><strong>vera</strong></span> <span class='ocrx_word' id='word_1_158' title='bbox 3561 1095 3701 1169; x_wconf 78' lang='lat' dir='ltr'><strong>peti-</strong></span> 
     </span>
    </p>
   </div>
   <div class='ocr_carea' id='block_1_25' title="bbox 2046 1183 3698 1261">
    <p class='ocr_par' dir='ltr' id='par_1_25' title="bbox 2046 1183 3698 1261">
     <span class='ocr_line' id='line_1_25' title="bbox 2046 1183 3698 1261; baseline -0.002 -17"><span class='ocrx_word' id='word_1_159' title='bbox 2046 1187 2150 1256; x_wconf 89' lang='lat' dir='ltr'><strong>tio,</strong></span> <span class='ocrx_word' id='word_1_160' title='bbox 2177 1192 2241 1242; x_wconf 90' lang='lat' dir='ltr'><strong>ut</strong></span> <span class='ocrx_word' id='word_1_161' title='bbox 2266 1191 2503 1261; x_wconf 87' lang='lat' dir='ltr'><strong>propter</strong></span> <span class='ocrx_word' id='word_1_162' title='bbox 2532 1202 2744 1242; x_wconf 90' lang='lat' dir='ltr'><strong>nomen</strong></span> <span class='ocrx_word' id='word_1_163' title='bbox 2777 1202 2953 1242; x_wconf 90' lang='lat' dir='ltr'><strong>suum</strong></span> <span class='ocrx_word' id='word_1_164' title='bbox 2985 1187 3283 1258; x_wconf 56' lang='lat' dir='ltr'><strong>praestaret</strong></span> <span class='ocrx_word' id='word_1_165' title='bbox 3311 1183 3573 1240; x_wconf 88' lang='lat' dir='ltr'><strong>humano</strong></span> <span class='ocrx_word' id='word_1_166' title='bbox 3602 1201 3698 1259; x_wconf 88' lang='lat' dir='ltr'><strong>ge-</strong></span> 
     </span>
    </p>
   </div>
   <div class='ocr_carea' id='block_1_26' title="bbox 2043 1271 3700 1349">
    <p class='ocr_par' dir='ltr' id='par_1_26' title="bbox 2043 1271 3700 1349">
     <span class='ocr_line' id='line_1_26' title="bbox 2043 1271 3700 1349; baseline -0.001 -17"><span class='ocrx_word' id='word_1_167' title='bbox 2043 1277 2166 1332; x_wconf 87' lang='lat' dir='ltr'><strong>neri</strong></span> <span class='ocrx_word' id='word_1_168' title='bbox 2194 1276 2376 1345; x_wconf 85' lang='lat' dir='ltr'><strong>utilia,</strong></span> <span class='ocrx_word' id='word_1_169' title='bbox 2408 1275 2507 1349; x_wconf 90' lang='lat' dir='ltr'><strong>qui</strong></span> <span class='ocrx_word' id='word_1_170' title='bbox 2531 1291 2645 1330; x_wconf 90' lang='lat' dir='ltr'><strong>non</strong></span> <span class='ocrx_word' id='word_1_171' title='bbox 2679 1278 2906 1347; x_wconf 84' lang='lat' dir='ltr'><strong>poterat</strong></span> <span class='ocrx_word' id='word_1_172' title='bbox 2931 1273 2991 1330; x_wconf 90' lang='lat' dir='ltr'><strong>in</strong></span> <span class='ocrx_word' id='word_1_173' title='bbox 3019 1271 3420 1346; x_wconf 87' lang='lat' dir='ltr'><strong>peccatoribus</strong></span> <span class='ocrx_word' id='word_1_174' title='bbox 3443 1273 3700 1330; x_wconf 87' lang='lat' dir='ltr'><strong>invenire</strong></span> 
     </span>
    </p>
   </div>
   <div class='ocr_carea' id='block_1_27' title="bbox 2044 1361 3702 1436">
    <p class='ocr_par' dir='ltr' id='par_1_27' title="bbox 2044 1361 3702 1436">
     <span class='ocr_line' id='line_1_27' title="bbox 2044 1361 3702 1436; baseline -0.002 -15"><span class='ocrx_word' id='word_1_175' title='bbox 2044 1364 2254 1421; x_wconf 89' lang='lat' dir='ltr'><strong>merita</strong></span> <span class='ocrx_word' id='word_1_176' title='bbox 2284 1363 2422 1421; x_wconf 91' lang='lat' dir='ltr'><strong>ulla.</strong></span> <span class='ocrx_word' id='word_1_177' title='bbox 2472 1363 2636 1420; x_wconf 90' lang='lat' dir='ltr'><strong>Unde</strong></span> <span class='ocrx_word' id='word_1_178' title='bbox 2665 1368 2724 1418; x_wconf 89' lang='lat' dir='ltr'><strong>et</strong></span> <span class='ocrx_word' id='word_1_179' title='bbox 2759 1361 2996 1418; x_wconf 88' lang='lat' dir='ltr'><strong>subdit:</strong></span> <span class='ocrx_word' id='word_1_180' title='bbox 3030 1363 3218 1436; x_wconf 90' lang='lat' dir='ltr'><strong>Super</strong></span> <span class='ocrx_word' id='word_1_181' title='bbox 3272 1363 3406 1428; x_wconf 90' lang='lat' dir='ltr'><strong>etc.,</strong></span> <span class='ocrx_word' id='word_1_182' title='bbox 3466 1367 3702 1436; x_wconf 85' lang='lat' dir='ltr'><strong>propter</strong></span> 
     </span>
    </p>
   </div>
   <div class='ocr_carea' id='block_1_28' title="bbox 2044 1450 3697 1525">
    <p class='ocr_par' dir='ltr' id='par_1_28' title="bbox 2044 1450 3697 1525">
     <span class='ocr_line' id='line_1_28' title="bbox 2044 1450 3697 1525; baseline -0.001 -15"><span class='ocrx_word' id='word_1_183' title='bbox 2044 1454 2506 1510; x_wconf 84' lang='lat' dir='ltr'><strong>misericordiam</strong></span> <span class='ocrx_word' id='word_1_184' title='bbox 2540 1457 2597 1508; x_wconf 89' lang='lat' dir='ltr'><strong>et</strong></span> <span class='ocrx_word' id='word_1_185' title='bbox 2624 1451 2927 1508; x_wconf 84' lang='lat' dir='ltr'><strong>veritatem</strong></span> <span class='ocrx_word' id='word_1_186' title='bbox 2955 1451 3032 1509; x_wconf 92' lang='lat' dir='ltr'><strong>da</strong></span> <span class='ocrx_word' id='word_1_187' title='bbox 3054 1450 3302 1525; x_wconf 86' lang='lat' dir='ltr'><strong>gloriam</strong></span> <span class='ocrx_word' id='word_1_188' title='bbox 3330 1451 3553 1508; x_wconf 88' lang='lat' dir='ltr'><strong>nomini</strong></span> <span class='ocrx_word' id='word_1_189' title='bbox 3577 1456 3697 1517; x_wconf 87' lang='lat' dir='ltr'><strong>tuo,</strong></span> 
     </span>
    </p>
   </div>
   <div class='ocr_carea' id='block_1_29' title="bbox 2041 1541 2557 1600">
    <p class='ocr_par' dir='ltr' id='par_1_29' title="bbox 2041 1541 2557 1600">
     <span class='ocr_line' id='line_1_29' title="bbox 2041 1541 2557 1600; baseline -0.006 0"><span class='ocrx_word' id='word_1_190' title='bbox 2041 1549 2100 1600; x_wconf 88' lang='lat' dir='ltr'><strong>et</strong></span> <span class='ocrx_word' id='word_1_191' title='bbox 2129 1545 2218 1600; x_wconf 92' lang='lat' dir='ltr'><strong>fac</strong></span> <span class='ocrx_word' id='word_1_192' title='bbox 2245 1541 2557 1600; x_wconf 89' lang='lat' dir='ltr'><strong>mirabilia.</strong></span> 
     </span>
    </p>
   </div>
   <div class='ocr_carea' id='block_1_30' title="bbox 2043 1630 3374 1705">
    <p class='ocr_par' dir='ltr' id='par_1_30' title="bbox 2043 1630 3374 1705">
     <span class='ocr_line' id='line_1_30' title="bbox 2043 1630 3374 1705; baseline -0.002 -17"><span class='ocrx_word' id='word_1_193' title='bbox 2043 1635 2113 1690; x_wconf 91' lang='grc'><strong>10</strong></span> <span class='ocrx_word' id='word_1_194' title='bbox 2183 1633 2359 1705; x_wconf 86' lang='lat' dir='ltr'><strong>Super</strong></span> <span class='ocrx_word' id='word_1_195' title='bbox 2385 1630 2762 1687; x_wconf 86' lang='lat' dir='ltr'><strong>misericordia</strong></span> <span class='ocrx_word' id='word_1_196' title='bbox 2795 1639 2892 1687; x_wconf 89' lang='lat' dir='ltr'><strong>tua</strong></span> <span class='ocrx_word' id='word_1_197' title='bbox 2915 1639 2967 1687; x_wconf 88' lang='lat' dir='ltr'><strong>et</strong></span> <span class='ocrx_word' id='word_1_198' title='bbox 2989 1631 3212 1687; x_wconf 83' lang='lat' dir='ltr'><strong>veritate</strong></span> <span class='ocrx_word' id='word_1_199' title='bbox 3246 1639 3374 1686; x_wconf 87' lang='lat' dir='ltr'><strong>tua:</strong></span> 
     </span>
    </p>
   </div>
   <div class='ocr_carea' id='block_1_31' title="bbox 2185 1719 3700 1794">
    <p class='ocr_par' dir='ltr' id='par_1_31' title="bbox 2185 1719 3700 1794">
     <span class='ocr_line' id='line_1_31' title="bbox 2185 1719 3700 1794; baseline -0.003 -15"><span class='ocrx_word' id='word_1_200' title='bbox 2185 1724 2261 1779; x_wconf 80' lang='lat' dir='ltr'><strong>Ne</strong></span> <span class='ocrx_word' id='word_1_201' title='bbox 2286 1727 2341 1789; x_wconf 57' lang='grc' dir='ltr'><strong>ἐ·</strong></span> <span class='ocrx_word' id='word_1_202' title='bbox 2405 1719 2621 1794; x_wconf 84' lang='lat' dir='ltr'><strong>quando</strong></span> <span class='ocrx_word' id='word_1_203' title='bbox 2664 1725 2680 1789; x_wconf 76' lang='grc' dir='ltr'>ζ</span> <span class='ocrx_word' id='word_1_204' title='bbox 2771 1721 2959 1776; x_wconf 81' lang='lat' dir='ltr'><strong>dicunt</strong></span> <span class='ocrx_word' id='word_1_205' title='bbox 3014 1726 3235 1790; x_wconf 81' lang='lat' dir='ltr'><strong>gentes:</strong></span> <span class='ocrx_word' id='word_1_206' title='bbox 3285 1719 3385 1776; x_wconf 83' lang='lat' dir='ltr'><strong>Ubi</strong></span> <span class='ocrx_word' id='word_1_207' title='bbox 3425 1724 3508 1776; x_wconf 84' lang='lat' dir='ltr'><strong>est</strong></span> <span class='ocrx_word' id='word_1_208' title='bbox 3557 1721 3700 1776; x_wconf 85' lang='lat' dir='ltr'><strong>Deus</strong></span> 
     </span>
    </p>
   </div>
   <div class='ocr_carea' id='block_1_32' title="bbox 2219 1815 2444 1867">
    <p class='ocr_par' dir='ltr' id='par_1_32' title="bbox 2219 1815 2444 1867">
     <span class='ocr_line' id='line_1_32' title="bbox 2219 1815 2444 1867; baseline -0.009 0"><span class='ocrx_word' id='word_1_209' title='bbox 2219 1828 2405 1867; x_wconf 88' lang='lat' dir='ltr'><strong>eorum</strong></span> <span class='ocrx_word' id='word_1_210' title='bbox 2418 1815 2444 1866; x_wconf 71' lang='lat'><strong>.9</strong></span> 
     </span>
    </p>
   </div>
   <div class='ocr_carea' id='block_1_33' title="bbox 274 1896 3699 2002">
    <p class='ocr_par' dir='ltr' id='par_1_33' title="bbox 274 1896 3699 2002">
     <span class='ocr_line' id='line_1_33' title="bbox 274 1896 3699 2002; baseline -0.001 -45"><span class='ocrx_word' id='word_1_211' title='bbox 274 1905 511 1974; x_wconf 88' lang='lat' dir='ltr'><strong>peccata</strong></span> <span class='ocrx_word' id='word_1_212' title='bbox 537 1904 923 1956; x_wconf 80' lang='lat' dir='ltr'><strong>recesserunt.</strong></span> <span class='ocrx_word' id='word_1_213' title='bbox 957 1899 1001 1956; x_wconf 85' lang='grc' dir='ltr'><em>Η</em></span> <span class='ocrx_word' id='word_1_214' title='bbox 1024 1899 1188 1956; x_wconf 88' lang='lat' dir='ltr'><strong>Multi</strong></span> <span class='ocrx_word' id='word_1_215' title='bbox 1218 1899 1374 1955; x_wconf 91' lang='lat' dir='ltr'><strong>enim</strong></span> <span class='ocrx_word' id='word_1_216' title='bbox 1409 1900 1508 1972; x_wconf 89' lang='lat' dir='ltr'><strong>qui</strong></span> <span class='ocrx_word' id='word_1_217' title='bbox 1558 1901 1932 1956; x_wconf 88' lang='lat' dir='ltr'><strong>crediderunt</strong></span> <span class='ocrx_word' id='word_1_218' title='bbox 1963 1936 2011 2002; x_wconf 78' lang='grc' dir='ltr'><strong>Β</strong></span> <span class='ocrx_word' id='word_1_219' title='bbox 2113 1901 2154 1957; x_wconf 94' lang='lat' dir='ltr'><strong>C</strong></span> <span class='ocrx_word' id='word_1_220' title='bbox 2187 1900 2584 1957; x_wconf 88' lang='lat' dir='ltr'><strong>Misericordia</strong></span> <span class='ocrx_word' id='word_1_221' title='bbox 2613 1904 2702 1955; x_wconf 89' lang='lat' dir='ltr'><strong>est</strong></span> <span class='ocrx_word' id='word_1_222' title='bbox 2740 1901 2921 1966; x_wconf 89' lang='lat' dir='ltr'><strong>enim,</strong></span> <span class='ocrx_word' id='word_1_223' title='bbox 2970 1915 3104 1954; x_wconf 91' lang='lat' dir='ltr'><strong>cum</strong></span> <span class='ocrx_word' id='word_1_224' title='bbox 3138 1896 3371 1954; x_wconf 85' lang='lat' dir='ltr'><strong>miseris</strong></span> <span class='ocrx_word' id='word_1_225' title='bbox 3401 1914 3466 1954; x_wconf 90' lang='lat' dir='ltr'><strong>ac</strong></span> <span class='ocrx_word' id='word_1_226' title='bbox 3511 1897 3699 1955; x_wconf 87' lang='lat' dir='ltr'><strong>delin-</strong></span> 
     </span>
    </p>
   </div>
   <div class='ocr_carea' id='block_1_34' title="bbox 276 1989 1934 2063">
    <p class='ocr_par' dir='ltr' id='par_1_34' title="bbox 276 1989 1934 2063">
     <span class='ocr_line' id='line_1_34' title="bbox 276 1989 1934 2063; baseline 0 -18"><span class='ocrx_word' id='word_1_227' title='bbox 276 1989 511 2063; x_wconf 90' lang='lat' dir='ltr'><strong>quando</strong></span> <span class='ocrx_word' id='word_1_228' title='bbox 542 1989 816 2045; x_wconf 90' lang='lat' dir='ltr'><strong>viderunt</strong></span> <span class='ocrx_word' id='word_1_229' title='bbox 873 1993 1156 2061; x_wconf 89' lang='lat' dir='ltr'><strong>martyres</strong></span> <span class='ocrx_word' id='word_1_230' title='bbox 1215 2006 1444 2061; x_wconf 87' lang='lat' dir='ltr'><strong>passos,</strong></span> <span class='ocrx_word' id='word_1_231' title='bbox 1501 1989 1762 2045; x_wconf 85' lang='lat' dir='ltr'><strong>conversi</strong></span> <span class='ocrx_word' id='word_1_232' title='bbox 1795 1995 1934 2045; x_wconf 91' lang='lat' dir='ltr'><strong>sunt</strong></span> 
     </span>
    </p>
   </div>
   <div class='ocr_carea' id='block_1_35' title="bbox 276 2077 1934 2149">
    <p class='ocr_par' dir='ltr' id='par_1_35' title="bbox 276 2077 1934 2149">
     <span class='ocr_line' id='line_1_35' title="bbox 276 2077 1934 2149; baseline -0.001 -14"><span class='ocrx_word' id='word_1_233' title='bbox 276 2083 620 2144; x_wconf 86' lang='lat' dir='ltr'><strong>retrorsum,</strong></span> <span class='ocrx_word' id='word_1_234' title='bbox 652 2077 706 2133; x_wconf 91' lang='lat' dir='ltr'><strong>id</strong></span> <span class='ocrx_word' id='word_1_235' title='bbox 730 2082 819 2133; x_wconf 88' lang='lat' dir='ltr'><strong>est</strong></span> <span class='ocrx_word' id='word_1_236' title='bbox 844 2094 876 2130; x_wconf 89' lang='lat' dir='ltr'><strong>a</strong></span> <span class='ocrx_word' id='word_1_237' title='bbox 898 2077 1220 2149; x_wconf 78' lang='lat' dir='ltr'><strong>gentilitate</strong></span> <span class='ocrx_word' id='word_1_238' title='bbox 1243 2079 1311 2133; x_wconf 90' lang='lat' dir='ltr'><strong>ad</strong></span> <span class='ocrx_word' id='word_1_239' title='bbox 1337 2079 1532 2147; x_wconf 81' lang='lat' dir='ltr'><strong>fidem,</strong></span> <span class='ocrx_word' id='word_1_240' title='bbox 1557 2083 1610 2133; x_wconf 87' lang='lat' dir='ltr'><strong>ct</strong></span> <span class='ocrx_word' id='word_1_241' title='bbox 1641 2079 1828 2135; x_wconf 88' lang='lat' dir='ltr'><strong>factus</strong></span> <span class='ocrx_word' id='word_1_242' title='bbox 1843 2083 1934 2134; x_wconf 89' lang='lat' dir='ltr'><strong>est</strong></span> 
     </span>
    </p>
   </div>
   <div class='ocr_carea' id='block_1_36' title="bbox 274 2168 1935 2241">
    <p class='ocr_par' dir='ltr' id='par_1_36' title="bbox 274 2168 1935 2241">
     <span class='ocr_line' id='line_1_36' title="bbox 274 2168 1935 2241; baseline 0.001 -18"><span class='ocrx_word' id='word_1_243' title='bbox 274 2168 394 2224; x_wconf 90' lang='lat' dir='ltr'><strong>illis</strong></span> <span class='ocrx_word' id='word_1_244' title='bbox 425 2168 582 2224; x_wconf 91' lang='lat' dir='ltr'><strong>Deus</strong></span> <span class='ocrx_word' id='word_1_245' title='bbox 623 2171 757 2223; x_wconf 89' lang='lat' dir='ltr'><strong>ante</strong></span> <span class='ocrx_word' id='word_1_246' title='bbox 787 2185 960 2240; x_wconf 90' lang='lat' dir='ltr'><strong>quem</strong></span> <span class='ocrx_word' id='word_1_247' title='bbox 1019 2172 1150 2240; x_wconf 88' lang='lat' dir='ltr'><strong>post</strong></span> <span class='ocrx_word' id='word_1_248' title='bbox 1197 2173 1426 2241; x_wconf 88' lang='lat' dir='ltr'><strong>tergum</strong></span> <span class='ocrx_word' id='word_1_249' title='bbox 1477 2174 1843 2240; x_wconf 86' lang='lat' dir='ltr'><strong>posuerunt;</strong></span> <span class='ocrx_word' id='word_1_250' title='bbox 1876 2173 1935 2224; x_wconf 88' lang='lat' dir='ltr'><strong>et</strong></span> 
     </span>
    </p>
   </div>
   <div class='ocr_carea' id='block_1_37' title="bbox 275 2257 1934 2330">
    <p class='ocr_par' dir='ltr' id='par_1_37' title="bbox 275 2257 1934 2330">
     <span class='ocr_line' id='line_1_37' title="bbox 275 2257 1934 2330; baseline 0.001 -17"><span class='ocrx_word' id='word_1_251' title='bbox 275 2258 359 2313; x_wconf 92' lang='lat' dir='ltr'><strong>sic</strong></span> <span class='ocrx_word' id='word_1_252' title='bbox 391 2257 779 2330; x_wconf 91' lang='lat' dir='ltr'><strong>posteriorum</strong></span> <span class='ocrx_word' id='word_1_253' title='bbox 813 2261 1182 2330; x_wconf 85' lang='lat' dir='ltr'><strong>peccatorum</strong></span> <span class='ocrx_word' id='word_1_254' title='bbox 1229 2257 1416 2325; x_wconf 88' lang='lat' dir='ltr'><strong>obliti,</strong></span> <span class='ocrx_word' id='word_1_255' title='bbox 1454 2258 1509 2312; x_wconf 92' lang='lat' dir='ltr'><strong>in</strong></span> <span class='ocrx_word' id='word_1_256' title='bbox 1539 2275 1605 2312; x_wconf 88' lang='lat' dir='ltr'><strong>ea</strong></span> <span class='ocrx_word' id='word_1_257' title='bbox 1636 2275 1763 2330; x_wconf 71' lang='lat' dir='ltr'><strong>qum</strong></span> <span class='ocrx_word' id='word_1_258' title='bbox 1792 2263 1934 2314; x_wconf 88' lang='lat' dir='ltr'><strong>sunt</strong></span> 
     </span>
    </p>
   </div>
   <div class='ocr_carea' id='block_1_38' title="bbox 275 2347 1224 2419">
    <p class='ocr_par' dir='ltr' id='par_1_38' title="bbox 275 2347 1224 2419">
     <span class='ocr_line' id='line_1_38' title="bbox 275 2347 1224 2419; baseline -0.004 -15"><span class='ocrx_word' id='word_1_259' title='bbox 275 2350 410 2404; x_wconf 79' lang='lat' dir='ltr'><strong>ante</strong></span> <span class='ocrx_word' id='word_1_260' title='bbox 437 2347 826 2402; x_wconf 82' lang='lat' dir='ltr'><strong>extenderunt</strong></span> <span class='ocrx_word' id='word_1_261' title='bbox 858 2347 1086 2419; x_wconf 82' lang='lat' dir='ltr'><strong>(Philip.</strong></span> <span class='ocrx_word' id='word_1_262' title='bbox 1117 2347 1224 2417; x_wconf 79' lang='grc' dir='ltr'><strong>ιιι).</strong></span> 
     </span>
    </p>
   </div>
   <div class='ocr_carea' id='block_1_39' title="bbox 277 2435 1614 2507">
    <p class='ocr_par' dir='ltr' id='par_1_39' title="bbox 277 2435 1614 2507">
     <span class='ocr_line' id='line_1_39' title="bbox 277 2435 1614 2507; baseline -0.001 -15"><span class='ocrx_word' id='word_1_263' title='bbox 277 2437 311 2492; x_wconf 67' lang='grc'><strong>4</strong></span> <span class='ocrx_word' id='word_1_264' title='bbox 518 2435 716 2490; x_wconf 78' lang='lat' dir='ltr'><strong>Montes</strong></span> <span class='ocrx_word' id='word_1_265' title='bbox 747 2436 1159 2491; x_wconf 72' lang='lat' dir='ltr'><strong>exsultarerunt</strong></span> <span class='ocrx_word' id='word_1_266' title='bbox 1192 2443 1250 2491; x_wconf 88' lang='lat' dir='ltr'><strong>ut</strong></span> <span class='ocrx_word' id='word_1_267' title='bbox 1281 2437 1480 2492; x_wconf 82' lang='lat' dir='ltr'><strong>arietes</strong></span> <span class='ocrx_word' id='word_1_268' title='bbox 1521 2443 1533 2502; x_wconf 75' lang='grc' dir='ltr'>ζ</span> <span class='ocrx_word' id='word_1_269' title='bbox 1595 2455 1614 2490; x_wconf 91' lang='lat'><strong>:</strong></span> 
     </span>
    </p>
   </div>
   <div class='ocr_carea' id='block_1_40' title="bbox 417 2524 1226 2594">
    <p class='ocr_par' dir='ltr' id='par_1_40' title="bbox 417 2524 1226 2594">
     <span class='ocr_line' id='line_1_40' title="bbox 417 2524 1226 2594; baseline 0.002 -15"><span class='ocrx_word' id='word_1_270' title='bbox 417 2525 481 2579; x_wconf 83' lang='lat' dir='ltr'><strong>Et</strong></span> <span class='ocrx_word' id='word_1_271' title='bbox 507 2524 668 2580; x_wconf 85' lang='lat' dir='ltr'><strong>colles</strong></span> <span class='ocrx_word' id='word_1_272' title='bbox 695 2525 837 2580; x_wconf 89' lang='lat' dir='ltr'><strong>sicut</strong></span> <span class='ocrx_word' id='word_1_273' title='bbox 862 2526 998 2594; x_wconf 85' lang='lat' dir='ltr'><strong>agni</strong></span> <span class='ocrx_word' id='word_1_274' title='bbox 1020 2526 1226 2581; x_wconf 87' lang='lat' dir='ltr'><strong>ovium.</strong></span> 
     </span>
    </p>
   </div>
   <div class='ocr_carea' id='block_1_41' title="bbox 345 2612 1930 2685">
    <p class='ocr_par' dir='ltr' id='par_1_41' title="bbox 345 2612 1930 2685">
     <span class='ocr_line' id='line_1_41' title="bbox 345 2612 1930 2685; baseline 0.001 -17"><span class='ocrx_word' id='word_1_275' title='bbox 345 2613 387 2669; x_wconf 90' lang='lat' dir='ltr'><strong>C</strong></span> <span class='ocrx_word' id='word_1_276' title='bbox 418 2613 666 2678; x_wconf 87' lang='lat' dir='ltr'><strong>Montes,</strong></span> <span class='ocrx_word' id='word_1_277' title='bbox 700 2612 995 2684; x_wconf 88' lang='lat' dir='ltr'><strong>apostolos</strong></span> <span class='ocrx_word' id='word_1_278' title='bbox 1047 2613 1192 2668; x_wconf 89' lang='lat' dir='ltr'><strong>dicit</strong></span> <span class='ocrx_word' id='word_1_279' title='bbox 1230 2612 1330 2685; x_wconf 89' lang='lat' dir='ltr'><strong>qui</strong></span> <span class='ocrx_word' id='word_1_280' title='bbox 1380 2613 1820 2669; x_wconf 80' lang='lat' dir='ltr'><strong>exsultaverunt</strong></span> <span class='ocrx_word' id='word_1_281' title='bbox 1872 2615 1930 2670; x_wconf 89' lang='lat' dir='ltr'><strong>in</strong></span> 
     </span>
    </p>
   </div>
   <div class='ocr_carea' id='block_1_42' title="bbox 274 2701 1929 2775">
    <p class='ocr_par' dir='ltr' id='par_1_42' title="bbox 274 2701 1929 2775">
     <span class='ocr_line' id='line_1_42' title="bbox 274 2701 1929 2775; baseline -0.001 -17"><span class='ocrx_word' id='word_1_282' title='bbox 274 2701 554 2775; x_wconf 88' lang='lat' dir='ltr'><strong>operibus</strong></span> <span class='ocrx_word' id='word_1_283' title='bbox 584 2701 728 2768; x_wconf 89' lang='lat' dir='ltr'><strong>suis,</strong></span> <span class='ocrx_word' id='word_1_284' title='bbox 747 2707 1030 2773; x_wconf 89' lang='lat' dir='ltr'><strong>tanquam</strong></span> <span class='ocrx_word' id='word_1_285' title='bbox 1053 2701 1274 2766; x_wconf 88' lang='lat' dir='ltr'><strong>arietis,</strong></span> <span class='ocrx_word' id='word_1_286' title='bbox 1299 2701 1357 2756; x_wconf 92' lang='lat' dir='ltr'><strong>id</strong></span> <span class='ocrx_word' id='word_1_287' title='bbox 1383 2706 1473 2757; x_wconf 86' lang='lat' dir='ltr'><strong>est</strong></span> <span class='ocrx_word' id='word_1_288' title='bbox 1498 2703 1929 2774; x_wconf 69' lang='lat' dir='ltr'><strong>praedicatores,</strong></span> 
     </span>
    </p>
   </div>
   <div class='ocr_carea' id='block_1_43' title="bbox 276 2789 1933 2862">
    <p class='ocr_par' dir='ltr' id='par_1_43' title="bbox 276 2789 1933 2862">
     <span class='ocr_line' id='line_1_43' title="bbox 276 2789 1933 2862; baseline 0.001 -16"><span class='ocrx_word' id='word_1_289' title='bbox 276 2790 348 2846; x_wconf 87' lang='lat' dir='ltr'><strong>ad</strong></span> <span class='ocrx_word' id='word_1_290' title='bbox 382 2789 584 2846; x_wconf 88' lang='lat' dir='ltr'><strong>caulas</strong></span> <span class='ocrx_word' id='word_1_291' title='bbox 608 2789 840 2846; x_wconf 90' lang='lat' dir='ltr'><strong>Domini</strong></span> <span class='ocrx_word' id='word_1_292' title='bbox 883 2789 1112 2845; x_wconf 83' lang='lat' dir='ltr'><strong>ﬁdelem</strong></span> <span class='ocrx_word' id='word_1_293' title='bbox 1146 2807 1381 2862; x_wconf 83' lang='lat' dir='ltr'><strong>gregem</strong></span> <span class='ocrx_word' id='word_1_294' title='bbox 1414 2791 1712 2846; x_wconf 82' lang='lat' dir='ltr'><strong>ducentes.</strong></span> <span class='ocrx_word' id='word_1_295' title='bbox 1746 2791 1933 2848; x_wconf 90' lang='lat' dir='ltr'><strong>Colles</strong></span> 
     </span>
    </p>
   </div>
   <div class='ocr_carea' id='block_1_44' title="bbox 278 2877 1931 2953">
    <p class='ocr_par' dir='ltr' id='par_1_44' title="bbox 278 2877 1931 2953">
     <span class='ocr_line' id='line_1_44' title="bbox 278 2877 1931 2953; baseline 0.002 -19"><span class='ocrx_word' id='word_1_296' title='bbox 278 2878 417 2934; x_wconf 88' lang='lat' dir='ltr'><strong>dicti</strong></span> <span class='ocrx_word' id='word_1_297' title='bbox 453 2883 594 2934; x_wconf 89' lang='lat' dir='ltr'><strong>sunt</strong></span> <span class='ocrx_word' id='word_1_298' title='bbox 619 2895 654 2933; x_wconf 87' lang='lat' dir='ltr'><strong>a</strong></span> <span class='ocrx_word' id='word_1_299' title='bbox 682 2878 924 2945; x_wconf 88' lang='lat' dir='ltr'><strong>colendo,</strong></span> <span class='ocrx_word' id='word_1_300' title='bbox 949 2884 1004 2934; x_wconf 89' lang='lat' dir='ltr'><strong>et</strong></span> <span class='ocrx_word' id='word_1_301' title='bbox 1036 2877 1327 2950; x_wconf 79' lang='lat' dir='ltr'><strong>significat</strong></span> <span class='ocrx_word' id='word_1_302' title='bbox 1350 2879 1670 2935; x_wconf 88' lang='lat' dir='ltr'><strong>mediocres</strong></span> <span class='ocrx_word' id='word_1_303' title='bbox 1692 2881 1765 2935; x_wconf 91' lang='lat' dir='ltr'><strong>ab</strong></span> <span class='ocrx_word' id='word_1_304' title='bbox 1795 2898 1931 2953; x_wconf 86' lang='lat' dir='ltr'><strong>apo-</strong></span> 
     </span>
    </p>
   </div>
   <div class='ocr_carea' id='block_1_45' title="bbox 277 2966 1812 3035">
    <p class='ocr_par' dir='ltr' id='par_1_45' title="bbox 277 2966 1812 3035">
     <span class='ocr_line' id='line_1_45' title="bbox 277 2966 1812 3035; baseline 0 -11"><span class='ocrx_word' id='word_1_305' title='bbox 277 2967 444 3024; x_wconf 87' lang='lat' dir='ltr'><strong>stolis</strong></span> <span class='ocrx_word' id='word_1_306' title='bbox 476 2983 808 3035; x_wconf 88' lang='lat' dir='ltr'><strong>conversos,</strong></span> <span class='ocrx_word' id='word_1_307' title='bbox 843 2966 1097 3023; x_wconf 89' lang='lat' dir='ltr'><strong>colentes</strong></span> <span class='ocrx_word' id='word_1_308' title='bbox 1119 2967 1430 3023; x_wconf 91' lang='lat' dir='ltr'><strong>Dominum</strong></span> <span class='ocrx_word' id='word_1_309' title='bbox 1465 2969 1523 3023; x_wconf 90' lang='lat' dir='ltr'><strong>in</strong></span> <span class='ocrx_word' id='word_1_310' title='bbox 1555 2969 1812 3025; x_wconf 88' lang='lat' dir='ltr'><strong>veritate.</strong></span> 
     </span>
    </p>
   </div>
   <div class='ocr_carea' id='block_1_46' title="bbox 274 3056 1552 3129">
    <p class='ocr_par' dir='ltr' id='par_1_46' title="bbox 274 3056 1552 3129">
     <span class='ocr_line' id='line_1_46' title="bbox 274 3056 1552 3129; baseline 0.001 -17"><span class='ocrx_word' id='word_1_311' title='bbox 274 3056 312 3112; x_wconf 91' lang='lat'><strong>5</strong></span> <span class='ocrx_word' id='word_1_312' title='bbox 419 3056 564 3128; x_wconf 86' lang='lat' dir='ltr'><strong>Quid</strong></span> <span class='ocrx_word' id='word_1_313' title='bbox 592 3059 762 3128; x_wconf 85' lang='lat' dir='ltr'><strong>est</strong></span> <span class='ocrx_word' id='word_1_314' title='bbox 789 3057 930 3112; x_wconf 88' lang='lat' dir='ltr'><strong>tibi:</strong></span> <span class='ocrx_word' id='word_1_315' title='bbox 953 3073 1106 3112; x_wconf 87' lang='lat' dir='ltr'><strong>mare</strong></span> <span class='ocrx_word' id='word_1_316' title='bbox 1135 3057 1278 3129; x_wconf 86' lang='lat' dir='ltr'><strong>quod</strong></span> <span class='ocrx_word' id='word_1_317' title='bbox 1303 3058 1506 3128; x_wconf 80' lang='lat' dir='ltr'><strong>fugisii</strong></span> <span class='ocrx_word' id='word_1_318' title='bbox 1529 3059 1552 3113; x_wconf 72' lang='grc' dir='ltr'><em>Ρ</em></span> 
     </span>
    </p>
   </div>
   <div class='ocr_carea' id='block_1_47' title="bbox 416 3146 1793 3219">
    <p class='ocr_par' dir='ltr' id='par_1_47' title="bbox 416 3146 1793 3219">
     <span class='ocr_line' id='line_1_47' title="bbox 416 3146 1793 3219; baseline 0 -17"><span class='ocrx_word' id='word_1_319' title='bbox 416 3148 482 3202; x_wconf 85' lang='lat' dir='ltr'><strong>Et</strong></span> <span class='ocrx_word' id='word_1_320' title='bbox 513 3153 571 3201; x_wconf 90' lang='lat' dir='ltr'><strong>tu</strong></span> <span class='ocrx_word' id='word_1_321' title='bbox 594 3146 862 3204; x_wconf 84' lang='lat' dir='ltr'><strong>Iordanis</strong></span> <span class='ocrx_word' id='word_1_322' title='bbox 893 3148 1024 3219; x_wconf 87' lang='lat' dir='ltr'><strong>quia</strong></span> <span class='ocrx_word' id='word_1_323' title='bbox 1047 3162 1335 3202; x_wconf 78' lang='lat' dir='ltr'><strong>conversus</strong></span> <span class='ocrx_word' id='word_1_324' title='bbox 1362 3163 1418 3203; x_wconf 87' lang='lat' dir='ltr'><strong>es</strong></span> <span class='ocrx_word' id='word_1_325' title='bbox 1449 3151 1750 3204; x_wconf 75' lang='lat' dir='ltr'><strong>retrorsum</strong></span> <span class='ocrx_word' id='word_1_326' title='bbox 1767 3152 1793 3202; x_wconf 70' lang='lat'><strong>.9</strong></span> 
     </span>
    </p>
   </div>
   <div class='ocr_carea' id='block_1_48' title="bbox 345 3234 1932 3310">
    <p class='ocr_par' dir='ltr' id='par_1_48' title="bbox 345 3234 1932 3310">
     <span class='ocr_line' id='line_1_48' title="bbox 345 3234 1932 3310; baseline 0.002 -19"><span class='ocrx_word' id='word_1_327' title='bbox 345 3235 391 3291; x_wconf 88' lang='lat' dir='ltr'><strong>H</strong></span> <span class='ocrx_word' id='word_1_328' title='bbox 424 3234 715 3308; x_wconf 89' lang='lat' dir='ltr'><strong>Propheta</strong></span> <span class='ocrx_word' id='word_1_329' title='bbox 757 3235 1140 3308; x_wconf 90' lang='lat' dir='ltr'><strong>semetipsum</strong></span> <span class='ocrx_word' id='word_1_330' title='bbox 1191 3234 1532 3309; x_wconf 86' lang='lat' dir='ltr'><strong>interrogat,</strong></span> <span class='ocrx_word' id='word_1_331' title='bbox 1583 3240 1644 3292; x_wconf 88' lang='lat' dir='ltr'><strong>et</strong></span> <span class='ocrx_word' id='word_1_332' title='bbox 1687 3237 1811 3310; x_wconf 87' lang='lat' dir='ltr'><strong>ipse</strong></span> <span class='ocrx_word' id='word_1_333' title='bbox 1844 3254 1932 3294; x_wconf 89' lang='lat' dir='ltr'><strong>re-</strong></span> 
     </span>
    </p>
   </div>
   <div class='ocr_carea' id='block_1_49' title="bbox 274 3305 2006 3399">
    <p class='ocr_par' dir='ltr' id='par_1_49' title="bbox 274 3305 2006 3399">
     <span class='ocr_line' id='line_1_49' title="bbox 274 3305 2006 3399; baseline 0.001 -18"><span class='ocrx_word' id='word_1_334' title='bbox 274 3305 556 3398; x_wconf 52' lang='lat' dir='ltr'><strong>spondet;</strong></span> <span class='ocrx_word' id='word_1_335' title='bbox 575 3340 642 3380; x_wconf 89' lang='lat' dir='ltr'><strong>ac</strong></span> <span class='ocrx_word' id='word_1_336' title='bbox 675 3323 723 3379; x_wconf 91' lang='lat' dir='ltr'><strong>si</strong></span> <span class='ocrx_word' id='word_1_337' title='bbox 755 3323 908 3379; x_wconf 89' lang='lat' dir='ltr'><strong>dicat</strong></span> <span class='ocrx_word' id='word_1_338' title='bbox 932 3339 946 3379; x_wconf 89' lang='lat'><strong>:</strong></span> <span class='ocrx_word' id='word_1_339' title='bbox 968 3305 1129 3390; x_wconf 66' lang='grc' dir='ltr'><strong>Ὀιλἱά</strong></span> <span class='ocrx_word' id='word_1_340' title='bbox 1159 3324 1262 3380; x_wconf 91' lang='lat' dir='ltr'><strong>tibi</strong></span> <span class='ocrx_word' id='word_1_341' title='bbox 1297 3305 1729 3397; x_wconf 42' lang='lat' dir='ltr'><strong>fuit-gentilitas</strong></span> <span class='ocrx_word' id='word_1_342' title='bbox 1773 3328 1929 3399; x_wconf 91' lang='lat' dir='ltr'><strong>quod</strong></span> <span class='ocrx_word' id='word_1_343' title='bbox 1961 3305 2006 3372; x_wconf 64' lang='grc' dir='ltr'><strong>(ἶ</strong></span> 
     </span>
    </p>
   </div>
   <div class='ocr_carea' id='block_1_50' title="bbox 273 3412 1933 3487">
    <p class='ocr_par' dir='ltr' id='par_1_50' title="bbox 273 3412 1933 3487">
     <span class='ocr_line' id='line_1_50' title="bbox 273 3412 1933 3487; baseline 0.001 -17"><span class='ocrx_word' id='word_1_344' title='bbox 273 3412 514 3487; x_wconf 82' lang='lat' dir='ltr'><strong>fugisti?</strong></span> <span class='ocrx_word' id='word_1_345' title='bbox 543 3417 599 3468; x_wconf 92' lang='lat' dir='ltr'><strong>et</strong></span> <span class='ocrx_word' id='word_1_346' title='bbox 628 3417 690 3468; x_wconf 88' lang='lat' dir='ltr'><strong>tu</strong></span> <span class='ocrx_word' id='word_1_347' title='bbox 719 3413 1016 3478; x_wconf 76' lang='lat' dir='ltr'><strong>Iordanis,</strong></span> <span class='ocrx_word' id='word_1_348' title='bbox 1042 3413 1149 3470; x_wconf 89' lang='lat' dir='ltr'><strong>hoc</strong></span> <span class='ocrx_word' id='word_1_349' title='bbox 1179 3418 1287 3482; x_wconf 88' lang='lat' dir='ltr'><strong>est,</strong></span> <span class='ocrx_word' id='word_1_350' title='bbox 1321 3418 1378 3470; x_wconf 88' lang='lat' dir='ltr'><strong>et</strong></span> <span class='ocrx_word' id='word_1_351' title='bbox 1401 3413 1564 3470; x_wconf 90' lang='lat' dir='ltr'><strong>vobis</strong></span> <span class='ocrx_word' id='word_1_352' title='bbox 1584 3414 1933 3473; x_wconf 86' lang='lat' dir='ltr'><strong>Christianis</strong></span> 
     </span>
    </p>
   </div>
   <div class='ocr_carea' id='block_1_51' title="bbox 273 3500 1932 3574">
    <p class='ocr_par' dir='ltr' id='par_1_51' title="bbox 273 3500 1932 3574">
     <span class='ocr_line' id='line_1_51' title="bbox 273 3500 1932 3574; baseline 0.002 -17"><span class='ocrx_word' id='word_1_353' title='bbox 273 3502 416 3574; x_wconf 90' lang='lat' dir='ltr'><strong>quid</strong></span> <span class='ocrx_word' id='word_1_354' title='bbox 449 3501 582 3568; x_wconf 85' lang='lat' dir='ltr'><strong>fuit,</strong></span> <span class='ocrx_word' id='word_1_355' title='bbox 611 3501 768 3572; x_wconf 83' lang='lat' dir='ltr'><strong>quod</strong></span> <span class='ocrx_word' id='word_1_356' title='bbox 821 3500 1080 3556; x_wconf 89' lang='lat' dir='ltr'><strong>conversi</strong></span> <span class='ocrx_word' id='word_1_357' title='bbox 1139 3501 1334 3558; x_wconf 81' lang='lat' dir='ltr'><strong>fuistis</strong></span> <span class='ocrx_word' id='word_1_358' title='bbox 1389 3503 1758 3560; x_wconf 79' lang='lat' dir='ltr'><strong>retrorsum?</strong></span> <span class='ocrx_word' id='word_1_359' title='bbox 1809 3505 1932 3562; x_wconf 88' lang='lat' dir='ltr'><strong>scio</strong></span> 
     </span>
    </p>
   </div>
   <div class='ocr_carea' id='block_1_52' title="bbox 276 3585 1802 3663">
    <p class='ocr_par' dir='ltr' id='par_1_52' title="bbox 276 3585 1802 3663">
     <span class='ocr_line' id='line_1_52' title="bbox 276 3585 1802 3663; baseline 0.002 -18"><span class='ocrx_word' id='word_1_360' title='bbox 276 3590 416 3663; x_wconf 88' lang='lat' dir='ltr'><strong>quia</strong></span> <span class='ocrx_word' id='word_1_361' title='bbox 444 3589 678 3644; x_wconf 86' lang='lat' dir='ltr'><strong>vidistis</strong></span> <span class='ocrx_word' id='word_1_362' title='bbox 710 3585 942 3645; x_wconf 79' lang='lat' dir='ltr'><strong>sanctos</strong></span> <span class='ocrx_word' id='word_1_363' title='bbox 973 3589 1380 3661; x_wconf 70' lang='lat' dir='ltr'><strong>praadicatores</strong></span> <span class='ocrx_word' id='word_1_364' title='bbox 1413 3597 1467 3646; x_wconf 93' lang='lat' dir='ltr'><strong>ct</strong></span> <span class='ocrx_word' id='word_1_365' title='bbox 1499 3592 1802 3651; x_wconf 89' lang='lat' dir='ltr'><strong>timuistis.</strong></span> 
     </span>
    </p>
   </div>
   <div class='ocr_carea' id='block_1_53' title="bbox 273 3676 1502 3750">
    <p class='ocr_par' dir='ltr' id='par_1_53' title="bbox 273 3676 1502 3750">
     <span class='ocr_line' id='line_1_53' title="bbox 273 3676 1502 3750; baseline 0.002 -16"><span class='ocrx_word' id='word_1_366' title='bbox 273 3680 310 3734; x_wconf 85' lang='lat'><strong>6</strong></span> <span class='ocrx_word' id='word_1_367' title='bbox 521 3676 720 3733; x_wconf 73' lang='lat' dir='ltr'><strong>Montes</strong></span> <span class='ocrx_word' id='word_1_368' title='bbox 747 3678 1064 3734; x_wconf 65' lang='lat' dir='ltr'><strong>exsultastis</strong></span> <span class='ocrx_word' id='word_1_369' title='bbox 1089 3680 1230 3734; x_wconf 82' lang='lat' dir='ltr'><strong>sicut</strong></span> <span class='ocrx_word' id='word_1_370' title='bbox 1259 3681 1457 3736; x_wconf 84' lang='lat' dir='ltr'><strong>arietes</strong></span> <span class='ocrx_word' id='word_1_371' title='bbox 1481 3699 1502 3735; x_wconf 81' lang='grc'><strong>.-</strong></span> 
     </span>
    </p>
   </div>
   <div class='ocr_carea' id='block_1_54' title="bbox 417 3764 1262 3838">
    <p class='ocr_par' dir='ltr' id='par_1_54' title="bbox 417 3764 1262 3838">
     <span class='ocr_line' id='line_1_54' title="bbox 417 3764 1262 3838; baseline 0.002 -18"><span class='ocrx_word' id='word_1_372' title='bbox 417 3766 481 3821; x_wconf 84' lang='grc' dir='ltr'><strong>Ει</strong></span> <span class='ocrx_word' id='word_1_373' title='bbox 509 3764 672 3821; x_wconf 89' lang='lat' dir='ltr'><strong>colles</strong></span> <span class='ocrx_word' id='word_1_374' title='bbox 701 3766 841 3820; x_wconf 87' lang='lat' dir='ltr'><strong>sicut</strong></span> <span class='ocrx_word' id='word_1_375' title='bbox 869 3769 1005 3838; x_wconf 81' lang='lat' dir='ltr'><strong>agni</strong></span> <span class='ocrx_word' id='word_1_376' title='bbox 1029 3768 1214 3822; x_wconf 87' lang='lat' dir='ltr'><strong>ovium</strong></span> <span class='ocrx_word' id='word_1_377' title='bbox 1235 3768 1262 3822; x_wconf 71' lang='lat' dir='ltr'><strong>‘P</strong></span> 
     </span>
    </p>
   </div>
   <div class='ocr_carea' id='block_1_55' title="bbox 349 3851 1932 3932">
    <p class='ocr_par' dir='ltr' id='par_1_55' title="bbox 349 3851 1932 3932">
     <span class='ocr_line' id='line_1_55' title="bbox 349 3851 1932 3932; baseline 0.004 -22"><span class='ocrx_word' id='word_1_378' title='bbox 349 3853 396 3910; x_wconf 88' lang='grc' dir='ltr'><strong>Η</strong></span> <span class='ocrx_word' id='word_1_379' title='bbox 422 3851 872 3910; x_wconf 85' lang='lat' dir='ltr'><strong>Exsultaverunt</strong></span> <span class='ocrx_word' id='word_1_380' title='bbox 899 3860 1146 3922; x_wconf 89' lang='lat' dir='ltr'><strong>montes,</strong></span> <span class='ocrx_word' id='word_1_381' title='bbox 1175 3855 1232 3912; x_wconf 90' lang='lat' dir='ltr'><strong>id</strong></span> <span class='ocrx_word' id='word_1_382' title='bbox 1255 3861 1361 3926; x_wconf 87' lang='lat' dir='ltr'><strong>est,</strong></span> <span class='ocrx_word' id='word_1_383' title='bbox 1387 3860 1572 3916; x_wconf 89' lang='lat' dir='ltr'><strong>sancti</strong></span> <span class='ocrx_word' id='word_1_384' title='bbox 1597 3861 1932 3932; x_wconf 60' lang='lat' dir='ltr'><strong>praedicato-</strong></span> 
     </span>
    </p>
   </div>
   <div class='ocr_carea' id='block_1_56' title="bbox 277 3943 1930 4020">
    <p class='ocr_par' dir='ltr' id='par_1_56' title="bbox 277 3943 1930 4020">
     <span class='ocr_line' id='line_1_56' title="bbox 277 3943 1930 4020; baseline 0.005 -22"><span class='ocrx_word' id='word_1_385' title='bbox 277 3960 392 4010; x_wconf 89' lang='lat' dir='ltr'><strong>res,</strong></span> <span class='ocrx_word' id='word_1_386' title='bbox 426 3944 662 4017; x_wconf 87' lang='lat' dir='ltr'><strong>quando</strong></span> <span class='ocrx_word' id='word_1_387' title='bbox 693 3943 963 4000; x_wconf 88' lang='lat' dir='ltr'><strong>viderunt</strong></span> <span class='ocrx_word' id='word_1_388' title='bbox 994 3944 1123 4002; x_wconf 91' lang='lat' dir='ltr'><strong>illos</strong></span> <span class='ocrx_word' id='word_1_389' title='bbox 1153 3963 1481 4015; x_wconf 91' lang='lat' dir='ltr'><strong>conversos,</strong></span> <span class='ocrx_word' id='word_1_390' title='bbox 1519 3949 1616 4020; x_wconf 92' lang='lat' dir='ltr'><strong>qui</strong></span> <span class='ocrx_word' id='word_1_391' title='bbox 1650 3953 1783 4006; x_wconf 89' lang='lat' dir='ltr'><strong>ante</strong></span> <span class='ocrx_word' id='word_1_392' title='bbox 1808 3950 1930 4006; x_wconf 90' lang='lat' dir='ltr'><strong>bla-</strong></span> 
     </span>
    </p>
   </div>
   <div class='ocr_carea' id='block_1_57' title="bbox 277 4032 1932 4112">
    <p class='ocr_par' dir='ltr' id='par_1_57' title="bbox 277 4032 1932 4112">
     <span class='ocr_line' id='line_1_57' title="bbox 277 4032 1932 4112; baseline 0.003 -22"><span class='ocrx_word' id='word_1_393' title='bbox 277 4032 506 4106; x_wconf 87' lang='lat' dir='ltr'><strong>sphemi</strong></span> <span class='ocrx_word' id='word_1_394' title='bbox 531 4032 786 4089; x_wconf 89' lang='lat' dir='ltr'><strong>fuerunt.</strong></span> <span class='ocrx_word' id='word_1_395' title='bbox 812 4033 1261 4092; x_wconf 84' lang='lat' dir='ltr'><strong>Exsultaverunt</strong></span> <span class='ocrx_word' id='word_1_396' title='bbox 1291 4035 1524 4106; x_wconf 89' lang='lat' dir='ltr'><strong>arietes,</strong></span> <span class='ocrx_word' id='word_1_397' title='bbox 1553 4037 1610 4092; x_wconf 90' lang='lat' dir='ltr'><strong>id</strong></span> <span class='ocrx_word' id='word_1_398' title='bbox 1639 4043 1746 4107; x_wconf 90' lang='lat' dir='ltr'><strong>est,</strong></span> <span class='ocrx_word' id='word_1_399' title='bbox 1776 4038 1932 4112; x_wconf 88' lang='lat' dir='ltr'><strong>prin-</strong></span> 
     </span>
    </p>
   </div>
   <div class='ocr_carea' id='block_1_58' title="bbox 276 4122 1928 4200">
    <p class='ocr_par' dir='ltr' id='par_1_58' title="bbox 276 4122 1928 4200">
     <span class='ocr_line' id='line_1_58' title="bbox 276 4122 1928 4200; baseline 0.004 -22"><span class='ocrx_word' id='word_1_400' title='bbox 276 4122 434 4194; x_wconf 89' lang='lat' dir='ltr'><strong>cipes</strong></span> <span class='ocrx_word' id='word_1_401' title='bbox 459 4139 726 4196; x_wconf 88' lang='lat' dir='ltr'><strong>gregum,</strong></span> <span class='ocrx_word' id='word_1_402' title='bbox 753 4123 852 4195; x_wconf 91' lang='lat' dir='ltr'><strong>qui</strong></span> <span class='ocrx_word' id='word_1_403' title='bbox 875 4129 1158 4196; x_wconf 89' lang='lat' dir='ltr'><strong>generant</strong></span> <span class='ocrx_word' id='word_1_404' title='bbox 1172 4141 1399 4198; x_wconf 90' lang='lat' dir='ltr'><strong>greges,</strong></span> <span class='ocrx_word' id='word_1_405' title='bbox 1423 4124 1480 4181; x_wconf 90' lang='lat' dir='ltr'><strong>id</strong></span> <span class='ocrx_word' id='word_1_406' title='bbox 1502 4131 1640 4182; x_wconf 90' lang='lat' dir='ltr'><strong>sunt</strong></span> <span class='ocrx_word' id='word_1_407' title='bbox 1658 4128 1928 4200; x_wconf 89' lang='lat' dir='ltr'><strong>apostoli,</strong></span> 
     </span>
    </p>
   </div>
   <div class='ocr_carea' id='block_1_59' title="bbox 277 4212 1929 4290">
    <p class='ocr_par' dir='ltr' id='par_1_59' title="bbox 277 4212 1929 4290">
     <span class='ocr_line' id='line_1_59' title="bbox 277 4212 1929 4290; baseline 0.004 -24"><span class='ocrx_word' id='word_1_408' title='bbox 277 4228 527 4284; x_wconf 88' lang='lat' dir='ltr'><strong>quorum</strong></span> <span class='ocrx_word' id='word_1_409' title='bbox 577 4228 731 4268; x_wconf 89' lang='lat' dir='ltr'><strong>unus</strong></span> <span class='ocrx_word' id='word_1_410' title='bbox 785 4212 906 4268; x_wconf 90' lang='lat' dir='ltr'><strong>ait:</strong></span> <span class='ocrx_word' id='word_1_411' title='bbox 944 4212 1128 4269; x_wconf 78' lang='lat' dir='ltr'><strong>Filioli</strong></span> <span class='ocrx_word' id='word_1_412' title='bbox 1175 4213 1309 4280; x_wconf 91' lang='lat' dir='ltr'><strong>mei,</strong></span> <span class='ocrx_word' id='word_1_413' title='bbox 1360 4231 1509 4286; x_wconf 88' lang='lat' dir='ltr'><strong>quos</strong></span> <span class='ocrx_word' id='word_1_414' title='bbox 1557 4215 1768 4273; x_wconf 88' lang='lat' dir='ltr'><strong>iterum</strong></span> <span class='ocrx_word' id='word_1_415' title='bbox 1797 4235 1929 4290; x_wconf 84' lang='lat' dir='ltr'><strong>par-</strong></span> 
     </span>
    </p>
   </div>
   <div class='ocr_carea' id='block_1_60' title="bbox 275 4299 1932 4378">
    <p class='ocr_par' dir='ltr' id='par_1_60' title="bbox 275 4299 1932 4378">
     <span class='ocr_line' id='line_1_60' title="bbox 275 4299 1932 4378; baseline 0.004 -22"><span class='ocrx_word' id='word_1_416' title='bbox 275 4299 429 4356; x_wconf 91' lang='lat' dir='ltr'><strong>turio</strong></span> <span class='ocrx_word' id='word_1_417' title='bbox 463 4300 582 4371; x_wconf 88' lang='lat' dir='ltr'><strong>(Gal</strong></span> <span class='ocrx_word' id='word_1_418' title='bbox 615 4301 726 4372; x_wconf 79' lang='lat' dir='ltr'><strong>Iv);</strong></span> <span class='ocrx_word' id='word_1_419' title='bbox 779 4305 836 4357; x_wconf 90' lang='lat' dir='ltr'><strong>et</strong></span> <span class='ocrx_word' id='word_1_420' title='bbox 867 4301 1076 4358; x_wconf 91' lang='lat' dir='ltr'><strong>iterum</strong></span> <span class='ocrx_word' id='word_1_421' title='bbox 1127 4301 1244 4358; x_wconf 71' lang='lat' dir='ltr'><strong>ait:</strong></span> <span class='ocrx_word' id='word_1_422' title='bbox 1280 4307 1389 4359; x_wconf 91' lang='lat' dir='ltr'><strong>Per</strong></span> <span class='ocrx_word' id='word_1_423' title='bbox 1418 4303 1796 4378; x_wconf 84' lang='lat' dir='ltr'><strong>Evangelium</strong></span> <span class='ocrx_word' id='word_1_424' title='bbox 1829 4324 1932 4363; x_wconf 87' lang='lat' dir='ltr'><strong>vos</strong></span> 
     </span>
    </p>
   </div>
   <div class='ocr_carea' id='block_1_61' title="bbox 274 4388 812 4461">
    <p class='ocr_par' dir='ltr' id='par_1_61' title="bbox 274 4388 812 4461">
     <span class='ocr_line' id='line_1_61' title="bbox 274 4388 812 4461; baseline 0.004 -17"><span class='ocrx_word' id='word_1_425' title='bbox 274 4388 450 4461; x_wconf 89' lang='lat' dir='ltr'><strong>genui</strong></span> <span class='ocrx_word' id='word_1_426' title='bbox 482 4393 533 4459; x_wconf 86' lang='grc' dir='ltr'><strong>(ι</strong></span> <span class='ocrx_word' id='word_1_427' title='bbox 565 4390 686 4446; x_wconf 85' lang='lat' dir='ltr'><strong>Cor.</strong></span> <span class='ocrx_word' id='word_1_428' title='bbox 715 4391 812 4461; x_wconf 86' lang='grc' dir='ltr'><strong>ιν).</strong></span> 
     </span>
    </p>
   </div>
   <div class='ocr_carea' id='block_1_62' title="bbox 271 4478 1377 4549">
    <p class='ocr_par' dir='ltr' id='par_1_62' title="bbox 271 4478 1377 4549">
     <span class='ocr_line' id='line_1_62' title="bbox 271 4478 1377 4549; baseline 0.003 -18"><span class='ocrx_word' id='word_1_429' title='bbox 271 4478 308 4531; x_wconf 89' lang='grc'>7</span> <span class='ocrx_word' id='word_1_430' title='bbox 416 4478 455 4533; x_wconf 85' lang='grc' dir='ltr'><em>Α</em></span> <span class='ocrx_word' id='word_1_431' title='bbox 487 4478 630 4549; x_wconf 80' lang='lat' dir='ltr'><strong>facie</strong></span> <span class='ocrx_word' id='word_1_432' title='bbox 657 4478 879 4535; x_wconf 87' lang='lat' dir='ltr'><strong>Domini</strong></span> <span class='ocrx_word' id='word_1_433' title='bbox 906 4487 1048 4536; x_wconf 89' lang='lat' dir='ltr'><strong>mota</strong></span> <span class='ocrx_word' id='word_1_434' title='bbox 1077 4487 1156 4536; x_wconf 83' lang='lat' dir='ltr'><strong>est</strong></span> <span class='ocrx_word' id='word_1_435' title='bbox 1187 4484 1336 4535; x_wconf 87' lang='lat' dir='ltr'><strong>terra</strong></span> <span class='ocrx_word' id='word_1_436' title='bbox 1359 4499 1377 4534; x_wconf 91' lang='lat'><strong>:</strong></span> 
     </span>
    </p>
   </div>
   <div class='ocr_carea' id='block_1_63' title="bbox 415 4567 968 4638">
    <p class='ocr_par' dir='ltr' id='par_1_63' title="bbox 415 4567 968 4638">
     <span class='ocr_line' id='line_1_63' title="bbox 415 4567 968 4638; baseline 0.004 -16"><span class='ocrx_word' id='word_1_437' title='bbox 415 4567 454 4622; x_wconf 87' lang='lat' dir='ltr'><em>A</em></span> <span class='ocrx_word' id='word_1_438' title='bbox 485 4569 629 4638; x_wconf 72' lang='lat' dir='ltr'><strong>facie</strong></span> <span class='ocrx_word' id='word_1_439' title='bbox 662 4569 762 4625; x_wconf 85' lang='lat' dir='ltr'><strong>Dei</strong></span> <span class='ocrx_word' id='word_1_440' title='bbox 786 4570 968 4625; x_wconf 84' lang='lat' dir='ltr'><strong>Iacob.</strong></span> 
     </span>
    </p>
   </div>
   <div class='ocr_carea' id='block_1_64' title="bbox 261 4655 2010 4743">
    <p class='ocr_par' dir='ltr' id='par_1_64' title="bbox 261 4655 2010 4743">
     <span class='ocr_line' id='line_1_64' title="bbox 261 4655 2010 4743; baseline 0.004 -32"><span class='ocrx_word' id='word_1_441' title='bbox 261 4663 268 4673; x_wconf 91' lang='lat'><strong>&#39;</strong></span> <span class='ocrx_word' id='word_1_442' title='bbox 343 4655 384 4712; x_wconf 88' lang='lat' dir='ltr'><strong>C</strong></span> <span class='ocrx_word' id='word_1_443' title='bbox 415 4656 717 4714; x_wconf 88' lang='lat' dir='ltr'><strong>Commota</strong></span> <span class='ocrx_word' id='word_1_444' title='bbox 748 4664 838 4713; x_wconf 90' lang='lat' dir='ltr'><strong>est</strong></span> <span class='ocrx_word' id='word_1_445' title='bbox 885 4662 1060 4723; x_wconf 90' lang='lat' dir='ltr'><strong>terra,</strong></span> <span class='ocrx_word' id='word_1_446' title='bbox 1109 4657 1328 4724; x_wconf 86' lang='lat' dir='ltr'><strong>audite,</strong></span> <span class='ocrx_word' id='word_1_447' title='bbox 1383 4658 1665 4726; x_wconf 89' lang='lat' dir='ltr'><strong>conversi,</strong></span> <span class='ocrx_word' id='word_1_448' title='bbox 1711 4660 1929 4730; x_wconf 88' lang='lat' dir='ltr'><strong>audite,</strong></span> <span class='ocrx_word' id='word_1_449' title='bbox 1966 4677 2010 4743; x_wconf 74' lang='grc' dir='ltr'><strong>ι)</strong></span> 
     </span>
    </p>
   </div>
   <div class='ocr_carea' id='block_1_65' title="bbox 275 4743 1930 4823">
    <p class='ocr_par' dir='ltr' id='par_1_65' title="bbox 275 4743 1930 4823">
     <span class='ocr_line' id='line_1_65' title="bbox 275 4743 1930 4823; baseline 0.004 -23"><span class='ocrx_word' id='word_1_450' title='bbox 275 4743 476 4800; x_wconf 83' lang='lat' dir='ltr'><strong>ﬁdeles</strong></span> <span class='ocrx_word' id='word_1_451' title='bbox 505 4745 846 4815; x_wconf 87' lang='lat' dir='ltr'><strong>Christiani,</strong></span> <span class='ocrx_word' id='word_1_452' title='bbox 877 4745 1328 4800; x_wconf 88' lang='lat' dir='ltr'><strong>commotionem</strong></span> <span class='ocrx_word' id='word_1_453' title='bbox 1366 4744 1564 4816; x_wconf 89' lang='lat' dir='ltr'><strong>istam,</strong></span> <span class='ocrx_word' id='word_1_454' title='bbox 1597 4748 1652 4803; x_wconf 91' lang='lat' dir='ltr'><strong>id</strong></span> <span class='ocrx_word' id='word_1_455' title='bbox 1683 4754 1772 4806; x_wconf 91' lang='lat' dir='ltr'><strong>est</strong></span> <span class='ocrx_word' id='word_1_456' title='bbox 1799 4767 1930 4823; x_wconf 89' lang='lat' dir='ltr'><strong>per-</strong></span> 
     </span>
    </p>
   </div>
   <div class='ocr_carea' id='block_1_66' title="bbox 276 4831 1932 4910">
    <p class='ocr_par' dir='ltr' id='par_1_66' title="bbox 276 4831 1932 4910">
     <span class='ocr_line' id='line_1_66' title="bbox 276 4831 1932 4910; baseline 0.004 -21"><span class='ocrx_word' id='word_1_457' title='bbox 276 4834 684 4901; x_wconf 88' lang='lat' dir='ltr'><strong>mutationem,</strong></span> <span class='ocrx_word' id='word_1_458' title='bbox 736 4850 864 4904; x_wconf 81' lang='lat' dir='ltr'><strong>quae</strong></span> <span class='ocrx_word' id='word_1_459' title='bbox 914 4831 1186 4888; x_wconf 72' lang='lat' dir='ltr'><strong>humana:</strong></span> <span class='ocrx_word' id='word_1_460' title='bbox 1237 4837 1402 4890; x_wconf 66' lang='lat' dir='ltr'><strong>terra</strong></span> <span class='ocrx_word' id='word_1_461' title='bbox 1451 4834 1693 4894; x_wconf 90' lang='lat' dir='ltr'><strong>feliciter</strong></span> <span class='ocrx_word' id='word_1_462' title='bbox 1721 4838 1932 4910; x_wconf 85' lang='lat' dir='ltr'><strong>evenit,</strong></span> 
     </span>
    </p>
   </div>
   <div class='ocr_carea' id='block_1_67' title="bbox 275 4919 1934 5002">
    <p class='ocr_par' dir='ltr' id='par_1_67' title="bbox 275 4919 1934 5002">
     <span class='ocr_line' id='line_1_67' title="bbox 275 4919 1934 5002; baseline 0.005 -24"><span class='ocrx_word' id='word_1_463' title='bbox 275 4940 392 4979; x_wconf 90' lang='lat' dir='ltr'><strong>non</strong></span> <span class='ocrx_word' id='word_1_464' title='bbox 415 4927 666 4979; x_wconf 88' lang='lat' dir='ltr'><strong>tremore</strong></span> <span class='ocrx_word' id='word_1_465' title='bbox 697 4919 990 4976; x_wconf 90' lang='lat' dir='ltr'><strong>montium</strong></span> <span class='ocrx_word' id='word_1_466' title='bbox 1020 4921 1118 4978; x_wconf 91' lang='lat' dir='ltr'><strong>sed</strong></span> <span class='ocrx_word' id='word_1_467' title='bbox 1139 4940 1418 4996; x_wconf 89' lang='lat' dir='ltr'><strong>prospera</strong></span> <span class='ocrx_word' id='word_1_468' title='bbox 1438 4927 1814 4985; x_wconf 89' lang='lat' dir='ltr'><strong>conversione</strong></span> <span class='ocrx_word' id='word_1_469' title='bbox 1834 4946 1934 5002; x_wconf 89' lang='lat' dir='ltr'><strong>po-</strong></span> 
     </span>
    </p>
   </div>
   <div class='ocr_carea' id='block_1_68' title="bbox 275 5007 1935 5090">
    <p class='ocr_par' dir='ltr' id='par_1_68' title="bbox 275 5007 1935 5090">
     <span class='ocr_line' id='line_1_68' title="bbox 275 5007 1935 5090; baseline 0.006 -24"><span class='ocrx_word' id='word_1_470' title='bbox 275 5011 573 5084; x_wconf 89' lang='lat' dir='ltr'><strong>pulorum,</strong></span> <span class='ocrx_word' id='word_1_471' title='bbox 609 5015 674 5064; x_wconf 90' lang='lat' dir='ltr'><strong>ut</strong></span> <span class='ocrx_word' id='word_1_472' title='bbox 703 5008 762 5063; x_wconf 89' lang='lat' dir='ltr'><strong>in</strong></span> <span class='ocrx_word' id='word_1_473' title='bbox 794 5007 1083 5067; x_wconf 87' lang='lat' dir='ltr'><strong>culturam</strong></span> <span class='ocrx_word' id='word_1_474' title='bbox 1118 5011 1215 5068; x_wconf 87' lang='lat' dir='ltr'><strong>Dei</strong></span> <span class='ocrx_word' id='word_1_475' title='bbox 1247 5031 1546 5085; x_wconf 86' lang='lat' dir='ltr'><strong>conversa,</strong></span> <span class='ocrx_word' id='word_1_476' title='bbox 1573 5017 1688 5074; x_wconf 83' lang='lat' dir='ltr'><strong>fixa</strong></span> <span class='ocrx_word' id='word_1_477' title='bbox 1711 5035 1935 5090; x_wconf 88' lang='lat' dir='ltr'><strong>perma-</strong></span> 
     </span>
    </p>
   </div>
   <div class='ocr_carea' id='block_1_69' title="bbox 274 5097 1930 5182">
    <p class='ocr_par' dir='ltr' id='par_1_69' title="bbox 274 5097 1930 5182">
     <span class='ocr_line' id='line_1_69' title="bbox 274 5097 1930 5182; baseline 0.005 -26"><span class='ocrx_word' id='word_1_478' title='bbox 274 5103 459 5156; x_wconf 88' lang='lat' dir='ltr'><strong>neret.</strong></span> <span class='ocrx_word' id='word_1_479' title='bbox 486 5098 551 5152; x_wconf 90' lang='lat' dir='ltr'><strong>Et</strong></span> <span class='ocrx_word' id='word_1_480' title='bbox 583 5097 695 5154; x_wconf 89' lang='lat' dir='ltr'><strong>ista</strong></span> <span class='ocrx_word' id='word_1_481' title='bbox 715 5101 803 5152; x_wconf 87' lang='lat' dir='ltr'><strong>est</strong></span> <span class='ocrx_word' id='word_1_482' title='bbox 833 5105 1170 5171; x_wconf 87' lang='lat' dir='ltr'><strong>competens</strong></span> <span class='ocrx_word' id='word_1_483' title='bbox 1204 5103 1468 5177; x_wconf 89' lang='lat' dir='ltr'><strong>utrisque</strong></span> <span class='ocrx_word' id='word_1_484' title='bbox 1489 5105 1756 5164; x_wconf 87' lang='lat' dir='ltr'><strong>versibus</strong></span> <span class='ocrx_word' id='word_1_485' title='bbox 1786 5125 1930 5182; x_wconf 64' lang='lat' dir='ltr'><strong>pra;-</strong></span> 
     </span>
    </p>
   </div>
   <div class='ocr_carea' id='block_1_70' title="bbox 274 5184 1933 5268">
    <p class='ocr_par' dir='ltr' id='par_1_70' title="bbox 274 5184 1933 5268">
     <span class='ocr_line' id='line_1_70' title="bbox 274 5184 1933 5268; baseline 0.008 -25"><span class='ocrx_word' id='word_1_486' title='bbox 274 5184 620 5243; x_wconf 88' lang='lat' dir='ltr'><strong>cedentibus</strong></span> <span class='ocrx_word' id='word_1_487' title='bbox 649 5190 852 5241; x_wconf 89' lang='lat' dir='ltr'><strong>secuta</strong></span> <span class='ocrx_word' id='word_1_488' title='bbox 879 5191 1199 5260; x_wconf 88' lang='lat' dir='ltr'><strong>responsio,</strong></span> <span class='ocrx_word' id='word_1_489' title='bbox 1253 5192 1392 5265; x_wconf 88' lang='lat' dir='ltr'><strong>quia</strong></span> <span class='ocrx_word' id='word_1_490' title='bbox 1433 5199 1680 5268; x_wconf 89' lang='lat' dir='ltr'><strong>uterque</strong></span> <span class='ocrx_word' id='word_1_491' title='bbox 1725 5213 1933 5256; x_wconf 85' lang='lat' dir='ltr'><strong>versus</strong></span> 
     </span>
    </p>
   </div>
   <div class='ocr_carea' id='block_1_71' title="bbox 275 5271 1820 5345">
    <p class='ocr_par' dir='ltr' id='par_1_71' title="bbox 275 5271 1820 5345">
     <span class='ocr_line' id='line_1_71' title="bbox 275 5271 1820 5345; baseline 0.009 -16"><span class='ocrx_word' id='word_1_492' title='bbox 275 5271 578 5345; x_wconf 58' lang='lat' dir='ltr'><strong>quaesitive</strong></span> <span class='ocrx_word' id='word_1_493' title='bbox 607 5271 890 5345; x_wconf 87' lang='lat' dir='ltr'><strong>legendus</strong></span> <span class='ocrx_word' id='word_1_494' title='bbox 919 5280 1008 5330; x_wconf 88' lang='lat' dir='ltr'><strong>est</strong></span> <span class='ocrx_word' id='word_1_495' title='bbox 1037 5281 1359 5338; x_wconf 90' lang='lat' dir='ltr'><strong>secundum</strong></span> <span class='ocrx_word' id='word_1_496' title='bbox 1385 5282 1820 5342; x_wconf 88' lang='lat' dir='ltr'><strong>Cassiodorum.</strong></span> 
     </span>
    </p>
   </div>
   <div class='ocr_carea' id='block_1_72' title="bbox 274 5360 1712 5444">
    <p class='ocr_par' dir='ltr' id='par_1_72' title="bbox 274 5360 1712 5444">
     <span class='ocr_line' id='line_1_72' title="bbox 274 5360 1712 5444; baseline 0.015 -34"><span class='ocrx_word' id='word_1_497' title='bbox 274 5363 310 5416; x_wconf 90' lang='lat'>8</span> <span class='ocrx_word' id='word_1_498' title='bbox 419 5360 532 5428; x_wconf 85' lang='lat' dir='ltr'><strong>Qui</strong></span> <span class='ocrx_word' id='word_1_499' title='bbox 549 5364 811 5418; x_wconf 84' lang='lat' dir='ltr'><strong>convertit</strong></span> <span class='ocrx_word' id='word_1_500' title='bbox 837 5368 1053 5435; x_wconf 81' lang='lat' dir='ltr'><strong>petram</strong></span> <span class='ocrx_word' id='word_1_501' title='bbox 1083 5369 1142 5422; x_wconf 91' lang='lat' dir='ltr'><strong>in</strong></span> <span class='ocrx_word' id='word_1_502' title='bbox 1172 5377 1364 5441; x_wconf 86' lang='lat' dir='ltr'><strong>stagna</strong></span> <span class='ocrx_word' id='word_1_503' title='bbox 1406 5389 1712 5444; x_wconf 82' lang='lat' dir='ltr'><strong>aquarum:</strong></span> 
     </span>
    </p>
   </div>
   <div class='ocr_carea' id='block_1_73' title="bbox 419 5449 1335 5526">
    <p class='ocr_par' dir='ltr' id='par_1_73' title="bbox 419 5449 1335 5526">
     <span class='ocr_line' id='line_1_73' title="bbox 419 5449 1335 5526; baseline 0.015 -26"><span class='ocrx_word' id='word_1_504' title='bbox 419 5449 496 5501; x_wconf 83' lang='lat' dir='ltr'><strong>Et</strong></span> <span class='ocrx_word' id='word_1_505' title='bbox 527 5464 717 5520; x_wconf 85' lang='lat' dir='ltr'><strong>rupem</strong></span> <span class='ocrx_word' id='word_1_506' title='bbox 747 5453 806 5504; x_wconf 89' lang='lat' dir='ltr'><strong>in</strong></span> <span class='ocrx_word' id='word_1_507' title='bbox 837 5451 1016 5521; x_wconf 79' lang='lat' dir='ltr'><strong>fontes</strong></span> <span class='ocrx_word' id='word_1_508' title='bbox 1043 5471 1335 5526; x_wconf 85' lang='lat' dir='ltr'><strong>aquarum.</strong></span> 
     </span>
    </p>
   </div>
   <div class='ocr_carea' id='block_1_74' title="bbox 350 5533 1929 5626">
    <p class='ocr_par' dir='ltr' id='par_1_74' title="bbox 350 5533 1929 5626">
     <span class='ocr_line' id='line_1_74' title="bbox 350 5533 1929 5626; baseline 0.013 -36"><span class='ocrx_word' id='word_1_509' title='bbox 350 5534 392 5590; x_wconf 80' lang='grc' dir='ltr'>Ο</span> <span class='ocrx_word' id='word_1_510' title='bbox 427 5533 671 5626; x_wconf 78' lang='lat' dir='ltr'><strong>l’etram,</strong></span> <span class='ocrx_word' id='word_1_511' title='bbox 707 5537 800 5593; x_wconf 90' lang='lat' dir='ltr'><strong>hic</strong></span> <span class='ocrx_word' id='word_1_512' title='bbox 823 5538 1158 5597; x_wconf 66' lang='lat' dir='ltr'><strong>Judaeorum</strong></span> <span class='ocrx_word' id='word_1_513' title='bbox 1181 5545 1457 5604; x_wconf 87' lang='lat' dir='ltr'><strong>duritiam</strong></span> <span class='ocrx_word' id='word_1_514' title='bbox 1481 5549 1642 5619; x_wconf 90' lang='lat' dir='ltr'><strong>dicit,</strong></span> <span class='ocrx_word' id='word_1_515' title='bbox 1671 5571 1849 5626; x_wconf 88' lang='lat' dir='ltr'><strong>quam</strong></span> <span class='ocrx_word' id='word_1_516' title='bbox 1873 5555 1929 5610; x_wconf 90' lang='lat' dir='ltr'><strong>in</strong></span> 
     </span>
    </p>
   </div>
   <div class='ocr_carea' id='block_1_75' title="bbox 280 5622 1931 5703">
    <p class='ocr_par' dir='ltr' id='par_1_75' title="bbox 280 5622 1931 5703">
     <span class='ocr_line' id='line_1_75' title="bbox 280 5622 1931 5703; baseline 0.013 -25"><span class='ocrx_word' id='word_1_517' title='bbox 280 5638 451 5680; x_wconf 88' lang='lat' dir='ltr'><strong>sacra</strong></span> <span class='ocrx_word' id='word_1_518' title='bbox 476 5622 846 5696; x_wconf 86' lang='lat' dir='ltr'><strong>baptismatis</strong></span> <span class='ocrx_word' id='word_1_519' title='bbox 876 5629 1086 5698; x_wconf 86' lang='lat' dir='ltr'><strong>stagna</strong></span> <span class='ocrx_word' id='word_1_520' title='bbox 1105 5637 1403 5703; x_wconf 89' lang='lat' dir='ltr'><strong>convertit,</strong></span> <span class='ocrx_word' id='word_1_521' title='bbox 1427 5654 1563 5692; x_wconf 91' lang='lat' dir='ltr'><strong>cum</strong></span> <span class='ocrx_word' id='word_1_522' title='bbox 1589 5622 1780 5696; x_wconf 35' lang='lat' dir='ltr'><strong>eos&#39;ad</strong></span> <span class='ocrx_word' id='word_1_523' title='bbox 1799 5642 1931 5698; x_wconf 87' lang='lat' dir='ltr'><strong>reli-</strong></span> 
     </span>
    </p>
   </div>
   <div class='ocr_carea' id='block_1_76' title="bbox 277 5711 1933 5796">
    <p class='ocr_par' dir='ltr' id='par_1_76' title="bbox 277 5711 1933 5796">
     <span class='ocr_line' id='line_1_76' title="bbox 277 5711 1933 5796; baseline 0.013 -31"><span class='ocrx_word' id='word_1_524' title='bbox 277 5711 513 5784; x_wconf 88' lang='lat' dir='ltr'><strong>gionem</strong></span> <span class='ocrx_word' id='word_1_525' title='bbox 541 5713 673 5769; x_wconf 89' lang='lat' dir='ltr'><strong>fecit</strong></span> <span class='ocrx_word' id='word_1_526' title='bbox 691 5713 888 5769; x_wconf 84' lang='lat' dir='ltr'><strong>venire</strong></span> <span class='ocrx_word' id='word_1_527' title='bbox 910 5715 1308 5786; x_wconf 88' lang='lat' dir='ltr'><strong>tranquillam.</strong></span> <span class='ocrx_word' id='word_1_528' title='bbox 1335 5723 1554 5796; x_wconf 82' lang='lat' dir='ltr'><strong>Rupes,</strong></span> <span class='ocrx_word' id='word_1_529' title='bbox 1576 5725 1683 5783; x_wconf 89' lang='lat' dir='ltr'><strong>hoc</strong></span> <span class='ocrx_word' id='word_1_530' title='bbox 1705 5734 1794 5785; x_wconf 87' lang='lat' dir='ltr'><strong>est</strong></span> <span class='ocrx_word' id='word_1_531' title='bbox 1825 5731 1933 5785; x_wconf 89' lang='lat' dir='ltr'><strong>ari-</strong></span> 
     </span>
    </p>
   </div>
   <div class='ocr_carea' id='block_1_77' title="bbox 2041 1987 3699 2062">
    <p class='ocr_par' dir='ltr' id='par_1_77' title="bbox 2041 1987 3699 2062">
     <span class='ocr_line' id='line_1_77' title="bbox 2041 1987 3699 2062; baseline -0.002 -15"><span class='ocrx_word' id='word_1_532' title='bbox 2041 1991 2360 2062; x_wconf 90' lang='lat' dir='ltr'><strong>quentibus</strong></span> <span class='ocrx_word' id='word_1_533' title='bbox 2393 1994 2629 2062; x_wconf 90' lang='lat' dir='ltr'><strong>peccata</strong></span> <span class='ocrx_word' id='word_1_534' title='bbox 2649 1988 2936 2057; x_wconf 89' lang='lat' dir='ltr'><strong>demittit;</strong></span> <span class='ocrx_word' id='word_1_535' title='bbox 2959 1988 3195 2059; x_wconf 87' lang='lat' dir='ltr'><strong>veritas,</strong></span> <span class='ocrx_word' id='word_1_536' title='bbox 3217 2003 3353 2043; x_wconf 90' lang='lat' dir='ltr'><strong>cum</strong></span> <span class='ocrx_word' id='word_1_537' title='bbox 3378 1987 3699 2044; x_wconf 87' lang='lat' dir='ltr'><strong>beatitudis</strong></span> 
     </span>
    </p>
   </div>
   <div class='ocr_carea' id='block_1_78' title="bbox 2042 2075 3702 2154">
    <p class='ocr_par' dir='ltr' id='par_1_78' title="bbox 2042 2075 3702 2154">
     <span class='ocr_line' id='line_1_78' title="bbox 2042 2075 3702 2154; baseline -0.002 -18"><span class='ocrx_word' id='word_1_538' title='bbox 2042 2081 2336 2154; x_wconf 79' lang='lat' dir='ltr'><strong>promissa</strong></span> <span class='ocrx_word' id='word_1_539' title='bbox 2367 2079 2641 2136; x_wconf 86' lang='lat' dir='ltr'><strong>restituit.</strong></span> <span class='ocrx_word' id='word_1_540' title='bbox 2676 2078 2784 2135; x_wconf 92' lang='lat' dir='ltr'><strong>Ubi</strong></span> <span class='ocrx_word' id='word_1_541' title='bbox 2816 2083 2906 2134; x_wconf 90' lang='lat' dir='ltr'><strong>est</strong></span> <span class='ocrx_word' id='word_1_542' title='bbox 2934 2077 3088 2134; x_wconf 88' lang='lat' dir='ltr'><strong>Dens</strong></span> <span class='ocrx_word' id='word_1_543' title='bbox 3117 2075 3364 2134; x_wconf 85' lang='lat' dir='ltr'><strong>eorum?</strong></span> <span class='ocrx_word' id='word_1_544' title='bbox 3394 2075 3476 2132; x_wconf 90' lang='lat' dir='ltr'><strong>ita</strong></span> <span class='ocrx_word' id='word_1_545' title='bbox 3496 2075 3702 2133; x_wconf 87' lang='lat' dir='ltr'><strong>dicunt</strong></span> 
     </span>
    </p>
   </div>
   <div class='ocr_carea' id='block_1_79' title="bbox 2043 2167 3701 2242">
    <p class='ocr_par' dir='ltr' id='par_1_79' title="bbox 2043 2167 3701 2242">
     <span class='ocr_line' id='line_1_79' title="bbox 2043 2167 3701 2242; baseline -0.002 -17"><span class='ocrx_word' id='word_1_546' title='bbox 2043 2173 2445 2242; x_wconf 89' lang='lat' dir='ltr'><strong>persecutores</strong></span> <span class='ocrx_word' id='word_1_547' title='bbox 2458 2169 2780 2239; x_wconf 88' lang='lat' dir='ltr'><strong>justorum.</strong></span> <span class='ocrx_word' id='word_1_548' title='bbox 2803 2167 2948 2224; x_wconf 86' lang='lat' dir='ltr'><strong>Nam</strong></span> <span class='ocrx_word' id='word_1_549' title='bbox 2981 2167 3212 2240; x_wconf 90' lang='lat' dir='ltr'><strong>quoties</strong></span> <span class='ocrx_word' id='word_1_550' title='bbox 3241 2170 3525 2240; x_wconf 79' lang='lat' dir='ltr'><strong>martyres</strong></span> <span class='ocrx_word' id='word_1_551' title='bbox 3553 2167 3701 2222; x_wconf 82' lang='lat' dir='ltr'><strong>affli-</strong></span> 
     </span>
    </p>
   </div>
   <div class='ocr_carea' id='block_1_80' title="bbox 2043 2255 3698 2332">
    <p class='ocr_par' dir='ltr' id='par_1_80' title="bbox 2043 2255 3698 2332">
     <span class='ocr_line' id='line_1_80' title="bbox 2043 2255 3698 2332; baseline -0.002 -17"><span class='ocrx_word' id='word_1_552' title='bbox 2043 2264 2282 2332; x_wconf 89' lang='lat' dir='ltr'><strong>guntur,</strong></span> <span class='ocrx_word' id='word_1_553' title='bbox 2315 2257 2444 2332; x_wconf 84' lang='lat' dir='ltr'><strong>ipsa</strong></span> <span class='ocrx_word' id='word_1_554' title='bbox 2468 2263 2556 2314; x_wconf 90' lang='lat' dir='ltr'><strong>est</strong></span> <span class='ocrx_word' id='word_1_555' title='bbox 2587 2275 2694 2313; x_wconf 83' lang='lat' dir='ltr'><strong>vox</strong></span> <span class='ocrx_word' id='word_1_556' title='bbox 2726 2261 3131 2330; x_wconf 81' lang='lat' dir='ltr'><strong>tyrannorum.</strong></span> <span class='ocrx_word' id='word_1_557' title='bbox 3166 2255 3272 2312; x_wconf 83' lang='lat' dir='ltr'><strong>L&#39;bi</strong></span> <span class='ocrx_word' id='word_1_558' title='bbox 3303 2260 3393 2312; x_wconf 88' lang='lat' dir='ltr'><strong>est</strong></span> <span class='ocrx_word' id='word_1_559' title='bbox 3423 2256 3578 2312; x_wconf 89' lang='lat' dir='ltr'><strong>Deus</strong></span> <span class='ocrx_word' id='word_1_560' title='bbox 3603 2273 3698 2312; x_wconf 82' lang='lat' dir='ltr'><strong>eo-</strong></span> 
     </span>
    </p>
   </div>
   <div class='ocr_carea' id='block_1_81' title="bbox 2043 2331 3699 2419">
    <p class='ocr_par' dir='ltr' id='par_1_81' title="bbox 2043 2331 3699 2419">
     <span class='ocr_line' id='line_1_81' title="bbox 2043 2331 3699 2419; baseline -0.001 -16"><span class='ocrx_word' id='word_1_561' title='bbox 2043 2331 2223 2403; x_wconf 80' lang='lat' dir='ltr'><strong>rum?</strong></span> <span class='ocrx_word' id='word_1_562' title='bbox 2270 2331 2439 2419; x_wconf 73' lang='lat' dir='ltr'><strong>quasi</strong></span> <span class='ocrx_word' id='word_1_563' title='bbox 2473 2364 2586 2402; x_wconf 91' lang='lat' dir='ltr'><strong>non</strong></span> <span class='ocrx_word' id='word_1_564' title='bbox 2620 2345 2805 2418; x_wconf 91' lang='lat' dir='ltr'><strong>possit</strong></span> <span class='ocrx_word' id='word_1_565' title='bbox 2855 2345 3097 2419; x_wconf 91' lang='lat' dir='ltr'><strong>eripere,</strong></span> <span class='ocrx_word' id='word_1_566' title='bbox 3131 2362 3279 2418; x_wconf 90' lang='lat' dir='ltr'><strong>quos</strong></span> <span class='ocrx_word' id='word_1_567' title='bbox 3335 2349 3399 2400; x_wconf 92' lang='lat' dir='ltr'><strong>ut</strong></span> <span class='ocrx_word' id='word_1_568' title='bbox 3440 2352 3699 2412; x_wconf 90' lang='lat' dir='ltr'><strong>coronet,</strong></span> 
     </span>
    </p>
   </div>
   <div class='ocr_carea' id='block_1_82' title="bbox 2042 2431 3699 2508">
    <p class='ocr_par' dir='ltr' id='par_1_82' title="bbox 2042 2431 3699 2508">
     <span class='ocr_line' id='line_1_82' title="bbox 2042 2431 3699 2508; baseline 0 -18"><span class='ocrx_word' id='word_1_569' title='bbox 2042 2439 2335 2491; x_wconf 90' lang='lat' dir='ltr'><strong>tormenta</strong></span> <span class='ocrx_word' id='word_1_570' title='bbox 2385 2435 2605 2508; x_wconf 89' lang='lat' dir='ltr'><strong>patitur</strong></span> <span class='ocrx_word' id='word_1_571' title='bbox 2650 2433 2961 2491; x_wconf 89' lang='lat' dir='ltr'><strong>sustinere.</strong></span> <span class='ocrx_word' id='word_1_572' title='bbox 3014 2433 3081 2489; x_wconf 88' lang='lat' dir='ltr'><strong>Et</strong></span> <span class='ocrx_word' id='word_1_573' title='bbox 3119 2437 3355 2506; x_wconf 87' lang='lat' dir='ltr'><strong>propter</strong></span> <span class='ocrx_word' id='word_1_574' title='bbox 3381 2431 3492 2490; x_wconf 89' lang='lat' dir='ltr'><strong>hoc</strong></span> <span class='ocrx_word' id='word_1_575' title='bbox 3519 2433 3699 2490; x_wconf 87' lang='lat' dir='ltr'><strong>etiam</strong></span> 
     </span>
    </p>
   </div>
   <div class='ocr_carea' id='block_1_83' title="bbox 2040 2521 3701 2592">
    <p class='ocr_par' dir='ltr' id='par_1_83' title="bbox 2040 2521 3701 2592">
     <span class='ocr_line' id='line_1_83' title="bbox 2040 2521 3701 2592; baseline -0.002 -12"><span class='ocrx_word' id='word_1_576' title='bbox 2040 2523 2178 2580; x_wconf 88' lang='lat' dir='ltr'><strong>fecit</strong></span> <span class='ocrx_word' id='word_1_577' title='bbox 2202 2527 2353 2580; x_wconf 90' lang='lat' dir='ltr'><strong>Deus</strong></span> <span class='ocrx_word' id='word_1_578' title='bbox 2377 2522 2671 2579; x_wconf 80' lang='lat' dir='ltr'><strong>mirabilia</strong></span> <span class='ocrx_word' id='word_1_579' title='bbox 2703 2523 2760 2578; x_wconf 89' lang='lat' dir='ltr'><strong>in</strong></span> <span class='ocrx_word' id='word_1_580' title='bbox 2794 2522 2933 2578; x_wconf 85' lang='lat' dir='ltr'><strong>filiis</strong></span> <span class='ocrx_word' id='word_1_581' title='bbox 2965 2521 3167 2592; x_wconf 86' lang='lat' dir='ltr'><strong>Israel,</strong></span> <span class='ocrx_word' id='word_1_582' title='bbox 3197 2526 3262 2579; x_wconf 88' lang='lat' dir='ltr'><strong>ut</strong></span> <span class='ocrx_word' id='word_1_583' title='bbox 3291 2539 3406 2578; x_wconf 86' lang='lat' dir='ltr'><strong>non</strong></span> <span class='ocrx_word' id='word_1_584' title='bbox 3437 2521 3701 2579; x_wconf 87' lang='lat' dir='ltr'><strong>dicerent</strong></span> 
     </span>
    </p>
   </div>
   <div class='ocr_carea' id='block_1_84' title="bbox 2041 2611 3020 2687">
    <p class='ocr_par' dir='ltr' id='par_1_84' title="bbox 2041 2611 3020 2687">
     <span class='ocr_line' id='line_1_84' title="bbox 2041 2611 3020 2687; baseline -0.003 -18"><span class='ocrx_word' id='word_1_585' title='bbox 2041 2618 2285 2687; x_wconf 90' lang='lat' dir='ltr'><strong>gentes:</strong></span> <span class='ocrx_word' id='word_1_586' title='bbox 2318 2612 2427 2668; x_wconf 93' lang='lat' dir='ltr'><strong>Ubi</strong></span> <span class='ocrx_word' id='word_1_587' title='bbox 2460 2617 2552 2668; x_wconf 88' lang='lat' dir='ltr'><strong>est</strong></span> <span class='ocrx_word' id='word_1_588' title='bbox 2581 2612 2736 2669; x_wconf 91' lang='lat' dir='ltr'><strong>Deus</strong></span> <span class='ocrx_word' id='word_1_589' title='bbox 2766 2629 2970 2668; x_wconf 90' lang='lat' dir='ltr'><strong>eorum</strong></span> <span class='ocrx_word' id='word_1_590' title='bbox 2992 2611 3020 2666; x_wconf 77' lang='lat' dir='ltr'><strong>‘I</strong></span> 
     </span>
    </p>
   </div>
   <div class='ocr_carea' id='block_1_85' title="bbox 2044 2702 3023 2760">
    <p class='ocr_par' dir='ltr' id='par_1_85' title="bbox 2044 2702 3023 2760">
     <span class='ocr_line' id='line_1_85' title="bbox 2044 2702 3023 2760; baseline -0.003 0"><span class='ocrx_word' id='word_1_591' title='bbox 2044 2704 2104 2760; x_wconf 86' lang='grc'><strong>11</strong></span> <span class='ocrx_word' id='word_1_592' title='bbox 2185 2704 2325 2759; x_wconf 86' lang='lat' dir='ltr'><strong>Deus</strong></span> <span class='ocrx_word' id='word_1_593' title='bbox 2353 2707 2538 2758; x_wconf 88' lang='lat' dir='ltr'><strong>autem</strong></span> <span class='ocrx_word' id='word_1_594' title='bbox 2565 2710 2749 2759; x_wconf 81' lang='lat' dir='ltr'><strong>noster</strong></span> <span class='ocrx_word' id='word_1_595' title='bbox 2768 2703 2829 2757; x_wconf 85' lang='lat' dir='ltr'><strong>in</strong></span> <span class='ocrx_word' id='word_1_596' title='bbox 2846 2702 2982 2758; x_wconf 67' lang='lat' dir='ltr'><strong>caelo</strong></span> <span class='ocrx_word' id='word_1_597' title='bbox 3001 2720 3023 2757; x_wconf 88' lang='grc'><strong>.·</strong></span> 
     </span>
    </p>
   </div>
   <div class='ocr_carea' id='block_1_86' title="bbox 2185 2791 3500 2864">
    <p class='ocr_par' dir='ltr' id='par_1_86' title="bbox 2185 2791 3500 2864">
     <span class='ocr_line' id='line_1_86' title="bbox 2185 2791 3500 2864; baseline -0.002 -17"><span class='ocrx_word' id='word_1_598' title='bbox 2185 2791 2382 2847; x_wconf 88' lang='lat' dir='ltr'><strong>Omnia</strong></span> <span class='ocrx_word' id='word_1_599' title='bbox 2408 2807 2748 2864; x_wconf 52' lang='lat' dir='ltr'><strong>quacunque</strong></span> <span class='ocrx_word' id='word_1_600' title='bbox 2769 2791 2943 2847; x_wconf 86' lang='lat' dir='ltr'><strong>voluit</strong></span> <span class='ocrx_word' id='word_1_601' title='bbox 2969 2793 3119 2864; x_wconf 82' lang='lat' dir='ltr'><strong>fecit.</strong></span> <span class='ocrx_word' id='word_1_602' title='bbox 3159 2791 3500 2864; x_wconf 83' lang='lat' dir='ltr'><strong>Diapsalma.</strong></span> 
     </span>
    </p>
   </div>
   <div class='ocr_carea' id='block_1_87' title="bbox 2112 2879 3696 2953">
    <p class='ocr_par' dir='ltr' id='par_1_87' title="bbox 2112 2879 3696 2953">
     <span class='ocr_line' id='line_1_87' title="bbox 2112 2879 3696 2953; baseline -0.001 -17"><span class='ocrx_word' id='word_1_603' title='bbox 2112 2880 2154 2936; x_wconf 95' lang='lat' dir='ltr'><strong>C</strong></span> <span class='ocrx_word' id='word_1_604' title='bbox 2184 2880 2399 2937; x_wconf 88' lang='lat' dir='ltr'><strong>Contra</strong></span> <span class='ocrx_word' id='word_1_605' title='bbox 2425 2879 2792 2936; x_wconf 91' lang='lat' dir='ltr'><strong>dementium</strong></span> <span class='ocrx_word' id='word_1_606' title='bbox 2819 2879 3017 2950; x_wconf 80' lang='lat' dir='ltr'><strong>verba,</strong></span> <span class='ocrx_word' id='word_1_607' title='bbox 3063 2879 3164 2953; x_wconf 92' lang='lat' dir='ltr'><strong>qui</strong></span> <span class='ocrx_word' id='word_1_608' title='bbox 3195 2879 3399 2935; x_wconf 91' lang='lat' dir='ltr'><strong>dicunt</strong></span> <span class='ocrx_word' id='word_1_609' title='bbox 3427 2897 3440 2934; x_wconf 94' lang='lat'><strong>:</strong></span> <span class='ocrx_word' id='word_1_610' title='bbox 3471 2879 3576 2936; x_wconf 85' lang='lat' dir='ltr'><strong>Ubi</strong></span> <span class='ocrx_word' id='word_1_611' title='bbox 3609 2886 3696 2936; x_wconf 88' lang='lat' dir='ltr'><strong>est</strong></span> 
     </span>
    </p>
   </div>
   <div class='ocr_carea' id='block_1_88' title="bbox 2042 2967 3696 3040">
    <p class='ocr_par' dir='ltr' id='par_1_88' title="bbox 2042 2967 3696 3040">
     <span class='ocr_line' id='line_1_88' title="bbox 2042 2967 3696 3040; baseline -0.001 -14"><span class='ocrx_word' id='word_1_612' title='bbox 2042 2969 2198 3026; x_wconf 91' lang='lat' dir='ltr'><strong>Deus</strong></span> <span class='ocrx_word' id='word_1_613' title='bbox 2227 2972 2386 3040; x_wconf 91' lang='lat' dir='ltr'><strong>tuus,</strong></span> <span class='ocrx_word' id='word_1_614' title='bbox 2411 2967 2790 3024; x_wconf 88' lang='lat' dir='ltr'><strong>veracissima</strong></span> <span class='ocrx_word' id='word_1_615' title='bbox 2819 2967 3070 3024; x_wconf 88' lang='lat' dir='ltr'><strong>infertur</strong></span> <span class='ocrx_word' id='word_1_616' title='bbox 3098 2967 3362 3039; x_wconf 90' lang='lat' dir='ltr'><strong>scientia,</strong></span> <span class='ocrx_word' id='word_1_617' title='bbox 3385 2967 3572 3024; x_wconf 89' lang='lat' dir='ltr'><strong>Deum</strong></span> <span class='ocrx_word' id='word_1_618' title='bbox 3599 2986 3696 3024; x_wconf 85' lang='lat' dir='ltr'><strong>no-</strong></span> 
     </span>
    </p>
   </div>
   <div class='ocr_carea' id='block_1_89' title="bbox 2043 3055 3696 3131">
    <p class='ocr_par' dir='ltr' id='par_1_89' title="bbox 2043 3055 3696 3131">
     <span class='ocr_line' id='line_1_89' title="bbox 2043 3055 3696 3131; baseline -0.001 -16"><span class='ocrx_word' id='word_1_619' title='bbox 2043 3063 2232 3116; x_wconf 91' lang='lat' dir='ltr'><strong>strum</strong></span> <span class='ocrx_word' id='word_1_620' title='bbox 2263 3075 2393 3115; x_wconf 88' lang='lat' dir='ltr'><strong>esse</strong></span> <span class='ocrx_word' id='word_1_621' title='bbox 2425 3057 2485 3113; x_wconf 89' lang='lat' dir='ltr'><strong>in</strong></span> <span class='ocrx_word' id='word_1_622' title='bbox 2516 3057 2680 3128; x_wconf 82' lang='lat' dir='ltr'><strong>ccelo,</strong></span> <span class='ocrx_word' id='word_1_623' title='bbox 2713 3062 2770 3114; x_wconf 91' lang='lat' dir='ltr'><strong>et</strong></span> <span class='ocrx_word' id='word_1_624' title='bbox 2821 3057 3020 3114; x_wconf 89' lang='lat' dir='ltr'><strong>omnia</strong></span> <span class='ocrx_word' id='word_1_625' title='bbox 3049 3073 3409 3131; x_wconf 69' lang='lat' dir='ltr'><strong>quiscunque</strong></span> <span class='ocrx_word' id='word_1_626' title='bbox 3437 3055 3582 3128; x_wconf 90' lang='lat' dir='ltr'><strong>vult,</strong></span> <span class='ocrx_word' id='word_1_627' title='bbox 3638 3057 3696 3113; x_wconf 89' lang='lat' dir='ltr'><strong>in</strong></span> 
     </span>
    </p>
   </div>
   <div class='ocr_carea' id='block_1_90' title="bbox 2043 3147 3091 3221">
    <p class='ocr_par' dir='ltr' id='par_1_90' title="bbox 2043 3147 3091 3221">
     <span class='ocr_line' id='line_1_90' title="bbox 2043 3147 3091 3221; baseline -0.002 -17"><span class='ocrx_word' id='word_1_628' title='bbox 2043 3147 2184 3204; x_wconf 85' lang='lat' dir='ltr'><strong>ccelo</strong></span> <span class='ocrx_word' id='word_1_629' title='bbox 2216 3152 2274 3203; x_wconf 89' lang='lat' dir='ltr'><strong>et</strong></span> <span class='ocrx_word' id='word_1_630' title='bbox 2303 3148 2362 3203; x_wconf 90' lang='lat' dir='ltr'><strong>in</strong></span> <span class='ocrx_word' id='word_1_631' title='bbox 2393 3151 2550 3203; x_wconf 91' lang='lat' dir='ltr'><strong>terra</strong></span> <span class='ocrx_word' id='word_1_632' title='bbox 2591 3147 2868 3220; x_wconf 86' lang='lat' dir='ltr'><strong>perficere</strong></span> <span class='ocrx_word' id='word_1_633' title='bbox 2897 3163 3091 3221; x_wconf 88' lang='lat' dir='ltr'><strong>posse.</strong></span> 
     </span>
    </p>
   </div>
   <div class='ocr_carea' id='block_1_91' title="bbox 2045 3237 3435 3308">
    <p class='ocr_par' dir='ltr' id='par_1_91' title="bbox 2045 3237 3435 3308">
     <span class='ocr_line' id='line_1_91' title="bbox 2045 3237 3435 3308; baseline -0.001 -15"><span class='ocrx_word' id='word_1_634' title='bbox 2045 3240 2113 3294; x_wconf 86' lang='grc'><strong>12</strong></span> <span class='ocrx_word' id='word_1_635' title='bbox 2186 3237 2500 3293; x_wconf 88' lang='lat' dir='ltr'><strong>Simulacra</strong></span> <span class='ocrx_word' id='word_1_636' title='bbox 2527 3238 2777 3305; x_wconf 85' lang='lat' dir='ltr'><strong>gentium</strong></span> <span class='ocrx_word' id='word_1_637' title='bbox 2804 3243 3094 3308; x_wconf 83' lang='lat' dir='ltr'><strong>argentum</strong></span> <span class='ocrx_word' id='word_1_638' title='bbox 3121 3243 3174 3292; x_wconf 88' lang='lat' dir='ltr'><strong>et</strong></span> <span class='ocrx_word' id='word_1_639' title='bbox 3199 3251 3399 3292; x_wconf 85' lang='lat' dir='ltr'><strong>aurum</strong></span> <span class='ocrx_word' id='word_1_640' title='bbox 3415 3253 3435 3292; x_wconf 89' lang='lat'><strong>:</strong></span> 
     </span>
    </p>
   </div>
   <div class='ocr_carea' id='block_1_92' title="bbox 2187 3325 2998 3398">
    <p class='ocr_par' dir='ltr' id='par_1_92' title="bbox 2187 3325 2998 3398">
     <span class='ocr_line' id='line_1_92' title="bbox 2187 3325 2998 3398; baseline -0.004 -16"><span class='ocrx_word' id='word_1_641' title='bbox 2187 3327 2364 3398; x_wconf 85' lang='lat' dir='ltr'><strong>Opera</strong></span> <span class='ocrx_word' id='word_1_642' title='bbox 2391 3342 2663 3382; x_wconf 87' lang='lat' dir='ltr'><strong>manuum</strong></span> <span class='ocrx_word' id='word_1_643' title='bbox 2692 3325 2998 3381; x_wconf 81' lang='lat' dir='ltr'><strong>hominum.</strong></span> 
     </span>
    </p>
   </div>
   <div class='ocr_carea' id='block_1_93' title="bbox 2114 3411 3696 3486">
    <p class='ocr_par' dir='ltr' id='par_1_93' title="bbox 2114 3411 3696 3486">
     <span class='ocr_line' id='line_1_93' title="bbox 2114 3411 3696 3486; baseline 0.001 -16"><span class='ocrx_word' id='word_1_644' title='bbox 2114 3414 2159 3470; x_wconf 82' lang='grc' dir='ltr'><strong><em>Η</em></strong></span> <span class='ocrx_word' id='word_1_645' title='bbox 2191 3412 2726 3472; x_wconf 89' lang='lat' dir='ltr'><strong>Simulacrumideo</strong></span> <span class='ocrx_word' id='word_1_646' title='bbox 2743 3413 2979 3481; x_wconf 90' lang='lat' dir='ltr'><strong>dicitur,</strong></span> <span class='ocrx_word' id='word_1_647' title='bbox 2998 3413 3140 3486; x_wconf 90' lang='lat' dir='ltr'><strong>quia</strong></span> <span class='ocrx_word' id='word_1_648' title='bbox 3153 3414 3224 3470; x_wconf 88' lang='lat' dir='ltr'><strong>ad</strong></span> <span class='ocrx_word' id='word_1_649' title='bbox 3246 3411 3696 3472; x_wconf 90' lang='lat' dir='ltr'><strong>similitudinem</strong></span> 
     </span>
    </p>
   </div>
   <div class='ocr_carea' id='block_1_94' title="bbox 2041 3502 3697 3576">
    <p class='ocr_par' dir='ltr' id='par_1_94' title="bbox 2041 3502 3697 3576">
     <span class='ocr_line' id='line_1_94' title="bbox 2041 3502 3697 3576; baseline 0 -15"><span class='ocrx_word' id='word_1_650' title='bbox 2041 3503 2294 3576; x_wconf 88' lang='lat' dir='ltr'><strong>alicujus</strong></span> <span class='ocrx_word' id='word_1_651' title='bbox 2323 3503 2581 3559; x_wconf 89' lang='lat' dir='ltr'><strong>hominis</strong></span> <span class='ocrx_word' id='word_1_652' title='bbox 2613 3503 2948 3560; x_wconf 88' lang='lat' dir='ltr'><strong>fabricatur.</strong></span> <span class='ocrx_word' id='word_1_653' title='bbox 2982 3505 3022 3558; x_wconf 91' lang='lat' dir='ltr'><strong>C</strong></span> <span class='ocrx_word' id='word_1_654' title='bbox 3053 3503 3199 3560; x_wconf 87' lang='lat' dir='ltr'><strong>Nam</strong></span> <span class='ocrx_word' id='word_1_655' title='bbox 3230 3502 3364 3559; x_wconf 88' lang='lat' dir='ltr'><strong>licet</strong></span> <span class='ocrx_word' id='word_1_656' title='bbox 3396 3502 3697 3561; x_wconf 86' lang='lat' dir='ltr'><strong>invenian-</strong></span> 
     </span>
    </p>
   </div>
   <div class='ocr_carea' id='block_1_95' title="bbox 2042 3590 3701 3666">
    <p class='ocr_par' dir='ltr' id='par_1_95' title="bbox 2042 3590 3701 3666">
     <span class='ocr_line' id='line_1_95' title="bbox 2042 3590 3701 3666; baseline 0 -18"><span class='ocrx_word' id='word_1_657' title='bbox 2042 3597 2140 3649; x_wconf 89' lang='lat' dir='ltr'><strong>tur</strong></span> <span class='ocrx_word' id='word_1_658' title='bbox 2167 3609 2325 3648; x_wconf 78' lang='lat' dir='ltr'><strong>amca</strong></span> <span class='ocrx_word' id='word_1_659' title='bbox 2355 3597 2414 3648; x_wconf 91' lang='lat' dir='ltr'><strong>et</strong></span> <span class='ocrx_word' id='word_1_660' title='bbox 2434 3591 2627 3666; x_wconf 88' lang='lat' dir='ltr'><strong>lignea</strong></span> <span class='ocrx_word' id='word_1_661' title='bbox 2651 3592 2989 3659; x_wconf 88' lang='lat' dir='ltr'><strong>simulacra,</strong></span> <span class='ocrx_word' id='word_1_662' title='bbox 3011 3597 3204 3648; x_wconf 90' lang='lat' dir='ltr'><strong>tamen</strong></span> <span class='ocrx_word' id='word_1_663' title='bbox 3229 3591 3374 3648; x_wconf 89' lang='lat' dir='ltr'><strong>illud</strong></span> <span class='ocrx_word' id='word_1_664' title='bbox 3396 3590 3570 3665; x_wconf 86' lang='lat' dir='ltr'><strong>elegit</strong></span> <span class='ocrx_word' id='word_1_665' title='bbox 3591 3593 3701 3648; x_wconf 90' lang='lat' dir='ltr'><strong>uti-</strong></span> 
     </span>
    </p>
   </div>
   <div class='ocr_carea' id='block_1_96' title="bbox 2041 3681 3701 3756">
    <p class='ocr_par' dir='ltr' id='par_1_96' title="bbox 2041 3681 3701 3756">
     <span class='ocr_line' id='line_1_96' title="bbox 2041 3681 3701 3756; baseline -0.001 -17"><span class='ocrx_word' id='word_1_666' title='bbox 2041 3681 2181 3751; x_wconf 92' lang='lat' dir='ltr'><strong>lius,</strong></span> <span class='ocrx_word' id='word_1_667' title='bbox 2215 3682 2370 3754; x_wconf 91' lang='lat' dir='ltr'><strong>quod</strong></span> <span class='ocrx_word' id='word_1_668' title='bbox 2403 3681 2705 3756; x_wconf 80' lang='lat' dir='ltr'><strong>gentilitas</strong></span> <span class='ocrx_word' id='word_1_669' title='bbox 2731 3681 3039 3753; x_wconf 87' lang='lat' dir='ltr'><strong>judicabat</strong></span> <span class='ocrx_word' id='word_1_670' title='bbox 3070 3681 3428 3738; x_wconf 88' lang='lat' dir='ltr'><strong>reverentius</strong></span> <span class='ocrx_word' id='word_1_671' title='bbox 3449 3681 3701 3738; x_wconf 88' lang='lat' dir='ltr'><strong>adoran-</strong></span> 
     </span>
    </p>
   </div>
   <div class='ocr_carea' id='block_1_97' title="bbox 2042 3768 3705 3844">
    <p class='ocr_par' dir='ltr' id='par_1_97' title="bbox 2042 3768 3705 3844">
     <span class='ocr_line' id='line_1_97' title="bbox 2042 3768 3705 3844; baseline -0.001 -17"><span class='ocrx_word' id='word_1_672' title='bbox 2042 3771 2208 3838; x_wconf 91' lang='lat' dir='ltr'><strong>dum,</strong></span> <span class='ocrx_word' id='word_1_673' title='bbox 2234 3776 2299 3826; x_wconf 89' lang='lat' dir='ltr'><strong>ut</strong></span> <span class='ocrx_word' id='word_1_674' title='bbox 2316 3771 2730 3827; x_wconf 88' lang='lat' dir='ltr'><strong>erubescerent</strong></span> <span class='ocrx_word' id='word_1_675' title='bbox 2750 3768 2940 3827; x_wconf 89' lang='lat' dir='ltr'><strong>colere</strong></span> <span class='ocrx_word' id='word_1_676' title='bbox 2961 3769 3184 3838; x_wconf 86' lang='lat' dir='ltr'><strong>viliora,</strong></span> <span class='ocrx_word' id='word_1_677' title='bbox 3208 3787 3462 3844; x_wconf 88' lang='lat' dir='ltr'><strong>quorum</strong></span> <span class='ocrx_word' id='word_1_678' title='bbox 3483 3774 3541 3826; x_wconf 90' lang='lat' dir='ltr'><strong>et</strong></span> <span class='ocrx_word' id='word_1_679' title='bbox 3561 3787 3705 3844; x_wconf 63' lang='lat' dir='ltr'><strong>pra;-</strong></span> 
     </span>
    </p>
   </div>
   <div class='ocr_carea' id='block_1_98' title="bbox 2042 3858 2768 3933">
    <p class='ocr_par' dir='ltr' id='par_1_98' title="bbox 2042 3858 2768 3933">
     <span class='ocr_line' id='line_1_98' title="bbox 2042 3858 2768 3933; baseline -0.001 -17"><span class='ocrx_word' id='word_1_680' title='bbox 2042 3861 2192 3918; x_wconf 89' lang='lat' dir='ltr'><strong>tiosa</strong></span> <span class='ocrx_word' id='word_1_681' title='bbox 2221 3859 2546 3933; x_wconf 89' lang='lat' dir='ltr'><strong>probantur</strong></span> <span class='ocrx_word' id='word_1_682' title='bbox 2575 3858 2768 3915; x_wconf 88' lang='lat' dir='ltr'><strong>irrisa.</strong></span> 
     </span>
    </p>
   </div>
   <div class='ocr_carea' id='block_1_99' title="bbox 2045 3949 3058 4022">
    <p class='ocr_par' dir='ltr' id='par_1_99' title="bbox 2045 3949 3058 4022">
     <span class='ocr_line' id='line_1_99' title="bbox 2045 3949 3058 4022; baseline -0.001 -17"><span class='ocrx_word' id='word_1_683' title='bbox 2045 3949 2113 4005; x_wconf 80' lang='lat' dir='ltr'><strong>t3</strong></span> <span class='ocrx_word' id='word_1_684' title='bbox 2189 3954 2266 4007; x_wconf 83' lang='lat' dir='ltr'><strong>Os</strong></span> <span class='ocrx_word' id='word_1_685' title='bbox 2295 3949 2494 4005; x_wconf 82' lang='lat' dir='ltr'><strong>habent</strong></span> <span class='ocrx_word' id='word_1_686' title='bbox 2524 3955 2578 4005; x_wconf 86' lang='lat' dir='ltr'><strong>et</strong></span> <span class='ocrx_word' id='word_1_687' title='bbox 2602 3964 2714 4005; x_wconf 84' lang='lat' dir='ltr'><strong>non</strong></span> <span class='ocrx_word' id='word_1_688' title='bbox 2735 3949 3058 4022; x_wconf 81' lang='lat' dir='ltr'><strong>loquentur:</strong></span> 
     </span>
    </p>
   </div>
   <div class='ocr_carea' id='block_1_100' title="bbox 2187 4037 3136 4096">
    <p class='ocr_par' dir='ltr' id='par_1_100' title="bbox 2187 4037 3136 4096">
     <span class='ocr_line' id='line_1_100' title="bbox 2187 4037 3136 4096; baseline -0.003 -1"><span class='ocrx_word' id='word_1_689' title='bbox 2187 4038 2380 4096; x_wconf 82' lang='lat' dir='ltr'><strong>Oculos</strong></span> <span class='ocrx_word' id='word_1_690' title='bbox 2409 4038 2608 4095; x_wconf 78' lang='lat' dir='ltr'><strong>habent</strong></span> <span class='ocrx_word' id='word_1_691' title='bbox 2634 4047 2686 4095; x_wconf 87' lang='lat' dir='ltr'><strong>et</strong></span> <span class='ocrx_word' id='word_1_692' title='bbox 2713 4054 2820 4095; x_wconf 84' lang='lat' dir='ltr'><strong>non</strong></span> <span class='ocrx_word' id='word_1_693' title='bbox 2855 4037 3136 4096; x_wconf 82' lang='lat' dir='ltr'><strong>videbunt.</strong></span> 
     </span>
    </p>
   </div>
   <div class='ocr_carea' id='block_1_101' title="bbox 2113 4127 3706 4196">
    <p class='ocr_par' dir='ltr' id='par_1_101' title="bbox 2113 4127 3706 4196">
     <span class='ocr_line' id='line_1_101' title="bbox 2113 4127 3706 4196; baseline 0.001 -14"><span class='ocrx_word' id='word_1_694' title='bbox 2113 4132 2154 4182; x_wconf 89' lang='lat' dir='ltr'><strong>C</strong></span> <span class='ocrx_word' id='word_1_695' title='bbox 2182 4128 2260 4185; x_wconf 88' lang='lat' dir='ltr'><strong>Os</strong></span> <span class='ocrx_word' id='word_1_696' title='bbox 2289 4127 2527 4196; x_wconf 87' lang='lat' dir='ltr'><strong>habent,</strong></span> <span class='ocrx_word' id='word_1_697' title='bbox 2588 4127 2893 4185; x_wconf 89' lang='lat' dir='ltr'><strong>verissime</strong></span> <span class='ocrx_word' id='word_1_698' title='bbox 2935 4127 3030 4184; x_wconf 90' lang='lat' dir='ltr'><strong>his</strong></span> <span class='ocrx_word' id='word_1_699' title='bbox 3081 4127 3349 4185; x_wconf 87' lang='lat' dir='ltr'><strong>versibus</strong></span> <span class='ocrx_word' id='word_1_700' title='bbox 3405 4127 3590 4184; x_wconf 85' lang='lat' dir='ltr'><strong>notati</strong></span> <span class='ocrx_word' id='word_1_701' title='bbox 3644 4131 3706 4185; x_wconf 86' lang='lat' dir='ltr'><strong>et</strong></span> 
     </span>
    </p>
   </div>
   <div class='ocr_carea' id='block_1_102' title="bbox 2043 4215 3702 4290">
    <p class='ocr_par' dir='ltr' id='par_1_102' title="bbox 2043 4215 3702 4290">
     <span class='ocr_line' id='line_1_102' title="bbox 2043 4215 3702 4290; baseline 0 -17"><span class='ocrx_word' id='word_1_702' title='bbox 2043 4217 2197 4274; x_wconf 91' lang='lat' dir='ltr'><strong>irrisi</strong></span> <span class='ocrx_word' id='word_1_703' title='bbox 2231 4221 2373 4274; x_wconf 89' lang='lat' dir='ltr'><strong>sunt</strong></span> <span class='ocrx_word' id='word_1_704' title='bbox 2401 4215 2692 4272; x_wconf 91' lang='lat' dir='ltr'><strong>idolorum</strong></span> <span class='ocrx_word' id='word_1_705' title='bbox 2722 4215 3000 4276; x_wconf 84' lang='lat' dir='ltr'><strong>cultores.</strong></span> <span class='ocrx_word' id='word_1_706' title='bbox 3023 4216 3169 4272; x_wconf 87' lang='lat' dir='ltr'><strong>Nam</strong></span> <span class='ocrx_word' id='word_1_707' title='bbox 3202 4215 3344 4289; x_wconf 89' lang='lat' dir='ltr'><strong>quid</strong></span> <span class='ocrx_word' id='word_1_708' title='bbox 3365 4231 3523 4290; x_wconf 88' lang='lat' dir='ltr'><strong>rogo,</strong></span> <span class='ocrx_word' id='word_1_709' title='bbox 3549 4233 3702 4290; x_wconf 89' lang='lat' dir='ltr'><strong>opus</strong></span> 
     </span>
    </p>
   </div>
   <div class='ocr_carea' id='block_1_103' title="bbox 2044 4305 3698 4380">
    <p class='ocr_par' dir='ltr' id='par_1_103' title="bbox 2044 4305 3698 4380">
     <span class='ocr_line' id='line_1_103' title="bbox 2044 4305 3698 4380; baseline 0 -18"><span class='ocrx_word' id='word_1_710' title='bbox 2044 4305 2155 4363; x_wconf 80' lang='lat' dir='ltr'><strong>fuit</strong></span> <span class='ocrx_word' id='word_1_711' title='bbox 2183 4305 2301 4363; x_wconf 89' lang='lat' dir='ltr'><strong>illis</strong></span> <span class='ocrx_word' id='word_1_712' title='bbox 2332 4323 2419 4373; x_wconf 90' lang='lat' dir='ltr'><strong>os,</strong></span> <span class='ocrx_word' id='word_1_713' title='bbox 2453 4305 2555 4379; x_wconf 89' lang='lat' dir='ltr'><strong>qui</strong></span> <span class='ocrx_word' id='word_1_714' title='bbox 2588 4305 2749 4379; x_wconf 91' lang='lat' dir='ltr'><strong>loqui</strong></span> <span class='ocrx_word' id='word_1_715' title='bbox 2774 4323 2889 4363; x_wconf 91' lang='lat' dir='ltr'><strong>non</strong></span> <span class='ocrx_word' id='word_1_716' title='bbox 2921 4309 3209 4380; x_wconf 88' lang='lat' dir='ltr'><strong>poterant,</strong></span> <span class='ocrx_word' id='word_1_717' title='bbox 3233 4305 3374 4379; x_wconf 88' lang='lat' dir='ltr'><strong>quid</strong></span> <span class='ocrx_word' id='word_1_718' title='bbox 3396 4305 3571 4374; x_wconf 87' lang='lat' dir='ltr'><strong>oculi,</strong></span> <span class='ocrx_word' id='word_1_719' title='bbox 3595 4307 3698 4378; x_wconf 88' lang='lat' dir='ltr'><strong>qui</strong></span> 
     </span>
    </p>
   </div>
   <div class='ocr_carea' id='block_1_104' title="bbox 2042 4393 3703 4469">
    <p class='ocr_par' dir='ltr' id='par_1_104' title="bbox 2042 4393 3703 4469">
     <span class='ocr_line' id='line_1_104' title="bbox 2042 4393 3703 4469; baseline -0.001 -16"><span class='ocrx_word' id='word_1_720' title='bbox 2042 4395 2191 4453; x_wconf 88' lang='lat' dir='ltr'><strong>nihil</strong></span> <span class='ocrx_word' id='word_1_721' title='bbox 2222 4395 2496 4454; x_wconf 89' lang='lat' dir='ltr'><strong>valebant</strong></span> <span class='ocrx_word' id='word_1_722' title='bbox 2523 4396 2862 4469; x_wconf 88' lang='lat' dir='ltr'><strong>conspicere</strong></span> <span class='ocrx_word' id='word_1_723' title='bbox 2881 4395 2910 4451; x_wconf 78' lang='lat' dir='ltr'><strong>‘t</strong></span> <span class='ocrx_word' id='word_1_724' title='bbox 2938 4399 2998 4452; x_wconf 90' lang='lat' dir='ltr'><strong>et</strong></span> <span class='ocrx_word' id='word_1_725' title='bbox 3025 4393 3142 4452; x_wconf 87' lang='lat' dir='ltr'><strong>alia</strong></span> <span class='ocrx_word' id='word_1_726' title='bbox 3173 4394 3456 4462; x_wconf 88' lang='lat' dir='ltr'><strong>membra,</strong></span> <span class='ocrx_word' id='word_1_727' title='bbox 3481 4394 3703 4468; x_wconf 84' lang='lat' dir='ltr'><strong>quibus</strong></span> 
     </span>
    </p>
   </div>
   <div class='ocr_carea' id='block_1_105' title="bbox 2041 4482 3626 4558">
    <p class='ocr_par' dir='ltr' id='par_1_105' title="bbox 2041 4482 3626 4558">
     <span class='ocr_line' id='line_1_105' title="bbox 2041 4482 3626 4558; baseline -0.003 -16"><span class='ocrx_word' id='word_1_728' title='bbox 2041 4501 2306 4542; x_wconf 83' lang='lat' dir='ltr'><strong>exercere</strong></span> <span class='ocrx_word' id='word_1_729' title='bbox 2335 4484 2564 4542; x_wconf 89' lang='lat' dir='ltr'><strong>nullum</strong></span> <span class='ocrx_word' id='word_1_730' title='bbox 2597 4501 2745 4558; x_wconf 83' lang='lat' dir='ltr'><strong>Opus</strong></span> <span class='ocrx_word' id='word_1_731' title='bbox 2769 4482 3061 4550; x_wconf 91' lang='lat' dir='ltr'><strong>valebant,</strong></span> <span class='ocrx_word' id='word_1_732' title='bbox 3093 4483 3234 4557; x_wconf 88' lang='lat' dir='ltr'><strong>quid</strong></span> <span class='ocrx_word' id='word_1_733' title='bbox 3267 4482 3626 4556; x_wconf 80' lang='lat' dir='ltr'><strong>proderant?</strong></span> 
     </span>
    </p>
   </div>
   <div class='ocr_carea' id='block_1_106' title="bbox 2045 4573 3083 4634">
    <p class='ocr_par' dir='ltr' id='par_1_106' title="bbox 2045 4573 3083 4634">
     <span class='ocr_line' id='line_1_106' title="bbox 2045 4573 3083 4634; baseline -0.002 -4"><span class='ocrx_word' id='word_1_734' title='bbox 2045 4576 2108 4630; x_wconf 77' lang='grc'><strong>14</strong></span> <span class='ocrx_word' id='word_1_735' title='bbox 2182 4577 2353 4631; x_wconf 77' lang='lat' dir='ltr'><strong>Aures</strong></span> <span class='ocrx_word' id='word_1_736' title='bbox 2373 4576 2572 4632; x_wconf 82' lang='lat' dir='ltr'><strong>habent</strong></span> <span class='ocrx_word' id='word_1_737' title='bbox 2593 4583 2645 4634; x_wconf 85' lang='lat' dir='ltr'><strong>et</strong></span> <span class='ocrx_word' id='word_1_738' title='bbox 2675 4589 2787 4630; x_wconf 83' lang='lat' dir='ltr'><strong>non</strong></span> <span class='ocrx_word' id='word_1_739' title='bbox 2815 4573 3083 4630; x_wconf 75' lang='lat' dir='ltr'><strong>audient:</strong></span> 
     </span>
    </p>
   </div>
   <div class='ocr_carea' id='block_1_107' title="bbox 2184 4662 3154 4721">
    <p class='ocr_par' dir='ltr' id='par_1_107' title="bbox 2184 4662 3154 4721">
     <span class='ocr_line' id='line_1_107' title="bbox 2184 4662 3154 4721; baseline -0.002 -1"><span class='ocrx_word' id='word_1_740' title='bbox 2184 4666 2353 4721; x_wconf 81' lang='lat' dir='ltr'><strong>Nares</strong></span> <span class='ocrx_word' id='word_1_741' title='bbox 2381 4663 2580 4721; x_wconf 83' lang='lat' dir='ltr'><strong>habent</strong></span> <span class='ocrx_word' id='word_1_742' title='bbox 2606 4672 2659 4721; x_wconf 87' lang='lat' dir='ltr'><strong>et</strong></span> <span class='ocrx_word' id='word_1_743' title='bbox 2687 4680 2795 4720; x_wconf 84' lang='lat' dir='ltr'><strong>non</strong></span> <span class='ocrx_word' id='word_1_744' title='bbox 2826 4662 3154 4720; x_wconf 86' lang='lat' dir='ltr'><strong>odorabunt.</strong></span> 
     </span>
    </p>
   </div>
   <div class='ocr_carea' id='block_1_108' title="bbox 2113 4751 3701 4828">
    <p class='ocr_par' dir='ltr' id='par_1_108' title="bbox 2113 4751 3701 4828">
     <span class='ocr_line' id='line_1_108' title="bbox 2113 4751 3701 4828; baseline -0.002 -19"><span class='ocrx_word' id='word_1_745' title='bbox 2113 4753 2155 4809; x_wconf 94' lang='lat' dir='ltr'><strong>C</strong></span> <span class='ocrx_word' id='word_1_746' title='bbox 2185 4753 2333 4819; x_wconf 81' lang='lat' dir='ltr'><strong>Quid</strong></span> <span class='ocrx_word' id='word_1_747' title='bbox 2365 4753 2544 4810; x_wconf 88' lang='lat' dir='ltr'><strong>etiam</strong></span> <span class='ocrx_word' id='word_1_748' title='bbox 2574 4752 2736 4811; x_wconf 87' lang='lat' dir='ltr'><strong>auris</strong></span> <span class='ocrx_word' id='word_1_749' title='bbox 2766 4752 2987 4828; x_wconf 84' lang='lat' dir='ltr'><strong>profuit</strong></span> <span class='ocrx_word' id='word_1_750' title='bbox 3017 4751 3122 4820; x_wconf 91' lang='lat' dir='ltr'><strong>illi,</strong></span> <span class='ocrx_word' id='word_1_751' title='bbox 3154 4751 3253 4825; x_wconf 90' lang='lat' dir='ltr'><strong>qui</strong></span> <span class='ocrx_word' id='word_1_752' title='bbox 3299 4767 3412 4808; x_wconf 88' lang='lat' dir='ltr'><strong>non</strong></span> <span class='ocrx_word' id='word_1_753' title='bbox 3443 4755 3567 4806; x_wconf 89' lang='lat' dir='ltr'><strong>erat</strong></span> <span class='ocrx_word' id='word_1_754' title='bbox 3594 4767 3701 4806; x_wconf 81' lang='lat' dir='ltr'><strong>au-</strong></span> 
     </span>
    </p>
   </div>
   <div class='ocr_carea' id='block_1_109' title="bbox 2042 4838 3705 4916">
    <p class='ocr_par' dir='ltr' id='par_1_109' title="bbox 2042 4838 3705 4916">
     <span class='ocr_line' id='line_1_109' title="bbox 2042 4838 3705 4916; baseline -0.002 -18"><span class='ocrx_word' id='word_1_755' title='bbox 2042 4843 2314 4899; x_wconf 86' lang='lat' dir='ltr'><strong>diturus?</strong></span> <span class='ocrx_word' id='word_1_756' title='bbox 2330 4841 2470 4916; x_wconf 90' lang='lat' dir='ltr'><strong>quid</strong></span> <span class='ocrx_word' id='word_1_757' title='bbox 2486 4842 2668 4912; x_wconf 90' lang='lat' dir='ltr'><strong>naris,</strong></span> <span class='ocrx_word' id='word_1_758' title='bbox 2688 4842 2792 4916; x_wconf 91' lang='lat' dir='ltr'><strong>qui</strong></span> <span class='ocrx_word' id='word_1_759' title='bbox 2809 4840 3147 4898; x_wconf 90' lang='lat' dir='ltr'><strong>nullatenus</strong></span> <span class='ocrx_word' id='word_1_760' title='bbox 3162 4838 3480 4914; x_wconf 87' lang='lat' dir='ltr'><strong>fragrantia</strong></span> <span class='ocrx_word' id='word_1_761' title='bbox 3490 4839 3705 4896; x_wconf 88' lang='lat' dir='ltr'><strong>sentie-</strong></span> 
     </span>
    </p>
   </div>
   <div class='ocr_carea' id='block_1_110' title="bbox 2042 4927 3705 5004">
    <p class='ocr_par' dir='ltr' id='par_1_110' title="bbox 2042 4927 3705 5004">
     <span class='ocr_line' id='line_1_110' title="bbox 2042 4927 3705 5004; baseline -0.003 -16"><span class='ocrx_word' id='word_1_762' title='bbox 2042 4931 2190 4988; x_wconf 84' lang='lat' dir='ltr'><strong>bat?</strong></span> <span class='ocrx_word' id='word_1_763' title='bbox 2220 4932 2400 4988; x_wconf 90' lang='lat' dir='ltr'><strong>Nares</strong></span> <span class='ocrx_word' id='word_1_764' title='bbox 2431 4949 2466 4988; x_wconf 87' lang='lat' dir='ltr'><strong>a</strong></span> <span class='ocrx_word' id='word_1_765' title='bbox 2488 4934 2765 5003; x_wconf 85' lang='lat' dir='ltr'><strong>gnaritate</strong></span> <span class='ocrx_word' id='word_1_766' title='bbox 2789 4931 2956 4988; x_wconf 74' lang='lat' dir='ltr'><strong>dictas</strong></span> <span class='ocrx_word' id='word_1_767' title='bbox 2978 4934 3138 4998; x_wconf 89' lang='lat' dir='ltr'><strong>sunt,</strong></span> <span class='ocrx_word' id='word_1_768' title='bbox 3169 4929 3325 5004; x_wconf 91' lang='lat' dir='ltr'><strong>quod</strong></span> <span class='ocrx_word' id='word_1_769' title='bbox 3356 4944 3463 4986; x_wconf 89' lang='lat' dir='ltr'><strong>uos</strong></span> <span class='ocrx_word' id='word_1_770' title='bbox 3484 4927 3705 4984; x_wconf 85' lang='lat' dir='ltr'><strong>faciant</strong></span> 
     </span>
    </p>
   </div>
   <div class='ocr_carea' id='block_1_111' title="bbox 2041 5021 2690 5096">
    <p class='ocr_par' dir='ltr' id='par_1_111' title="bbox 2041 5021 2690 5096">
     <span class='ocr_line' id='line_1_111' title="bbox 2041 5021 2690 5096; baseline -0.002 -18"><span class='ocrx_word' id='word_1_771' title='bbox 2041 5021 2322 5078; x_wconf 89' lang='lat' dir='ltr'><strong>odoratus</strong></span> <span class='ocrx_word' id='word_1_772' title='bbox 2354 5036 2690 5096; x_wconf 88' lang='lat' dir='ltr'><strong>agnoscere.</strong></span> 
     </span>
    </p>
   </div>
   <div class='ocr_carea' id='block_1_112' title="bbox 2044 5106 3703 5184">
    <p class='ocr_par' dir='ltr' id='par_1_112' title="bbox 2044 5106 3703 5184">
     <span class='ocr_line' id='line_1_112' title="bbox 2044 5106 3703 5184; baseline -0.002 -18"><span class='ocrx_word' id='word_1_773' title='bbox 2044 5111 2112 5167; x_wconf 87' lang='grc'><strong>15</strong></span> <span class='ocrx_word' id='word_1_774' title='bbox 2184 5110 2374 5167; x_wconf 76' lang='lat' dir='ltr'><strong>Manus</strong></span> <span class='ocrx_word' id='word_1_775' title='bbox 2421 5111 2623 5169; x_wconf 85' lang='lat' dir='ltr'><strong>habent</strong></span> <span class='ocrx_word' id='word_1_776' title='bbox 2649 5118 2702 5168; x_wconf 87' lang='lat' dir='ltr'><strong>et</strong></span> <span class='ocrx_word' id='word_1_777' title='bbox 2735 5126 2846 5168; x_wconf 85' lang='lat' dir='ltr'><strong>non</strong></span> <span class='ocrx_word' id='word_1_778' title='bbox 2885 5110 3211 5184; x_wconf 87' lang='lat' dir='ltr'><strong>palpabunt.</strong></span> <span class='ocrx_word' id='word_1_779' title='bbox 3273 5107 3442 5167; x_wconf 79' lang='lat' dir='ltr'><strong>Pedes</strong></span> <span class='ocrx_word' id='word_1_780' title='bbox 3496 5106 3703 5164; x_wconf 82' lang='lat' dir='ltr'><strong>habent</strong></span> 
     </span>
    </p>
   </div>
   <div class='ocr_carea' id='block_1_113' title="bbox 2217 5201 3672 5257">
    <p class='ocr_par' dir='ltr' id='par_1_113' title="bbox 2217 5201 3672 5257">
     <span class='ocr_line' id='line_1_113' title="bbox 2217 5201 3672 5257; baseline -0.001 -1"><span class='ocrx_word' id='word_1_781' title='bbox 2217 5206 2269 5257; x_wconf 89' lang='lat' dir='ltr'><strong>et</strong></span> <span class='ocrx_word' id='word_1_782' title='bbox 2295 5215 2406 5257; x_wconf 89' lang='lat' dir='ltr'><strong>non</strong></span> <span class='ocrx_word' id='word_1_783' title='bbox 2433 5201 2827 5257; x_wconf 86' lang='lat' dir='ltr'><strong>ambulabunt:</strong></span> <span class='ocrx_word' id='word_1_784' title='bbox 3667 5235 3672 5238; x_wconf 94' lang='lat'><strong><em>-</em></strong></span> 
     </span>
    </p>
   </div>
   <div class='ocr_carea' id='block_1_114' title="bbox 2182 5290 3126 5362">
    <p class='ocr_par' dir='ltr' id='par_1_114' title="bbox 2182 5290 3126 5362">
     <span class='ocr_line' id='line_1_114' title="bbox 2182 5290 3126 5362; baseline -0.003 -17"><span class='ocrx_word' id='word_1_785' title='bbox 2182 5290 2303 5346; x_wconf 85' lang='lat' dir='ltr'><strong>Non</strong></span> <span class='ocrx_word' id='word_1_786' title='bbox 2329 5290 2649 5347; x_wconf 86' lang='lat' dir='ltr'><strong>clamabunt</strong></span> <span class='ocrx_word' id='word_1_787' title='bbox 2677 5291 2736 5346; x_wconf 84' lang='lat' dir='ltr'><strong>in</strong></span> <span class='ocrx_word' id='word_1_788' title='bbox 2763 5296 2983 5362; x_wconf 82' lang='lat' dir='ltr'><strong>gutture</strong></span> <span class='ocrx_word' id='word_1_789' title='bbox 3007 5303 3126 5345; x_wconf 86' lang='lat' dir='ltr'><strong>suo.</strong></span> 
     </span>
    </p>
   </div>
   <div class='ocr_carea' id='block_1_115' title="bbox 2112 5371 3700 5452">
    <p class='ocr_par' dir='ltr' id='par_1_115' title="bbox 2112 5371 3700 5452">
     <span class='ocr_line' id='line_1_115' title="bbox 2112 5371 3700 5452; baseline -0.001 -21"><span class='ocrx_word' id='word_1_790' title='bbox 2112 5379 2152 5431; x_wconf 91' lang='lat' dir='ltr'><strong>C</strong></span> <span class='ocrx_word' id='word_1_791' title='bbox 2182 5378 2331 5446; x_wconf 88' lang='lat' dir='ltr'><strong>Quid</strong></span> <span class='ocrx_word' id='word_1_792' title='bbox 2355 5395 2589 5452; x_wconf 91' lang='lat' dir='ltr'><strong>quoque</strong></span> <span class='ocrx_word' id='word_1_793' title='bbox 2612 5383 2863 5452; x_wconf 90' lang='lat' dir='ltr'><strong>prosunt</strong></span> <span class='ocrx_word' id='word_1_794' title='bbox 2887 5395 3100 5434; x_wconf 90' lang='lat' dir='ltr'><strong>manus</strong></span> <span class='ocrx_word' id='word_1_795' title='bbox 3133 5375 3242 5448; x_wconf 91' lang='lat' dir='ltr'><strong>illi,</strong></span> <span class='ocrx_word' id='word_1_796' title='bbox 3265 5375 3366 5449; x_wconf 90' lang='lat' dir='ltr'><strong>qui</strong></span> <span class='ocrx_word' id='word_1_797' title='bbox 3388 5390 3482 5432; x_wconf 88' lang='lat' dir='ltr'><strong>res</strong></span> <span class='ocrx_word' id='word_1_798' title='bbox 3502 5371 3700 5448; x_wconf 85' lang='lat' dir='ltr'><strong>palpa-</strong></span> 
     </span>
    </p>
   </div>
   <div class='ocr_carea' id='block_1_116' title="bbox 2042 5463 3701 5541">
    <p class='ocr_par' dir='ltr' id='par_1_116' title="bbox 2042 5463 3701 5541">
     <span class='ocr_line' id='line_1_116' title="bbox 2042 5463 3701 5541; baseline -0.001 -21"><span class='ocrx_word' id='word_1_799' title='bbox 2042 5463 2188 5522; x_wconf 91' lang='lat' dir='ltr'><strong>biles</strong></span> <span class='ocrx_word' id='word_1_800' title='bbox 2219 5467 2577 5540; x_wconf 85' lang='lat' dir='ltr'><strong>ignorabat?</strong></span> <span class='ocrx_word' id='word_1_801' title='bbox 2606 5468 2749 5541; x_wconf 90' lang='lat' dir='ltr'><strong>quid</strong></span> <span class='ocrx_word' id='word_1_802' title='bbox 2781 5484 2906 5541; x_wconf 91' lang='lat' dir='ltr'><strong>pes,</strong></span> <span class='ocrx_word' id='word_1_803' title='bbox 2932 5467 3032 5541; x_wconf 91' lang='lat' dir='ltr'><strong>qui</strong></span> <span class='ocrx_word' id='word_1_804' title='bbox 3060 5482 3123 5524; x_wconf 88' lang='lat' dir='ltr'><strong>se</strong></span> <span class='ocrx_word' id='word_1_805' title='bbox 3151 5481 3386 5522; x_wconf 88' lang='lat' dir='ltr'><strong>movere</strong></span> <span class='ocrx_word' id='word_1_806' title='bbox 3405 5479 3520 5520; x_wconf 88' lang='lat' dir='ltr'><strong>non</strong></span> <span class='ocrx_word' id='word_1_807' title='bbox 3544 5467 3701 5536; x_wconf 86' lang='lat' dir='ltr'><strong>pote-</strong></span> 
     </span>
    </p>
   </div>
   <div class='ocr_carea' id='block_1_117' title="bbox 2042 5551 3701 5626">
    <p class='ocr_par' dir='ltr' id='par_1_117' title="bbox 2042 5551 3701 5626">
     <span class='ocr_line' id='line_1_117' title="bbox 2042 5551 3701 5626; baseline -0.002 -15"><span class='ocrx_word' id='word_1_808' title='bbox 2042 5556 2182 5611; x_wconf 87' lang='lat' dir='ltr'><strong>rat?</strong></span> <span class='ocrx_word' id='word_1_809' title='bbox 2211 5556 2464 5614; x_wconf 89' lang='lat' dir='ltr'><strong>Additur</strong></span> <span class='ocrx_word' id='word_1_810' title='bbox 2485 5557 2700 5624; x_wconf 91' lang='lat' dir='ltr'><strong>irrisio,</strong></span> <span class='ocrx_word' id='word_1_811' title='bbox 2721 5573 2836 5613; x_wconf 89' lang='lat' dir='ltr'><strong>non</strong></span> <span class='ocrx_word' id='word_1_812' title='bbox 2871 5555 3234 5623; x_wconf 86' lang='lat' dir='ltr'><strong>clamabunt,</strong></span> <span class='ocrx_word' id='word_1_813' title='bbox 3259 5551 3398 5626; x_wconf 89' lang='lat' dir='ltr'><strong>quia</strong></span> <span class='ocrx_word' id='word_1_814' title='bbox 3423 5551 3620 5609; x_wconf 63' lang='lat' dir='ltr'><strong>bestia</strong></span> <span class='ocrx_word' id='word_1_815' title='bbox 3641 5556 3701 5608; x_wconf 88' lang='lat' dir='ltr'><strong>et</strong></span> 
     </span>
    </p>
   </div>
   <div class='ocr_carea' id='block_1_118' title="bbox 2041 5639 3699 5718">
    <p class='ocr_par' dir='ltr' id='par_1_118' title="bbox 2041 5639 3699 5718">
     <span class='ocr_line' id='line_1_118' title="bbox 2041 5639 3699 5718; baseline -0.002 -19"><span class='ocrx_word' id='word_1_816' title='bbox 2041 5648 2207 5700; x_wconf 90' lang='lat' dir='ltr'><strong>muta</strong></span> <span class='ocrx_word' id='word_1_817' title='bbox 2235 5645 2517 5703; x_wconf 86' lang='lat' dir='ltr'><strong>animalia</strong></span> <span class='ocrx_word' id='word_1_818' title='bbox 2543 5663 2714 5704; x_wconf 87' lang='lat' dir='ltr'><strong>voces</strong></span> <span class='ocrx_word' id='word_1_819' title='bbox 2745 5646 2987 5718; x_wconf 85' lang='lat' dir='ltr'><strong>habent,</strong></span> <span class='ocrx_word' id='word_1_820' title='bbox 3019 5645 3120 5702; x_wconf 87' lang='lat' dir='ltr'><strong>sed</strong></span> <span class='ocrx_word' id='word_1_821' title='bbox 3149 5643 3430 5700; x_wconf 82' lang='lat' dir='ltr'><strong>confusus</strong></span> <span class='ocrx_word' id='word_1_822' title='bbox 3479 5639 3699 5706; x_wconf 82' lang='lat' dir='ltr'><strong>clamor</strong></span> 
     </span>
    </p>
   </div>
   <div class='ocr_carea' id='block_1_119' title="bbox 2041 5731 3700 5806">
    <p class='ocr_par' dir='ltr' id='par_1_119' title="bbox 2041 5731 3700 5806">
     <span class='ocr_line' id='line_1_119' title="bbox 2041 5731 3700 5806; baseline 0 -19"><span class='ocrx_word' id='word_1_823' title='bbox 2041 5731 2291 5792; x_wconf 87' lang='lat' dir='ltr'><strong>istorum</strong></span> <span class='ocrx_word' id='word_1_824' title='bbox 2321 5739 2430 5793; x_wconf 89' lang='lat' dir='ltr'><strong>est.</strong></span> <span class='ocrx_word' id='word_1_825' title='bbox 2457 5735 2574 5796; x_wconf 86' lang='lat' dir='ltr'><strong>Ista</strong></span> <span class='ocrx_word' id='word_1_826' title='bbox 2590 5740 2785 5795; x_wconf 84' lang='lat' dir='ltr'><strong>autem</strong></span> <span class='ocrx_word' id='word_1_827' title='bbox 2808 5733 3146 5806; x_wconf 88' lang='lat' dir='ltr'><strong>simulacra,</strong></span> <span class='ocrx_word' id='word_1_828' title='bbox 3171 5748 3276 5792; x_wconf 88' lang='lat' dir='ltr'><strong>nec</strong></span> <span class='ocrx_word' id='word_1_829' title='bbox 3296 5731 3627 5789; x_wconf 87' lang='lat' dir='ltr'><strong>humanum</strong></span> <span class='ocrx_word' id='word_1_830' title='bbox 3643 5734 3700 5804; x_wconf 81' lang='lat' dir='ltr'><strong>et</strong></span> 
     </span>
    </p>
   </div>
  </div>
