5516 6412
1280 424 1395 484 427

1263 557 1354 612 ‘25
1428 553 1821 610 Benedimimus
1855 553 2003 605 vobis
2033 549 2097 604 dc
2121 549 2273 603 domo
2303 548 2525 602 Domini
2551 564 2568 598 :

1426 649 1565 702 Deus
1592 645 1857 700 Dominus
1887 648 1940 696 et
1969 641 2161 695 illuxit
2191 639 2364 692 nobis.

1361 733 1410 792 Η
1439 731 1856 790 Benediximus
1886 731 2070 795 vobis,
2101 726 2282 783 sancti
2315 727 2384 780 de
2415 723 2630 778 ccrlesti
2664 721 2941 776 Hierusa-

1293 823 1410 880 lem
1443 821 1702 896 parvulis
1728 819 1995 876 Ecclesite
2027 816 2394 873 benedicunt.
2419 814 2457 868 C
2485 810 2581 866 γει
2611 809 2855 882 apostoli
2889 813 2944 862 et

1297 911 1560 969 Ecclesia:
1593 909 1811 984 praelati
1843 909 2042 963 dicunt
2075 907 2146 961 ad
2179 903 2458 977 populum
2491 901 2741 965 fidelem,
2773 900 2946 953 Bene-

1297 1001 1552 1058 diximus
1581 999 1745 1055 vobis
1773 999 1842 1054 de
1872 999 2045 1053 domo
2075 994 2332 1060 Domini,
2364 993 2418 1045 id
2447 997 2537 1046 est
2571 989 2822 1044 Ecclesia
2853 1005 2944 1040 ca-

1297 1089 1533 1157 tholica,
1568 1089 1718 1145 unde
1775 1087 2031 1142 salutare
2084 1083 2380 1156 baptisma
2427 1081 2604 1147 venit,
2633 1084 2690 1133 et
2749 1081 2950 1132 sancta

1299 1178 1746 1237 communicatio
1789 1176 2067 1250 procedit.
2101 1173 2266 1230 Unde
2299 1179 2354 1228 et
2399 1171 2590 1226 omnis
2621 1166 2949 1222 benedictio

1295 1269 1572 1344 procedit,
1595 1272 1651 1324 et
1671 1266 1956 1323 Dominus
1978 1265 2133 1321 Deus
2157 1280 2265 1318 sua
2293 1259 2714 1317 resurrectione
2740 1255 2951 1311 illumi-

1295 1359 1454 1416 navit
1484 1359 1752 1414 tenebras
1784 1362 2036 1412 nostras.

1292 1450 1364 1504 26
1437 1447 1759 1504 Constituite
1786 1447 1932 1502 diem
1961 1446 2254 1500 solemnem
2291 1445 2344 1496 in
2373 1439 2654 1496 condensis
2684 1455 2704 1490 .-

1440 1539 1610 1610 Usque
1634 1537 1706 1592 ad
1734 1553 1903 1592 cornu
1930 1535 2145 1590 altaris.

1367 1628 1410 1684 G
1439 1625 1790 1683 Constituite
1836 1624 2002 1692 dicit,
2051 1623 2110 1677 id
2161 1626 2248 1676 est
2299 1619 2617 1675 deliberata
2665 1615 2958 1670 sententia

1303 1715 1616 1782 custodite,
1648 1719 1706 1770 et
1747 1717 2020 1786 prompta
2065 1711 2360 1766 voluntate
2409 1709 2562 1762 diem
2612 1705 2956 1768 solemnem,

1309 1805 1410 1878 qui
1436 1804 1658 1860 honore
1689 1803 1789 1858 Dei
1822 1807 1879 1858 et
1905 1807 2239 1857 sanctorum
2284 1798 2646 1853 confessione
2697 1799 2960 1848 sacratus

1309 1900 1419 1950 est.
1455 1893 1518 1950 In
1549 1891 1884 1959 condensis,
1906 1891 2012 1946 hoc
2043 1899 2152 1958 est,
2177 1890 2234 1942 in
2262 1885 2823 1958 frequentationibus
2847 1898 2963 1937 cre-
2994 1913 3044 1979 Β

1313 1982 1456 2048 bris,
1472 1997 1619 2053 quas
1640 1979 1814 2034 turba
1836 1978 1894 2034 in
1917 1978 2282 2033 veneratione
2302 1974 2399 2030 Dei
2422 1971 2962 2041 condensat.L'sque

1316 2071 1388 2127 ad
1419 2086 1601 2126 cornu
1633 2067 1859 2136 altaris,
1888 2067 1943 2122 id
1971 2070 2059 2122 est
2090 2071 2151 2120 ut.
2190 2082 2304 2120 non
2354 2062 2620 2118 recedant
2652 2066 2963 2131 antequam

1315 2161 1388 2218 ad
1421 2159 1600 2214 altare
1655 2157 1754 2213 Dei
1807 2157 1966 2228 digni
2030 2154 2485 2212 communicent.
2515 2156 2624 2206 Per
2681 2151 2782 2204 hoc
2829 2167 2965 2219 ergo

1311 2248 1656 2323 prohibetur
1683 2247 1860 2319 (quod
1893 2245 2092 2302 multis
2125 2247 2179 2300 in
2217 2262 2324 2298 usu
2354 2245 2458 2314 est)
2489 2242 2689 2298 audita
2723 2240 2967 2309 Evange-

1309 2339 1372 2395 lii
1404 2338 1649 2395 lectione
1679 2336 2002 2392 discedere.

1307 2422 1380 2476 27
1451 2420 1591 2474 Deus
1619 2433 1769 2473 meus
1818 2409 1908 2485 Ἄ
1953 2433 2006 2472 es
2065 2420 2079 2480 ζ
2117 2423 2172 2470 tu
2205 2423 2256 2470 et
2285 2413 2575 2482 conﬁtebor
2605 2412 2745 2466 tibi:

1453 2501 1590 2556 Deus
1619 2514 1773 2554 meus
1820 2490 1908 2566 0X-
1954 2512 2006 2551 εδ
2058 2501 2073 2560 ζ
2123 2505 2181 2549 tu
2210 2499 2261 2548 et
2291 2494 2543 2548 multabo
2574 2500 2641 2546 te.

1384 2591 1426 2646 C
1453 2589 1696 2644 Rectum
1727 2591 1819 2642 est
1849 2585 2005 2640 enim
2042 2589 2106 2638 ut
2136 2584 2319 2638 Deum
2357 2599 2484 2637 esse
2516 2585 2781 2634 nostrum
2813 2579 2970 2632 dica-

1318 2693 1664 2750 mus,qnem
1689 2691 1838 2748 pura
1857 2678 2048 2728 mente
2073 2690 2188 2726 non
2213 2688 2510 2725 cessamus
2535 2669 2794 2723 adorare.
2811 2668 2971 2733 Quod

1321 2771 1519 2823 autem
1541 2765 1703 2830 dicit,
1728 2763 2067 2826 conﬁtebor,
2091 2760 2160 2814 ad
2187 2759 2503 2832 gratiarum
2536 2759 2782 2828 pertinet
2806 2757 2975 2810 actio-

1323 2871 1482 2912 nem.
1515 2851 1790 2908 Exaltabo
1813 2856 1893 2916 te,
1917 2849 2053 2922 quia
2091 2849 2376 2904 exaltatur
2404 2853 2551 2902 Deus
2579 2864 2678 2918 per
2703 2847 2976 2918 praedica-

1322 2943 1546 3000 tionem
1575 2944 1933 2996 sanctorum.

1322 3036 1396 3088 28
1465 3039 1520 3098 ὲ-
1562 3030 1868 3101 Conﬁtcbor
1895 3030 2014 3096 tibi,
2039 3029 2298 3100 quoniam
2330 3027 2606 3082 mandisti
2637 3041 2720 3079 mc
2761 3030 2808 3089 ξε

1465 3128 1520 3188 {—
1565 3123 1631 3176 Et
1655 3119 1840 3194 factus
1867 3134 1922 3173 es
1953 3118 2091 3172 mihi
2119 3119 2175 3172 in
2201 3118 2432 3171 salutem
2479 3121 2526 3178 ζ.

1394 3214 1444 3266 Η
1473 3209 1804 3266 Conﬁtebor
1831 3207 1958 3270 tibi,
1993 3207 2254 3272 Domine,
2281 3206 2556 3277 quoniam
2596 3203 2814 3258 audisti
2865 3219 2975 3266 me,

1322 3305 1382 3357 et
1411 3300 1596 3356 factus
1625 3315 1688 3354 es
1711 3297 1856 3353 mihi
1885 3295 1943 3351 in
1971 3295 2244 3363 salutem,
2271 3295 2484 3349 scilicet
2511 3300 2571 3348 ut
2603 3311 2735 3346 cum
2761 3292 2978 3347 sanctis
3009 3285 3054 3354 C

1321 3391 1441 3446 tuis
1470 3406 1562 3445 me
1588 3389 1648 3444 in
1680 3386 1900 3442 ccslesti
1933 3385 2294 3440 Hierusalem
2330 3384 2605 3440 sociares.

1321 3479 1395 3532 29
1466 3476 1820 3548 Conﬁtemini
1850 3476 2084 3530 Domino
2115 3475 2373 3544 quoniam
2406 3473 2575 3527 bonus
2604 3491 2621 3526 :

1472 3567 1753 3638 Quoniam
1780 3565 1842 3618 in
1871 3563 2134 3618 saeculum
2166 3562 2544 3616 misericordia
2574 3562 2708 3631 cjus.

1403 3656 1445 3710 Ο
1472 3654 1575 3708 Hic
1607 3668 1841 3725 quoque
1881 3668 2087 3706 versus
2115 3651 2173 3706 in
2205 3651 2391 3722 capite
2443 3649 2651 3722 psalmi
2705 3649 2984 3722 probatur

1333 3760 1462 3803 esse
1485 3744 1615 3815 jam
1640 3741 1851 3808 dictus,
1876 3745 1941 3795 ut
1970 3739 2123 3795 sicut
2150 3757 2182 3795 a
2202 3739 2430 3794 Christo
2463 3740 2594 3794 fecit
2626 3739 2878 3806 initium,
2903 3739 2983 3792 ita

1333 3834 1448 3908 ipsi
1479 3831 1831 3889 concordare
1860 3829 2124 3884 videatur
2155 3834 2210 3884 et
2241 3830 2394 3899 finis,
2429 3830 2553 3902 ipse
2596 3830 2750 3884 enim
2792 3829 2936 3883 dixit
2965 3845 2978 3883 :

1332 3924 1452 3997 Ego
1482 3937 1614 3979 sum
1663 3917 1841 3992 alpha
1867 3923 1923 3974 et
1955 3934 2162 3990 omega
2195 3919 2377 3989 (Apoc.
2409 3920 2470 3984 ι),
2503 3922 2558 3972 et
2587 3918 2663 3972 ita
2713 3918 2769 3973 in
2822 3918 2978 3971 omni

1329 4013 1448 4068 vita
1479 4014 1697 4074 nostra.
1721 4007 2147 4064 confessionem
2177 4025 2281 4063 nos
2312 4012 2534 4080 Oportet
2573 4023 2895 4077 assumere,
2929 4011 2983 4062 et

1329 4102 1389 4158 in
1419 4101 1609 4175 ipsius
1641 4097 2025 4156 delectatione
2056 4096 2244 4152 finire.

1792 4203 2000 4242 ORATIO
2039 4204 2108 4241 EX
2149 4203 2306 4242 PSAL.
2348 4204 2518 4242 CXVII.

1396 4277 1726 4335 Consolatio
1755 4275 2200 4332 tribulationum
2228 4279 2562 4330 nostrarum
2591 4276 2856 4348 piissime
2880 4274 2985 4330 Do-

1326 4367 1506 4436 mine,
1539 4367 1640 4440 qui
1663 4367 1963 4438 justorum
1991 4364 2367 4421 tabernacula
2412 4364 2611 4419 laetitia
2650 4371 2706 4421 et
2737 4364 2985 4420 exsulta-

1327 4457 1485 4513 tione
1517 4455 1844 4530 perfundis,
1869 4453 2060 4509 exalta
2089 4453 2404 4509 Ecclesium
2452 4459 2614 4508 tuam
2646 4453 2856 4510 virtute
2889 4470 2985 4526 po-

1325 4545 1505 4602 tentis
1535 4545 1771 4610 dextrae,
1791 4560 1908 4616 qua
1952 4543 2056 4598 fiat
2081 4542 2531 4615 portajustitize,
2559 4547 2615 4598 et
2647 4542 2730 4598 ita
2777 4560 2837 4598 se
2887 4560 2985 4598 an-

1325 4633 1517 4708 gulari
1552 4633 1869 4689 stabilitate
1899 4636 2226 4697 connectat,
2261 4637 2325 4687 ut
2355 4637 2456 4686 tua
2502 4633 2872 4687 miseratione
2904 4649 2986 4687 re-

1325 4723 1563 4797 fulgent.
1599 4723 1704 4778 Per
1729 4722 2046 4778 Dominum
2079 4727 2346 4777 nostrum
2371 4721 2598 4786 Jesum,
2630 4726 2737 4776 etc.

1855 4828 2185 4886 PSALMUS
2217 4829 2456 4884 CXVIII.

1736 4919 2134 4958 ARGUMENTUM
2184 4918 2341 4956 PSAL.
2383 4918 2573 4958 CXVIII.

1393 4995 1436 5050 C
1467 4993 1572 5048 Per
1601 4997 1787 5048 totum
1827 4992 1982 5048 hunc
2033 4991 2330 5064 psalmum
2377 4990 2720 5047 universalis
2753 4996 2982 5047 sancto-

1326 5100 1458 5139 rum
1491 5083 1707 5137 chorus
1737 5081 2050 5152 eloquitur,
2075 5080 2176 5154 qui
2203 5082 2276 5136 ab
2307 5081 2473 5137 initio
2495 5082 2700 5137 mundi
2725 5081 2980 5149 fuerunt,

1326 5172 1450 5227 sive
1479 5174 1639 5234 sunt,
1667 5170 1788 5224 sive
1814 5170 1993 5224 futuri
2019 5187 2147 5225 esse
2174 5170 2512 5237 creduntur,
2539 5170 2690 5227 inter
2715 5188 2863 5242 quos
2892 5186 2980 5225 re-

1327 5257 1640 5330 periuntur
1685 5255 1952 5327 apostoli,
1985 5259 2300 5330 prephctze,
2335 5265 2642 5332 martyres,
2685 5261 2982 5316 confesso-

1327 5362 1450 5412 res,
1479 5343 1854 5400 ecclesiastici
1897 5347 2148 5413 ordines,
2183 5353 2239 5401 et
2267 5365 2468 5404 omnes
2501 5350 2599 5422 qui
2642 5355 2846 5406 sancta
2873 5355 2981 5405 Do-

1329 5433 1510 5490 mino.
1539 5433 1878 5506 integritate
1928 5434 2302 5492 famulantur.
2329 5438 2430 5492 Est
2479 5443 2676 5494 autem
2725 5439 2982 5498 Hebraeis

1329 5521 1634 5579 elementis
1679 5521 1784 5577 tali
1827 5521 2032 5576 ordine
2071 5523 2458 5593 depictus:ut
2505 5529 2576 5584 ab
2626 5547 2983 5603 unaquaque

1299 5609 1526 5671 :littera
1576 5610 1771 5665 octoni
1795 5623 2001 5664 versus
2043 5609 2341 5683 incipiant,
2373 5632 2621 5687 quorum
2655 5619 2846 5689 prima
2895 5621 2984 5675 lit-

1329 5702 1473 5772 tere,
1519 5697 1729 5771 Aleph,
1789 5696 2206 5772 interpretatur
2259 5702 2540 5761 doctrina.
2587 5707 2629 5763 Β
2679 5708 2744 5762 Et
2789 5709 2980 5786 primo

2194 417 2259 476 S.
2303 409 2702 477 BBUNONIS
2743 400 3366 468 HERBIPOLENSIS
3412 398 3789 462 EPISCOPI.

2973 542 3019 605 Α
3062 539 3199 589 imm
3216 533 3463 588 aculalis
3489 534 3578 587 \ia
3609 531 3834 589 Domini
3869 548 3880 584 ζ
3910 535 4120 584 αξιοι·ηᾶ
4153 525 4445 580 beatitudo
4477 525 4653 596 promit

4561 391 4652 450 428

3050 628 3216 680 titur.

3677 709 3792 766 TT.
3827 708 4084 763 Alleluia.

3581 800 3624 855 ll
3659 799 3863 871 .\lcph.
3895 797 4180 853 doctrina.

3095 895 3118 948 1
3198 895 3354 948 Beati
3388 892 3730 945 immaculati
3758 891 3812 943 in
3847 889 3934 942 ria
3967 905 3985 941 :

3200 984 3317 1053 Qui
3347 982 3633 1033 ambulant
3667 981 3724 1033 in
3757 979 3871 1046 [ευρ
3900 976 4140 1032 Domini.

3130 1073 3171 1127 C
3203 1072 3520 1125 Videamus
3563 1085 3738 1133 nunc,
3774 1085 3900 1139 qua:
3948 1066 4003 1120 in
4056 1065 4161 1120 hoc
4193 1061 4405 1116 cu-lesti
4437 1058 4664 1132 paradiso

3063 1180 3234 1234 poma
3269 1169 3573 1214 nascantur
3605 1156 3911 1229 spiritalia.
3939 1153 4135 1211 Sancti
4168 1153 4323 1209 enim
4357 1146 4665 1204 immaculati

3063 1251 3230 1316 ﬁunt,
3274 1249 3509 1321 quando
3561 1246 3933 1318 indulgentim
3967 1259 4211 1298 munera
4255 1243 4666 1310 consequuntur,

3064 1339 3230 1394 aliter
3259 1339 3414 1393 enim
3461 1343 3514 1392 et
3561 1354 3660 1408 per
3693 1354 3751 1390 se.
3783 1340 3870 1390 est
3919 1351 4090 1389 nemo
4143 1327 4541 1385 immaculatus
4583 1325 4668 1380 nisi

3065 1429 3226 1484 solus
3254 1429 3436 1494 Deus;
3473 1427 3566 1480 ille
3607 1427 3761 1480 enim
3808 1424 3971 1480 solus
4003 1419 4346 1476 naturaliter
4376 1414 4671 1472 immacula-

3066 1523 3160 1572 tus
3187 1523 3293 1573 est.
3331 1517 3390 1571 ln
3427 1517 3538 1582 \ia,
3568 1516 3620 1569 id
3655 1520 3743 1569 est
3777 1514 3832 1568 in
3855 1512 4108 1568 Christo.
4133 1509 4214 1566 lbi
4239 1507 4393 1562 enim
4419 1503 4672 1561 ambulare

3060 1609 3356 1678 justorum
3393 1611 3502 1670 est,
3535 1622 3647 1659 non
3698 1604 3944 1676 pedibus
3971 1598 4263 1673 corporeis
4292 1597 4392 1651 sed
4443 1600 4580 1650 recta
4602 1609 4671 1647 ac-

3069 1698 3245 1750 tione.
3273 1695 3330 1750 ln
3364 1695 3486 1764 lege
3524 1694 3773 1759 Domini,
3800 1692 3853 1746 id
3897 1696 4005 1756 est,
4031 1690 4130 1762 qui
4171 1693 4270 1744 aut
4320 1704 4432 1742 non
4479 1685 4673 1756 peccant

3071 1791 3168 1840 aut
3204 1802 3303 1856 pcr
3335 1783 3582 1854 gratiam
3619 1783 3713 1836 Dei
3748 1799 3808 1837 sc
3839 1780 4174 1842 emendant,
4201 1781 4259 1831 et
4288 1775 4462 1847 digna
4489 1773 4585 1827 sibi
4612 1788 4675 1823 sa-

3072 1874 3399 1928 tisl'actione
3452 1873 3836 1943 prospiciunt.
3889 1870 4001 1925 Nec
4053 1871 4216 1922 vacat
4271 1863 4425 1936 quod
4472 1862 4609 1924 dicit,
4633 1859 4673 1912 in

3074 1964 3196 2034 lege
3233 1963 3479 2028 Domini,
3509 1968 3566 2014 ut
3609 1961 3994 2030 distingueret
4028 1975 4060 2012 a
4092 1955 4214 2027 lege
4254 1950 4488 2027 peccati,
4519 1950 4567 2004 in
4591 1963 4676 2018 qua

3077 2057 3404 2124 peccatores
3437 2050 3763 2104 ambulant.

3110 2147 3143 2194 2
3221 2143 3376 2196 Ilcati
3405 2143 3503 2211 qui
3533 2147 3849 2194 scrutantur
3878 2137 4190 2192 testimonia
4221 2133 4340 2205 ejus
4372 2151 4388 2186 :

3222 2232 3278 2284 In
3313 2235 3417 2283 toto
3447 2229 3604 2282 corde
3631 2231 3932 2298 exquirunt
3962 2242 4107 2280 cum.

3153 2319 3194 2374 ll
3231 2319 3384 2373 Beati
3439 2320 3536 2390 qui
3599 2323 3953 2382 scrutantur,
3990 2314 4208 2370 scilicet
4264 2317 4330 2365 ut
4385 2305 4676 2377 intelligant.

3081 2426 3212 2464 cum
3237 2408 3817 2481 pecca\'critit,corutn
3847 2405 4093 2459 testibus
4110 2393 4678 2472 deliquisse,utlegem

3085 2498 3178 2553 Dei
3207 2503 3412 2552 testem
3451 2513 3690 2550 suorum
3729 2499 4093 2567 peccatorum
4127 2491 4495 2562 cognoscant.
4517 2483 4570 2539 ln
4597 2485 4680 2534 toto

3083 2589 3253 2645 corde
3285 2586 3600 2657 exquirunt
3647 2603 3803 2648 eum,
3833 2583 3875 2638 ll
3912 2583 3962 2636 id
3997 2587 4086 2636 est
4135 2596 4249 2634 non
4295 2576 4495 2632 leviter
4519 2571 4592 2626 vel
4619 2584 4683 2622 se

3085 2678 3292 2750 gniter.
3321 2677 3492 2730 Ch‘ed
3531 2675 3626 2747 qui
3671 2680 3856 2728 totum
3913 2689 4012 2727 cor
4069 2685 4242 2725 suum
4289 2667 4363 2721 ad
4410 2661 4684 2734 Scriptum

3087 2772 3317 2822 sanctas
3348 2770 3570 2837 ponunt
3599 2782 3710 2817 non
3739 2763 3808 2817 ad
3844 2760 4116 2816 falsitatis
4139 2757 4427 2813 ambitum
4451 2757 4528 2822 {ut
4556 2749 4685 2803 hare-

3087 2857 3181 2910 tici
3231 2872 3332 2910 nec
3369 2855 3667 2908 mundana
3697 2852 3911 2924 gaudia
3943 2847 4368 2919 concupiscunt
4401 2862 4413 2899 :
4441 2843 4556 2896 ideo
4579 2852 4683 2910 pra:-

3089 2945 3377 3015 misit,qui
3399 2943 3700 2999 ambulant
3723 2942 3777 2995 in
3801 2940 3923 3012 lege
3943 2937 4202 3004 Domini;
4224 2929 4552 3004 deinde,qui
4571 2941 4684 3015 εει-ιφ-
4745 2977 4754 3002 Ι

3091 3040 3310 3099 tantur,
3335 3033 3472 3105 quia
3496 3050 3606 3086 non
3632 3037 3718 3085 est
3741 3030 3955 3101 dignus
3987 3025 4232 3081 scrutari
4257 3018 4577 3079 testimonia
4595 3013 4684 3080 Dei,

3091 3125 3200 3178 nisi
3237 3125 3332 3196 qui
3367 3141 3426 3177 se
3458 3121 3741 3194 probabili
3777 3118 4147 3190 cognoscitur
4175 3115 4403 3170 actione
4441 3114 4662 3166 tractare.

3126 3215 3161 3268 3
3238 3216 3354 3268 Non
3386 3214 3532 3267 enim
3566 3214 3661 3282 qui
3690 3219 3988 3282 operantur
4018 3210 4370 3280 iniquitatem
4402 3221 4420 3258 :

3239 3303 3294 3356 In
3332 3304 3434 3356 riis
3463 3302 3580 3371 ejus
3611 3300 4050 3354 ambulaverunt.

3163 3393 3203 3445 C
3229 3392 3428 3447 Merito
3453 3390 3606 3445 enim
3633 3389 3910 3443 dicuntur
3935 3388 3990 3441 in
4019 3387 4128 3442 viis
4152 3383 4380 3440 Domini
4407 3396 4514 3436 non
4537 3374 4691 3433 amblr

3093 3481 3232 3546 lare,
3258 3480 3356 3550 qui
3390 3483 3706 3550 operantur
3737 3475 4133 3547 iniquitatem.
4165 3470 4438 3544 Operatio
4463 3466 4599 3522 enim
4622 3458 4690 3512 ini-

3091 3569 3332 3642 quitatis
3359 3574 3446 3622 est
3477 3583 3800 3621 consensus
3834 3564 4122 3618 malorum
4157 3580 4169 3617 :
4202 3560 4306 3633 qui
4340 3566 4524 3615 tamen
4549 3570 4578 3609 a
4602 3564 4688 3603 cor-

3093 3659 3266 3713 dibus
3298 3663 3657 3722 sanctorum,
3691 3657 3844 3710 dono
3872 3653 3969 3709 Dei
4005 3653 4284 3725 probatur
4312 3649 4549 3705 alienus.

3130 3749 3159 3803 4
3241 3750 3310 3804 Tu
3343 3747 3615 3802 mandasti
3648 3764 3666 3801 :

3236 3838 3489 3892 Mandata
3521 3845 3614 3890 tua
3641 3833 3908 3890 custodiri
3939 3834 4128 3886 nimis.

3164 3926 3206 3980 C
3235 3927 3348 3981 Ista
3377 3926 3533 3982 enim
3583 3929 3670 3979 est
3719 3921 4033 3978 Dominicis
4076 3917 4373 3991 jussionis
4421 3905 4691 3970 veneranda

3093 4017 3424 4090 przeceptio,
3447 4020 3512 4070 ut
3543 4014 3821 4068 mandata
3850 4013 3979 4082 ejus
4026 4026 4138 4064 non
4174 4006 4368 4063 solum
4401 4001 4602 4062 sedule,
4624 3992 4692 4050 ειθά

3093 4112 3149 4161 et
3177 4106 3354 4160 nimie
3377 4104 3801 4160 custodiantur.
3833 4100 3990 4157 lstud
4017 4103 4210 4155 autem
4238 4096 4435 4162 nimis,
4461 4087 4693 4164 significat

3095 4195 3347 4250 multum
3381 4199 3553 4264 atque
3591 4192 3911 4255 infinitum,
3938 4191 4293 4262 quapropter
4321 4187 4473 4239 vires
4516 4183 4694 4236 nostra!

3093 4283 3598 4350 execdcre,divina
3633 4283 3832 4334 militia
3863 4285 3950 4334 est
3979 4296 3991 4333 :
4017 4277 4157 4349 quia
4185 4279 4375 4330 totum
4398 4274 4475 4327 ibi
4499 4266 4692 4325 nimium

3092 4375 3280 4442 decet,
3313 4373 3592 4445 quoniam
3636 4375 3692 4425 et
3741 4369 3879 4423 illud
3917 4367 4212 4422 infinitum
4245 4369 4356 4432 est,
4381 4361 4530 4435 quod
4573 4351 4695 4410 nobis

3094 4463 3266 4518 tribui
3304 4461 3691 4534 postulamus.

3129 4553 3166 4606 5
3242 4553 3464 4607 Utinam
3494 4551 3823 4617 dirigantur
3853 4550 3960 4604 vim
3991 4561 4130 4601 me?
4155 4564 4174 4600 :

3239 4641 3319 4696 Ad
3350 4639 3729 4694 custodiendas
3749 4639 4174 4710 justiﬁcationcs
4205 4641 4349 4689 tuas.

3164 4729 3206 4784 C
3237 4729 3468 4785 Utinam
3505 4745 3517 4783 :
3545 4729 3786 4782 verbum
3821 4741 4053 4798 semper
4082 4723 4340 4797 optantis
4370 4723 4478 4776 est.
4499 4714 4603 4768 Vis
4621 4723 4697 4761 au-

3093 4825 3210 4874 tem
3244 4823 3410 4874 actus
3441 4818 3796 4889 significant,
3826 4832 3976 4888 quos
4009 4816 4064 4869 in
4105 4814 4213 4869 hac
4245 4813 4364 4866 vita
4396 4804 4695 4889 peragit?“-

3092 4909 3202 4964 Sed
3233 4909 3374 4962 dum
3405 4886 3546 4962 dicit
3567 4886 3898 4978 dirigantur
3923 4923 3935 4960 :
3960 4903 4218 4959 ostendit
4245 4904 4524 4973 quantum
4546 4889 4604 4947 ad
4627 4886 4698 4939 ἰω-

3092 4996 3442 5053 becilitatem
3495 4997 3816 5052 humanam
3869 4995 4136 5067 pertinet,
4171 4997 4402 5046 nostras
4451 4985 4562 5039 vias
4603 4983 4694 5030 8539

3090 5085 3630 5142 tortuosas.Verum
3658 5086 3834 5139 etiam
3859 5065 3998 5138 dum
4021 5082 4203 5150 addit,
4219 5079 4288 5135 ad
4312 5065 4694 5132 custodiendas.

3099 5180 3233 5243 etc.,
3257 5175 3412 5248 quod
3444 5173 3716 5247 superius
3746 5173 3983 5246 optavit,
4008 5171 4101 5226 hic
4127 5168 4390 5243 aperuit;
4418 5164 4549 5237 quia
4569 5163 4694 5212 ηθωο

3097 5271 3325 5338 peterat
3373 5263 3670 5337 pervenire
3718 5263 3790 5318 ad
3839 5261 4253 5316 custodiendas
4294 5248 4693 5338 justiticatifmi5

3092 5355 3350 5420 Domini,
3375 5354 3488 5410 nisi
3514 5352 3915 5408 misericordia
3937 5349 4164 5408 Domini
4194 5348 4470 5422 probetur
4484 5334 4691 5396 λιιι-ἰδυί-

3125 5446 3160 5500 6
3234 5445 3375 5500 Tunc
3403 5460 3512 5498 non
3541 5442 3852 5513 confundor
3891 5459 3903 5497 :

3235 5535 3369 5590 Cum
3391 5547 3717 5606 perspexero
3749 5533 3808 5586 in
3840 5531 4091 5587 omnibus
4122 5525 4395 5583 mandatis
4425 5521 4546 5578 tuis.

3161 5629 3202 5678 C
3221 5599 3888 5688 Tunc-nonconfundar,
3904 5619 4126 5675 scilicet
4148 5619 4196 5673 si
4222 5612 4494 5671 mandata
4510 5599 4593 5660 Dei
4609 5609 4697 5670 Ρθτ·

3091 5729 3334 5791 apcxcro
3379 5712 3670 5774 universa.
3705 5709 4040 5788 Perspicere
4088 5712 4304 5776 autem,
4335 5706 4427 5759 est
4473 5688 4696 5755 manda“
