3878 6468
1507 484 1921 549 EXPOSI'I‘IO
1965 489 2101 552 PSA
2114 494 2467 558 LMORUM.

255 863 549 935 scriptum
575 869 668 920 est
703 882 715 920 :
750 865 807 920 Si
842 867 974 939 quis
995 869 1066 924 de
1089 869 1213 943 lege
1236 873 1548 932 minimum
1571 895 1685 934 non
1710 880 1924 949 fecerit,

254 968 390 1007 reus
423 957 517 1008 est
552 954 741 1010 totius
775 954 924 1028 legis
954 960 1094 1026 (Jac.
1130 964 1210 1030 ιι).

248 1041 283 1093 7
397 1041 710 1113 Conﬁtebor
736 1045 841 1099 tibi
868 1047 924 1100 in
958 1046 1256 1105 directione
1282 1054 1460 1109 cordis
1488 1073 1506 1108 :

412 1135 471 1195 ἐκ
491 1130 553 1185 1η
586 1147 648 1187 eo
691 1137 707 1197 ζ
752 1133 895 1205 quod
922 1134 1103 1191 didici
1121 1138 1339 1209 judicia
1356 1143 1602 1213 justitia'
1625 1152 1753 1203 tum.

318 1216 361 1272 C
394 1217 529 1273 Haec
564 1220 862 1277 confessio
891 1221 1123 1281 laudem
1156 1227 1468 1299 signiﬁcat.
1502 1230 1750 1290 Directio
1789 1252 1918 1292 cor-

244 1306 359 1374 dis,
394 1312 487 1362 est
519 1308 728 1378 regula
762 1314 965 1366 sancta
988 1312 1119 1368 ﬁdei
1146 1330 1318 1371 zeum
1350 1334 1467 1389 qua
1495 1337 1629 1377 eum
1652 1323 1913 1380 conﬁteri

243 1411 362 1450 non
394 1400 592 1467 potest
618 1395 1028 1453 haereticorum
1053 1400 1298 1458 distorta
1316 1407 1590 1463 versutia.
1606 1410 1747 1464 Cum
1771 1411 1914 1468 dicit

239 1482 426 1538 didici
461 1500 474 1538 :
512 1483 739 1541 indicat
771 1503 804 1541 a
837 1486 1023 1543 beatis
1052 1488 1322 1547 Patribus
1352 1493 1461 1548 sibi
1492 1497 1765 1553 traditam
1798 1499 1911 1555 dis-

239 1570 547 1643 ciplinam,
570 1589 689 1628 non
714 1574 914 1628 studio
935 1577 1327 1646 perversitatis
1348 1579 1665 1639 inventam.
1680 1584 1910 1643 Judicia

226 1659 482 1731 justitia:
511 1664 673 1729 sunt,
709 1661 851 1734 quia
879 1662 1127 1721 famulos
1160 1683 1298 1724 suos
1328 1668 1593 1727 liberavit
1622 1672 1908 1731 diabolica

234 1748 650 1820 persecutione
683 1748 1041 1807 laborantes.

2176 995 2372 1053 Omnia
2392 1000 2609 1069 judicia
2638 1007 2749 1061 oris
2773 1010 2876 1064 tui.

2103 1079 2143 1134 C
2173 1080 2394 1141 Chorus
2440 1086 2538 1144 ille
2588 1098 2922 1152 sanctorum
2971 1106 3378 1171 pronuntiasse
3424 1128 3488 1169 se
3529 1114 3672 1173 dicit

2020 1166 2246 1238 judicia
2290 1174 2488 1231 omnia
2533 1178 2649 1234 oris
2696 1181 2948 1254 Domini,
2971 1166 3117 1261 qua;
3147 1191 3375 1253 locutus
3403 1166 3507 1272 per
3533 1216 3667 1275 pro-

2027 1255 2231 1326 phetas
2264 1266 2321 1315 et
2350 1266 2665 1334 apostolos,
2699 1273 2756 1324 et
2786 1288 2912 1343 qua:
2963 1255 3061 1333 ore
3090 1279 3352 1342 Christus
3381 1255 3492 1344 suo
3516 1255 3661 1363 pra;-

2024 1342 2251 1403 dicavit.
2271 1348 2479 1407 Omnia
2507 1360 2697 1411 autem
2720 1342 2943 1428 judicia
2971 1364 3280 1439 signiﬁcat,
3295 1342 3661 1452 queas—exfip—t'a

2019 1431 2106 1486 vel
2138 1433 2293 1490 dicta
2322 1437 2544 1495 didicit.
2577 1446 2855 1503 Caaterum
2888 1431 3292 1515 universaliter
3310 1431 3660 1538 ‘nonvpo—t‘est

2019 1524 2404 1592 pronuntiari,
2437 1530 2593 1599 quod
2625 1532 2788 1589 nulla
2811 1538 3015 1594 notitia
3044 1544 3313 1613 pravalet
3340 1524 3661 1624 appreheno

2017 1607 2073 1661 di
2110 1626 2121 1663 :
2154 1610 2474 1682 ﬁguraliter
2501 1632 2637 1690 ergo
2666 1637 2767 1691 pro
2796 1629 2958 1694 parte
2986 1607 3175 1687 totum
3206 1633 3369 1693 dixit.

2017 1714 2082 1767 14
2154 1716 2215 1769 In
2246 1719 2335 1773 via
2364 1722 2793 1782 testimoniorum
2822 1737 3036 1789 tuorum
3066 1734 3354 1797 delectatus
3382 1759 3502 1801 sum
3527 1764 3548 1803 :

228 1840 264 1891 8
377 1838 783 1909 Iusti/taliones
809 1846 933 1894 tuas
961 1842 1264 1898 custodiam
1294 1862 1314 1898 :

377 1927 497 1981 Non
527 1943 617 1982 me
646 1926 1002 2001 derelinquas
1031 1947 1429 2004 usquequaque.

303 2015 346 2069 C
380 2015 677 2071 Promitlit
708 2033 773 2071 se
804 2021 1009 2072 sancta
1039 2019 1292 2076 Ecclesia
1314 2022 1765 2093 justiﬁcationes
1798 2028 1903 2084 Do-

223 2104 374 2160 mini
399 2104 701 2160 custodire
727 2121 741 2158 :
768 2108 826 2160 et
847 2107 1124 2177 quoniam
1151 2114 1383 2164 noverat
1408 2112 1753 2171 tentationes
1775 2116 1896 2172 dia-

222 2190 457 2245 bolicas
492 2191 760 2262 undique
792 2190 1062 2258 circuire,
1096 2196 1238 2266 petit
1270 2213 1332 2251 se
1362 2198 1557 2253 statim
1588 2217 1622 2256 a
1650 2200 1896 2259 Domino

216 2279 536 2345 custodiri,
570 2297 642 2335 ne
674 2280 870 2352 possit
920 2280 1113 2337 locum
1148 2284 1390 2339 nocendi
1425 2284 1658 2345 hostilis
1689 2292 1896 2347 atroci-

214 2378 316 2425 tas
345 2369 633 2424 invenire.

394 2474 811 2515 ARGUMENTUM
851 2475 1210 2522 SEQUENTIUM
1250 2480 1388 2517 OCTO
1428 2480 1718 2520 VERSUUM.

288 2548 332 2603 C
367 2549 410 2602 Β
440 2547 692 2619 Exponit
726 2546 919 2603 ﬁdelis
974 2548 1228 2620 populus
1272 2549 1329 2604 in
1382 2553 1749 2609 sermonibus
1778 2553 1887 2610 Do-

210 2637 363 2693 mini
407 2654 421 2691 :
455 2636 676 2709 quibus
697 2634 1182 2692 delectationibus
1205 2639 1553 2709 perfruatur,
1573 2643 1887 2700 ostendens

202 2743 272 2782 se
308 2741 444 2781 esse
475 2726 722 2779 domum
758 2722 987 2777 Domini
1034 2727 1089 2779 et
1124 2725 1547 2797 receptaculum
1583 2730 1885 2785 mandato-

202 2832 344 2871 rum
371 2814 523 2885 ejus,
543 2813 719 2884 cujus
742 2811 1091 2883 mysterium
1114 2814 1371 2869 secunda
1390 2814 1584 2871 littera
1606 2816 1879 2874 continet.

786 2899 835 2955 H
868 2900 1008 2955 Betli
1043 2916 1058 2955 :
1092 2902 1328 2957 domus.

195 2992 234 3046 9
350 2992 419 3047 In
448 3006 554 3064 quo
582 2990 821 3058 corrigit
847 2987 1242 3045 adolescentior
1268 2992 1417 3046 viam
1446 3008 1601 3048 suam
1624 2995 1653 3047 ?

351 3082 417 3135 In
446 3077 806 3134 custodiendo
832 3093 1111 3132 sermones
1141 3095 1286 3135 suos.

272 3172 343 3222 In
379 3184 497 3240 quo
526 3166 791 3239 corrigit.
836 3164 882 3220 H
914 3165 1018 3221 Hic
1059 3166 1346 3238 Propheta
1377 3185 1490 3224 non
1524 3168 1714 3226 solum
1746 3170 1876 3227 lon-

188 3272 432 3330 gaevam
482 3259 717 3310 aetatem
768 3253 912 3308 dicit
955 3253 1362 3326 corrigendum
1398 3272 1412 3311 :
1446 3274 1645 3312 verum
1697 3260 1871 3316 etiam

189 3344 667 3402 adolescentiam
701 3342 907 3397 edocet
936 3341 1339 3412 erudiendam,
1373 3348 1429 3399 et
1472 3344 1552 3399 ita
1582 3349 1873 3405 custodire
1901 3332 1944 3399 C

189 3434 441 3490 divinos
473 3447 783 3488 sermones
817 3448 830 3485 :
867 3434 933 3485 ut
961 3430 1136 3486 etiam
1171 3431 1217 3485 si
1263 3437 1427 3487 vetus
1466 3433 1637 3505 culpa
1666 3436 1875 3493 deﬂeta

188 3526 295 3592 sit,
333 3526 541 3578 caveat
589 3536 751 3576 nunc
802 3535 877 3575 ne
925 3518 1199 3591 cogitatio
1249 3521 1321 3575 ad
1365 3522 1725 3593 peccandum
1758 3524 1874 3580 ulla

186 3610 558 3670 consentiat.
581 3609 623 3664 C
653 3607 925 3664 Custodit
953 3608 1109 3663 enim
1141 3607 1238 3663 Dei
1271 3626 1603 3665 sermones:
1629 3628 1742 3667 non
1771 3614 1870 3684 qui

186 3707 443 3758 tantum
475 3714 576 3753 eos
610 3694 898 3753 memoria
928 3696 1159 3759 retinet.
1184 3698 1283 3752 sed
1309 3697 1406 3769 qui
1440 3699 1663 3755 actione
1692 3704 1867 3757 tenet.

186 3793 259 3847 l0
340 3793 411 3845 In
446 3791 557 3842 toto
588 3786 750 3841 corde
777 3801 897 3847 meo
930 3786 1210 3857 exquisivi
1239 3794 1291 3841 te
1319 3805 1337 3840 :

335 3879 420 3933 Ne
449 3876 687 3948 repellas
715 3890 804 3929 me
831 3890 865 3929 a
895 3873 1174 3929 mandatis
1205 3876 1335 3929 tuis.

253 3968 305 4023 C
339 3966 463 4021 ΙΙοο
498 3980 735 4036 quoque
765 3978 967 4017 manus
1011 3967 1101 4017 est
1142 3961 1371 4017 Domini
1408 3979 1420 4018 :
1454 3964 1608 4034 quod
1641 3980 1702 4020 se
1732 3980 1865 4021 eum

178 4055 409 4114 asserit
440 4058 565 4109 toto
598 4052 774 4107 corde
807 4049 1157 4122 exquisisse.
1206 4049 1329 4105 Non
1386 4051 1541 4106 enim
1585 4058 1868 4124 quaereret

179 4146 325 4219 quis
356 4144 572 4210 Deum,
592 4140 709 4196 nisi
733 4139 1059 4212 inquisitus
1085 4138 1158 4193 ab
1179 4155 1245 4194 eo
1269 4138 1495 4194 fuisset.
1516 4140 1598 4195 Ne
1619 4140 1863 4212 repellas

179 4252 276 4290 me
315 4250 330 4289 :
367 4234 543 4303 rogat
572 4244 828 4294 eum,ne
849 4227 924 4283 ab
943 4225 1332 4299 intelligentia
1364 4226 1509 4298 legis
1538 4228 1743 4285 divina:
1773 4246 1861 4286 ve-

177 4324 267 4379 lut
303 4321 598 4392 indignus
630 4316 970 4391 repellatur.
999 4316 1045 4371 Η
1092 4316 1252 4415 Vide.
1286 4316 1484 4388 igitur,
1533 4320 1597 4372 ut
1636 4335 1747 4418 non
1791 4335 1860 4418 ex

178 4418 375 4485 parte,
398 4409 504 4465 sed
530 4412 651 4463 toto
683 4406 859 4462 corde
881 4405 1063 4460 Deum
1090 4404 1357 4476 requiras
1382 4420 1393 4459 :
1423 4422 1491 4461 ne
1513 4422 1547 4461 a
1568 4406 1861 4463 mandatis

175 4504 314 4573 ejus
348 4495 684 4569 repellaris.

180 4594 239 4646 11
326 4590 393 4645 1η
424 4586 589 4642 corde
616 4601 738 4640 meo
768 4583 1032 4639 abscondi
1060 4584 1276 4655 eloquia
1309 4585 1405 4637 tua
1434 4601 1454 4638 :

330 4679 400 4735 Ut
429 4693 539 4731 non
567 4689 787 4747 peccem
818 4673 938 4728 tibi.

242 4768 291 4823 C
328 4767 397 4822 In
434 4764 610 4820 corde
656 4778 789 4817 meo
838 4760 1118 4816 abscondi
1150 4759 1384 4831 eloquia
1412 4762 1532 4815 tua.
1570 4761 1610 4815 ll
1643 4760 1684 4814 C
1712 4761 1855 4816 Nam

171 4857 331 4914 sicut
361 4855 539 4910 decet
570 4850 848 4907 ﬁdelibus
899 4854 1188 4921 przecepta
1233 4848 1332 4905 Dei
1380 4849 1693 4920 praedicare
1724 4866 1737 4904 :
1772 4850 1855 4906 sic

174 4964 290 5003 non
325 4940 719 5000 credentibus
750 4941 982 5009 oportet
1028 4936 1331 5001 abscondi,
1365 4936 1519 4992 sicut
1564 4937 1620 4991 in
1670 4937 1855 4992 Evan-

175 5035 353 5107 gelio,
410 5030 495 5085 Ne
544 5025 831 5083 dederitis
881 5025 1151 5123 salici-um
1201 5024 1446 5123 canibus
1494 5025 1704 5123 (Matth.
1734 5025 1852 5099 v11),

174 5141 278 5180 uec
311 5116 683 5192 margaritas
714 5113 931 5188 porcis.
964 5112 1005 5168 C
1038 5113 1137 5168 Est
1184 5112 1342 5167 enim
1395 5113 1615 5185 peccati
1647 5130 1853 5185 genus,

173 5208 501 5268 obstinatis
533 5205 773 5277 eloquia
802 5200 1037 5258 Domini
1069 5200 1405 5273 prazdicare.

176 5302 238 5356 12
311 5296 655 5355 Benedictus
703 5297 759 5357 ἑ·
786 5307 843 5347 es
886 5294 936 5357 ζ,
971 5291 1241 5346 Domine:

349 5389 498 5444 Doce
528 5400 621 5441 me
640 5380 1074 5455 justiﬁealiones
1105 5382 1249 5433 tuas.

239 5481 285 5533 A
318 5475 685 5533 Benedictus
716 5486 804 5535 es,
830 5466 1110 5523 Domine:
1137 5465 1232 5521 hic
1261 5466 1590 5567 benedictio
1620 5465 1853 5567 laudem

176 5566 494 5640 signiﬁcat.
530 5563 683 5619 Nam
716 5573 856 5614 cum
890 5572 1000 5611 nos
1036 5554 1439 5651 benedicimus
1488 5555 1695 5620 Deum,
1726 5554 1854 5651 eius

178 5658 323 5713 facta
351 5655 684 5713 laudamus
719 5664 732 5703 :
769 5661 908 5702 cum
956 5643 1051 5699 ille
1093 5642 1385 5698 benedicit
1435 5660 1561 5709 nos,
1597 5641 1853 5698 sanctiﬁ-

178 5751 285 5806 cat.
333 5745 489 5807 Doce
540 5758 661 5809 me,
719 5735 834 5796 hoc
883 5737 976 5793 est
1023 5734 1239 5808 praesta
1280 5729 1424 5790 mihi
1460 5731 1667 5800 facere,
1699 5729 1855 5790 unde

2153 1803 2306 1860 Sicut
2336 1809 2396 1861 in
2424 1812 2673 1868 omnibus
2699 1814 2928 1873 divitiis.

2082 1893 2121 1944 C
2148 1891 2252 1948 Via
2282 1896 2748 1958 testimoniorum
2784 1921 2797 1959 :
2831 1911 2920 1963 est
2965 1908 3249 1971 Dominus
3277 1917 3561 1991 Christus,
3590 1924 3648 1980 in

1933 1976 1979 2043 Β
2010 1992 2123 2048 quo
2173 1997 2235 2035 se
2274 1981 2604 2042 laetaturum
2653 1990 2864 2049 chorus
2909 2003 3248 2059 sanctorum
3296 2015 3511 2065 narrat.
3544 2010 3648 2068 Hic

2008 2070 2200 2122 autem
2234 2070 2465 2128 divitias
2496 2075 2787 2146 spiritales
2818 2082 3098 2144 debemus
3126 2091 3401 2165 accipere,
3426 2098 3498 2153 de
3523 2102 3650 2172 qui-

2005 2152 2116 2209 bus
2145 2157 2457 2228 Apostolus
2490 2180 2503 2217 :
2538 2165 2821 2229 Quoniam
2867 2169 2925 2225 in
2969 2152 3643 2245 omnibusdivi’tesfdct—i

2003 2241 2142 2297 estis
2175 2243 2231 2299 in
2264 2245 2410 2318 ipso,
2445 2248 2502 2303 in
2537 2253 2695 2307 omni
2732 2257 2925 2324 verba,
2958 2266 3068 2317 etc.
3097 2266 3149 2335 (1
3175 2266 3293 2323 Cor.
3327 2274 3389 2341 ι).

2004 2331 2070 2384 15
2141 2332 2201 2386 In
2234 2335 2509 2392 mandatis
2536 2341 2643 2394 tuis
2670 2346 2973 2402 exercebar.

2140 2420 2204 2474 Et
2230 2423 2577 2480 considerabo
2606 2431 2724 2484 vias
2754 2437 2893 2488 tuas.

2070 2506 2114 2561 H
2146 2509 2509 2568 Exercebor:
2551 2518 2878 2575 exercitatio
2922 2525 3238 2587 assiduitas
3284 2535 3474 2607 operis
3524 2544 3633 2599 est.

1994 2594 2370 2653 CExercetur
2419 2602 2573 2657 enim
2628 2605 2685 2660 in
2737 2612 3028 2669 mandatis
3075 2616 3308 2688 divinis,
3366 2630 3466 2696 qui
3523 2629 3635 2686 fre-

1994 2685 2194 2753 quenti
2235 2689 2566 2758 operatione
2614 2710 2682 2749 ea
2729 2696 2969 2769 implere
3018 2685 3329 2778 studuerit,
3362 2685 3418 2767 et
3447 2715 3531 2771 sic

1992 2770 2319 2829 intellectus
2347 2777 2473 2845 ejus
2503 2782 2820 2849 penetralia
2843 2791 3139 2857 pervenire
3170 2770 3631 2862 meretur.Nemo

1990 2859 2145 2914 enim
2177 2865 2401 2919 tantum
2435 2872 2721 2924 secretum
2748 2875 3081 2947 conspicere
3113 2889 3504 2959 meretur,nisi
3534 2895 3628 2949 cui

1988 2946 2190 3003 datum
2221 2950 2412 3019 fuerit,
2446 2953 2598 3010 bona
2645 2946 3078 3022 conversatione
3124 2946 3384 3031 caalestis'
3417 2946 3480 3033 se

1986 3036 2208 3091 neﬁciis
2236 3039 2584 3108 proximare.
2618 3044 2664 3100 Η
2695 3047 2832 3105 Vias
2880 3068 3012 3110 vero
3062 3056 3223 3127 dicit,
3257 3036 3624 3137 prophetiaas

1984 3123 2447 3199 apostolicasque
2475 3130 2787 3191 doctrinas.

1990 3229 2051 3282 16
2123 3231 2184 3285 1η
2202 3232 2687 3303 justiﬁcationibus
2717 3244 2828 3298 tuis
2854 3246 3157 3307 meditabor
3185 3271 3205 3309 :

2122 3321 2244 3373 Non
2272 3322 2565 3378 obliviscar
2587 3342 2855 3386 sermones
2878 3340 3012 3391 tuos.

2052 3404 2093 3459 C
2124 3405 2385 3463 Meditari
2415 3410 2570 3468 enim
2603 3414 2743 3471 dicit
2762 3419 3214 3489 justiﬁcationes
3234 3430 3334 3490 Dei
3360 3452 3375 3490 :
3399 3452 3470 3493 ne
3490 3454 3619 3512 pos-

1980 3490 2077 3560 sit,
2110 3496 2263 3565 quod
2296 3497 2526 3554 retineri
2556 3504 2803 3574 expedit,
2837 3507 2955 3564 ullo
2987 3515 3158 3570 modo
3189 3490 3471 3581 oblivisci.

2140 3616 2541 3661 ARGUMENTUM
2580 3624 2943 3671 SEQUENTIUM
2980 3632 3119 3676 OCTO
3156 3640 3449 3687 VERSUUM.

2048 3704 2089 3760 C
2119 3705 2165 3760 Η
2197 3707 2456 3799 Postulat
2483 3714 2734 3785 populus
2764 3725 3001 3779 sanctus
3032 3724 3155 3799 (qui
3184 3730 3244 3787 in
3278 3738 3430 3792 terra
3455 3738 3616 3798 inco-

1977 3791 2043 3846 lzn
2076 3795 2235 3867 sunt)
2266 3798 2503 3854 retribui
2535 3803 2781 3873 gratiam
2813 3824 2989 3880 quam
3144 3821 3336 3889 primo
3376 3791 3618 3898 parente

1975 3881 2292 3938 amiserant
2317 3902 2329 3952 ;
2362 3888 2462 3941 sed
2493 3892 2550 3943 et
2574 3898 3043 3962 persecutoribus
3073 3881 3273 3964 eorum
3305 3881 3613 3973 restituen-

1974 3968 2115 4025 dum
2145 3970 2289 4027 dicit
2319 3990 2446 4030 esse
2482 3980 2634 4048 quod
2668 3988 2869 4054 agunt.

2267 4059 2309 4114 B
2341 4061 2528 4119 Gimel
2561 4083 2574 4120 :
2609 4067 2847 4126 tributio
2877 4074 2965 4130 vel
2993 4077 3310 4147 plenitudo.

1974 4146 2039 4199 l7
2115 4146 2370 4203 Relribue
2396 4166 2547 4207 servo
2577 4160 2667 4209 tuo
2697 4174 2717 4209 .-
2748 4160 2963 4231 viviﬁca
2990 4146 3094 4221 me.

2112 4235 2176 4289 Et
2200 4237 2501 4292 custodiam
2523 4258 2794 4300 sermones
2824 4256 2961 4305 tuos.

2040 4321 2080 4376 C
2107 4321 2378 4378 Retribue
2408 4324 2697 4397 siquidem
2727 4332 2886 4422 dicit,
2902 4354 3017 4394 non
3047 4344 3269 4403 meritis
3294 4352 3489 4422 redde,
3505 4358 3607 4414 sed

1968 4408 2180 4464 iterum
2210 4410 2286 4465 da
2317 4426 2332 4467 :
2365 4415 2430 4467 ut
2461 4415 2568 4513 qui
2613 4421 2930 4488 prestilisti
2978 4428 3275 4498 petitionis
3311 4408 3605 4513 allectum:

1966 4497 2234 4553 eﬁ'ectum
2267 4503 2324 4554 et
2352 4501 2744 4571 operationem
2767 4497 2998 4584 quoque
3017 4520 3428 4588 postulationis
3447 4497 3610 4588 διά-ἓξ

1967 4584 2097 4640 bue.
2133 4586 2344 4642 Servus
2373 4588 2529 4645 enim
2560 4591 2770 4650 Christi
2812 4598 2924 4653 dici
2976 4584 3090 4660 non
3119 4612 3327 4681 potest,
3360 4584 3606 4691 nisi

1887 4690 1936 4754 D
1967 4689 2079 4728 non
2112 4674 2233 4729 suis
2266 4675 2509 4778 meritis,
2543 4681 2881 4778 sed-divina:
2924 4674 3138 4761 gratia;
3171 4674 3421 4772 reputat,
3448 4674 3605 4778 (ιιιᾏά

1968 4760 2102 4816 boni
2138 4761 2357 4834 aliquid
2391 4764 2545 4820 facit.
2595 4767 2799 4828 Divina
2844 4760 3041 4836 autem
3088 4760 3363 4844 mandata
3406 4760 3604 4851 alsia:

1969 4848 2113 4918 dire,
2148 4866 2344 4906 revera
2396 4851 2640 4912 viventis
2692 4865 2801 4915 est.
2852 4864 3013 4922 Sicut
3058 4878 3292 4931 econtra
3335 4888 3605 4941 mortuus

1966 4935 2181 4992 dicitur
2211 4936 2267 4992 in
2302 4938 2629 5012 Evangelio,
2661 4948 2759 5017 qui
2794 4954 3068 5012 mandata
3097 4975 3211 5016 non
3250 4971 3437 5023 servat

1966 5027 2129 5080 cente
2159 5025 2403 5082 Domino
2427 5044 2441 5083 :
2468 5029 2603 5087 Sine
2624 5042 2884 5097 mortuos
2910 5045 3153 5116 sepelire
3181 5057 3444 5114 mortuos
3461 5075 3602 5118 suos

1963 5113 2169 5181 (Matth.
2204 5115 2348 5185 vui).

1967 5201 2034 5254 18
2106 5202 2298 5257 Revela
2326 5205 2507 5262 oculos
2534 5224 2675 5265 meos
2695 5230 2715 5267 .-

2105 5289 2170 5344 Et
2192 5292 2541 5382 considerabo
2573 5299 2857 5360 mirabilia
2887 5307 2953 5363 de
2976 5310 3089 5382 lege
3117 5321 3231 5371 tua.

2034 5379 2075 5429 C
2104 5376 2374 5434 Revelare
2400 5380 2620 5440 dictum
2652 5393 2739 5444 est
2786 5376 3077 5456 removere
3103 5402 3318 5475 velum,
3346 5412 3598 5481 quodam
