5516 6482
1362 520 1476 587 431

2276 521 2341 581 S.
2392 517 2784 581 BRUNONIS
2828 511 3450 578 HERBIPOLENSIS
3491 514 3863 579 EPISCOPI.
4627 520 4712 586 $33

1367 673 1544 712 sensu
1575 657 1856 731 contenta
1900 653 2193 726 mysteria.
2228 653 2270 708 Η
2301 653 2456 717 Qum,
2491 652 2600 707 nisi
2634 651 2836 706 litterzc
2871 650 3019 705 vcla-
3053 652 3100 716 Α
3137 665 3292 703 nam.
3327 652 3367 701 (ἶ
3397 650 3714 703 Consilium
3749 651 3944 722 itaque
3977 651 4272 705 inventum
4303 654 4388 706 est
4422 657 4595 708 contra
4624 671 4712 710 ma-

1365 761 1506 802 men
1537 742 1883 812 abducetur,
1915 741 2236 814 intelligere
2265 758 2380 796 non
2412 757 2748 813 possumus.

1371 833 1438 888 19
1509 830 1696 888 Incola
1726 846 1822 901 ego
1852 844 1974 887 sum
2003 831 2060 885 in
2092 838 2238 886 terra
2266 847 2288 885 :

1509 924 1634 977 Non
1662 919 1956 976 abscondas
1985 936 2018 973 a
2047 933 2133 974 me
2158 917 2415 973 mandata
2447 926 2560 973 tua.

1438 1012 1480 1064 C
1507 1009 1571 1066 In
1601 1008 1710 1065 hac
1740 1012 1892 1064 terra
1911 1005 2060 1078 justi
2093 1011 2232 1062 sunt
2259 1007 2480 1073 incolae,
2501 1007 2600 1078 qui
2636 1007 2929 1079 propriam
2958 1005 3014 1060 in

1367 1095 1588 1154 mundo
1619 1113 1732 1153 non
1753 1095 1970 1152 habent
1997 1095 2364 1151 mansionem
2392 1097 2628 1160 mentis,
2649 1101 2712 1150 ut
2735 1097 2812 1150 ait
2833 1097 3016 1167 Apos-

1367 1185 1522 1243 tolus
1552 1201 1566 1240 :
1599 1185 1806 1242 Nostra
1851 1184 2213 1240 conversatio
2262 1183 2322 1239 in
2372 1184 2534 1240 oculis
2580 1189 2669 1240 est
2699 1186 2872 1254 (Phil.
2909 1184 3015 1252 iu).

3123 737 3475 808 lignantium
3507 739 3838 805 consilium,
3873 743 3928 794 et
3977 744 4181 794 contra
4225 739 4513 812 improbos
4540 741 4717 800 furores

3124 832 3180 882 et
3211 827 3460 890 dolores,
3481 828 3698 882 scilicet
3730 827 4064 884 testimonia
4093 828 4326 884 Domini
4358 830 4625 888 meditata.
4639 833 4716 889 Eo-

3126 931 3256 970 rum
3290 917 3504 988 quippe
3536 917 3806 988 cogitatio
3837 916 4133 989 quoslibet
4163 916 4392 991 mitigat
4420 917 4642 976 dolores.

3285 1021 3688 1060 ARGUMENTCM
3732 1021 4098 1067 διῖρυεκτιῦκ
4137 1019 4280 1062 oc'ro
4318 1022 4595 1063 “usuum

3201 1093 3243 1149 Β
3276 1093 3444 1149 Plebs
3477 1093 3683 1159 tidelis,
3717 1099 4057 1166 paupertate
4101 1095 4404 1152 mundana
4445 1096 4726 1164 constricta,

3119 1181 3368 1252 januam
3404 1198 3463 1236 se
3497 1181 3646 1235 veris
3679 1182 3894 1238 divitiis
3928 1183 4113 1255 aperit
4145 1197 4160 1238 :
4193 1187 4248 1238 et
4283 1184 4556 1256 frequenti
4584 1186 4726 1240 medi-

1364 1275 1636 1332 Mandata
1669 1273 1826 1330 enim
1875 1273 2133 1328 diximus
2162 1290 2176 1329 :
2211 1271 2432 1346 Diliges
2480 1272 2793 1329 Dominum
2834 1272 3018 1328 Deum
3127 1271 3542 1341 tatione,quasi
3578 1269 3830 1339 tabulas,
3873 1285 3982 1327 sua
4012 1271 4329 1345 prmeordia
4359 1271 4455 1327 Dei
4485 1272 4730 1330 mandatis

1359 1367 1526 1420 tuum
1547 1367 1638 1432 ;et
1662 1360 1898 1418 similia.
1925 1363 2052 1417 Haec
2084 1367 2252 1434 rogat
2285 1367 2349 1417 ut
2378 1362 2429 1417 ei
2459 1361 2793 1417 nullatenus
2825 1362 3017 1417 celen-

1359 1456 1476 1523 tur,
1508 1468 1636 1526 qua
1666 1452 2075 1525 peccatoribus
2106 1452 2396 1507 absconsa
2429 1452 2771 1522 probantur.

1355 1541 1427 1598 20
1501 1541 1854 1610 Caucupivil
1885 1541 2100 1598 anima
2146 1556 2278 1595 mea
2327 1540 2674 1596 desiderare
2705 1538 3016 1612 justi/ica-

1574 1630 1766 1686 tioue:
1791 1634 1934 1685 tua:
1961 1644 1981 1682 .-

1503 1720 1576 1776 ιη
1604 1717 1768 1774 οπιηί
1794 1721 2072 1790 tempore.

3127 1358 3381 1414 exhibet.

3198 1447 3242 1503 Η
3278 1448 3318 1502 Β
3345 1447 3546 1503 Daleth
3581 1465 3594 1504 :
3629 1461 3852 1521 pauper
3889 1448 3976 1504 vel
4008 1447 4221 1504 tabula:
4250 1447 4337 1505 vel
4361 1450 4556 1522 janna.

3125 1538 3199 1591 25
3271 1537 3538 1593 Adiursil
3567 1541 3907 1607 pavimento
3935 1540 4148 1596 animo
4175 1553 4308 1596 mea
4340 1553 4355 1595 :

3273 1626 3530 1697 Viriﬁca
3562 1644 3650 1681 me
3678 1627 3992 1682 secundum
4025 1627 4262 1683 verbum
4289 1633 4477 1684 tanta.

3195 1719 3235 1769 C
3264 1715 3590 1770 Adhmsisse
3625 1730 3686 1768 se
3718 1715 3858 1770 dicit
3900 1715 4060 1770 carni
4113 1727 4232 1771 sua
4266 1734 4279 1772 :
4313 1716 4467 1789 quod
4500 1716 4732 1772 vitiosum

1435 1810 1476 1862 Ο
1505 1805 1699 1863 Potest
1719 1806 1874 1862 enim
1897 1810 1953 1861 et
1974 1804 2245 1870 inﬁdelis,
2267 1807 2339 1862 ad
2371 1805 2608 1878 aliquod
2641 1812 2870 1879 tempus
2895 1824 3014 1862 rem
3125 1821 3251 1858 esse
3285 1821 3397 1859 non
3429 1805 3674 1858 dubium
3708 1803 4033 1870 est,anima
4061 1804 4218 1860 enim
4250 1804 4298 1860 si
4332 1805 4614 1862 adherant
4637 1822 4734 1860 cor-

1361 1896 1580 1954 bonam
1611 1895 2064 1968 concupiscere:
2097 1895 2196 1966 sed
2230 1895 2336 1950 hoc
2368 1901 2596 1950 constat
2628 1901 2851 1950 tantum
2888 1914 3014 1968 per-

1363 1985 1528 2042 fectis
1559 1985 1888 2051 convenire,
1920 1985 2074 2057 quod
2116 1984 2362 2049 addidit,
2394 1985 2552 2038 omni
2589 1991 2864 2057 tempore.
2899 1985 3012 2041 Hoc

3128 1892 3271 1964 peri,
3307 1892 3531 1947 delictis
3565 1894 3732 1947 favet.
3757 1893 3799 1948 ll
3825 1893 3956 1949 ideo
3985 1909 4058 1948 ne
4076 1893 4354 1950 delictum
4381 1894 4673 1950 invalescat
4695 1894 4736 1948 in

3128 1999 3240 2046 me,
3274 1988 3404 2053 peto
3438 1999 3470 2036 a
3503 1987 3556 2036 te
3588 1982 3884 2046 viviticari,
3931 1983 4122 2039 sciens
4169 1983 4450 2056 quoniam
4501 1983 4738 2054 concupi-

1298 2118 1312 2130 .
1360 2077 1452 2131 est
1505 2078 1702 2132 autem
1757 2073 2188 2145 concupiscere,
2239 2074 2392 2146 quod
2447 2074 2777 2129 desiderare
2821 2079 3013 2146 (nemo
3047 2071 3092 2089 "
3125 2073 3346 2125 scentia
3378 2073 3571 2125 carnis
3605 2077 3849 2126 mortem
3873 2071 4738 2144 operatur.CPavimentumigi-

1329 2155 1514 2232 enim
1545 2151 1859 2231 desiderat,
1894 2161 2005 2218 nisi
2055 2161 2155 2234 qui
2201 2163 2608 2234 concupiscit),
2660 2169 3016 2236 quapropter
3126 2167 3220 2214 tur
3253 2178 3354 2232 pre
3385 2175 3623 2231 corpore
3655 2161 3912 2231 punitur.
3941 2161 4041 2216 Est
4064 2160 4221 2217 enim
4250 2162 4636 2234 pavimentum
4655 2158 4739 2214 soli

1355 2251 1763 2324 plenissimam
1777 2250 2134 2307 voluntatem
2155 2250 2370 2306 indicat
2390 2252 2687 2323 geminata
2705 2253 3009 2325 professio,

1354 2339 1577 2397 scilicet
1607 2339 2089 2414 concupiscentia:
2121 2344 2176 2395 et
2213 2340 2508 2395 desiderii.

1349 2430 1417 2485 21
1495 2431 1829 2502 Increpaeli
1853 2429 2130 2500 superbo:
2155 2447 2176 2485 :

1495 2518 1808 2576 Maledicli
1825 2519 1928 2591 qui
1956 2517 2260 2575 declinant
2288 2537 2328 2574 α
2359 2519 2667 2575 mandati:
2695 2522 2837 2575 luis.

1425 2608 1472 2664 Η
1506 2607 1826 2680 Increpasti
1869 2607 2200 2680 superbos:
2235 2613 2299 2661 ut
2345 2624 2443 2663 eos
2495 2608 2568 2662 ad
2615 2608 3007 2665 humilitatem

3124 2249 3376 2318 alicujus
3393 2251 3446 2303 in
3467 2248 3757 2304 levitatem
3780 2250 4095 2304 maximam
4120 2257 4458 2306 constructa
4479 2249 4736 2306 soliditas:

3124 2345 3181 2393 et
3212 2355 3423 2410 corpus
3458 2343 3723 2393 nostrum
3757 2338 3934 2393 simili
3971 2341 4158 2396 nitore
4189 2339 4496 2412 levigatur.

3121 2432 3191 2484 26
3268 2430 3412 2483 Via:
3435 2444 3600 2482 mea:
3624 2428 3930 2483 cuunliavi
3956 2434 4010 2483 el
4040 2429 4348 2485 exaudiui
4392 2435 4451 2496 σε·
4479 2444 4565 2486 me
4602 2434 4616 2493 ζ
4653 2447 4670 2482 :

3265 2521 3412 2574 Doce
3446 2533 3532 2570 me
3548 2515 4010 2587 justi/italicae:
4041 2522 4196 2572 tum.

3194 2607 3235 2661 ll
3263 2605 3398 2660 Vias
3423 2623 3602 2668 meas,
3625 2605 3678 2659 id
3713 2612 3798 2660 est
3823 2622 3996 2677 opera
4031 2605 4247 2678 peccati
4278 2604 4742 2663 mei.Enuntian°:

1357 2699 1838 2770 sanctam,quam
1859 2695 2594 2760 docuisti,rcduceres.Vel
2622 2715 2722 2768 per
2746 2699 3009 2753 doctores
3121 2711 3224 2768 per
3255 2695 3706 2750 confessionem.
3745 2695 3810 2749 Et
3843 2696 4132 2750 exaudisti
4165 2709 4298 2752 me:
4333 2697 4479 2768 quia
4509 2690 4745 2750 remisisti

1358 2790 1494 2840 tuos
1524 2785 1793 2857 inerepas
1841 2783 2027 2840 malos
2073 2784 2361 2840 homines.
2398 2784 2688 2840 Maledicti
2739 2792 2875 2841 sunt
2907 2788 3005 2861 qui

1355 2873 1658 2930 declinant
1685 2890 1720 2928 a
1749 2873 2043 2928 mandatis
2081 2873 2174 2928 Dei
2211 2889 2223 2928 :
2260 2873 2358 2926 sed
2392 2877 2529 2928 tunc
2559 2873 2706 2944 pleni
2719 2881 2801 2929 ter
2831 2879 3006 2931 male-

1357 2960 1499 3018 dicti
1529 2964 1714 3030 erant,
1748 2959 1982 3033 quando
2013 2959 2277 3014 dicturus
2299 2959 2406 3014 erit
2430 2977 2444 3016 :
2471 2959 2573 3026 Ite,
2604 2960 2913 3028 maledicti,
2948 2963 3005 3018 in

1354 3049 1554 3122 ignem
1601 3053 1882 3104 aeternum
1927 3049 2144 3110 (Matth.
2195 3051 2344 3117 xxv).
2378 3050 2418 3104 C
2461 3048 2761 3122 Increpare
2811 3057 3004 3107 autem

1353 3139 1627 3206 dicimus,
1663 3137 1832 3211 quasi
1863 3137 1932 3194 de
1964 3139 2356 3194 taciturnitate
2388 3156 2646 3212 crepare,
2681 3147 2734 3196 et
2765 3141 2822 3196 in
2859 3160 3008 3196 mor-

1349 3228 1517 3285 dacia
1547 3227 1702 3283 dicta
1731 3226 2018 3300 prosilire,
2053 3229 2207 3300 quod
2235 3229 2390 3284 Deus
2421 3246 2523 3301 per
2552 3228 2883 3302 Scripturas
2916 3231 3005 3286 di-

3122 2784 3263 2839 mihi
3298 2791 3530 2856 peccata
3566 2799 3714 2844 mea,
3749 2801 3904 2838 nunc.
3943 2784 4270 2839 doctrinam
4307 2780 4576 2857 indulge,
4606 2798 4745 2854 quam

3118 2876 3175 2929 in
3199 2872 3720 2944 justiticatiunibus
3752 2872 3870 2927 tuis
3914 2873 4177 2929 edocear.
4210 2874 4252 2929 C
4283 2873 4354 2928 Et
4388 2875 4536 2930 doce
4567 2888 4648 2927 me
4668 2873 4744 2940 ju-

3118 2964 3497 3018 stiticationes
3530 2967 3693 3017 tuas:
3717 2977 3830 3017 non
3855 2962 3924 3017 ad
3956 2962 4316 3018 audiendum
4338 2963 4445 3018 sed
4471 2956 4542 3019 ad
4569 2961 4746 3016 facien-

3116 3054 3279 3117 dum,
3307 3051 3402 3105 ille
3434 3052 3588 3105 enim
3614 3052 3943 3105 divinarum
3965 3065 4162 3106 rerum
4184 3051 4402 3108 doctus
4427 3049 4746 3112 ostenditur,
4808 3067 4814 3090 ε

3115 3142 3214 3214 qui
3250 3141 3358 3195 sibi
3391 3140 3611 3195 credita
3645 3140 3848 3195 fecisse
3878 3145 4257 3195 monstratur.

3113 3232 3182 3284 27
3261 3232 3436 3284 Viam
3453 3226 3955 3299 justiﬁcalionum
3988 3235 4228 3285 tuarum
4261 3231 4503 3286 instrue
4531 3246 4615 3286 me
4636 3247 4654 3283 :

3261 3321 3337 3374 Et
3365 3319 3675 3373 erercrbor
3711 3319 3772 3374 in
3801 3317 4173 3374 mirabilibus
4199 3320 4346 3376 luis.

1345 3408 1417 3463 22
1492 3406 1847 3480 Auferame
1876 3399 2250 3480 opprobrium
2281 3413 2336 3464 et
2367 3413 2754 3480 contemptum
2786 3429 2806 3463 :
3036 3390 3080 3458 C
3191 3407 3234 3463 ll
3279 3409 3444 3461 Viam
3487 3407 4002 3476 justilicationum,
4061 3407 4116 3462 id
4168 3412 4277 3475 est,
4315 3407 4750 3478 justiticationes

1492 3491 1652 3567 Quia
1681 3493 2012 3552 testimonia
2039 3501 2147 3552 tua
2174 3495 2480 3570 exquisivi.
3117 3514 3264 3569 quas
3310 3495 3453 3566 legis
3504 3495 3696 3551 littera
3744 3495 4007 3567 protulit,
4041 3496 4395 3569 spiritaliter
4437 3498 4682 3570 capiam.
4705 3493 4756 3548 lit

1423 3580 1468 3639 C
1493 3581 1851 3638 Intuendum
1875 3588 1961 3638 est
1991 3576 2171 3656 quare
2203 3589 2409 3657 petunt
2438 3590 2720 3659 martyres
2745 3605 2779 3641 a
2809 3603 2870 3642 se
2901 3605 3003 3660 op-
3115 3587 3423 3642 exercebor
3453 3585 3508 3640 in
3542 3585 3935 3654 mirabilibus,
3973 3586 4026 3641 id
4061 3591 4150 3643 est
4179 3586 4238 3642 in
4280 3587 4651 3660 apostolicis,
4679 3598 4755 3636 ce-

1351 3670 1591 3754 probria
1619 3671 1924 3754 removeri,
1956 3672 2112 3728 unde
2141 3689 2202 3728 se
2233 3679 2509 3728 noverant
2558 3676 2844 3732 coronari.
2890 3677 3001 3732 Sed
3112 3677 3372 3747 terisque
3395 3675 3674 3730 doctrinis
3697 3674 4131 3740 ecclesiasticis,
4153 3692 4282 3748 quae
4305 3676 4374 3732 in
4405 3694 4480 3732 ea
4511 3675 4638 3749 lege
4657 3675 4762 3729 sunt

1351 3759 1480 3816 hac
1509 3759 1692 3815 oratio
1722 3775 1826 3832 pro
1857 3762 2324 3831 persecutoribus
2355 3763 2636 3831 funditur,
2673 3771 2734 3820 ut
2765 3782 3001 3822 conver-
3113 3769 3394 3837 ﬁguratae.
3444 3764 3487 3819 C
3535 3764 3797 3819 Prrcbent
3845 3765 4003 3818 enim
4049 3763 4350 3821 intellecta
4383 3762 4757 3822 miraculum:

1351 3851 1575 3928 tantur.
1607 3847 1776 3916 Quia,
1808 3855 1950 3905 dum
1980 3852 2240 3907 conversi
2275 3851 2507 3924 fuerint,
2531 3853 2755 3908 tollitur
2784 3861 2999 3928 marty-
3113 3854 3349 3926 quando
3381 3854 3461 3908 sic
3493 3854 3550 3907 in
3580 3853 3856 3925 prwscnti
3892 3857 4032 3908 sunt
4066 3852 4275 3926 posita,
4299 3859 4376 3910 ut
4399 3855 4579 3928 longe
4603 3852 4762 3908 futura

1351 3927 1519 3993 ribus
1545 3937 1921 4011 opprobrium
1957 3955 1969 3994 :
2002 3941 2239 4012 quando
2269 3945 2326 3996 et
2379 3948 2778 4014 persecutores
2811 3927 2998 4016 ipsam
3111 3945 3441 4014 significem
3471 3942 3798 3998 videantur.

1346 4025 1691 4112 religionem
1722 4027 1940 4097 colunt,
1974 4044 2152 4102 quam
2186 4030 2244 4084 in
2277 4031 2496 4086 sanctis
2533 4035 2996 4106 persequendam
3104 4034 3178 4090 28
3255 4032 3612 4088 Dormitum?
3642 4031 3840 4088 anima
3871 4047 4001 4088 mea
4025 4047 4151 4104 prar
4181 4034 4359 4089 (adio
4391 4054 4416 4090 .-

1345 4131 1475 4173 esse
1500 4119 1875 4189 putaverunt.
3247 4121 3552 4192 Conﬁrma
3583 4138 3672 4177 me
3704 4122 3766 4176 in
3799 4121 3997 4178 verbis
4022 4122 4161 4178 (uie.

1340 4203 1412 4260 23
1483 4205 1705 4262 Etenim
1731 4207 1986 4264 sederunt
2012 4209 2290 4281 principes
2319 4217 2370 4266 et
2399 4209 2686 4266 adversum
2705 4227 2792 4268 me
2823 4213 3002 4286 loque-
3179 4211 3222 4267 Η
3249 4211 3590 4267 Dormitavit
3613 4210 3813 4266 anima
3836 4227 3850 4266 :
3877 4210 3933 4265 in
3961 4208 4141 4280 hujus
4161 4209 4504 4268 habitaculi
4527 4205 4763 4267 mortalis

1491 4373 1498 4378 _
1557 4295 1761 4378 δαίμων
1789 4315 1812 4352 ·’
3106 4301 3377 4356 statione.
3413 4299 3530 4354 Prae
3565 4298 3734 4355 tardio
3766 4315 3780 4354 :
3815 4297 4239 4356 imbecillitatis
4277 4316 4612 4374 corporea.
4645 4297 4763 4350 Con-

1481 4375 1678 4440 Servue
1707 4393 1891 4443 autem
1920 4394 2048 4443 tuus
2096 4387 2449 4444 exercebatur
2497 4390 2556 4444 in
2576 4390 2998 4463 jmtz'ﬁcationi-
3107 4391 3278 4448 firma
3309 4405 3402 4444 me
3434 4406 3448 4444 :
3483 4392 3567 4454 ut,
3619 4387 3810 4442 ablato
3855 4401 4062 4446 somno
4109 4389 4368 4460 peccati,
4407 4390 4699 4446 instanter
4719 4383 4764 4436 in

1557 4473 1656 4529 bu:
1685 4463 1820 4531 tuis.
3106 4475 3199 4533 his
3226 4476 3530 4550 praeceptis
3561 4474 3878 4548 invigilem.
3909 4477 3948 4531 C
3995 4469 4257 4532 Dormire
4287 4477 4588 4533 obliviost
4622 4481 4764 4544 atque

1401 4562 1458 4642 Ἡ
1486 4551 1778 4628 Οιιὸίιῖιίο
1815 4563 2078 4638 loquitur
2105 4565 2394 4638 PrOpbeta
2421 4566 2490 4622 de
2522 4584 2604 4634 se,
2638 4567 2903 4625 futurum
2937 4571 2995 4626 in
3105 4567 3368 4622 socordis
3399 4569 3509 4630 est,
3541 4565 3858 4619 dormitare
3899 4581 4033 4620 vero
4082 4564 4221 4620 fessi
4249 4570 4310 4622 et
4363 4561 4765 4642 exspectanti;

1333 4641 1621 4725 apostolis
1649 4645 2011 4726 reliquisque
2042 4653 2401 4726 martyribus
2433 4655 2580 4711 vidit
2613 4673 2626 4710 :
2678 4657 2778 4729 qui
2811 4658 2998 4715 multa
3106 4657 3267 4712 Hanc
3325 4660 3522 4711 autem
3590 4653 4064 4710 dormitationem
4128 4641 4510 4716 Cassianusi
4531 4653 4766 4712 acediam

1333 4755 1530 4830 coram
1561 4740 1800 4831 regibus
1841 4746 1900 4798 et
1945 4743 2320 4816 praesidibus,
2373 4745 2621 4800 Domino
2663 4747 2991 4817 nuntiante,
3025 4765 3072 4831 ι)
3105 4751 3293 4801 vocat.

1332 4821 1765 4902 perpessi'sunt
1797 4847 1809 4885 :
1842 4831 1943 4904 qui
1975 4833 2395 4888 exercebantur
2419 4833 2477 4888 in
2502 4833 2685 4904 justis
2715 4838 2991 4908 operibus
3025 4821 3067 4831 -
3093 4835 3170 4890 29
3245 4835 3408 4890 Viam
3441 4834 3780 4905 iniquitatis
3814 4849 4020 4889 amove
4050 4850 4091 4889 α
4121 4850 4213 4890 me
4241 4854 4263 4890 .-

1331 4922 1390 4974 et
1417 4919 1520 4974 Dei
1543 4918 2090 4990 justiﬁcationibus,
2123 4923 2302 4978 etiam
2347 4939 2535 4994 usque
2567 4924 2636 4978 ad
2673 4926 2994 4982 sectionem
3247 4926 3324 4978 Et
3355 4924 3420 4978 in
3451 4921 3581 4994 lege
3610 4926 3718 4978 tua
3751 4923 4027 4978 miserere
4055 4925 4190 4978 mei.

1329 4997 1639 5064 cervicum.
1671 5008 1714 5064 Ο
1741 5009 2175 5066 Exercebantur
2223 5011 2399 5066 etiam
2449 5011 2508 5065 in
2558 5014 2867 5069 tormentis
2920 5015 2992 5069 ad
3177 5013 3219 5068 ll
3253 5011 3418 5067 Viam
3453 5010 3781 5082 iniquitatis
3819 5011 3900 5081 (id
3957 5017 4065 5078 est,
4097 5011 4489 5070 desiderium
4521 5011 4662 5068 illud
4691 5022 4769 5082 per

1329 5101 1662 5166 provectum
1681 5115 2009 5164 suum,non
2030 5099 2447 5156 erueiabantur
2465 5101 2535 5155 ad
2562 5117 2790 5171 pcenam
2815 5120 2826 5156 :
2850 5103 2992 5158 dum
3104 5101 3261 5174 quod
3294 5102 3368 5156 ad
3400 5099 3760 5174 peccandum
3792 5100 4043 5170 venitur)
4067 5117 4267 5157 amove
4293 5119 4340 5160 ι
4363 5104 4572 5160 me.Et
4591 5103 4652 5158 in
4671 5099 4766 5170 lege

1333 5197 1572 5239 sensum
1606 5184 1823 5241 doloris
1869 5187 1980 5254 sui,
2013 5188 2214 5245 aeterni
2265 5187 2489 5261 prmmii
2539 5189 2994 5261 cogitationibus
3099 5196 3239 5246 tua:
3265 5190 3420 5263 apud
3449 5193 3508 5246 te
3539 5188 3696 5245 enim
3731 5187 3850 5244 haec
3873 5187 3965 5244 lex
3985 5188 4312 5248 constituta
4341 5197 4548 5262 est,ut
4567 5201 4769 5260 semper

1334 5269 1690 5341 molliebant,
1705 5277 1764 5329 et
1785 5273 1872 5328 eis
1899 5279 2189 5334 tormenta
2220 5278 2290 5332 ad
2324 5277 2540 5350 gaudia
2569 5281 2784 5336 aeterna
2812 5282 2992 5353 profi-
3100 5277 3456 5335 miserearis.

3098 5369 3170 5424 30
3245 5370 3424 5424 Viam
3454 5367 3732 5424 veritatis
3760 5364 3926 5440 elegi
3952 5387 3974 5424 .-

3237 5456 3488 5514 Judicia
3517 5461 3626 5513 tua
3656 5471 3773 5513 non
3799 5472 3927 5512 eum
3959 5455 4202 5513 obiit".

3167 5546 3213 5602 Η
3261 5545 3430 5602 Viam
3491 5545 3754 5601 veritatis
3805 5543 3976 5618 elegi,
4031 5545 4088 5602 id
4139 5551 4247 5612 est,
4319 5547 4654 5606 Christum
4693 5544 4769 5601 Dei

1857 5631 1914 5706 gis
1942 5631 2275 5686 testimonia
2294 5631 2503 5688 Christi
2536 5635 2981 5703 meditatio,uti-
3095 5636 3330 5703 Filium,
3361 5651 3539 5708 quem
3589 5634 3785 5690 audivi
3839 5639 4146 5691 venturum
4195 5635 4250 5690 in
4313 5631 4769 5696 mundumllla

1323 5715 1526 5805 que‘in
1559 5713 1658 5772 his
1687 5713 2084 5805 pressat-tam
2101 5719 2554 5790 justiﬁcationes
2583 5722 2714 5790 ejus
2745 5721 2985 5781 fuerunt
3082 5726 3311 5798 judicia
3329 5743 3440 5780 non
3462 5740 3594 5779 sum
3615 5721 3833 5779 oblitus
3854 5741 3868 5778 :
3888 5739 4015 5796 quae
4038 5725 4096 5780 in
4121 5724 4470 5800 Evangelia
4487 5728 4771 5803 proferens

1315 5803 1629 5886 collsilium
1663 5813 1902 5873 eorum,
1933 5803 2070 5878 quia
2095 5807 2179 5866 eis
2207 5806 2389 5866 vitam
2430 5807 2780 5884 pollicentur
2809 5817 2980 5872 διει-
3088 5816 3172 5874 ait
3192 5833 3206 5876 :
3229 5815 3346 5873 Hoc
3369 5813 3786 5889 estjudicium,
3805 5817 3870 5872 ut
3888 5813 3988 5890 qui
4007 5813 4191 5874 credit
4214 5813 4280 5870 in
4309 5816 4556 5877 Filium
4579 5815 4767 5876 habili

1345 3317 1512 3374 vinas
1542 3312 1877 3388 frequenter
1907 3315 2061 3373 facit.

1335 5363 1551 5415 cerent.

1332 5439 1404 5503 24
1471 5449 1614 5508 Nam
1640 5457 1695 5504 et
1725 5450 2043 5535 testimouia
2075 5458 2167 5510 tua
2192 5455 2484 5512 meditatio
2514 5471 2637 5511 mea
2664 5464 2745 5512 est
2775 5474 2792 5511 :

1471 5538 1538 5593 El
1566 5536 1868 5622 consilium
1892 5553 2070 5594 meum
2089 5544 2510 5613 iustiﬁcationes
2543 5552 2674 5601 tux.

1395 5619 1444 5682 Η
1473 5626 1657 5683 Erant
1689 5619 1914 5703 sanctis
1942 5628 2275 5686 testimonia
2294 5631 2503 5688 Christi
2536 5635 2981 5703 meditatio,uti-
