3878 6414
326 454 443 567 δ’δὲ,

1240 503 1306 568 S.
1351 504 1749 568 BRUNONIS
1795 501 2418 566 HERBIPOLENSIS
2461 501 2844 565 EPISCOPI.

3627 500 3738 562 436

324 641 718 713 nuncupetur,
745 640 804 696 et
826 636 953 713 ipse
980 637 1249 696 videlicet
1272 639 1366 696 cui
1398 638 1612 695 dicitur
1635 654 1648 693 ε
1673 637 1758 694 Tu
1779 640 1976 694 autem
2007 639 2063 705 Α
2092 638 2161 692 46
2233 638 2297 693 Et
2327 637 2586 710 loquebar
2611 640 2669 692 in
2703 637 3030 694 testtmoniis
3060 637 3172 693 tuis
3221 637 3280 692 in
3325 638 3611 709 conspectu
3653 651 3738 692 re-

329 728 489 786 idem
519 729 646 802 ipse
675 744 739 786 es
769 729 940 797 (Psal.
965 728 1066 800 c1),
1099 729 1156 785 id
1187 734 1277 785 est
1305 728 1648 784 aeternusdn
1677 729 1849 800 cujus
1871 727 1984 782 ﬁde

327 817 507 874 etiam
537 816 795 874 Ecclesia
826 818 954 891 ipsa
984 835 1133 881 esse,
1167 818 1223 873 id
1254 823 1343 874 est
1369 835 1487 874 una
1517 818 1840 889 eademque
1882 817 1984 871 de-

329 905 564 964 votione
591 923 824 980 semper
869 907 964 963 hic
1009 911 1066 963 et
1112 906 1172 962 in
1221 908 1418 964 futuro
1448 924 1583 963 cum
1627 922 1694 962 eo
1742 923 1986 979 regnare

333 995 680 1070 promeruit.

835 1089 882 1140 Η
923 1085 966 1141 Β
1004 1085 1129 1142 Vau
1176 1103 1188 1142 :
1230 1086 1304 1141 Et
1339 1085 1482 1158 ipse.

331 1173 396 1230 41
478 1175 539 1231 Et
565 1175 748 1232 veniat
773 1191 940 1248 super
965 1191 1053 1231 me
1081 1174 1461 1232 misericordia
1491 1183 1606 1240 tua,
1639 1175 1865 1230 Domine
1895 1191 1913 1229 :

475 1263 728 1322 Salutare
757 1272 910 1321 tuum
941 1264 1239 1321 secundum
1270 1265 1548 1336 eloquium
1578 1271 1754 1320 tuum.

2347 744 2436 781 um
2471 743 2484 783 Σ

2347 745 2436 781 um
2471 745 2484 783 :

2237 745 2437 870 Etgnon
2461 815 2856 887 con/'uudebar.

2164 906 2204 960 C
2235 905 2542 976 Loquebar
2572 905 2644 960 de
2676 903 3030 961 testimoniis
3064 903 3469 977 l)ei,quoniam
3507 903 3745 977 petierat

2094 998 2151 1049 et
2186 999 2508 1066 acceperat,
2560 998 2624 1049 ut
2671 995 3050 1066 responderet
3101 993 3590 1067 exprobrantibus
3638 993 3744 1050 sibi

2093 1083 2490 1149 verbum.Qua
2519 1083 2796 1139 ﬁrmitate
2827 1085 3154 1151 roboratus,
3179 1083 3330 1138 inter
3358 1099 3524 1156 reges
3555 1082 3746 1139 saeculi

2097 1190 2212 1228 non
2245 1190 2307 1228 se
2339 1172 2478 1228 dicit
2532 1190 2659 1229 esse
2709 1174 3044 1240 confusum,
3079 1173 3180 1227 sed
3221 1171 3521 1228 veritatem
3571 1189 3745 1245 quam

2098 1267 2293 1316 mente
2315 1261 2992 1334 conceperat,intrepidis
3014 1261 3384 1317 sermonibus
3401 1261 3745 1333 proferebat.

405 1352 447 1410 C
479 1353 756 1410 Precatur
801 1337 939 1427 e‘rgo
989 1358 1194 1410 sancta
1240 1354 1632 1427 congregatio,
1691 1358 1754 1407 ut
1811 1370 1991 1424 supra
2098 1351 2490 1407 Confunditur
2544 1355 2742 1406 autem
2802 1349 2919 1418 ille,
2975 1352 3145 1423 cujus
3194 1368 3298 1422 per
3357 1350 3748 1406 ratiocinatio-

336 1457 466 1500 eam
499 1443 787 1500 Domtnus
818 1443 1083 1500 Salvator
1111 1443 1510 1515 adveniat,qui
1542 1447 1630 1498 est
1662 1443 1989 1498 misericor-

337 1532 436 1589 dia
464 1537 860 1605 peccatorum,
893 1537 952 1588 et
981 1533 1097 1589 vita
1129 1533 1411 1590 fidelium.
1446 1533 1710 1589 Salutare
1749 1548 1881 1588 ecce
1929 1535 1994 1586 ut

337 1620 637 1678 Christum
667 1637 796 1678 esse
829 1620 1291 1678 misericordiam
1323 1621 1497 1678 istam
1546 1639 1674 1678 esse
1727 1621 1993 1678 ostende-

340 1713 448 1777 ret,
482 1710 710 1766 addidit
740 1709 998 1767 salutare
1030 1714 1218 1767 tuum.
1252 1711 1358 1776 Qui
1390 1713 1538 1768 bene
1571 1711 1824 1768 salutare
1853 1709 1994 1766 dici-

339 1803 458 1866 tur,
503 1815 609 1872 per
654 1816 834 1872 quem
883 1799 1046 1856 salus
1094 1801 1370 1874 gentibus
1418 1801 1594 1868 venit,
1630 1800 1730 1874 qui
1771 1799 1993 1855 mundo

341 1885 645 1958 aegrotanti
679 1886 1031 1943 medicinam
1062 1905 1182 1944 use
1214 1887 1448 1961 pietatis
1478 1889 1992 1944 attribuit.Secun-

2101 1457 2233 1495 nem
2267 1440 2424 1495 dicta
2449 1440 2792 1508 vincuntur;
2843 1440 2915 1495 ad
2966 1439 3376 1495 verecundiam
3425 1444 3620 1494 autem
3650 1455 3747 1495 ve-

2102 1529 2227 1584 nire
2259 1546 2373 1584 non
2409 1533 2618 1601 potest,
2651 1529 2748 1601 qui
2781 1529 3038 1586 veritatis
3069 1529 3256 1602 ipsius
3289 1529 3624 1584 testimonio
3665 1545 3754 1584 ro-

2103 1619 2364 1673 boratur.

2101 1708 2170 1762 47
2245 1707 2310 1762 Et
2335 1706 2642 1763 melitabar
2672 1709 2730 1763 in
2762 1707 3039 1765 mandatis
3068 1709 3178 1763 tuis
3203 1725 3216 1763 :

2247 1801 2392 1869 Qua:
2419 1797 2615 1852 dilati.

2174 1885 2216 1941 C
2243 1886 2345 1941 llic
2367 1887 2624 1942 ostendit
2646 1887 3020 1959 frequentata:
3043 1885 3440 1944 meditationis
3463 1887 3753 1952 arborem,

342 1974 486 2030 dum
500 1973 1324 2048 eloquium,idestsecundum
1347 1977 1794 2051 promissionem
1815 1993 1992 2050 quam
2029 2014 2076 2078 Β
2105 1974 2374 2030 meditari
2404 1975 2560 2031 enim
2598 1977 2876 2032 mandata
2908 1993 3022 2032 non
3053 1981 3259 2048 potest,
3293 1975 3405 2032 nisi
3438 1976 3538 2050 qui
3569 1993 3638 2032 ea
3662 1993 3754 2032 as-

342 2078 447 2134 per
474 2061 794 2136 prophetas
823 2063 1121 2137 pollicitus
1155 2081 1237 2122 es.

345 2151 415 2207 42
487 2155 554 2209 Et
577 2153 904 2226 respondebo
932 2154 1390 2228 exprobrantibus
1420 2157 1562 2212 mihi
1592 2158 1810 2212 verbum
1844 2173 1862 2209 :

487 2243 638 2312 Quia
658 2244 878 2315 speravi
906 2245 967 2299 iu
995 2245 1338 2300 sermonibus
1369 2248 1498 2302 tuis.

417 2327 460 2386 (Ξ
489 2330 856 2403 Exprobrant
883 2331 1040 2389 enim
1071 2333 1244 2390 verbo
1271 2335 1370 2406 qui
1393 2334 1606 2391 Filium
1639 2335 1844 2391 dicunt
1873 2349 2002 2388 esse

351 2419 660 2477 minorem.
683 2420 808 2489 Vel,
841 2422 942 2494 qui
974 2439 1109 2478 cum
1141 2440 1316 2480 carne
1346 2441 1588 2496 passum
1611 2425 1854 2480 minime
1885 2438 2008 2480 cre-

349 2509 642 2566 diderunt.
676 2511 890 2585 Utique
922 2511 1100 2568 etiam
1130 2511 1261 2568 ideo
1311 2514 1453 2570 dicit
1503 2516 2005 2588 respondendum.

349 2598 496 2667 Quia
519 2597 774 2672 speravit
801 2599 860 2656 in
889 2601 1260 2658 sermonibus
1290 2603 1390 2660 Dei
1413 2602 1630 2676 quibus
1661 2604 1840 2661 dixit:
1861 2609 2003 2660 Cum

348 2687 624 2744 veneritis
674 2692 808 2745 ante
861 2705 1027 2761 reges
1070 2694 1129 2746 et
1180 2691 1495 2764 principes,
1532 2691 1709 2749 nolite
1753 2695 2006 2766 cogitare

350 2777 646 2850 quomodo
673 2781 774 2834 aut
804 2778 944 2851 quid
977 2778 1325 2851 loquamini,
1355 2780 1592 2838 dabitur
1634 2782 1792 2838 enim
1842 2784 2006 2840 vobis

349 2866 491 2940 quid
540 2866 864 2940 loquamini
898 2866 1105 2932 (Matth.
1133 2871 1211 2938 χ).
1245 2870 1609 2942 Exprobrant
1651 2872 1826 2928 etiam
1873 2873 2004 2928 inti-

347 2955 508 3013 deles
537 2955 894 3030 martyribus
925 2957 983 3012 in
1013 2957 1285 3030 passione
1317 2964 1373 3015 et
1420 2962 1730 3018 tormentis
1761 2961 2003 3019 verbum

349 3044 488 3111 ﬁdei
519 3044 785 3103 dicentes
817 3062 830 3101 :
865 3045 972 3103 Ubi
1006 3051 1095 3103 est
1124 3047 1280 3104 Deus
1310 3049 1541 3105 vester?

348 3133 418 3190 43
489 3135 555 3191 Et
584 3151 653 3192 ne
679 3138 902 3209 auferas
927 3135 994 3194 de
1019 3152 1114 3194 ore
1140 3154 1258 3195 meo
1288 3137 1512 3194 verbum
1540 3141 1785 3198 veritatis
1815 3157 2004 3213 usque-

561 3241 778 3298 quaque
809 3243 823 3282 :

495 3315 639 3384 Quia
662 3316 723 3371 iu
735 3315 968 3389 judiciis
997 3319 1109 3372 tuis
1136 3321 1536 3390 supersperavi.

2111 2065 2283 2120 sidua
2311 2063 2556 2120 lectione
2587 2066 2870 2131 cucurrit,
2902 2071 2959 2122 et
2991 2071 3053 2121 ut
3079 2066 3406 2122 evidentius
3451 2065 3603 2121 hanc
3645 2065 3757 2120 fre-

2107 2151 2408 2224 quentiam
2436 2152 2775 2220 declararet,
2809 2153 3189 2226 addidit,quas
3212 2152 3386 2210 dilexi
3420 2171 3433 2210 :
3465 2153 3760 2226 negligere

2109 2241 2266 2296 enim
2300 2259 2604 2314 nunquam
2633 2246 2821 2314 potest
2851 2242 3026 2300 homo
3056 2259 3124 2298 ea
3153 2261 3278 2316 qua:
3310 2242 3518 2316 diligit.

2112 2331 2180 2385 48
2253 2332 2318 2386 Et
2347 2331 2524 2387 levavi
2551 2349 2748 2387 manus
2777 2349 2928 2388 meus
2955 2333 3025 2389 ad
3055 2332 3316 2389 maudata
3363 2337 3461 2388 tua
3507 2347 3634 2405 qua:
3673 2331 3759 2387 di-

2327 2421 2446 2476 lari
2477 2437 2490 2476 :

2255 2511 2318 2566 Et
2345 2512 2638 2567 arere-bar
2667 2513 2723 2568 in
2744 2513 3236 2584 justiﬁeationibus
3266 2513 3390 2569 tuis.

2186 2599 2226 2656 Β
2254 2600 2468 2669 Levare
2495 2605 2693 2656 autem
2718 2619 2952 2669 manus,
2977 2602 3271 2674 significat
3289 2601 3456 2657 bonis
3487 2601 3763 2674 operibus

2115 2690 2406 2762 occupari.
2440 2689 2544 2746 llle
2574 2689 2722 2746 levat
2772 2708 2984 2748 manus
3035 2692 3105 2747 ad
3149 2692 3443 2751 mandata.
3475 2689 3573 2765 qui
3625 2691 3764 2748 facit

2113 2778 2534 2851 eleemosynas,
2568 2797 2716 2852 quas
2750 2780 2870 2835 ﬁeri
2896 2781 3111 2852 jubent
3141 2781 3435 2837 mandata.
3455 2782 3766 2837 Exercetur

2114 2867 2172 2923 in
2198 2868 2850 2942 justiﬁcationibus,qui
2881 2870 3092 2942 quaerit
3119 2870 3256 2927 boni
3280 2870 3472 2944 operis
3492 2870 3763 2942 frequen-

2113 2957 2394 3014 tationem
2429 2959 2728 3030 prolicere.
2763 2958 2808 3014 Η
2839 2958 2942 3015 Vel
2975 2959 3074 3032 qui
3109 2959 3168 3016 in
3201 2959 3314 3028 his,
3343 2977 3470 3032 quae
3519 2976 3624 3032 per
3666 2959 3764 3015 lit-

2113 3050 2299 3103 teram
2319 3046 3126 3122 indicabantur,spiritualem
3142 3048 3499 3105 intellectum
3523 3053 3766 3105 conatur

2113 3135 2392 3193 invenire.

2280 3242 2684 3282 ARGUMENTUM
2725 3244 3090 3291 SEQUENTIUM
3129 3243 3268 3284 OCTO
3305 3243 3594 3284 VEBSUUML

2185 3313 2227 3369 Ο
2259 3315 2300 3370 Β
2330 3315 2555 3371 Chorus
2587 3321 2949 3384 sanctorum,
2979 3334 3143 3389 spem
3175 3315 3630 3390 promissionum
3654 3315 3766 3372 Do-

423 3401 466 3458 C
493 3403 565 3459 Et
590 3419 662 3460 ne
689 3386 923 3460 auferas
948 3405 1058 3461 hoc
1087 3386 1338 3462 verbum
1364 3407 1598 3474 ﬁdei,de
1627 3424 1744 3480 quo
1765 3408 2007 3479 Aposto-
2037 3386 2080 3454 C
2118 3402 2284 3470 mini,
2319 3404 2592 3459 sensibus
2623 3405 2839 3462 nostris
2869 3386 3310 3474 commendans,
3333 3405 3542 3461 asserit
3565 3405 3768 3462 ﬁdeles

351 3489 448 3546 lus
477 3490 560 3546 ait
589 3507 604 3544 :
632 3491 751 3547 Hoc
776 3495 868 3547 est
894 3494 1138 3548 verbum
1170 3495 1325 3566 quod
1357 3495 1794 3566 prtedicamusU
1815 3495 2006 3564 Com).

359 3579 550 3651 Rogat
575 3595 736 3652 ergo,
769 3584 836 3636 ut
864 3581 1291 3638 confessionem
1322 3583 1582 3639 veritatis
1614 3585 1685 3640 de
1735 3586 1863 3655 ejus
1913 3600 2010 3640 ore

359 3665 534 3724 nullis
566 3683 768 3739 pcenaa,
803 3667 1004 3724 nullus
1027 3671 1214 3725 terror
1241 3672 1707 3744 extorqueat,sed
1737 3677 2009 3729 constan-

361 3759 450 3813 ter
476 3755 535 3811 in
569 3756 684 3812 fide
713 3759 968 3811 maneat.
1003 3755 1194 3829 Iniqui
1225 3759 1382 3814 enim
1413 3776 1546 3814 cum
1601 3761 2007 3830 molestantur,

359 3845 703 3919 desperant;
738 3843 927 3902 sancti
957 3847 1154 3902 autem
1203 3846 1310 3902 viri
1343 3849 1391 3904 si
1440 3849 1801 3922 afﬂigantur,
1844 3868 2010 3924 spem

359 3934 550 4008 magis
579 3951 697 3990 sum
729 3932 1058 3991 dilectionis
1080 3933 1393 4008 accipiunt.

425 4027 472 4082 A
491 4024 533 4082 C
554 4023 666 4082 Sed
683 4039 819 4082 cum
833 4023 1745 4099 dicit,usquequaque,signiﬂcat
1771 4031 2008 4088 verbum

355 4113 619 4172 veritatis
641 4113 713 4171 ad
737 4117 970 4186 tempus
1001 4111 1297 4186 aliquibus
1326 4115 1508 4172 fuisse
1529 4115 1888 4186 ablatum,ut
1911 4121 2007 4177 Pe-

357 4209 446 4262 tro
477 4207 566 4260 ter
595 4201 963 4278 neganti,sed
997 4219 1110 4259 non
1145 4220 1566 4278 usquequaque
1597 4206 1858 4264 ablatum
1897 4209 2008 4266 sibi

355 4293 731 4367 fuit,quando
761 4291 993 4365 culpam
1019 4291 1251 4350 ﬂetibus
1273 4293 1446 4349 diluit
1466 4299 1522 4351 et
1542 4297 1854 4369 sanguinis
1874 4301 2011 4357 ell‘u-

355 4385 522 4442 sione
551 4380 877 4440 mundavit.

356 4476 426 4532 44
496 4475 563 4531 Et
590 4472 891 4530 custodiam
923 4472 1095 4543 legem
1125 4475 1276 4528 tuam
1305 4491 1518 4547 semper
1549 4493 1563 4530 :

496 4565 562 4620 In
588 4562 862 4622 saeculum
888 4569 942 4619 et
969 4563 1028 4618 in
1056 4563 1324 4620 saxulum
1367 4569 1424 4630 ~j—
1447 4565 1646 4621 szeeuli
1686 4570 1734 4632 ζ.

423 4653 468 4710 C
495 4652 800 4710 Custodire
831 4669 894 4709 se
922 4651 1111 4724 legem
1143 4651 1284 4708 dicit
1312 4652 1541 4708 Domini
1583 4671 1832 4727 semper,
1867 4657 2007 4730 quia

2119 3493 2360 3548 adversa
2391 3493 2597 3548 mundi
2629 3497 2940 3560 sustinere,
2973 3493 3190 3566 quibus
3228 3499 3445 3550 aeterna
3485 3494 3602 3549 vita
3632 3511 3770 3567 pro-

2120 3580 2392 3638 mittitur.
2428 3583 2470 3637 B
2502 3583 2618 3639 Ista
2642 3601 2778 3657 ergo
2810 3583 2927 3638 vita
2957 3599 3084 3655 qua:
3115 3583 3209 3640 hic
3239 3584 3294 3639 in
3325 3599 3447 3656 spe,
3480 3583 3598 3639 illic
3623 3585 3682 3639 in
3707 3601 3768 3639 re

2119 3671 2459 3744 percipitur,
2490 3671 2650 3728 oliva:
2680 3671 2917 3728 nomine
2945 3689 3122 3745 quam
3153 3671 3246 3728 Zai
3281 3671 3472 3728 littera
3499 3673 3771 3744 designat

2119 3761 2495 3833 exprimitur;
2529 3762 2667 3834 quia
2713 3767 2768 3817 et
2817 3761 2911 3816 hic
2960 3767 3294 3818 sanctorum
3347 3761 3522 3817 facies
3549 3760 3770 3818 exhila-

2121 3853 2284 3905 ratur
2332 3849 2391 3906 in
2442 3849 2590 3916 oleo,
2640 3856 2698 3906 et
2747 3850 2863 3905 illic
2912 3850 3225 3923 perfectius
3271 3849 3522 3922 Spiritus
3580 3851 3768 3906 sancti

2120 3943 2336 3994 interna
2367 3940 2589 3996 visione
2622 3938 3199 4012 pinguescit.Nomen
3225 3943 3418 4006 autem
3445 3937 3771 3994 fornicatio-

2121 4027 2214 4083 nis
2239 4028 2940 4102 congruitpeccatoribus
2989 4027 3534 4100 derelinquentibus
3582 4025 3771 4102 legem

2120 4118 2371 4174 Domini.

2527 4213 2566 4264 Β
2594 4207 2710 4274 Zai,
2745 4205 2894 4262 oliva
2923 4205 3010 4263 vel
3043 4205 3366 4262 fornicatio.

2191 4297 2234 4352 B
2265 4298 2334 4353 Et
2360 4297 2502 4370 quia
2531 4296 2887 4369 septiformis
2925 4301 3015 4351 est
3060 4295 3314 4368 Spiritus
3344 4294 3530 4352 sancti
3563 4294 3773 4368 gratia,

2120 4391 2272 4443 recte
2303 4387 2554 4458 septima
2583 4385 2777 4441 littera
2806 4386 3091 4440 vocitatur
3118 4383 3252 4440 oliv.

2120 4477 2190 4530 49
2262 4477 2463 4532 Memor
2489 4484 2596 4532 esto
2627 4475 2775 4531 verbi
2801 4475 2886 4529 tui
2911 4491 3065 4530 servo
3094 4483 3188 4530 tuo

2260 4566 2321 4620 In
2354 4581 2458 4638 quo
2486 4564 2629 4620 mihi
2650 4580 2800 4637 spem
2827 4563 3040 4620 dedisti.

2189 4658 2229 4709 C
2251 4655 2332 4709 Ex
2361 4653 2622 4710 humana
2652 4653 3096 4720 consuetudine,
3133 4669 3357 4709 memor
3383 4655 3528 4718 esto,
3553 4650 3770 4708 dicitur

349 4742 410 4798 in
443 4742 574 4814 ipsa
599 4740 812 4797 variari
844 4740 1162 4796 nefandum
1195 4745 1304 4796 est.
1338 4740 1638 4798 Interdum
1660 4761 1892 4816 semper
1913 4765 2008 4818 po-
2037 4755 2084 4820 ι)
2115 4743 2250 4810 Deo,
2285 4742 2384 4815 qui
2417 4741 2585 4798 nihil]
2618 4746 2807 4815 potest
2837 4741 3132 4798 ullatenus
3162 4740 3444 4798 oblivisci.
3480 4740 3606 4796 Non
3628 4757 3768 4814 ergo

350 4831 514 4888 nitur
543 4845 732 4902 usque
760 4829 835 4884 ad
864 4827 1041 4884 ﬁnem
1071 4829 1253 4901 hujus
1283 4828 1626 4888 saeculizsed
1650 4831 1745 4889 hic
1766 4849 1900 4890 cum
1922 4834 2006 4890 di-

349 4918 428 4975 cit
449 4918 509 4974 in
532 4916 810 4976 saeculum
833 4915 1218 4986 seaculi,illam
1240 4917 1664 4992 perennitatem
1685 4920 2000 4995 significat,

350 5021 478 5079 qua:
511 5022 626 5061 non
653 5004 830 5060 habet
860 5004 1056 5062 finem.
1089 5007 1258 5063 Novit
1307 5008 1464 5064 enim
1514 5011 2001 5068 consuetudinem

350 5092 694 5167 angelorum
741 5092 959 5160 saculi,
995 5093 1159 5152 illam
1207 5097 1633 5170 perennitatem
1683 5099 2000 5172 signiﬁcat,

351 5182 511 5238 dare.

350 5271 421 5326 45
493 5272 558 5327 Et
587 5269 940 5327 ambulabam
970 5273 1026 5328 in
1055 5273 1348 5331 latitudine
1379 5293 1390 5330 :

493 5359 638 5428 Quia
659 5359 924 5415 mandata
951 5367 1046 5416 tua
1073 5364 1364 5434 exquisivi.
1415 5347 1438 5356 ’

419 5447 462 5504 C
493 5446 764 5503 Latitudo
795 5451 990 5504 autem
1021 5449 1134 5504 ista
1163 5455 1252 5506 est
1281 5451 1554 5520 Charitas,
1588 5453 1658 5509 de
1689 5473 1806 5528 qua
1851 5458 2002 5514 scri-

349 5540 516 5609 ptum
538 5539 629 5592 est
643 5575 655 5590 .
671 5533 938 5591 Charitas
955 5535 1056 5592 Dei
1075 5537 1290 5593 diﬁ'usa
1301 5543 1389 5595 est
1409 5540 1465 5596 in
1486 5542 1761 5600 cordibus
1780 5545 1998 5602 nostris

347 5625 605 5695 (Rom.v).
639 5625 825 5688 Quam
858 5622 986 5679 ideo
1015 5627 1246 5692 meruit,
1282 5627 1420 5698 quia
1467 5632 1877 5689 mandatorum
1909 5634 1996 5688 in-

344 5713 728 5788 telligentiam
761 5712 1095 5784 quiesivitJl
1132 5713 1448 5786 Diligenter
1476 5718 1632 5772 enim
1663 5720 1996 5790 exquisivit,

343 5808 404 5860 et
431 5807 731 5862 scrutatus
762 5805 852 5858 est
881 5801 951 5858 ad
986 5801 1114 5871 hoc,
1149 5805 1215 5858 ut
1255 5803 1514 5859 crederet
1544 5810 1599 5861 et
1621 5807 1992 5879 intelligeret.

2115 4832 2222 4887 hoc
2251 4831 2558 4903 dicit,quia
2587 4833 2832 4904 dignum
2864 4835 2989 4886 erat
3010 4831 3068 4886 in
3092 4829 3191 4886 illa
3211 4831 3518 4901 majestate
3548 4845 3765 4901 ponere

2113 4919 2391 4993 iniuriam
2425 4920 2752 4989 oblivionis,
2787 4921 2890 4976 sed
2930 4923 3290 4993 preeatur,ut
3320 4919 3431 4975 cito
3461 4934 3626 4973 servo
3660 4935 3768 4974 suo

2111 5011 2372 5066 conferat
2402 5009 2874 5082 promissionem,
2908 5026 3084 5082 quam
3117 5008 3176 5064 in
3210 5005 3521 5080 Evangelio
3551 5007 3768 5078 promi-

2111 5101 2206 5156 sit.
2241 5099 2402 5155 Beati
2433 5099 2532 5171 qui
2560 5098 2782 5171 lugent,
2817 5099 3097 5170 quoniam
3143 5097 3255 5170 ipsi
3304 5094 3768 5153 consolabuntur

2110 5189 2262 5259 (Mat.
2291 5189 2549 5262 v).Servo
2579 5193 2701 5254 tuo,
2733 5187 3206 5244 subaudiendum
3239 5183 3481 5258 implere
3512 5184 3764 5258 promis-

2111 5293 2244 5334 sum
2275 5277 2337 5334 In
2369 5294 2484 5350 quo
2507 5277 2650 5333 mihi
2673 5278 2754 5351 (id
2789 5281 2880 5333 est
2907 5277 2963 5332 in
2994 5275 3346 5345 illa,scilicet
3372 5271 3764 5347 promissione

2107 5367 2266 5424 verbi
2299 5367 2406 5436 tui)
2438 5384 2602 5440 spem
2635 5366 2869 5423 dedisti.

2107 5457 2180 5510 50
2251 5459 2380 5514 Haec
2407 5473 2494 5512 me
2522 5457 2797 5512 consolata
2827 5463 2903 5511 est
2934 5456 2991 5510 iu
3024 5454 3335 5511 humilitate
3364 5468 3483 5508 mea
3515 5467 3528 5506 :

2252 5549 2401 5619 Quia
2429 5547 2706 5618 eloquium
2732 5554 2888 5601 tuum
2918 5545 3215 5616 viviﬁcavit
3250 5559 3352 5600 me.

2179 5635 2220 5691 Ο
2251 5636 2394 5692 Cum
2427 5635 2568 5690 dicit
2598 5634 2718 5690 haec
2753 5651 2844 5690 me
2873 5633 3171 5689 consolata
3190 5637 3300 5700 est,
3325 5631 3582 5687 ostendit
3608 5628 3761 5686 inter

2112 5741 2405 5780 terumnas
2438 5722 2773 5792 saeculi,hoc
2799 5723 2911 5778 sibi
2943 5723 3125 5778 fuisse
3156 5720 3350 5777 solatii
3383 5738 3396 5776 :
3432 5725 3498 5775 ut
3527 5720 3586 5775 in
3619 5735 3760 5792 prie-

2106 5813 2254 5870 senti
2287 5814 2406 5869 vita
2438 5813 2878 5885 afﬂigeretur,et
2897 5813 2970 5868 de
2992 5813 3190 5868 futura
3211 5808 3601 5884 promissione
3622 5826 3758 5880 gau-
