5516 6432
548 468 657 534 437

544 704 628 756 tas
653 694 841 754 omnia
861 710 966 765 pro
988 692 1216 750 Christo
1246 694 1531 766 patienter
1555 693 1861 751 sustinere.
1886 696 2032 759 Quia
2056 694 2167 751 elo-

544 787 733 861 quium
764 789 927 839 tuum
959 782 1288 838 viviﬁcavit.
1315 783 1565 839 Causam
1604 782 2019 839 consolationis
2048 800 2165 839 suae

542 874 694 949 ponit
724 891 737 930 :
766 870 1074 945 promissio
1104 871 1318 943 quippe
1348 871 1493 926 tanti
1517 872 1735 942 judieis
1767 872 2017 927 ﬁrmavit
2044 871 2166 927 ani-

540 979 686 1020 mam
716 958 1084 1031 sustinentis,
1114 964 1172 1014 et
1218 976 1352 1031 spes
1405 959 1818 1015 consolationis
1860 960 2169 1016 viviﬁcavit

540 1052 825 1109 amictum.

538 1142 597 1197 5t
671 1138 899 1210 Superbi
930 1140 1119 1210 inique
1145 1138 1375 1208 agebant
1404 1153 1802 1209 usquequaque.

672 1229 707 1284 Α
740 1229 853 1295 lege
878 1233 935 1291 {-a
969 1234 1152 1282 autem
1178 1241 1191 1280 :
1221 1230 1319 1281 tua
1347 1241 1457 1281 non
1485 1225 1776 1282 declinavi.

603 1319 642 1374 Ο
671 1317 982 1389 Superbos,
1011 1315 1067 1371 id
1099 1318 1187 1370 est
1215 1314 1504 1387 malignos
1534 1317 1707 1386 atque
1736 1317 2013 1387 tyrannos
2038 1332 2167 1370 cru-

540 1406 733 1462 deliter
753 1403 942 1476 egisse
964 1406 1384 1460 cammemorat
1406 1418 1419 1456 :
1445 1402 1546 1473 qui
1576 1418 1690 1457 non
1724 1401 2045 1458 viviﬁcandi
2068 1403 2167 1458 sed

540 1495 725 1567 potius
750 1491 1142 1548 mortiﬁcandi
1170 1495 1330 1551 sunt.
1362 1492 1408 1546 A
1432 1489 1558 1562 lege
1587 1494 1689 1546 tua
1719 1508 1832 1546 non
1864 1490 2166 1559 declinavi,

539 1582 746 1638 scilicet
790 1584 855 1636 ut
901 1579 988 1636 illi
1033 1581 1338 1651 putabant,
1389 1579 1489 1651 qui
1538 1579 2035 1651 persequebantur
2078 1579 2167 1635 in—

538 1671 767 1727 noxios:
801 1670 905 1725 sed
947 1668 1318 1741 signiﬁcabat
1365 1684 1428 1723 se
1477 1667 1534 1722 in
1584 1667 1842 1722 veritatis
1882 1668 2170 1730 mansisse

528 1760 737 1831 jugiter
764 1757 1076 1814 sententia.

535 1850 600 1903 52
665 1848 861 1904 Memor
887 1848 981 1917 fui
1004 1845 1335 1913 iudiciorum
1354 1852 1572 1899 tuorum
1600 1860 1631 1899 a
1662 1844 1882 1910 saeculo,
1907 1845 2129 1901 Domine
2153 1864 2165 1900 :

665 1937 727 1991 Et
755 1935 1065 1991 consolatus
1093 1950 1236 1989 sum.

598 2024 637 2080 C
666 2024 889 2079 Memor
910 2026 998 2079 est
1012 2022 1370 2094 judiciorum
1397 2040 1409 2077 :
1436 2020 1535 2093 qui
1559 2020 1873 2093 plectibilis
1894 2039 2009 2077 non
2031 2039 2170 2093 prae-

535 2114 703 2170 sumit
720 2115 1057 2185 perpetrare
1077 2115 1331 2183 peccata.
1347 2108 1494 2176 Quia
1513 2114 1671 2165 metu
1692 2126 1993 2181 pcnnarum
2013 2127 2169 2165 revo-

534 2206 705 2267 catur,
732 2199 829 2273 qui
856 2198 1095 2256 Domini
1115 2197 1325 2270 judicii
1357 2198 1714 2253 recordatur.
1738 2198 1783 2252 A
1813 2197 2021 2254 saeculo
2049 2217 2060 2254 :
2091 2199 2167 2254 si-

531 2289 754 2363 gniﬁcat
783 2305 926 2344 cum
947 2286 1346 2343 administrari
1369 2289 1591 2357 emptus
1611 2289 1698 2340 est
1722 2287 1995 2341 mundus.
2022 2286 2167 2341 Con-

531 2376 745 2434 solatus
774 2393 912 2433 sum
938 2394 951 2431 :
976 2374 1116 2447 quia
1164 2390 1465 2445 nunquam
1496 2372 1712 2429 deserit
1749 2391 1903 2445 suos”
1918 2374 2168 2431 famulos

531 2465 716 2521 divina
738 2464 953 2521 virtus.

528 2556 593 2610 53
664 2556 906 2626 Deiectio
935 2555 1110 2609 tenuit
1137 2568 1221 2609 me
1244 2569 1345 2624 pro
1372 2553 1748 2623 peccatoribus
1782 2569 1794 2607 :

663 2642 1184 2714 Derelinquentibus
1215 2642 1386 2712 legem
1414 2648 1583 2695 tuam.

593 2732 632 2787 Ο
659 2731 904 2787 Necesse
936 2734 1026 2786 est
1059 2729 1240 2796 enim,
1270 2733 1333 2784 ut
1380 2732 1648 2783 sanctum
1693 2728 1884 2783 virum
1933 2728 2171 2785 alterius

528 2819 694 2892 culpa
735 2818 1065 2885 contristet,
1090 2822 1147 2873 et
1187 2835 1250 2874 se
1296 2816 1491 2873 dolore
1521 2816 1800 2873 defecisse
1829 2817 2003 2885 dicat,
2028 2818 2169 2873 dum

531 2907 753 2963 animus
770 2908 909 2980 pius
922 2907 1216 2963 desiderat
1232 2904 1421 2961 salvos
1438 2904 1557 2960 ﬁeri
1580 2904 1877 2960 universos
1894 2922 1906 2960 :
1923 2909 1979 2960 et
1995 2923 2169 2977 quem

532 3012 641 3051 non
661 3001 823 3067 optat
851 2993 1613 3065 excedere,afiligitur,cum
1646 2992 1693 3046 ei
1729 3010 1927 3063 pmnas
1959 3010 2169 3066 cogno-

529 3084 667 3139 verit
694 3083 1005 3139 imminere
1027 3101 1039 3138 :
1065 3083 1218 3139 unde
1235 3086 1439 3139 sancta
1458 3080 1663 3136 cohors
1686 3085 2028 3153 martyrum,
2055 3099 2168 3137 non

531 3175 750 3227 tantum
783 3172 977 3245 pcenis
1018 3171 1164 3241 suis,
1188 3173 1473 3242 quantum
1508 3168 1825 3242 tyrannicis
1862 3171 2168 3242 torqueba-

529 3264 619 3315 tur
644 3262 1003 3317 excessibus.
1027 3260 1073 3315 H
1097 3260 1228 3315 Ideo
1252 3276 1366 3314 non
1388 3257 1512 3313 vult
1533 3274 1887 3330 quemquam
1910 3275 2165 3331 peccare,

529 3349 624 3404 sed
656 3366 862 3407 omnes
892 3349 1057 3422 cupit
1086 3348 1236 3404 viam
1268 3346 1529 3403 veritatis
1557 3362 1887 3417 agnoscere.

528 3438 595 3491 54
666 3438 983 3494 Cantabiles
1009 3438 1153 3493 mihi
1177 3445 1335 3492 erant
1355 3435 1772 3507 justiﬁcationes
1801 3441 1912 3492 tua:
1944 3453 1956 3490 :

663 3528 729 3581 In
758 3527 873 3582 loco
899 3526 1363 3598 peregrinationis
1390 3538 1548 3580 meae.

594 3614 634 3668 Ο
650 3614 794 3669 Cum
808 3615 955 3670 dicit
965 3611 1286 3669 cantabiles
1302 3628 1315 3665 :
1332 3611 1377 3668 si
1385 3610 1622 3685 gniﬁcat
1639 3609 2026 3682 psalmodiam
2039 3629 2172 3667 cum

504 3716 735 3774 .magna
751 3700 1137 3757 delectatione
1168 3699 1579 3772 peragendam.
1603 3702 1820 3754 Cantus
1850 3698 2004 3754 enim
2029 3716 2175 3755 sem-

528 3806 627 3861 per
654 3789 872 3845 relevat
898 3788 1150 3858 labores,
1184 3793 1241 3844 et
1271 3804 1385 3843 non
1418 3786 1557 3843 sinit
1599 3786 1902 3858 subripere
1937 3789 2173 3844 taadium

529 3878 740 3935 animo.
767 3879 960 3935 Locus
980 3875 1482 3951 peregrinationis,
1507 3880 1596 3930 est
1620 3876 1875 3930 mundus
1894 3876 1993 3930 ubi
2015 3894 2174 3948 pere-

527 3967 835 4039 grinantur
865 3983 1072 4024 omnes
1098 3965 1199 4038 qui
1229 3963 1474 4020 Domino
1499 3962 1726 4018 Christo
1755 3963 1943 4019 devoti
1970 3970 2124 4020 sunt.

528 4057 596 4109 55
664 4057 868 4111 Memor
894 4057 988 4127 fui
1018 4056 1076 4110 in
1100 4062 1252 4110 nocte
1279 4054 1518 4110 nominis
1548 4053 1650 4118 tui,
1682 4053 1908 4107 Domine
1937 4070 1948 4107 :

665 4146 728 4199 Et
756 4144 1034 4200 custodivi
1062 4144 1233 4211 legem
1265 4145 1436 4197 tuam.

597 4236 641 4287 Α
671 4234 712 4287 C
742 4234 850 4289 Per
875 4236 1109 4288 noctem
1132 4230 1422 4286 mundum
1456 4228 1635 4283 istum
1662 4228 1978 4299 significari
2011 4247 2181 4303 posse

530 4338 641 4377 non
667 4321 922 4377 dubium
955 4325 1065 4385 est,
1084 4320 1141 4374 in
1168 4336 1284 4391 quo
1314 4321 1679 4390 peccatorum
1706 4321 1910 4389 regnat
1928 4319 2182 4374 obscuri-

531 4414 639 4465 tas.
659 4411 700 4466 C
719 4411 833 4465 Sed
858 4410 1090 4465 utinam
1112 4408 1311 4465 oculos
1330 4422 1637 4478 corporeos
1658 4404 1969 4473 clauderet,
1990 4410 2047 4462 et
2066 4425 2181 4463 non

530 4499 718 4554 cordis
746 4497 982 4553 lumina
1009 4495 1398 4570 periculosius
1437 4497 1763 4550 excaecaret.
1789 4494 1852 4547 In
1887 4493 1995 4550 hac
2026 4496 2182 4552 enim

531 4589 694 4641 nocte
721 4604 956 4643 memor
984 4590 1074 4642 est
1101 4583 1359 4641 nominis
1385 4583 1485 4638 Dei
1511 4600 1523 4637 :
1547 4582 1643 4653 qui
1690 4581 1968 4637 beneﬁcia
1996 4582 2183 4655 ipsius

1767 467 2175 533 EXPOSITIO
2216 466 2700 535 PSALMORUM
2711 515 2724 531 .

548 609 712 666 deret.
742 604 802 662 In
833 601 1168 660 humilitate
1192 619 1204 660 :
1227 602 1367 676 quia
1396 606 1599 661 sancta
1633 604 1912 677 probatur
1935 605 2170 661 humili-
2201 603 2255 670 Α

3799 462 3918 533 438

2458 623 2862 663 ARGUMENTUM
2892 622 3255 670 SEQUENTIUM
3281 622 3418 662 OCTO
3444 622 3738 663 VERSUUM.

2342 697 2389 751 A
2422 698 2461 752 Β
2489 698 2709 769 Agmen
2742 698 2977 753 beatum
3006 696 3299 751 desiderat
3334 694 3527 751 videre
3577 696 3782 750 faciem
3814 694 3918 750 Do-

2277 785 2419 840 mini
2446 804 2458 841 :
2484 786 2620 858 quia
2648 787 2775 856 ejus
2806 784 3097 841 mandatis
3121 786 3381 840 noscitur
3402 785 3765 839 obsecutum.
3790 783 3831 837 Β
3852 784 3919 838 Et

2275 873 2414 946 quia
2443 874 2550 930 hoc
2581 874 2935 930 desiderium
2978 873 3034 928 in
3068 871 3508 928 resurrectionis
3537 871 3720 944 gloria
3749 871 3918 943 perﬁ-

2276 952 2476 1033 cietur,
2511 968 2711 1019 oetava
2738 962 2951 1028 littera,
2977 962 3103 1016 vitaa
3134 960 3413 1017 vocabulo
3444 961 3677 1034 gaudet.

2841 1051 2886 1107 H
2921 1051 2962 1106 Β
2995 1050 3136 1106 Heth
3168 1068 3182 1106 :
3214 1050 3349 1105 vita.

2347 1141 2492 1197 Heth
2525 1140 2641 1196 vita
2671 1159 2683 1196 :
2719 1158 2844 1213 qua:
2878 1141 2935 1194 in
2963 1138 3173 1195 divinis
3224 1136 3538 1211 Scripturis
3584 1135 3870 1208 reperitur
3901 1153 3913 1192 :

2276 1229 2376 1301 qui
2404 1234 2493 1285 est
2520 1229 2805 1285 Christus.

2274 1320 2345 1373 57
2415 1320 2601 1374 Portio
2630 1333 2750 1373 mea
2780 1318 3003 1373 Domine
3035 1335 3047 1373 :

2417 1408 2550 1463 Dixi
2567 1407 2837 1462 custodire
2868 1406 3038 1475 legem
3062 1414 3231 1460 tuam.

2348 1494 2389 1550 C
2415 1495 2605 1552 Portio
2639 1512 2669 1550 a
2703 1499 2867 1567 parte
2897 1494 3052 1549 dicta
3079 1497 3166 1549 est
3194 1511 3206 1548 ε
3242 1492 3399 1547 illius
3426 1491 3580 1547 enim
3611 1492 3793 1563 partis
3823 1507 3917 1547 sub

2279 1601 2432 1651 mus,
2476 1585 2646 1655 cujus
2694 1581 3091 1639 voluntatibus
3130 1580 3472 1637 obedimus:
3508 1581 3662 1635 unde
3710 1580 3914 1635 merito

2279 1674 2463 1745 portio
2496 1673 2723 1744 piorum
2754 1676 2907 1726 Deus
2938 1670 3168 1726 dicitur.
3202 1669 3349 1736 Dixi,
3383 1669 3438 1723 id
3469 1672 3576 1734 est,
3599 1668 3799 1734 statui,
3823 1667 3916 1723 de-

2277 1761 2427 1817 crevi
2458 1765 2630 1833 atque
2656 1759 2918 1832 promisi,
2952 1761 3238 1830 praecepta
3266 1756 3367 1812 Dei
3392 1772 3619 1812 servare
3648 1772 3660 1810 :
3694 1756 3847 1811 unde
3861 1759 3918 1810 et

2279 1852 2467 1906 factus
2492 1854 2581 1905 est
2610 1850 2669 1904 in
2701 1848 2927 1903 Domini
2962 1847 3243 1919 portione.

2197 1970 2245 2034 B
2275 1941 2345 1995 58
2418 1942 2740 2010 Deprecatus
2767 1954 2887 1992 sum
2910 1938 3106 2008 faciem
3135 1942 3284 1990 tuam
3310 1936 3365 1989 in
3398 1941 3501 1989 toto
3531 1932 3691 1989 corde
3718 1948 3836 1988 meo
3864 1949 3876 1987 :

2418 2030 2668 2083 Miserere
2698 2029 2805 2081 mei
2832 2025 3134 2081 secundum
3160 2024 3435 2094 eloquium
3465 2027 3639 2077 tuum.

2347 2118 2388 2172 C
2420 2115 2677 2172 Postulat
2706 2114 2862 2169 enim
2885 2111 3049 2184 plebs
3072 2109 3259 2166 ﬁdelis
3279 2110 3487 2165 debere
3517 2106 3791 2181 compleri
3814 2107 3917 2161 mi-

2278 2204 2651 2261 sericordiam
2684 2203 2965 2257 adventus
2995 2197 3226 2265 Christi,
3252 2214 3366 2270 quo
3416 2198 3633 2252 mundo
3693 2199 3917 2268 poterat

2277 2292 2552 2350 salutaris
2579 2307 2874 2364 apparere.
2901 2287 3233 2344 Secundum
3267 2285 3585 2357 eloquium,
3624 2283 3765 2338 illud
3798 2283 3912 2338 sci-

2275 2382 2409 2438 licet
2436 2398 2549 2453 quo
2581 2377 2867 2451 promittit
2904 2375 3122 2432 sanctis
3151 2390 3320 2430 suam
3371 2373 3602 2428 beatam
3650 2370 3826 2426 nimis
3859 2373 3915 2425 et

2278 2467 2792 2541 incomparabilem
2824 2481 2925 2537 per
2945 2461 3154 2538 omnia
3182 2461 3485 2517 visionem.

2276 2560 2347 2614 59
2421 2558 2662 2627 Cogitavi
2693 2557 2808 2610 vias
2837 2569 2982 2607 meas
3016 2570 3028 2607 :

2420 2650 2482 2703 Et
2511 2645 2751 2701 converti
2775 2642 2931 2714 pedes
2959 2656 3101 2695 meos
3134 2640 3189 2694 in
3223 2638 3533 2693 testimonia
3566 2644 3681 2691 tua.

2349 2739 2390 2793 C
2412 2735 2685 2792 Ordinem
2706 2733 2975 2787 humana:
2997 2720 3450 2783 conversationis
3473 2722 3725 2795 exponit.
3748 2721 3917 2777 Prius

2279 2826 2436 2883 enim
2463 2828 2551 2880 est
2580 2823 2701 2878 vias
2734 2837 2871 2876 suas
2902 2817 3171 2889 cogitare,
3204 2815 3261 2870 id
3305 2818 3394 2870 est
3422 2817 3589 2869 actus
3630 2812 3920 2866 humanos

2278 2914 2602 2970 districtius
2635 2925 2898 2982 pensare,
2933 2913 2989 2962 et
3028 2906 3110 2961 sic
3137 2905 3209 2960 ad
3253 2901 3481 2958 Domini
3511 2900 3789 2956 mandata
3818 2915 3921 2969 pe—

2279 3003 2381 3056 des
2414 3016 2552 3054 suos
2583 2999 2912 3052 convertere
2941 3011 2953 3048 :
2982 2992 3041 3048 in
3070 2992 3284 3063 quibus
3316 2990 3365 3045 si
3396 2989 3608 3060 aliquis
3637 2986 3918 3052 ambulat,

2281 3093 2469 3162 potest
2498 3090 2668 3141 ﬁrma
2705 3084 2916 3139 habere
2946 3079 3209 3150 vestigia.
3253 3078 3508 3134 Dicendo
3540 3076 3715 3148 pedes
3760 3091 3921 3130 meos

2278 3175 2529 3233 converti
2561 3191 2572 3230 :
2607 3171 2860 3229 ostendit
2890 3169 3161 3241 primitus
3192 3166 3372 3222 fuisse
3401 3180 3721 3237 perversos.

2275 3268 2346 3321 60
2417 3266 2654 3319 Paratus.
2679 3277 2799 3315 sum
2827 3267 2877 3314 et
2899 3255 3017 3313 non
3048 3272 3172 3311 sum
3200 3256 3448 3311 turbatus
3474 3270 3494 3306 :

2423 3355 2488 3410 Ut
2513 3349 2811 3407 custodiam
2839 3346 3100 3401 mandata
3128 3351 3241 3398 tua.

2350 3446 2389 3497 Ο
2418 3442 2691 3497 Paratum
2732 3452 2793 3491 se
2835 3436 2906 3489 ad
2959 3437 3240 3506 praecepta
3268 3429 3369 3487 Dei
3412 3427 3791 3486 custodienda
3820 3425 3920 3483 ille

2280 3533 2544 3595 testatur,
2565 3526 2663 3598 qui
2709 3541 2812 3579 nec
2844 3524 3237 3594 persecutores
3267 3518 3492 3584 metuit,
3524 3521 3581 3573 et
3616 3516 3919 3571 illecebras

2280 3620 2460 3690 hujus
2482 3614 2673 3672 smculi
2695 3632 2729 3668 a
2750 3612 2872 3668 suis
2896 3610 3164 3666 sensibus
3189 3608 3479 3681 clfugavit.
3502 3607 3628 3662 Non
3650 3621 3781 3660 sum
3803 3608 3921 3660 tur-

2284 3710 2477 3775 batus,
2501 3705 2570 3760 ad
2603 3700 3033 3758 tribulationem
3068 3698 3474 3755 sustinendam
3506 3700 3737 3767 propter
3755 3693 3919 3750 Chri-

2284 3804 2440 3855 stum
2474 3791 2810 3866 (improvisa
2851 3790 3003 3844 enim
3037 3787 3427 3843 conturbant:
3462 3784 3563 3839 sed
3607 3783 3924 3839 deliberata

2286 3883 2573 3941 sententia
2592 3881 2853 3936 animum
2878 3875 3203 3949 perturbari
3222 3892 3334 3929 non
3353 3873 3728 3940 sinit.)Infert
3746 3870 3921 3927 etiam

2287 3975 2357 4031 ad
2390 3971 2544 4045 quod
2577 3972 2842 4040 paratum
2876 3984 2935 4021 se
2973 3980 3099 4019 esse
3137 3963 3382 4029 dicebat,
3416 3959 3636 4016 scilicet
3664 3962 3730 4013 ut
3758 3974 3921 4013 man-

2286 4064 2420 4118 data
2442 4059 2540 4114 Dei
2573 4055 2888 4111 custodiret
2911 4070 2924 4106 :
2949 4052 3085 4124 quia
3110 4052 3192 4106 sic
3212 4050 3432 4121 integre
3453 4051 3923 4115 servantur,cum

2285 4148 2603 4206 adversitas
2633 4142 2794 4198 nulla
2823 4140 3119 4196 metuitur.

2286 4240 2350 4293 61
2429 4237 2601 4291 Funes
2629 4237 2962 4302 peccatorum
2992 4226 3351 4299 circumplexi
3377 4231 3505 4278 sunt
3532 4239 3617 4278 me
3650 4240 3663 4278 :

2426 4331 2481 4389 ξ-
2518 4324 2581 4378 Et
2623 4327 2636 4385 ζ
2678 4321 2845 4389 legem
2870 4326 3020 4371 tuam
3048 4332 3158 4369 non
3186 4330 3306 4367 sum
3334 4313 3551 4369 oblitus.

2361 4418 2401 4467 Ο
2426 4418 2567 4468 Cum
2598 4409 2737 4465 dicit
2779 4407 2948 4461 funes
2998 4408 3363 4476 peccatorum
3402 4418 3416 4457 :
3449 4398 3702 4456 ostendit
3730 4401 3817 4453 tot
3845 4396 3927 4452 la-

2292 4519 2471 4576 queos
2497 4516 2644 4562 esse,
2674 4499 2813 4568 quot
2856 4495 3091 4566 peccata
3132 4488 3555 4545 committimus
3579 4504 3593 4541 :
3618 4490 3675 4542 et
3704 4486 3811 4540 boc
3840 4501 3926 4540 re-

2294 4574 2593 4648 ferendum
2620 4592 2709 4641 est
2739 4585 2810 4639 ad
2842 4580 3097 4653 corporis
3120 4578 3481 4651 pravitatem,
3506 4576 3629 4631 ﬁeri
3657 4574 3813 4631 enim
3835 4588 3932 4645 po-

531 4691 645 4730 non
677 4676 806 4731 suis
840 4674 1092 4739 meritis.
1117 4673 1217 4729 sed
1265 4670 1477 4726 (Ῐίνίηίε
1508 4669 1852 4724 muneribus
1894 4670 2181 4742 applicat:
2214 4693 2260 4757 ῃ
2295 4680 2407 4737 tuit
2436 4684 2500 4733 ut
2530 4694 2661 4732 caro
2701 4673 3044 4728 delictorum
3098 4667 3335 4723 funibus
3377 4666 3673 4738 ligaretur,
3698 4662 3930 4719 animus

533 4767 588 4817 et
612 4780 713 4835 per
745 4763 859 4819 hoc
889 4763 1082 4837 legem
1108 4761 1210 4818 Dei
1240 4759 1513 4816 custodit.
1532 4761 1577 4813 Λ
1598 4756 1685 4813 vel
1714 4758 1771 4813 in
1799 4762 1966 4815 nocte
1996 4761 2188 4817 adver-

532 4851 725 4909 sitatis
758 4870 771 4907 :
810 4851 911 4907 ubi
947 4851 1137 4924 magis
1166 4848 1384 4923 gratias
1433 4863 1603 4920 agere
1632 4851 1859 4918 oportet
1904 4864 2080 4919 quam
2125 4850 2184 4904 in

533 4939 625 4995 die
656 4939 1094 5013 prosperitatis.

532 5029 601 5083 56
673 5031 805 5087 Haec
831 5032 989 5101 facta
1017 5041 1094 5085 est
1120 5027 1262 5082 mihi
1294 5044 1307 5081 :

675 5118 822 5185 Quia
843 5118 1271 5189 justiﬁcationes
1303 5118 1423 5169 tuas
1451 5112 1742 5185 exquisivi.

602 5208 643 5260 C
666 5205 823 5273 Hec,
849 5205 1078 5263 scilicet
1097 5222 1211 5260 nox
1231 5204 1383 5259 facta
1406 5205 1494 5258 est
1524 5199 1689 5268 mihi,
1711 5200 1959 5255 subaudi
1991 5218 2189 5257 conso-

536 5290 1003 5366 latio.Sequitur
1032 5310 1231 5359 causa,
1247 5308 1425 5364 quare
1455 5288 1537 5344 illi
1572 5304 1683 5343 nox
1704 5287 1857 5343 facta
1882 5289 1961 5345 sit
1989 5306 2190 5347 conso-

537 5379 672 5439 latio
697 5400 711 5439 :
736 5385 884 5456 quia
914 5381 1369 5455 justiﬁcationes
1398 5384 1529 5433 tuas
1572 5376 1874 5448 exquisivi.
1895 5378 2049 5433 Tuas
2081 5379 2194 5434 diei

540 5487 652 5526 non
685 5488 853 5528 meas
889 5489 903 5526 :
934 5475 993 5527 et
1019 5470 1150 5526 ideo
1190 5468 1396 5524 mundi
1427 5466 1683 5522 tenebris
1722 5482 1835 5519 non
1878 5466 2064 5537 potuit
2092 5469 2191 5522 ob-

540 5560 924 5633 czecari,quia
954 5559 1038 5614 illi
1086 5575 1200 5614 nox
1233 5555 1671 5612 tribulationum
1705 5552 1853 5609 facta
1883 5558 1990 5619 est,
2020 5555 2073 5611 id
2107 5561 2197 5613 est

543 5648 612 5702 ad
641 5650 969 5705 utilitatem
999 5652 1057 5703 et
1090 5647 1412 5720 profectum
1446 5644 1596 5698 facta
1624 5646 1730 5696 est.
1755 5641 1871 5697 Hoc
1901 5643 2055 5698 enim
2088 5644 2193 5700 ali-

545 5736 636 5793 cui
668 5737 793 5795 ﬁeri
819 5737 1083 5795 dicimus
1108 5734 1263 5807 quod
1296 5732 1446 5804 frugi
1478 5730 1560 5787 illi
1590 5734 1697 5786 est.

2297 4774 2491 4825 autem
2514 4762 2816 4820 incentivis
2836 4758 2991 4815 vitiis
3021 4756 3332 4821 reluctans,
3354 4754 3498 4827 legis
3531 4751 3625 4810 Dei
3648 4768 3761 4807 non
3785 4749 3930 4806 fuis-

2294 4862 2381 4913 set
2410 4852 2645 4911 oblitus.
2671 4851 2859 4905 Funes
2890 4851 3104 4913 autem,
3128 4849 3266 4900 sunt
3290 4842 3572 4915 implicita
3594 4844 3651 4895 et
3669 4842 3935 4895 tortuosa
3992 4914 3999 4917 ‘

2293 4942 2574 5018 ligamina
2605 4958 2618 4995 :
2652 4937 2794 4993 talia
2841 4935 3012 4991 etiam
3044 4939 3182 4989 sunt
3220 4936 3455 5005 peccata
3484 4929 3699 5002 quibus
3729 4944 3792 4984 se
3834 4926 3935 4983 de-

2291 5034 2623 5104 linquentes
2653 5042 2881 5096 semper
2908 5023 3260 5095 astringunt.

2294 5122 2370 5174 62
2441 5117 2615 5172 Media
2644 5120 2792 5169 nocte
2815 5112 3101 5181 surgebam
3127 5109 3198 5165 ad
3223 5108 3587 5181 conﬁtendum
3610 5106 3715 5162 tibi
3744 5124 3761 5159 :

2440 5209 2612 5276 Super
2630 5201 2848 5274 judicia
2868 5200 3282 5270 justi/icationis
3312 5206 3441 5254 tuae.

2371 5296 2412 5351 C
2434 5293 2621 5350 Media
2644 5292 2809 5345 nocte
2836 5306 2849 5342 :
2882 5288 2993 5341 scit
3035 5287 3190 5343 enim
3221 5287 3329 5341 hoc
3360 5290 3618 5357 tempore
3656 5281 3939 5354 primoge-

2303 5386 2423 5441 nita
2452 5380 2852 5453 .Egyptiorum
2893 5392 3169 5446 percussa
3198 5374 3387 5443 (Brod.
3410 5374 3540 5443 xii);
3568 5371 3679 5427 scit
3703 5366 3853 5424 Petri
3883 5369 3942 5453 et

2303 5472 2464 5529 Pauli
2487 5451 2717 5525 vincula
2738 5463 3019 5531 resoluta;
3045 5462 3155 5517 scit
3180 5479 3409 5534 quoque
3436 5473 3718 5532 sponsum
3749 5451 3939 5509 media

2304 5567 2468 5617 nocte
2504 5575 2629 5615 esse
2671 5558 2977 5610 venturum
3009 5552 3144 5619 (Act.
3177 5562 3312 5621 xu):
3364 5550 3491 5605 ideo
3542 5546 3740 5600 eodem
3792 5544 3935 5593 tem-

2305 5668 2440 5723 pore
2467 5644 2654 5718 surgit
2692 5642 2763 5697 ad
2796 5641 3017 5709 laudes,
3052 5655 3122 5693 ne
3172 5639 3322 5693 inter
3368 5638 3557 5691 fatuas
3604 5628 3855 5699 virgines
3884 5622 3934 5723 ei

2296 5706 2481 5812 janua
2509 5706 2706 5791 clausa
2736 5706 3031 5785 remaneat
3051 5725 3265 5797 (Matth.
3286 5724 3436 5792 xxv).
3463 5721 3575 5776 Nec
3595 5717 3754 5772 vacat
3779 5706 3932 5809 quod
