3878 6456
247 487 368 553 339

1154 490 1220 552 S.
1266 485 1670 552 BRUNONIS
1717 483 2342 549 HERBIPOLENSIS
2386 483 2769 549 EPISCOPI.

3558 481 3670 543 MO

247 623 393 682 dicit
435 623 784 698 surgebam;
815 621 957 696 quia
1000 621 1193 695 surgit
1223 621 1325 694 qui
1380 637 1614 693 semper
1672 619 1744 675 ad
1803 619 1903 676 Dei
1935 619 1991 687 Α
2019 618 2247 692 quium,
2263 619 2402 692 quia
2429 621 2647 676 meruit
2676 616 2998 684 humiliari,
3027 615 3179 673 sicut
3207 615 3292 672 ait
3318 615 3667 690 Apostolus:

242 712 540 788 praemiis
565 712 828 770 festinat.
859 713 944 769 Ad
987 711 1408 779 cenﬁtendum,
1441 709 1497 765 id
1524 713 1634 778 est,
1668 709 1739 765 ad
1789 707 1914 764 lau-

241 803 507 861 nudum
533 802 762 875 judicia
782 801 1034 874 ju'stitize
1064 799 1299 858 Christi.

243 891 321 949 68
391 893 681 967 forticen
709 907 804 964 ego
831 907 952 947 sum
980 891 1228 947 omnium
1258 890 1572 946 timentium
1603 895 1652 946 te
1685 905 1700 944 :

393 984 460 1038 Bt
482 979 910 1040 custodientium
931 979 1199 1037 mandata
1228 988 1344 1035 tua.

325 1069 368 1126 C
393 1069 678 1143 Quisquis
701 1069 860 1126 enim
885 1068 945 1126 in
971 1068 1228 1126 novitate
1251 1067 1377 1123 vita:
1401 1065 1790 1123 ambulaverit
1813 1065 1923 1122 erit

245 1159 552 1234 particeps
565 1158 807 1216 Christi.
837 1159 907 1214 Et
933 1157 1077 1230 quia
1095 1157 1242 1214 dixit
1260 1155 1528 1213 omnium
1559 1154 1918 1223 timentium,

258 1265 333 1306 ne
362 1247 495 1305 illos
525 1252 758 1305 tantum
791 1246 1166 1312 advertisses,
1194 1245 1294 1318 qui
1329 1245 1426 1300 Dei
1466 1245 1697 1318 judicia
1726 1243 1925 1307 servili

256 1338 468 1395 timore
496 1337 836 1407 formidant,
871 1335 1035 1392 addit
1064 1340 1122 1391 et
1151 1333 1610 1392 custodientium
1645 1334 1925 1390 mandata

259 1431 362 1484 tua
393 1445 408 1484 :
441 1426 541 1500 qui
574 1425 940 1484 devotissimi
972 1424 1452 1498 comprobantur,
1479 1424 1686 1480 timore
1717 1421 1922 1479 castis-

253 1516 409 1578 sime
439 1520 500 1575 et
527 1523 729 1574 amere
756 1515 1102 1572 reverendo.

253 1607 328 1665 64
399 1603 779 1663 Misericordia
808 1603 1032 1660 Domini
1051 1603 1215 1674 plena
1239 1605 1316 1657 est
1347 1609 1496 1658 terra
1531 1617 1546 1657 :

400 1694 822 1767 laetiﬁcationes
853 1697 976 1748 tuas
1003 1691 1132 1753 doce
1158 1707 1263 1748 me.

331 1787 376 1840 ϐ
404 1780 806 1842 Misericordia
846 1781 1080 1838 Domini
1127 1797 1264 1836 cum
1315 1779 1458 1836 dicit
1504 1779 1739 1854 plenam
1795 1796 1928 1835 esse

263 1876 480 1931 terram
502 1889 516 1928 :
539 1871 800 1929 ostendit
822 1870 1023 1942 utique
1040 1868 1736 1926 dilatationeChristianze
1755 1867 1888 1926 ﬁdei
1911 1886 1924 1924 :

2021 707 2359 766 Humilibus
2389 714 2587 766 autem
2618 709 2720 764 dat
2748 708 2996 782 gratiam
3031 710 3081 777 (I
3105 713 3251 764 Patr.
3274 708 3354 778 ν).
3383 707 3472 772 Et,
3497 712 3674 763 atex-

2023 798 2356 855 csdentium
2384 797 2682 854 licentiam
2709 795 3026 862 cohiberet,
3051 803 3184 869 post
3205 796 3674 855 humiliationem

2019 901 2216 954 suam,
2247 886 2550 959 eloquium
2583 886 2836 953 Domini,
2861 887 2919 941 id
2949 891 3043 942 est
3077 891 3313 942 sanctas
3343 887 3679 960 Scriptores

2025 994 2088 1034 se
2118 977 2260 1033 dicit
2290 977 2420 1047 ejus
2451 977 2603 1032 dono
2633 975 2982 1032 custodisse.

2026 1069 2098 1122 68
2171 1067 2354 1122 Bonus
2385 1083 2438 1121 es
2468 1067 2524 1121 iu
2557 1083 2570 1122 :

2171 1158 2237 1211 Et
2268 1158 2326 1211 in
2359 1157 2594 1212 bonitate
2619 1159 2717 1210 tua
2743 1156 2871 1210 doce
2899 1171 2985 1211 me
3004 1155 3424 1227 justiﬁeationes
3453 1165 3600 1213 tuas.

2101 1245 2142 1302 C
2173 1244 2322 1300 Petit
2370 1246 2589 1300 bonum
2638 1243 3013 1316 magistrum,
3051 1247 3118 1299 ut
3167 1243 3229 1299 in
3279 1261 3392 1300 sua
3427 1245 3692 1303 bonitate

2029 1333 2308 1407 dignetur
2326 1335 2536 1390 docere
2555 1331 2938 1406 discipulum.
2960 1337 3024 1388 ut
3044 1332 3518 1404 justiticationes.
3539 1353 3691 1409 quas

2031 1424 2277 1481 lectione
2307 1423 2610 1490 didicerat,
2635 1439 2808 1496 opere
2839 1423 3033 1478 sciret.
3059 1424 3222 1478 Tunc
3250 1422 3408 1480 enim
3437 1427 3692 1498 perfecte

2032 1513 2342 1570 discuntur
2372 1513 2652 1569 mandata
2681 1527 2817 1568 cum
2850 1513 3020 1568 ﬁunt.

2027 1603 2103 1659 69
2174 1603 2536 1675 Muttiplicata
2563 1611 2642 1658 est
2669 1618 2834 1674 super
2870 1618 2956 1658 me
2995 1602 3262 1675 iniquitas
3290 1605 3690 1676 superborum:

2175 1695 2287 1763 Ego
2315 1700 2496 1748 autem
2525 1694 2585 1748 in
2615 1697 2724 1748 toto
2751 1691 2911 1748 corde
2936 1693 3220 1748 scrutabor
3247 1693 3504 1750 mandata
3535 1699 3655 1750 tua.

2104 1783 2318 1839 CDicit
2349 1782 2507 1838 enim
2541 1779 2995 1854 multiplicatam
3029 1797 3208 1855 super
3245 1795 3310 1838 se
3345 1797 3698 1855 persequen-

2035 1873 2184 1928 tium
2206 1872 2601 1944 iniquitatem,
2617 1876 2673 1926 et
2695 1870 2824 1926 ideo
2849 1871 2991 1943 petit
3010 1886 3082 1926 ne
3101 1871 3286 1943 pomis
3302 1873 3578 1944 gravibus
3599 1891 3700 1928 su-

269 1978 448 2036 quam
477 1960 566 2019 sie
593 1958 1056 2018 misericerditer
1102 1957 1386 2032 implevit,
1425 1963 1491 2014 ut
1534 1959 1794 2030 undique
1836 1973 1928 2014 va-
1957 1994 2006 2061 Β
2041 1963 2353 2036 perborum
2395 1961 2524 2031 ejus
2564 1960 2772 2015 devota
2809 1959 3115 2015 humilitas
3157 1959 3567 2029 macuiaretur,
3591 1964 3697 2018 sed

269 2049 529 2108 nissime
558 2048 997 2123 superstitionis
1036 2064 1249 2106 nomen
1288 2061 1600 2105 evacuasse
1630 2048 1925 2105 doceatur.

259 2138 728 2216 lustiﬁ'chtiones
759 2143 890 2195 tuas
920 2138 1062 2194 doce
1111 2154 1224 2194 me.
1249 2137 1296 2193 Η
1335 2137 1444 2193 hoc
1474 2141 1566 2194 est
1611 2141 1715 2193 tua
1763 2151 1927 2192 man-

267 2229 427 2298 data,
457 2232 526 2286 ut
565 2227 669 2286 illa
713 2227 1040 2302 intelligam
1071 2231 1131 2285 et
1161 2227 1470 2301 praedicem
1521 2231 1578 2283 et
1625 2243 1796 2300 opere
1827 2225 1934 2283 im-

270 2317 485 2392 pleam.

447 2413 854 2466 insumamus:
883 2423 1254 2471 smusnriuu
1283 2424 1423 2462 oc'ro
1453 2423 1750 2463 vsasuuu.

341 2502 382 2554 C
410 2499 453 2556 Β
483 2496 743 2570 Populus
772 2497 983 2555 beatus
1025 2495 1424 2571 gratias‘agit,
1456 2495 1842 2552 humiliatum
1873 2511 1935 2551 se

272 2586 475 2654 fuisse,
509 2590 576 2644 ut
613 2586 686 2642 ad
723 2585 1181 2658 justificationes
1229 2583 1460 2642 Domini
1511 2584 1859 2658 perveniret,
1893 2585 1936 2641 Β

276 2689 610 2747 nomenque
631 2673 834 2731 littere
852 2674 1158 2747 prmsentis
1175 2689 1471 2745 exponens
1487 2690 1500 2728 :
1515 2672 1734 2729 bonum
1761 2688 1937 2728 suum

273 2762 441 2830 dicit,
471 2762 719 2820 verdum
747 2761 851 2819 Dei
881 2760 1186 2818 humiliter
1215 2760 1508 2817 meditari.

782 2850 829 2908 Η
862 2850 904 2906 Β
951 2849 1160 2917 Theth,
1193 2850 1438 2907 bonum.

279 2941 356 3000 οδ
427 2940 736 2998 Bonitatem
761 2939 945 3012 fecisti
969 2955 1096 2996 own
1120 2954 1275 2996 servo
1304 2943 1418 3006 tuo,
1448 2939 1678 2996 Domine
1711 2956 1724 2994 :

421 3028 738 3089 Beatam
757 3031 985 3086 verbum
1015 3035 1190 3085 tuum.

356 3122 406 3178 Α
431 3119 476 3177 C
505 3119 672 3176 Nunc
701 3117 910 3176 collata
939 3117 1051 3174 sibi
1083 3134 1118 3173 a
1147 3117 1394 3174 Domino
1425 3135 1674 3175 munera
1707 3119 1941 3192 profite-

284 3213 402 3267 tur.
427 3210 624 3266 Bonus
643 3207 863 3282 quippe
883 3205 1172 3264 Dominus
1191 3206 1374 3264 servis
1400 3207 1528 3264 suis
1552 3207 1757 3265 tribuit
1777 3207 1942 3264 boni-

285 3303 491 3357 tatem.
524 3299 595 3354 Et
625 3314 754 3371 quas
777 3297 858 3354 sit
888 3295 989 3354 illa
1015 3297 1250 3354 bonitas
1290 3297 1496 3354 subter
1521 3297 1778 3372 exponit,
1800 3298 1944 3353 dum

2041 2050 2236 2123 potius
2257 2054 2548 2122 quantum
2581 2048 2666 2103 illi
2703 2050 3121 2105 contenderent
3141 2054 3373 2106 sanctos
3397 2051 3698 2119 seducere,

2041 2145 2274 2196 tantum
2299 2138 2394 2194 isti
2413 2138 2756 2193 viderentur
2777 2136 3072 2194 mandatis
3101 2137 3421 2194 Dominicis
3441 2137 3700 2198 adum-

2041 2245 2122 2296 re,
2147 2232 2204 2284 et
2229 2228 2650 2284 mandatorum
2673 2230 3030 2283 scrutatores
3052 2226 3308 2299 amplius
3333 2228 3506 2284 effici.
3533 2230 3598 2286 Et
3615 2229 3705 2286 ita

2043 2319 2261 2375 factum
2275 2321 2442 2372 estut
2455 2316 2555 2389 qui
2575 2315 2762 2389 pomis
2779 2317 3203 2389 temporalibus
3219 2321 3453 2374 sanctos
3467 2317 3703 2376 vincere

2040 2410 2437 2471 tentaverunt,
2459 2411 2516 2462 et
2543 2422 2578 2460 a
2611 2405 2734 2478 lege
2765 2406 2864 2462 Dei
2895 2405 3153 2462 dividere
3195 2405 3310 2462 nisi
3354 2413 3512 2473 sunt,
3537 2413 3704 2465 tanto

2045 2496 2178 2553 illos
2209 2496 2625 2553 mandatorum
2653 2499 3012 2552 scrutatores
3043 2495 3299 2568 amplius
3325 2497 3666 2554 eﬂ‘ecerunt.

2042 2588 2116 2642 7O
2189 2586 2549 2656 Coagutatum
2575 2591 2653 2640 est
2676 2587 2818 2640 sicut
2848 2586 2935 2640 tae
2961 2599 3056 2641 cor
3081 2596 3270 2641 eorum
3299 2603 3320 2640 :

2190 2677 2302 2744 Ego
2330 2690 2456 2730 vero
2486 2674 2655 2745 legem
2681 2681 2835 2730 tuam
2859 2672 3152 2730 meditatus
3177 2682 3319 2731 sum.

2119 2763 2162 2821 C
2192 2764 2298 2820 Per
2328 2763 2414 2819 lac
2449 2761 2847 2836 coagulatum,
2874 2761 3001 2818 vult
3041 2761 3289 2836 intelligi
3319 2763 3707 2822 oonduratam

2047 2853 2440 2926 superborum
2473 2849 2870 2924 iniquitatem,
2894 2867 3024 2924 quis
3063 2867 3224 2910 more
3259 2852 3428 2908 lactis
3451 2853 3518 2910 in
3547 2871 3709 2912 eras-

2049 2940 2265 2997 siorem
2310 2937 2705 2995 substantiam
2763 2938 2955 2994 fuerat
3001 2943 3316 2996 contracta.
3349 2941 3462 2996 Lac
3501 2946 3708 3000 autem

2051 3029 2278 3085 dictum
2305 3043 2342 3086 a
2369 3027 2614 3100 liquore,
2630 3027 2769 3100 quia
2799 3028 2872 3084 de
2915 3027 3147 3085 interna
3175 3030 3508 3086 substantia
3531 3036 3711 3088 natu-

2051 3117 2410 3190 raliJiquore
2429 3117 2722 3184 decurrat,
2743 3134 2780 3173 a
2801 3117 2959 3172 enim
2982 3115 3042 3173 in
3066 3120 3089 3173 i
3108 3119 3465 3174 convertitur
3483 3123 3549 3176 ut
3569 3121 3713 3177 ami-

2052 3223 2160 3264 cus
2189 3206 2489 3272 inimicus,
2513 3211 2572 3261 et
2602 3205 2697 3262 his
2727 3205 2966 3262 similia.
2990 3207 3108 3280 Ego
3137 3224 3270 3263 vero
3312 3206 3496 3281 legem
3518 3212 3710 3279 tuam,

2051 3296 2114 3353 id
2145 3300 2234 3353 est
2263 3301 2553 3368 quantum
2592 3294 2676 3350 illi
2724 3295 2784 3350 in
2833 3295 2989 3353 malo
3033 3296 3444 3368 duresoebant,
3476 3303 3712 3356 tantum

285 3387 432 3446 dicit
462 3404 477 3444 :
511 3369 738 3445 Bonum
783 3384 930 3442 mihi
973 3385 1130 3458 quod
1181 3384 1510 3443 humiliasti
1562 3369 1656 3442 me
1687 3403 1700 3442 :
1734 3386 1807 3442 de
1853 3369 2019 3442 δί’-’θ
2060 3389 2168 3460 ista
2193 3403 2229 3442 a
2258 3385 2382 3458 lege
2416 3383 2513 3440 Dei
2541 3383 2836 3457 segregari
2871 3401 2988 3441 non
3019 3390 3264 3459 poterat.

271 3476 550 3536 {ﬁctione
567 3475 730 3534 'enim
755 3473 1000 3531 salutari
1021 3473 1246 3548 gratias
1273 3473 1416 3547 agit.
1440 3492 1555 3532 non
1577 3475 1649 3532 de
1676 3474 1947 3532 felicitate

276 3565 614 3624 mundana.
645 3561 935 3620 lnt‘ellexit
963 3561 1122 3619 enim
1162 3561 1482 3620 bonitatem
1529 3562 1691 3622 illam
1741 3564 1950 3620 debere

281 3653 408 3711 dici
432 3651 596 3710 unde
634 3649 959 3724 proficitur,
995 3667 1110 3706 non
1160 3651 1314 3706 unde
1360 3651 1519 3708 inani
1565 3651 1952 3710 exsultatione

265 3741 602 3818 -gaudetur.
630 3739 726 3796 Sic
779 3737 1104 3795 bonitatem
1135 3738 1272 3794 facit
1301 3739 1564 3797 medicus
1610 3758 1744 3797 cum
1796 3746 1954 3799 secat

283 3827 666 3894 wdnera,sic
720 3829 888 3901 pater
944 3843 1078 3884 cum
1135 3825 1304 3883 caedit
1364 3827 1573 3885 ﬁlium.
1613 3829 1952 3888 Secundum

287 3920 537 3978 verbum
577 3921 746 3974 tuum
782 3933 796 3973 :
830 3914 998 3984 illud,
1033 3914 1257 3972 scilicet
1301 3933 1417 3989 quo
1467 3917 1700 3986 dicitur,
1733 3919 1842 3986 Qui
1891 3937 1955 3976 se

283 4007 571 4068 .humiliat
599 4004 955 4064 exaltabitur
973 4007 1190 4079 (lattlz.
1213 4009 1394 4076 XXIII).
1429 4007 1475 4063 II
1499 4007 1602 4063 Vel
1633 4008 1953 4066 bonitatem

284 4097 480 4158 fecisti
513 4115 528 4155 :
561 4095 800 4172 quando
829 4094 890 4152 in
920 4112 1093 4153 carne
1136 4113 1242 4154 nos
1283 4097 1582 4154 redemisti
1623 4099 1955 4156 Secundum

291 4189 537 4246 verbum
567 4191 785 4244 tuum:
827 4185 985 4260 quod
1036 4184 1362 4259 promisisti
1408 4185 1654 4244 Abrahae
1706 4185 1959 4262 aliisque

292 4275 667 4354 patriarchis.

291 4367 364 4424 66
434 4367 745 4424 Bonitatem
771 4371 824 4422 et
852 4363 1213 4437 disciplinam
1235 4373 1285 4421 et
1314 4366 1606 4422 scientiam
1631 4365 1760 4423 doce
1788 4383 1874 4423 me
1906 4384 1919 4424 :

437 4457 582 4526 Quia
608 4454 884 4514 mandatis
910 4455 1020 4511 tuis
1043 4453 1274 4510 credidi.

367 4545 410 4602 ϐ
431 4545 608 4602 Docet
635 4547 835 4602 autem
866 4543 1022 4602 Deus
1063 4543 1388 4600 bonitatem
1436 4543 1778 4616 inepirando
1807 4544 1962 4602 desi-

280 4633 526 4693 derium
559 4632 887 4706 charitatis,
915 4633 1091 4690 'docet
1131 4630 1530 4704 disciplinam,
1562 4649 1699 4689 cum
1741 4633 1965 4705 patien-

287 4723 438 4781 tiam
463 4723 523 4795 in
545 4721 935 4783 tribuistioue
955 4722 1339 4812 donat,docet
1370 4721 1702 4812 scientiam,
1726 4725 1790 4777 ut
1817 4722 1968 4812 sciat
1998 4748 2046 4812 Β

2054 3477 2118 3530 71
2201 3479 2413 3531 Bonum
2438 3475 2583 3530 mihi
2609 3476 2746 3548 quia
2773 3475 3094 3532 humiliasti
3118 3492 3206 3532 me
3235 3492 3250 3532 :

2204 3564 2269 3621 Ut
2291 3563 2503 3618 discam
2517 3563 2942 3636 justiﬁcationes
2973 3572 3117 3621 mas.

2130 3658 2170 3707 Ο
2199 3653 2424 3708 Bonum
2455 3651 2563 3707 sibi
2596 3651 2739 3708 dicit
2775 3653 2932 3726 quod
2965 3655 3152 3727 poenis
3181 3655 3540 3712 sasvientium
3571 3657 3719 3713 sub-

2057 3743 2327 3810 debatur,
2364 3755 2477 3799 non
2508 3741 2819 3815 prmeentia
2865 3743 3150 3816 cogitans,
3184 3745 3285 3800 sed
3332 3746 3526 3802 futura
3553 3746 3718 3802 desi-

2059 3831 2584 3904 derans.C(eperat
2634 3832 2789 3888 enim
2841 3833 2913 3888 de
2963 3831 3064 3891 illa
3117 3833 3422 3890 dulcedine
3479 3838 3721 3908 gustare

2062 3919 2450 3992 caelestique
2485 3937 2692 3978 omnes
2731 3921 3050 3979 suavitates
3089 3923 3332 3980 excedit.
3356 3923 3514 3980 Talis
3539 3924 3725 3997 siqui-

2063 4011 2199 4066 dem
2226 4009 2534 4067 bumilitas
2555 4011 2804 4067 caelestis
2852 4011 3208 4070 Hierusalem
3253 4013 3439 4085 tangit
3467 4013 3726 4086 gloriosa

2066 4099 2318 4172 fastigia.
2342 4100 2488 4156 Nam
2534 4099 2689 4156 sicut
2735 4101 3014 4172 superbia
3043 4102 3258 4176 mergit
3287 4103 3358 4158 ad
3409 4106 3724 4167 tartarum,

2065 4190 2148 4246 ita
2179 4189 2292 4245 ista
2322 4188 2626 4246 humilitas
2656 4189 2808 4246 tollit
2831 4190 2904 4246 ad
2930 4191 3164 4246 omium.
3187 4191 3263 4248 Ut
3289 4182 3513 4247 discam
3530 4191 3724 4263 justi-

2067 4279 2370 4336 ﬂcatioues
2399 4284 2556 4347 tuas,
2589 4279 2646 4334 id
2697 4285 2786 4336 est
2833 4284 2897 4335 ut
2944 4281 3194 4337 facerem
3241 4281 3399 4354 quod
3443 4281 3728 4338 docuisti.

2069 4371 2238 4426 Tunc
2261 4366 2418 4425 enim
2451 4369 2702 4442 perfecte
2739 4369 3008 4435 discitur,
3035 4371 3270 4444 quando
3313 4370 3731 4444 praecepta'Dei

2071 4457 2228 4515 ﬁdeli
2261 4458 2490 4514 actione
2520 4463 2948 4516 monstrantur.

2069 4551 2144 4604 72
2216 4549 2428 4604 Bonum
2455 4547 2600 4604 mihi
2627 4549 2719 4604 lex
2747 4550 2860 4604 ocis
2890 4551 2976 4604 tui
3007 4565 3022 4605 :

2217 4637 2392 4708 Super
2417 4637 2604 4692 millia
2633 4640 2762 4694 auri
2787 4642 2841 4694 et
2869 4641 3110 4709 argenti.

2147 4729 2188 4781 C
2211 4727 2356 4784 Cum
2389 4725 2530 4781 dicit
2558 4727 2648 4782 lex
2675 4727 2796 4782 oris
2833 4727 2941 4795 tui,
2977 4745 3093 4784 non
3131 4728 3256 4798 jam
3311 4727 3728 4802 prOphetarum

285 4812 828 4871 diomediseernere
851 4813 1004 4870 inter
1022 4811 1244 4868 bonum
1267 4814 1324 4867 et
1345 4809 1590 4878 malum,
1615 4811 1766 4867 inter
1783 4810 1963 4868 vitam
1998 4809 2034 4812 _
2077 4832 2183 4872 nec
2236 4815 2668 4888 apostolorum,
2718 4817 2819 4872 sed
2877 4821 3167 4890 praecepta
3217 4816 3572 4889 evangelica,
3619 4816 3732 4873 sibi

271 4900 985 4967 ..et'mortem.ﬂredidi,C
1006 4899 1064 4956 id
1096 4905 1186 4959 est
1227 4899 1530 4972 praeceptis
1562 4899 1678 4956 tuis
1710 4900 1962 4968 obedivi,

285 4990 346 5050 ἱ
368 4989 456 5048 vel
479 5001 652 5064 opere
673 4989 930 5062 implevi.
957 4989 1266 5046 Prmmittit
1286 4992 1481 5045 autem
1505 4989 1761 5046 scientiae
1781 4989 1961 5046 disci-

298 5076 544 5151 plinam,
561 5083 625 5133 ut
642 5077 777 5150 quis
800 5075 1074 5150 primitus
1099 5077 1156 5134 in
1179 5095 1242 5134 se
1265 5077 1450 5134 facere
1472 5077 1681 5134 debeat
1710 5077 1964 5151 discipli-

300 5181 460 5232 nam,
481 5169 772 5238 et-postea
801 5165 1061 5224 docendo
1093 5164 1151 5224 in
1183 5165 1336 5223 aliis.

298 5253 369 5308 67
443 5253 780 5324 Priusquam
809 5253 1140 5308 hum‘iliarer
1161 5271 1256 5326 ego
1286 5255 1496 5325 deliqui
1528 5270 1542 5308 :

441 5341 736 5416 Propterea
761 5341 1043 5414 eloquium
1071 5348 1227 5398 tuum
1255 5343 1541 5402 custodivi.

281 5481 285 5484 .
373 5429 416 5485 Ο
444 5427 586 5486 Vide
603 5430 901 5500 quomodo
925 5429 984 5483 in
1012 5428 1119 5483 hoc
1138 5446 1307 5487 versu
1331 5431 1591 5487 humana
1613 5433 1730 5489 vita
1751 5435 1965 5492 descri-

291 5515 499 5575 batur.
525 5516 694 5572 Prius
720 5516 880 5574 enim
911 5532 1186 5590 peccasse
1217 5535 1277 5574 se
1308 5519 1469 5586 dicit,
1503 5536 1638 5576 cum
1669 5526 1963 5583 teneretur

289 5603 570 5678 originali
614 5601 756 5660 vitio
785 5604 1098 5677 obnoxius,
1123 5610 1254 5674 post
1297 5606 1672 5664 bumiliatum
1721 5630 1783 5668 se
1832 5630 1962 5672 esse

281 5693 602 5766 wprofessus
629 5695 740 5758 est,
761 5697 830 5748 ut
857 5693 1033 5764 culpa
1061 5699 1283 5749 careret
1302 5709 1479 5770 quam
1513 5701 1880 5758 contraxerat
1902 5704 1962 5759 in

295 5781 499 5861 radice
531 5778 782 5854 pec-cati;
827 5782 901 5839 ad
955 5782 1318 5854 postremum
1351 5783 1665 5840 custodivit
1714 5788 1816 5844 Dei
1847 5790 1961 5848 elo-

2069 4906 2320 4962 testatur
2341 4904 2934 4978 pretiosissima,quae
2966 4910 3107 4963 sunt
3131 4923 3228 4963 ore
3249 4905 3461 4963 Christi
3485 4905 3730 4980 prolata.

2070 4996 2259 5068 Super
2289 4993 2676 5068 millia,quasi
2709 4996 2927 5054 diceret
2957 5014 3137 5070 super
3159 4997 3359 5054 omnia
3389 4995 3574 5053 millia
3599 4997 3732 5052 auri

2070 5088 2127 5140 ct
2155 5084 2577 5157 argenti,quod
2613 5084 3114 5158 inﬁnitum-atque
3135 5081 3733 5158 iuc‘o'mpreheusibile

2069 5178 2178 5241 est,
2213 5173 2296 5228 sic
2327 5173 2485 5229 enim
2509 5173 2744 5232 dilectio
2779 5175 2892 5230 ista
2923 5179 3084 5232 tanta
3117 5175 3335 5232 meruit
3363 5171 3642 5246 judicari,
3667 5177 3732 5228 ut

2071 5261 2232 5318 nulla
2265 5279 2360 5318 res
2392 5261 2680 5335 potuisset
2722 5263 2772 5319 ei
2827 5263 3167 5336 aequant-ut
3213 5263 3340 5319 auri
3392 5261 3730 5335 argentique

2071 5351 2266 5409 omnis
2295 5351 2464 5424 copia
2491 5357 2692 5424 posset
2719 5353 3018 5422 vilescere,
3052 5353 3240 5410 millia
3268 5351 3398 5408 auri
3421 5356 3480 5408 et
3507 5347 3731 5422 argenti

2071 5441 2234 5510 dixit,
2259 5441 2548 5514 quidquid
2591 5443 2750 5498 enim
2784 5443 3020 5513 dixeris,
3045 5459 3278 5516 semper
3325 5440 3568 5499 excedit.
3599 5438 3728 5494 Ideo

2071 5531 2226 5589 facta
2248 5535 2338 5588 est
2366 5533 2727 5605 comparatio
2769 5533 2993 5606 absque
3035 5530 3444 5600 similitudine,
3479 5528 3726 5602 pretium

2071 5620 2200 5678 sine
2231 5621 2426 5685 modo,
2459 5637 2626 5676 amor
2653 5621 2780 5676 sine
2811 5623 2943 5677 fine.

2251 5725 2656 5766 ARGUMENTUM
2689 5725 3057 5772 SEQUENTIUM
3086 5727 3226 5768 OCTO
3255 5723 3552 5764 VERSUUM.

2145 5797 2186 5854 Ο
2217 5800 2260 5854 Β
2289 5797 2512 5856 Cohors
2541 5796 2795 5871 gloriosa
2843 5800 2989 5872 petit
3007 5799 3377 5860 intellectum
3422 5794 3730 5853 mandato-
