5516 6496
542 553 644 615 Ml

1738 550 2148 615 EXPOSITIO
2186 548 2701 615 PSALMORUM.

3790 528 3909 621 ΜΞ

545 698 663 745 rum
693 680 922 741 sibimet
948 680 1160 741 debere
1190 682 1456 751 concedi,
1480 686 1545 741 ut
1572 699 1719 741 verae
1762 684 1891 741 vitae
1921 701 2163 741 munere
2189 681 2248 752 Α
2276 700 2402 756 quae
2431 683 2694 743 lectionis
2728 683 3067 760 repetitione
3095 687 3396 754 tractatur,
3433 684 3549 742 sed‘
3577 702 3703 764 qum
3724 687 3910 761 operi-

545 793 640 849 per
657 775 1297 845 fruatur,expeﬁensque
1321 776 1385 828 ut
1403 773 1634 829 Domini
1652 772 2051 830 misericordia
2066 776 2167 829 ﬁat
2272 775 2385 829 bus
2410 774 2708 847 impletur.
2807 781 2811 785 '

543 855 922 929 immaculata,
957 876 1031 916 ne
1060 862 1246 934 possit
1273 862 1332 916 in
1364 861 1465 917 illa
1478 862 1839 933 judicatione
1863 862 2161 918 confundi.

543 954 584 1009 Β
612 953 675 1007 Et
700 954 849 1006 recte
878 949 1123 1005 scientia
1152 950 1238 1006 vel
1284 950 1635 1023 principium
1681 954 2052 1023 nuncupatur
2078 950 2167 1006 lit-

540 1044 675 1104 tera,
706 1038 763 1094 in
793 1051 911 1110 qua
938 1032 1139 1094 ﬁdeles
1168 1039 1242 1094 ab
1270 1037 1370 1094 illo
1405 1037 1667 1111 capiendi
1700 1044 1968 1112 quarunt
1996 1038 2164 1096 intel-

541 1129 742 1186 lectum
774 1143 809 1182 a
834 1141 955 1197 quo
982 1122 1209 1182 vivendi
1242 1131 1621 1200 sumpserunt
1649 1129 1970 1184 exordium.

796 1208 841 1271 Η
870 1219 916 1273 Β
944 1215 1092 1282 Ioth,
1122 1216 1371 1271 scientia
1396 1215 1485 1273 vel
1518 1216 1891 1289 principium.

541 1304 607 1362 73
673 1304 860 1359 lanas
888 1311 1003 1362 tua?
1029 1305 1276 1374 fecerunt
1295 1320 1383 1361 me
1408 1312 1461 1360 et
1483 1306 1891 1376 plasmaverunt
1916 1323 2002 1363 me

672 1389 750 1449 Da
775 1392 920 1448 mihi
949 1393 1283 1449 tntellectum
1313 1400 1373 1448 ut
1391 1392 1595 1449 discam
1620 1395 1883 1450 mandata
1908 1400 2023 1451 tua.

606 1483 645 1537 C
676 1482 880 1537 Manus
910 1483 1026 1535 tuae
1054 1481 1414 1553 operationis
1437 1481 1817 1537 Deivirtutem
1832 1485 2164 1539 ostendunt.

540 1573 605 1627 Et
631 1570 779 1642 quod
813 1564 1073 1637 additur,
1106 1569 1367 1625 fecerunt
1393 1586 1505 1635 me,
1540 1574 1606 1625 ut
1660 1570 1899 1643 quidam
1944 1571 2165 1641 volunt,

538 1660 789 1716 fecerunt
817 1659 889 1713 ad
928 1656 1189 1713 animum
1246 1659 1575 1730 pertinere;
1608 1659 2062 1732 plasmaverunt,
2094 1663 2167 1717 ad

540 1764 739 1820 corpus
769 1747 926 1818 quod
958 1746 1031 1801 de
1060 1745 1201 1801 limo
1227 1750 1392 1802 terra:
1423 1748 1787 1820 csgnoscitur
1801 1766 1928 1805 esse
1956 1750 2167 1807 forma-

539 1841 677 1892 tum.
706 1837 874 1891 Iusta
903 1846 1043 1890 vace
1095 1834 1311 1890 clamat
1346 1835 1571 1891 factura
1625 1838 1845 1893 auctori
1872 1856 1884 1893 :
1917 1838 2001 1894 Da
2026 1838 2169 1894 mihi

535 1924 911 1989 intellectum,
942 1939 980 1979 a
1009 1938 1126 1996 quo
1160 1938 1482 1995 cognoscor
1534 1941 1662 1981 esse
1719 1925 2025 1998 plasmata.
2058 1927 2168 1983 Sed

2270 865 2342 918 78
2417 864 2837 935 Confundantur
2864 864 3087 937 superbi
3136 867 3269 936 quia
3322 866 3539 937 injuste
3568 867 3914 938 iniquitatem

2454 1007 2458 1012 .
2483 955 2732 1023 fecerunt
2758 955 2820 1009 in
2845 969 2932 1009 me
2961 971 2974 1008 :

2415 1043 2523 1109 Ego
2553 1045 2735 1097 autem
2758 1044 3048 1098 exercebar
3076 1042 3135 1097 in
3164 1041 3437 1098 mandatis
3465 1045 3596 1098 tuis.

2346 1128 2387 1183 C
2416 1129 2878 1195 Confundantur,
2909 1131 2980 1185 ad
3013 1129 3477 1187 emendationem
3510 1131 3778 1203 pertinet,
3800 1147 3915 1191 non

2275 1218 2346 1272 ad
2379 1218 2753 1291 supplicium,
2800 1223 2940 1275 tunc
2989 1218 3143 1274 enim
3188 1219 3336 1274 bene
3384 1220 3754 1277 confunditur
3780 1238 3917 1278 con-

2275 1305 2517 1361 scientia
2540 1307 2856 1378 peccantis,
2883 1307 3115 1379 quando
3175 1305 3330 1362 mala
3385 1306 3633 1378 pristina
3683 1309 3919 1381 propria

2270 1393 2568 1450 voluntate
2593 1394 2968 1462 damnantur,
2998 1398 3055 1449 et
3084 1393 3289 1465 incipit
3317 1395 3511 1451 odisse
3540 1397 3693 1467 quod
3744 1401 3916 1454 antea

2275 1483 2582 1538 videbatur
2611 1481 3025 1556 diligere.Quia
3047 1482 3414 1554 iniquitatem
3430 1484 3697 1540 fecerunt
3718 1485 3776 1541 in
3801 1501 3914 1553 me,

2276 1572 2415 1646 quid
2448 1571 2605 1627 enim
2638 1571 2919 1643 injustius
2944 1588 3122 1642 quam
3155 1588 3253 1626 eos
3303 1571 3447 1627 velle
3494 1572 3786 1645 persequi,
3815 1573 3917 1646 qui

2278 1660 2572 1715 mandatis
2598 1659 2699 1714 Dei
2720 1659 3068 1715 videbantur
3088 1659 3353 1730 occupari
3383 1660 3530 1733 ?Ego
3554 1664 3744 1717 autem
3766 1678 3921 1718 exer-

2278 1749 2465 1817 cebor,
2496 1748 2660 1820 ponit
2682 1747 2941 1803 salutare
2968 1747 3314 1815 remedium,
3340 1747 3555 1803 scilicet
3581 1749 3918 1808 exercitium

2279 1838 2691 1892 mandatorum
2743 1839 2947 1892 contra
3016 1840 3412 1909 persecutores
3458 1836 3739 1904 crudeles,
3800 1838 3923 1895 sola

2279 1925 2434 1981 enim
2464 1924 2742 1997 patientia
2768 1925 2826 1979 in
2853 1925 3162 1980 tormentis
3190 1924 3369 1980 vincit
3400 1924 3550 1980 illos.

534 2013 761 2086 qualem
780 2012 927 2068 ?non
962 2012 1143 2067 istum
1170 2012 1246 2068 de
1271 2028 1385 2084 quo
1411 2012 1523 2068 sibi
1542 2013 1809 2070 homines
1824 2031 1950 2071 esse
1971 2015 2168 2072 viden-
2200 2046 2252 2112 Β
2280 2013 2352 2070 79
2427 2016 2823 2071 Convertuntur
2852 2013 2995 2068 mihi
3019 2015 3267 2070 timentes
3291 2021 3340 2069 te
3368 2032 3387 2068 :
3464 2034 3468 2038 ·

536 2108 631 2158 tur
654 2100 968 2175 sapientes,
1002 2101 1103 2157 sed
1132 2116 1247 2173 quo
1279 2098 1507 2156 Domini
1537 2102 1814 2160 mandata
1841 2110 2170 2176 cognoscat,

540 2196 600 2247 ut
628 2206 798 2264 quem
829 2188 1019 2246 Adam
1069 2204 1171 2262 per
1199 2189 1649 2246 inobedientiam
1702 2192 2050 2263 perdiderat,
2085 2212 2174 2250 co-

539 2280 670 2337 hors
693 2282 895 2335 sancta
917 2295 1024 2351 per
1044 2277 1500 2334 inobedientiam
1514 2279 2077 2351 adipiscaturlstum
2092 2299 2175 2338 er-

538 2387 606 2443 go
626 2362 1371 2441 purumcontemplabilem
1403 2371 1459 2423 et
1510 2368 1803 2437 devotum,
1837 2387 2009 2442 quem
2042 2377 2175 2426 ante

534 2461 830 2529 peccatum
861 2457 1054 2512 Adam
1103 2454 1460 2527 possidebat,
1513 2457 1658 2529 petit
1709 2454 2092 2527 intellectum,
2129 2460 2174 2515 Η

537 2563 645 2617 quo
674 2542 964 2600 mandata
993 2543 1092 2599 Dei
1123 2543 1531 2615 intelliguntur
1559 2549 1620 2601 et
1647 2547 2076 2604 custodiuntur.

537 2635 602 2688 74
675 2634 781 2702 Qui
809 2634 1011 2687 timent
1039 2636 1090 2687 te
1120 2632 1380 2687 videbunt
1409 2648 1494 2687 me
1519 2639 1573 2688 ct
1597 2634 1972 2690 (amburitur:

672 2723 812 2790 Quia
841 2723 903 2776 in
928 2720 1097 2776 verba
1116 2729 1213 2776 tua
1241 2723 1638 2792 super-speravi.

606 2810 650 2866 Η
680 2810 784 2873 Qui
817 2810 1042 2865 timent
1070 2812 1147 2874 te,
1182 2825 1287 2864 vox
1306 2807 1602 2877 Ecclesiae,
1624 2810 1683 2865 id
1742 2814 1831 2867 est
1859 2811 1944 2867 illi
1977 2814 2076 2886 qui
2106 2815 2179 2868 ti-

540 2901 695 2954 ment
722 2898 1003 2964 Deum,et
1021 2895 1169 2951 alios
1198 2894 1396 2952 vident
1424 2897 1523 2954 Dei
1549 2898 1826 2955 mandata
1854 2901 2176 2969 observare,

538 3000 747 3059 magna
775 2984 1374 3051 lastitialtetabuntur,
1404 2985 1541 3058 quia
1568 2986 1628 3041 in
1651 2987 1831 3045 verbo
1860 2992 1960 3045 tuo
1991 3006 2180 3062 spero,

538 3076 581 3130 H
608 3075 670 3141 ϐ,
700 3072 760 3129 id
791 3077 884 3130 cst
910 3071 1307 3140 in'Christo,C
1339 3074 1436 3128 ubi
1458 3091 1760 3146 nunquam
1792 3076 2180 3151 decipit'spes.

543 3162 688 3218 Petit
712 3178 853 3235 ergo
878 3159 1318 3218 Eccle'sia‘talia
1345 3160 1405 3215 in
1437 3176 1500 3217 se
1557 3163 1702 3233 ﬁeri,
1733 3164 1888 3221 unde
1917 3167 2181 3224 omnium

537 3250 763 3307 devotio
790 3249 990 3322 possit
1020 3249 1245 3321 augeri,
1281 3250 1352 3304 ad
1383 3249 1768 3307 imitationem
1808 3253 1962 3309 enim
1989 3270 2183 3311 rerum

530 3338 945 3408 landabiiium,
981 3337 1280 3410 proposita
1298 3344 1531 3410 semper
1556 3341 1822 3413 exempla
1850 3344 2179 3414 proﬁciunt,

2423 2104 2488 2158 Et
2517 2104 2612 2175 qui
2627 2109 2894 2158 nouerunt
2925 2104 3235 2158 testimonia
3264 2109 3377 2157 tua.
3434 2118 3437 2119 ν

2350 2193 2392 2245 C
2420 2190 2840 2246 Convertuntur
2860 2190 3025 2255 mihi,
3046 2189 3101 2245 id
3128 2194 3217 2246 est
3260 2190 3330 2245 ad
3376 2194 3467 2256 te;
3501 2190 3572 2246 ad
3609 2190 3920 2246 Dominum

2272 2278 2437 2335 enim
2470 2279 2613 2334 bene
2643 2277 2993 2350 intelligitur
3017 2277 3411 2349 converti,qui
3441 2278 3501 2333 in
3535 2278 3923 2334 ecclesiastica

2283 2366 2724 2439 congregatione
2753 2365 2991 2438 coeperit
3029 2364 3264 2421 versari.
3298 2366 3366 2420 Et
3396 2365 3494 2437 qui
3528 2370 3828 2434 noverunt,
3863 2368 3920 2422 id

2281 2458 2372 2510 est
2400 2471 2545 2527 quos
2579 2451 2745 2509 lectio
2802 2453 2999 2508 divina
3041 2453 3167 2523 jam
3222 2453 3454 2519 imbuit,
3514 2454 3615 2509 sed
3671 2456 3919 2510 necdum

2284 2559 2458 2616 opera
2486 2541 2760 2598 salutaris
2810 2540 3102 2596 instruxit.
3159 2541 3329 2598 Tales
3384 2546 3523 2599 sunt
3579 2540 3923 2615 incipientes

2286 2632 2429 2687 bene
2461 2632 2649 2686 vivere
2677 2646 2823 2701 quos
2856 2630 2997 2702 petit
3024 2629 3105 2684 sic
3136 2632 3410 2685 converti.

2234 2728 2239 2733 ’
2284 2721 2355 2776 80
2426 2721 2547 2775 Fiat
2574 2735 2666 2774 cor
2693 2735 2873 2775 meum
2903 2719 3312 2774 immaculatum
3340 2721 3398 2774 in
3439 2719 3924 2791 iustiﬁcationibus

2501 2810 2610 2863 tuis
2632 2826 2652 2863 :

2433 2900 2496 2955 Ut
2524 2913 2634 2953 non
2662 2896 2988 2968 confundor.

2362 2987 2407 3042 H
2437 2985 2538 3041 Hic
2562 3001 2660 3040 eor
2688 3001 2791 3057 pro
2821 2984 3017 3039 anima
3054 2984 3311 3056 ponitur,
3368 3001 3431 3041 ac
3489 2984 3536 3041 si
3590 2984 3777 3043 dicat:
3804 2986 3928 3042 Fiat

2291 3075 2488 3130 anima
2515 3089 2644 3128 mea
2673 3072 2798 3127 sine
2823 3075 3057 3144 peccato
3084 3072 3399 3138 mortali,et
3421 3072 3526 3128 hoc
3555 3073 3608 3127 in
3635 3074 3924 3144 justiﬁes-

2291 3159 2633 3227 tionibus,id
2663 3164 2752 3216 est
2777 3165 2841 3215 ut
2869 3177 2983 3216 non
3012 3160 3125 3214 sim
3156 3161 3362 3216 rcusin
3377 3161 3923 3237 justiﬁcationibus,

2290 3251 2393 3308 sed
2428 3248 2686 3304 mundus
2717 3266 2750 3302 a
2777 3247 3243 3319 transgressione
3296 3264 3518 3304 earum.
3564 3248 3687 3316 Vel,
3708 3253 3786 3304 ἰιι
3812 3250 3923 3305 sim

2292 3337 2787 3401 immaculatus,et
2805 3336 2914 3391 hoc
2936 3352 3049 3391 non
3072 3353 3139 3391 ex
3166 3337 3384 3405 me,sed
3404 3330 3924 3407 iustiﬁcationibus

532 3428 698 3499 quasi
722 3426 947 3483 diceret
978 3442 993 3481 ε
1023 3425 1084 3481 Si
1117 3424 1278 3481 illam
1309 3425 1556 3499 gratiam
1587 3410 2092 3500 mihi—contuleris,
2115 3410 2183 3488 ut
2211 3410 2255 3477 Β
2289 3427 2427 3484 tuis.
2461 3426 2531 3481 Ut
2561 3442 2675 3481 non
2707 3424 3050 3492 confundar,
3085 3424 3193 3479 hoc
3219 3427 3326 3492 est,
3386 3428 3451 3479 ut
3498 3434 3619 3480 non
3676 3425 3922 3486 habeam

534 3515 843 3589 diligenter
872 3514 1088 3571 faciam
1121 3518 1178 3569 et
1208 3515 1505 3585 perficiam
1555 3521 1838 3590 praecepta
1866 3522 1989 3585 tua,
2019 3518 2179 3576 vide-

532 3603 675 3661 bunt
704 3602 816 3660 hoc
848 3602 955 3676 qui
989 3602 1201 3659 timent
1226 3606 1305 3667 te,
1336 3607 1445 3659 etc.

532 3693 601 3750 75
669 3694 940 3764 Cognovi,
980 3693 1224 3757 Domine,
1258 3693 1389 3763 quia
1417 3694 1648 3765 azquitas
1666 3694 1881 3766 judicia
1905 3704 2001 3752 tu‘a
2021 3715 2039 3751 :

664 3782 733 3836 Et
764 3783 828 3836 in
856 3782 1091 3837 veritate
1118 3786 1213 3835 tua
1243 3781 1556 3836 humiliasti
1583 3797 1684 3837 me.

598 3868 640 3925 Β
677 3868 975 3941 Equites,
998 3867 1225 3923 Christi
1248 3873 1358 3935 est,
1383 3872 1452 3923 ut
1474 3874 1803 3940 peccatores
1834 3878 2042 3944 arguat
2079 3891 2182 3946 pro

520 3957 791 4025 delictis;
822 3956 1142 4024 veritas,ut
1170 3956 1455 4029 superbos
1482 3957 1752 4015 humiliet
1780 3977 1817 4015 a
1840 3962 2186 4034 prosperita-

514 4044 683 4102 tibus
709 4045 867 4103 suis.
900 4046 1056 4119 Ergo
1087 4046 1349 4116 quia‘me
1394 4044 1718 4102 humiliasti
1752 4052 1816 4102 ut
1846 4050 2181 4122 corrigeres,

526 4133 630 4190 ﬁat
658 4151 821 4191 nunc
885 4133 1292 4190 misericordia
1342 4138 1451 4189 tua
1471 4137 1544 4190 ut
1600 4136 1931 4193 consoletur
1981 4154 2091 4194 me.
2142 4139 2184 4194 C

516 4223 780 4297 Cognovi
794 4228 963 4296 tergo
992 4221 1153 4288 dicit,
1187 4221 1386 4289 idest,
1418 4226 1688 4295 expertus
1719 4224 2101 4293 sum,scilicet
2124 4226 2183 4282 in

524 4312 675 4369 meis
704 4310 1096 4387 passionibus
1126 4314 1185 4367 et
1223 4310 1543 4379 beneﬁciis,
1578 4312 1730 4383 quod
1780 4312 1979 4370 omnia
2019 4332 2187 4387 aqua

510 4405 669 4458 πευιη
687 4399 928 4473 judicia
957 4404 1061 4456 tua
1089 4398 1476 4471 inzpnniendo
1505 4403 1563 4455 et
1590 4401 1900 4471 parcendo.

516 4484 596 4545 ’4τό
667 4492 791 4546 Fiat
810 4487 1211 4545 rmisericordia
1239 4495 1332 4545 tua
1362 4495 1425 4543 ut
1446 4488 1752 4545 emacietur
1774 4505 1883 4544 me.

664 4578 990 4635 Semndum
1016 4577 1293 4650 eloquium
1322 4584 1482 4632 tuum
1508 4593 1663 4633 seruo
1682 4584 1803 4633 tuo.

594 4667 637 4722 C
666 4664 1016 4723 Consolatio
1045 4668 1134 4721 est
1162 4664 1342 4735 enim,
1386 4665 1629 4736 quando
1684 4663 2058 4721 miseriarum
2090 4683 2187 4738 pa-

2287 3515 2687 3573 confusionem
2719 3517 3013 3568 aeternam.
3046 3512 3490 3569 Confundantur
3545 3514 3780 3585 quidem
3824 3529 3922 3570 su-

2282 3604 2451 3677 perbi
2483 3603 2553 3659 ad
2587 3601 3019 3669 correctionem,
3048 3605 3107 3656 et
3151 3618 3264 3656 non
3317 3601 3639 3658 confundar
3692 3616 3798 3676 ego
3850 3604 3921 3662 ad

2290 3709 2521 3765 poenam
2551 3696 2848 3747 aeternam.

2457 3796 2856 3836 ARGUMENTUM
2896 3794 3256 3841 SEQUENTIUM
3296 3796 3435 3835 OCTO
3474 3796 3766 3837 VERSUUM.

2362 3868 2403 3923 C
2430 3869 2472 3924 B
2501 3866 2846 3939 Peregrinus
2875 3865 2934 3921 in
2966 3865 3074 3921 hac
3104 3870 3258 3922 terra
3281 3866 3533 3938 populus
3566 3867 3813 3924 nimium
3834 3867 3929 3922 de-

2292 3958 2571 4014 siderium
2603 3973 2778 4011 suum
2808 3956 2868 4010 in
2899 3954 3148 4010 adventu
3179 3954 3407 4010 Domini
3440 3956 3769 4023 confitetur,
3794 3971 3930 4012 enu-

2292 4062 2524 4102 merans
2553 4047 2836 4115 quantam
2868 4043 3253 4115 superborum
3287 4043 3704 4099 inseeutionem
3738 4047 3931 4121 pertu-

2288 4134 2440 4190 lerit.
2473 4133 2517 4188 Β
2545 4132 2724 4203 Cujus
2754 4130 2967 4187 mentis
2992 4131 3220 4187 devotio
3251 4147 3353 4202 per
3382 4130 3536 4203 Caph
3568 4128 3820 4193 litteram
3838 4131 3933 4187 de-

2291 4222 2576 4296 signatur,
2610 4237 2736 4292 quae
2768 4236 2962 4275 manus
2988 4219 3529 4292 interpretatur,per
3557 4235 3735 4291 quam
3755 4233 3932 4292 opera

2282 4310 2378 4369 'vel
2405 4310 2595 4367 cordis
2624 4309 2709 4365 vel
2738 4308 2996 4380 corporis
3022 4308 3448 4380 exprimuntur.

2810 4396 2858 4451 H
2888 4396 2931 4451 Β
2952 4395 3138 4469 ’Caph,
3175 4412 3405 4452 manus.

2365 4493 2408 4543 B
2437 4485 2592 4559 Caph
2614 4485 2921 4551 autem,ita
2936 4500 3132 4540 manus
3151 4483 3566 4557 interpretatur
3584 4488 3650 4541 ut
3668 4485 3929 4557 ejusdem

2296 4593 2504 4634 manus
2530 4573 2783 4648 palmam
2807 4572 2925 4629 sive
2945 4571 3130 4628 volam
3155 4572 3525 4646 signiﬁcet,id
3552 4577 3777 4629 est'non
3801 4591 3932 4630 con-

2279 4668 2537 4722 tractam
2569 4679 2720 4730 eam,
2744 4662 2845 4717 sed
2871 4664 3128 4733 apertam
3151 4660 3535 4733 expansisquc
3555 4661 3756 4733 digitis
3780 4660 3932 4718 insi-

523 4754 792 4811 tientiam
827 4754 1336 4820 donat,tormenta
1358 4770 1471 4809 sua
1500 4757 1866 4826 retemperat‘,
1901 4758 1958 4810 et
1985 4755 2186 4811 afﬂicti
2216 4773 2263 4837 Π
2296 4758 2455 4811 nuet.
2491 4752 2624 4808 Ideo
2655 4767 2867 4807 manus
2888 4766 3083 4822 Opera,
3113 4748 3200 4804 vel
3224 4748 3598 4837 corporis,vel
3624 4749 3930 4817 cordis,vel

525 4841 705 4897 animi
738 4857 1033 4897 mmrores
1062 4840 1451 4911 promissione
1479 4841 1858 4898 beatitudinis
1880 4842 2181 4898 confortat.

502 4932 870 4988 Secundum
905 4928 1230 5002 eloquium,
1262 4930 1553 5001 subjunge
1578 4931 1744 4998 :‘ﬁat,
1774 4931 1834 4985 id
1864 4935 1955 4987 est
1984 4946 2188 4988 secun-

500 5018 665 5074 dum
692 5018 1183 5091 promissionem,
1217 5030 1337 5089 qua
1364 5019 1767 5091 spop'onditin
1802 5020 2103 5093 Evangelia
2125 5037 2186 5078 se

514 5112 814 5178 passuros
836 5109 1151 5163 tormenta
1180 5105 1423 5162 minime
1452 5105 1813 5162 relicturum.

516 5192 591 5247 7V
668 5196 915 5253 Veniant
940 5194 1090 5250 mihi
1115 5194 1497 5250 miserationes
1526 5201 1641 5251 taure
1665 5198 1718 5250 et
1748 5202 1943 5251 vt-vam.

662 5284 945 5353 Qua-lex
966 5290 1073 5339 tua
1098 5283 1384 5340 meditatio
1404 5299 1530 5338 mea
1548 5288 1604 5347 -Ξ-
1630 5290 1707 5338 est
1747 5287 1795 5347 ζ.

572 5374 635 5428 'C
652 5373 774 5428 Per
802 5370 1227 5427 miserationes
1246 5369 1664 5441 Christigvitam
1685 5378 1753 5427 se‘
1766 5369 1889 5427 vult
1906 5371 2186 5444 consequi

522 5463 829 5527 aternam,
866 5458 1021 5531 quia
1056 5459 1182 5515 sola
1212 5457 1313 5515 illa
1368 5459 1513 5514 bene
1560 5457 1775 5515 dicitur
1825 5459 1963 5526 vita,
2008 5474 2185 5532 quam

521 5545 685 5602 nulla
716 5546 1007 5606 molestia
1035 5546 1328 5614 sollicitat,
1350 5560 1646 5603 'necmors
1676 5552 1946 5619 suspecta
1973 5548 2185 5603 contri-

520 5638 653 5690 stat.
685 5636 842 5702 Quia
874 5634 976 5691 lex
1005 5639 1130 5703 tua,
1161 5634 1263 5690 illa
1285 5635 1443 5689 enim
1469 5633 1768 5690 meditatio
1788 5635 1995 5692 beatos
2026 5636 2182 5703 facit,

492 5732 645 5793 ηαδ
675 5724 976 5796 operibus
1008 5722 1182 5778 bonis
1211 5721 1491 5778 scelerum
1523 5737 1700 5793 regna
1730 5722 2038 5793 conquirit.
2058 5722 2183 5777 Non

686 5827 797 5886 per
829 5809 1231 5869 istamisotam
1243 5808 1854 5867 meditationsmibeati
1874 5810 2182 5880 efficimur,

2294 4843 2480 4916 ipsius
2508 4838 2726 4896 amoris
2760 4837 2991 4903 interni,
3025 4837 3336 4910 signiﬁcat.
3382 4836 3776 4910 Apertiovero
3806 4838 3932 4909 ejus

2280 4930 2587 5004 signiﬁcat
2602 4928 2663 4983 id
2681 4927 2832 5000 quod
2856 4925 3143 4998 Propheta
3170 4925 3764 4991 commcndat,dicens
3784 4927 3929 4983 :‘Re-

2286 5016 2690 5076 veiaDomino
2734 5015 2885 5071 viam
2937 5018 3101 5070 tuam
3157 5018 3214 5070 et
3269 5030 3439 5087 spera
3491 5015 3549 5071 in
3611 5031 3768 5085 eum,
3820 5018 3930 5073 etc.

2296 5108 2465 5181 (Psat.
2492 5105 2704 5175 κείνῃ)

2293 5198 2357 5251 81
2434 5194 2641 5265 Deiecit
2660 5194 2728 5248 in
2751 5191 2996 5247 salutare
3021 5200 3180 5247 tuum
3208 5192 3400 5248 animo
3424 5206 3584 5248 mea:

2434 5284 2496 5338 Et
2518 5283 2581 5337 in
2606 5283 2831 5337 verbum
2859 5287 3017 5336 tuum
3034 5282 3436 5352 supersperavi.
3773 5332 3780 5340 ,

2365 5375 2405 5427 C
2429 5370 2648 5427 Deiecit
2674 5369 2873 5425 anima
2899 5384 3047 5435 mea,
3080 5367 3371 5441 significat
3400 5367 3617 5426 lassata
3636 5372 3724 5425 est
3761 5373 3931 5440 atque

2288 5459 2552 5533 fatigata,
2584 5459 2738 5531 quod
2770 5474 2873 5530 per
2900 5456 3084 5512 nimia
3138 5456 3284 5513 solet
3341 5458 3567 5513 evenire
3623 5456 3927 5511 desideria.

2288 5547 2421 5604 Mos
2449 5547 2604 5604 enim
2634 5546 2745 5603 iste
2769 5545 3152 5601 humanitatis
3200 5550 3309 5611 est,
3344 5550 3428 5611 ut,
3487 5545 3640 5616 quod
3694 5543 3929 5600 omnino

2294 5634 2782 5708 concupiscimus,
2815 5634 2873 5688 in
2906 5650 2972 5689 eo
3002 5631 3210 5690 lassari
3240 5638 3414 5704 atque
3470 5633 3709 5686 deficere
3739 5628 3924 5683 vidca—

2295 5724 2586 5789 mur.Sed,
2619 5726 2684 5777 ut
2710 5720 3071 5794 intelligatur
3109 5738 3234 5793 quo
3288 5721 3541 5776 defectus
3568 5717 3674 5773 iste
3700 5718 3921 5786 pergat,

2294 5812 2456 5869 addit
2477 5811 2558 5867 :ln
2581 5809 3017 5881 salutare,quod
3038 5801 3917 5877 Hebraealinguadiciturdesus,
