3878 6414
344 489 464 553 443
529 456 536 466 ’

1259 482 1325 546 S.
1369 482 1769 547 BRUNONIS
1815 477 2443 542 HERBIPOLENSIS
2487 475 2871 541 EPISCOPI.

3669 473 3772 536 ιιι

344 630 404 683 et
427 642 498 682 ne
529 619 744 696 aliquis
768 618 848 678 ita
873 619 1280 694 exponendum
1305 623 1360 674 et
1381 615 1753 674 sentiendum
1775 613 2004 671 dubita-
2028 612 2084 682 Α
2113 615 2184 670 88
2255 612 2590 671 Secundum
2612 608 3086 669 misericordiam
3114 612 3278 666 tuam
3317 609 3562 682 rivi/ica
3587 626 3676 667 me
3695 627 3715 667 :

346 711 733 786 ret,adjunxit
755 712 845 767 :Et
878 711 936 766 in
966 711 1207 766 verbum
1233 707 1496 776 tuum,id
1519 711 1610 763 est
1631 705 2003 778 unigenitum

347 804 583 871 Filium,
621 801 721 876 qui
751 806 841 858 est
871 800 969 857 Dei
1005 801 1209 854 virtus.

346 898 418 950 82
491 891 842 967 Defecerunt
871 891 1030 947 oculi
1061 890 1174 944 mei
1205 892 1266 945 in
1285 886 1586 960 eloquium
1617 895 1824 941 tuum:

497 983 778 1046 Dicentes,
815 980 1072 1053 ()uamla
1096 979 1481 1036 consolaberis
1514 993 1602 1030 me
1623 977 1652 1031 ἒ

420 1073 762 1129 Defecerunt
801 1069 953 1126 oculi
1009 1070 1237 1124 cordis:
1289 1072 1348 1122 et
1395 1067 1548 1130 vide,
1579 1065 1636 1120 in
1684 1062 2006 1136 eloquium,

348 1179 462 1218 non
495 1162 567 1217 ab
595 1160 844 1232 eloquio,
877 1159 1181 1213 deiecisse.
1209 1155 1461 1212 Deficere
1488 1153 1645 1210 enim
1678 1154 1750 1206 ab
1771 1151 2004 1224 eloquio

345 1251 443 1308 Dei
475 1254 563 1306 est
595 1248 772 1306 totius
803 1249 937 1303 boni
973 1245 1220 1320 privatio
1246 1264 1260 1313 ;
1287 1245 1345 1300 in
1378 1243 1678 1316 eloquium
1711 1259 1846 1297 vero
1877 1241 2006 1312 ejus

343 1341 604 1403 deficere,
642 1355 872 1410 semper
903 1335 1100 1407 augeri
1157 1340 1264 1389 est.
1302 1335 1586 1397 Dicentes,
1620 1349 1754 1388 cum
1806 1330 2008 1403 lingua

341 1429 500 1502 loqui
536 1428 739 1493 soleat,
766 1428 907 1482 dicit
936 1425 1136 1481 oculos
1170 1425 1419 1490 locutos,
1451 1428 1514 1478 ut
1545 1421 2003 1478 ostendatlumi-

343 1536 488 1575 nosa
515 1518 708 1573 cordis
739 1515 1050 1573 desideria.
1085 1513 1386 1569 silentioso
1435 1512 1688 1584 quodam
1735 1526 2004 1566 sermone

343 1606 724 1680 proclamare,
753 1610 811 1659 et
840 1621 952 1674 [me
984 1603 1238 1657 clamore
1271 1601 1686 1655 ardentissimo
1735 1600 2002 1665 deiicere,

341 1701 398 1752 et
423 1701 545 1751 tam
573 1695 673 1749 diu
707 1710 768 1748 se
798 1693 940 1747 dicit
958 1691 1250 1746 defectum
1279 1690 1456 1746 istum
1479 1688 2004 1760 pertulisse,donec

343 1788 676 1857 exspectata
705 1780 1028 1837 incarnatio
1083 1779 1181 1835 Dei
1242 1778 1434 1833 cordis
1487 1782 1795 1850 appareret
1842 1793 2006 1848 aspe-

345 1873 559 1930 ctibus.

342 1965 412 2018 83
485 1962 638 2034 Quia
669 1960 860 2034 factus
886 1975 1012 2015 sum
1041 1960 1194 2016 sicut
1227 1966 1358 2014 uter
1386 1958 1445 2013 in
1473 1959 1695 2028 pruina
1721 1975 1740 2012 :

483 2049 952 2123 Justi/icationes
976 2058 1112 2104 tuas
1139 2065 1252 2104 non
1281 2065 1406 2102 sum
1439 2046 1676 2102 oblitus.

413 2140 456 2196 C
486 2141 734 2195 Causam
768 2155 873 2193 cur
913 2138 1310 2209 adjuvandum
1357 2155 1419 2192 se
1466 2141 1525 2192 et
1576 2135 1998 2191 consolandum

344 2233 503 2303 petat
529 2228 624 2285 hic
657 2227 838 2300 ponit.
874 2227 1008 2284 Uter
1061 2227 1240 2293 enim,
1283 2243 1495 2300 corpus
1543 2224 1788 2281 mortale
1815 2225 2004 2297 signi-

344 2319 509 2387 ﬁcat;
547 2317 782 2390 pruina,
815 2315 1045 2372 cmleste
1081 2315 1432 2372 beneficium
1483 2314 1882 2370 conversionis
1913 2331 2003 2369 os-

341 2409 548 2472 tendit,
583 2424 687 2481 per
717 2423 895 2479 quam
929 2406 1122 2462 evenit
1171 2410 1236 2461 ut
1273 2421 1408 2461 caro
1459 2408 1664 2460 nostra
1694 2403 2002 2459 lasciviens

341 2498 656 2554 afflictione
683 2495 1032 2569 pmnitentia:
1083 2494 1484 2550 contrahatur.
1546 2493 1683 2548 Uter
1737 2492 1918 2565 igitur
1943 2492 2000 2546 in

341 2588 575 2660 pruina,
608 2584 804 2640 nativo
833 2585 1026 2640 colore
1065 2584 1358 2647 desertus,
1390 2581 1620 2653 glaciali
1645 2582 1834 2653 rigore
1865 2599 2004 2637 con-

343 2674 636 2740 trahitur;
670 2672 754 2728 sic
786 2689 999 2744 corpus
1029 2675 1390 2735 sanctorum,
1411 2671 1699 2725 incentivo
1728 2671 2002 2726 vitiorum

343 2762 536 2820 calore
567 2766 904 2827 vacuatum,
928 2760 1211 2815 beneficio
1241 2759 1637 2814 conversionis
1667 2759 2005 2816 attrahitur:

344 2857 403 2908 et
431 2869 565 2907 cum
593 2851 678 2906 sic
711 2849 884 2904 fuerit
909 2848 1154 2904 feliciter
1175 2847 1826 2920 maceratum,provenit
1848 2848 2004 2920 quod

345 2939 632 3013 sequitur,
664 2941 730 2994 ut
745 2937 1202 3010 justiﬁcationcs
1259 2935 1358 2992 Dei
1413 2935 1750 2993 nullatenus
1774 2937 2005 2994 valeant

344 3028 630 3087 oblivisci.

342 3122 415 3176 84
488 3123 639 3190 Quot
670 3122 806 3173 sunt
834 3117 952 3173 dies
979 3117 1136 3172 servi
1147 3117 1256 3172 tui
1273 3136 1292 3170 .-

490 3207 738 3279 Quando
766 3207 950 3280 facies
978 3207 1053 3261 de
1081 3205 1559 3276 persequentibus
1577 3222 1662 3262 me
1669 3209 1708 3278 j
1715 3207 1998 3263 udicium.

415 3299 457 3355 C
487 3297 691 3353 Sciens
721 3301 1258 3351 cmtussanctorum
1276 3310 1463 3366 usque
1494 3295 1564 3349 ad
1591 3297 1766 3351 tinem
1793 3297 1998 3352 mundi

2261 705 2322 758 Et
2348 701 2684 760 custodiam
2713 701 3061 758 testimonia
3090 700 3214 756 oris
3242 699 3355 754 tui.

2188 794 2230 849 C
2264 793 2508 847 Viviﬁca
2539 808 2653 857 me,
2685 789 2834 846 dixit
2865 789 3190 846 secundum
3224 787 3776 858 misericordiam,id

2117 883 2292 951 est,in
2327 881 2428 938 illa
2456 881 2571 936 vita
2593 885 2806 936 mtarna
2833 879 3144 946 constitue,
3170 877 3269 934 ubi
3301 883 3654 936 sanctorum
3675 881 3778 936 vita

2115 978 2222 1029 est.
2259 971 2330 1028 Ut
2360 970 2713 1038 custodiam,
2739 969 2785 1026 Η
2819 968 2903 1025 vel
2935 985 3004 1024 ea
3051 985 3178 1040 qua:
3211 967 3270 1023 in
3302 966 3439 1040 lege
3472 969 3777 1026 mandasti.

2115 1061 2200 1116 vel
2236 1059 2335 1116 illa
2365 1076 2492 1132 quae
2524 1060 2582 1114 in
2615 1056 2932 1131 evangeliis
2959 1055 3276 1130 protulisti.
3309 1058 3360 1113 A
3407 1056 3589 1113 Nullo
3618 1059 3777 1114 modo

2118 1155 2403 1224 martyres
2431 1147 2770 1205 testimonia
2821 1147 2945 1214 Dei,
2979 1146 3037 1202 id
3070 1151 3160 1203 est
3217 1146 3533 1220 martyria,
3567 1153 3778 1221 martyr

2115 1241 2271 1296 enim
2303 1240 2464 1296 (estis
2493 1235 3245 1303 dicitur,custodirent,nisi
3277 1236 3524 1292 Domini
3559 1236 3774 1294 miseri-

2115 1330 2314 1386 cordia
2345 1327 2443 1385 Dei
2477 1327 2942 1394 viviticarentur;
2977 1323 3247 1381 vivificati
3297 1330 3450 1382 sunt
3500 1325 3682 1392 enim,
3713 1343 3776 1382 ne

2114 1419 2368 1476 amando
2401 1418 2579 1473 vitam
2615 1419 2894 1487 negarent
2941 1413 3147 1480 vitam,
3173 1418 3231 1470 et
3284 1415 3570 1488 negando
3611 1415 3776 1470 vitam

2113 1509 2451 1565 amitterent
2479 1507 2699 1574 vitam;
2733 1521 2799 1561 ac
2853 1504 2936 1559 sic
2994 1503 3094 1576 qui
3151 1519 3257 1576 pro
3307 1503 3434 1561 vita
3483 1503 3777 1561 veritatem

2113 1599 2380 1654 deserere
2440 1595 2755 1652 noluerunt
2812 1592 3112 1650 moriendo
3172 1608 3276 1665 pro
3335 1593 3592 1650 veritate
3641 1593 3778 1650 vise.

2112 1691 2273 1744 runt.

2281 1791 2685 1832 AR‘BL'MENTUM
2727 1789 3094 1836 SEQUENTIUM
3132 1787 3272 1828 OCTO
3311 1789 3616 1829 VEBSUUM.

2182 1867 2224 1922 C
2257 1867 2297 1922 Β
2329 1865 2495 1922 Plebs
2527 1863 2734 1932 ﬁdelis,
2763 1863 3044 1918 virtutem
3103 1860 3330 1918 Domini
3388 1861 3664 1935 factaque
3687 1861 3772 1917 de-

2030 1991 2080 2056 B
2110 1953 2544 2020 scribens,dicit
2558 1949 3112 2050 omniatemporalia
3125 1968 3296 2023 posse
3312 1951 3771 2018 finiri,mandata

2111 2064 2244 2101 vero
2261 2046 2389 2116 ejus
2412 2058 2786 2116 nequaquam
2811 2038 3128 2096 terminum
3166 2041 3447 2112 reperire,
3475 2040 3766 2114 Bquorum

2110 2133 2436 2207 disciplima
2489 2132 2728 2188 subdita
2780 2129 3141 2204 proclamat:
3197 2129 3260 2186 In
3309 2134 3605 2187 aeternum
3665 2145 3769 2185 non

2112 2224 2424 2282 obliviscar
2444 2221 2904 2294 justificationes
2937 2225 3093 2276 tuas.

2549 2313 2593 2366 A
2625 2311 2667 2366 Β
2697 2308 2968 2375 Lamech,
3009 2305 3344 2380 disciplina.

2185 2405 2227 2460 Β
2258 2405 2326 2460 Et
2355 2402 2484 2459 ideo
2531 2401 2779 2457 Lamecb
2831 2396 3210 2470 disciplinam
3263 2401 3465 2463 sonat,
3513 2397 3651 2470 quia
3681 2395 3763 2450 Dei

2113 2493 2435 2567 disciplinae
2465 2491 2630 2564 plebs
2659 2487 2850 2545 fidelis
2879 2485 3268 2544 libentissime
3289 2486 3538 2543 subdita
3563 2489 3667 2542 est.

2113 2586 2183 2641 89
2255 2588 2326 2641 In
2351 2590 2634 2640 wternum
2662 2579 2928 2637 Domine:

2261 2673 2497 2730 Verbum
2535 2681 2700 2727 tuum
2725 2673 3028 2742 permanet
3061 2668 3122 2723 in
3147 2667 3312 2724 calo.

2185 2767 2226 2820 C
2255 2764 2564 2820 Permanet
2602 2759 2784 2833 igitur
2828 2758 3072 2813 verbum
3122 2756 3222 2813 Dei
3280 2755 3340 2811 in
3400 2759 3685 2812 internum
3709 2752 3758 2806 in

2113 2854 2274 2921 cmlo,
2305 2852 2362 2908 id
2393 2855 2502 2918 est,
2535 2850 2595 2906 in
2627 2863 2982 2920 unoquoque
3029 2850 3254 2914 sancto,
3287 2861 3442 2918 quos
3487 2845 3558 2900 de
3589 2845 3759 2900 morte

2115 2943 2252 3000 facit
2282 2942 2489 3006 vivere,
2523 2940 2579 2996 id
2605 2942 2714 3007 est,
2748 2954 2852 3011 per
2881 2940 3133 2992 mortem
3167 2933 3559 3008 temporalem
3589 2932 3759 2986 vivere

2112 3031 2496 3098 mternaliier;
2528 3033 2619 3086 est
2649 3027 2806 3085 enim
2838 3025 2898 3082 in
2941 3023 3060 3081 illis
3115 3023 3350 3092 cmlum,
3379 3022 3476 3080 vel
3524 3021 3607 3077 illi
3637 3022 3758 3076 sunt

2111 3123 2345 3190 coelum,
2378 3119 2480 3193 qui
2514 3136 2577 3176 se
2618 3115 2836 3174 cmlesti
2885 3113 3323 3172 conversatione
3370 3115 3626 3168 tractare
3675 3124 3758 3164 no-

2111 3215 2377 3269 scuntur.
2409 3209 2536 3276 Vel,
2564 3208 2624 3264 in
2656 3205 2820 3272 ccelo,
2853 3204 2910 3260 id
2943 3207 3052 3270 est,
3087 3204 3146 3259 in
3178 3201 3430 3276 angelis,
3461 3201 3522 3257 in
3555 3199 3754 3274 quibus

2112 3307 2263 3358 Deus
2287 3299 2534 3356 habitat.
2568 3297 2762 3353 Manet
2792 3293 2972 3368 igitur
3001 3293 3058 3348 in
3092 3291 3210 3348 illis
3259 3307 3498 3364 semper
3525 3288 3754 3346 verbum

345 3406 409 3445 se
441 3385 866 3443 tentationibus
894 3383 1110 3440 diaboli
1137 3363 1789 3458 subjacere,interrogat
1809 3402 1996 3458 quan-
2029 3363 2072 3431 (ἶ
2105 3391 2230 3461 Dei,
2263 3388 2404 3463 quia
2433 3387 2516 3443 illi
2535 3385 2762 3459 jugiter
2789 3363 2850 3440 in
2882 3382 2982 3439 Dei
3032 3379 3358 3437 ministerio
3388 3363 3452 3437 et
3479 3377 3649 3436 laude
3673 3376 3755 3430 ﬁr-

344 3479 418 3534 do
454 3475 711 3532 mundus
734 3474 841 3529 iste
864 3473 1120 3540 finiatur,
1141 3477 1205 3527 ut
1235 3473 1306 3527 de
1332 3473 1887 3545 persecutoribus,id
1909 3479 1998 3530 est

345 3564 578 3623 diabolo
609 3580 742 3619 cum
775 3562 1060 3618 ministris
1092 3569 1412 3634 praeparata
1439 3562 1582 3618 ultio
1613 3563 1995 3636 compleatur,

345 3673 464 3712 non
495 3654 633 3726 quia
661 3653 789 3707 vitae
821 3669 938 3706 sua:
972 3656 1206 3723 tempus
1253 3650 1480 3706 volebat
1533 3669 1867 3724 agnoscere,
1896 3654 1997 3709 sed

345 3744 700 3801 celeritatem
733 3739 912 3796 futuri
974 3738 1308 3813 postulabat
1350 3740 1584 3811 judicii,
1647 3741 1705 3797 in
1733 3760 1848 3814 quo
1871 3744 1999 3815 jam

348 3834 534 3890 beatis
562 3832 672 3888 erit
699 3848 906 3904 reques
937 3834 992 3886 et
1023 3829 1303 3901 gaudium
1330 3828 1458 3886 sine
1490 3832 1603 3886 fine
1627 3849 1997 3889 mansurum.

344 3926 416 3980 85
486 3925 894 3978 Narraverunt
923 3921 1074 3976 mihi
1098 3919 1284 3994 iniqui
1307 3918 1756 3990 fabulationes:

487 4013 599 4068 Sed
632 4021 690 4067 ut
723 4027 831 4067 non
868 4008 966 4066 ιω
988 4015 1116 4066 tua.

420 4103 467 4158 H
497 4104 543 4157 A
573 4102 613 4157 C
643 4099 858 4173 Iniqui,
891 4104 1032 4156 sunt
1058 4097 1315 4155 haeretici
1363 4097 1449 4154 vel
1478 4097 1662 4154 Judzei
1695 4099 1783 4155 vel
1815 4101 2002 4174 genti-

348 4193 434 4248 les
468 4189 824 4264 philosophi.
849 4193 890 4245 C
918 4190 1177 4254 Quorum
1204 4188 1469 4245 doctrina
1489 4187 1766 4245 inanibus
1790 4190 2004 4248 fabulis

347 4286 436 4338 est
461 4283 820 4352 comparata,
855 4278 994 4351 quia
1041 4295 1075 4333 a
1105 4277 1229 4349 lege
1262 4276 1362 4333 Dei
1420 4276 1660 4334 omnino
1713 4279 2007 4352 discrepat

347 4375 404 4427 et
435 4387 468 4426 a
493 4368 778 4425 catholica
808 4367 1049 4424 veritate
1079 4366 1346 4422 discedit.

345 4462 416 4516 86
492 4459 704 4516 Omnia
734 4459 1025 4515 mandata
1053 4463 1154 4512 tua
1185 4472 1268 4511 vel
1287 4456 1440 4510 itas:

489 4549 684 4623 Iniqui
709 4547 994 4619 persecuti
1018 4551 1154 4602 sunt
1187 4561 1294 4610 me,
1327 4543 1560 4615 adjuva
1590 4559 1698 4600 me.

418 4641 458 4693 C
489 4638 715 4696 Veritas
745 4638 903 4694 enim
938 4650 1172 4705 semper
1198 4647 1398 4687 verum
1433 4630 1712 4703 loquitur,
1747 4634 1847 4690 sed
1876 4651 2002 4707 per-

2107 3478 2379 3536 missima
2406 3473 2825 3533 deliberatione
2847 3471 3200 3528 consistunt.

2106 3572 2178 3627 90
2251 3573 2316 3626 In
2343 3567 2730 3642 generatione
2759 3569 2814 3618 et
2834 3561 3215 3636 generatione
3245 3560 3472 3617 veritas
3498 3568 3599 3616 tua
3617 3576 3637 3611 :

2251 3657 2538 3716 Fundasti
2565 3664 2791 3712 terram
2817 3657 2872 3708 et
2899 3660 3228 3723 permanet.

2181 3749 2227 3805 li
2259 3747 2301 3804 C
2333 3747 2394 3804 In
2427 3741 2802 3818 generatione
2851 3746 2908 3797 et
2938 3739 3332 3814 generatione,
3393 3743 3660 3810 tempora
3685 3730 3751 3787 si-

2109 3838 2351 3913 gnificat
2365 3835 2580 3909 quibus
2599 3833 2714 3888 duo
2736 3828 2936 3904 populi
2951 3829 3198 3886 Domino
3210 3827 3340 3886 cred
3350 3827 3752 3891 iderunt,unus

2112 3927 2258 4002 legis
2275 3931 2332 3983 et
2344 3923 2760 3998 prophetarum
2771 3918 2947 3986 ,alius
2962 3915 3258 3991 Evangelii
3271 3920 3329 3972 et
3342 3913 3751 4002 apostolorum,

2111 3995 2244 4074 Cin
2275 3995 2492 4089 quibus
2521 4017 2610 4069 est
2637 4009 2877 4076 veritas,
2909 4007 2967 4064 id
3000 4011 3108 4075 est,
3139 4005 3263 4079 ipse
3294 4005 3584 4062 Dominus
3611 3995 3756 4057 Chri'

2113 4111 2261 4162 stus.
2296 4102 2574 4159 Fundasti
2608 4097 2962 4166 terram,hoc
2992 4099 3082 4152 est
3114 4093 3474 4152 constituisti
3514 4091 3757 4153 sanctos,

2114 4195 2214 4269 qui
2246 4195 2330 4250 sic
2362 4190 2588 4248 fundati
2614 4191 2848 4255 sunt,ut
2866 4185 2927 4242 in
2943 4183 3160 4242 Christi
3179 4181 3528 4240 credulitate
3548 4190 3754 4269 perina-

2115 4265 2310 4342 neant.
2347 4284 2417 4339 Et
2445 4281 2565 4337 haec
2597 4282 2686 4336 est
2710 4293 2889 4334 causa
2912 4291 3018 4332 cur
3061 4274 3121 4330 in
3151 4271 3530 4347 generatione
3555 4265 3752 4325 veritas

2113 4379 2242 4442 est;
2276 4371 2416 4446 quia
2445 4369 2689 4426 fundata
2746 4369 2837 4422 est
2887 4369 3061 4430 terra,
3093 4363 3154 4420 id
3209 4365 3320 4430 est,
3351 4349 3748 4446 credentes.‘Si

2113 4463 2273 4520 enim
2297 4442 2429 4534 ipse
2457 4475 2574 4514 non
2604 4455 2913 4513 fundasset
2941 4452 3026 4510 sic
3073 4458 3311 4518 terram,
3344 4450 3402 4507 id
3435 4454 3527 4508 est
3553 4442 3751 4506 conﬁr-

2116 4532 2356 4621 masset,
2390 4565 2496 4605 nec
2520 4545 2680 4620 prior
2698 4542 2994 4618 generatio
3017 4557 3122 4598 nec
3147 4557 3402 4612 sequens
3421 4539 3510 4596 vel
3532 4532 3748 4594 credere

2112 4641 2174 4698 in
2204 4639 2524 4704 Christum,
2547 4633 2634 4692 vel
2665 4648 3007 4708 permanere
3036 4630 3096 4686 in
3129 4629 3243 4686 fide
3268 4628 3576 4702 potuisset.

347 4729 450 4785 ﬁdi
483 4745 612 4786 eam
644 4725 1004 4801 quibusdam
1035 4719 1266 4775 nebulis
1305 4720 1596 4775 obcaecare
1625 4723 2004 4780 contendunt.
2039 4736 2086 4802 1)
2114 4733 2180 4787 91
2263 4725 2652 4787 Ordinatione
2677 4733 2786 4780 tua
2809 4725 3146 4795 perseverat
3175 4719 3309 4776 dies

348 4818 412 4874 Et
444 4815 736 4890 persecuti
768 4808 1192 4881 sunt,jubendo
1217 4807 1659 4881 perversa,falsa
1682 4813 2004 4870 suadendo.

345 4905 594 4977 Adjecit,
626 4904 840 4974 adjuva
869 4897 1158 4970 me,quasi
1183 4901 1386 4953 contra
1412 4896 1730 4956 immanem
1746 4900 2001 4959 belluam

347 5002 403 5053 et
433 4996 661 5052 hostem
693 4985 1173 5046 crudelissimum
1205 5004 1267 5044 se
1299 4987 1565 5058 adjuvari
1589 4989 1846 5060 postulat
1865 5009 2003 5050 con-

349 5089 442 5141 tra
471 5085 555 5140 sic
588 5077 941 5137 fabulantes.

346 5175 417 5229 87
491 5165 865 5227 Paulominus
891 5174 1426 5222 consummaverunt
1459 5182 1548 5222 me
1579 5167 1640 5223 in
1663 5177 1843 5226 terra.

492 5261 612 5332 Ego
641 5261 830 5312 autem
851 5273 962 5310 non
989 5256 1284 5329 dereliqui
1314 5257 1602 5313 mundata
1629 5262 1759 5314 tua.

419 5348 461 5402 C
493 5348 644 5403 Dum
676 5344 819 5400 dicit
849 5343 1224 5416 paulominus
1253 5351 1310 5402 et
1341 5345 1703 5402 nimietatem
1736 5365 2005 5420 persecu-

353 5436 528 5491 tionis
557 5433 834 5498 ostendit,
870 5438 927 5488 et
957 5450 1017 5488 se
1051 5438 1242 5488 tamen
1277 5452 1394 5490 non
1424 5434 1704 5492 defecisse
1735 5437 1836 5493 Dei
1868 5456 2004 5495 mu-

353 5540 488 5579 nere
512 5521 924 5578 declaravit.ln
958 5527 1133 5586 terra,
1169 5522 1225 5576 in
1258 5523 1365 5578 hoc
1397 5523 1628 5579 saeculo.
1663 5525 1781 5598 Ego
1805 5532 2001 5584 autem

355 5629 469 5667 non
499 5609 782 5682 dereliqui
812 5610 1088 5664 mandata
1120 5612 1238 5680 tua,
1264 5611 1484 5667 scilicet
1514 5611 1651 5684 quia
1682 5631 1850 5670 suam
1875 5633 2008 5672 con-

352 5700 632 5757 stantiam
667 5699 725 5754 in
759 5697 1036 5770 martyrio
1071 5714 1255 5768 usque
1289 5700 1347 5755 in
1379 5699 1555 5754 ﬁnem
1587 5700 1714 5756 vitm
1745 5705 2005 5763 ostendit

353 5793 411 5846 et
438 5788 647 5848 tenuit.

2263 4818 2552 4887 Quoniam
2577 4813 2780 4872 omnia
2806 4811 3068 4868 serviunt
3097 4808 3232 4866 tibi.

2184 4908 2226 4963 C
2255 4905 2490 4974 Quoties
2503 4901 3054 4976 singularinumero
3073 4897 3200 4955 dies
3221 4897 3746 4970 ponitur,vcnturus

2115 4997 2212 5054 ille
2244 4994 2630 5069 significatur,
2655 4989 2759 5064 qui
2779 5006 2936 5046 unus
2954 4992 3131 5062 atque
3152 4991 3404 5042 aeternus
3425 4990 3533 5053 est,
3565 4982 3620 5036 et
3643 4987 3748 5069 agn

2113 5059 2541 5144 habethoctem
2574 5098 2590 5150 ;
2622 5059 2694 5137 de
2724 5095 2840 5152 quo
2881 5059 3167 5150 scriptum
3211 5079 3335 5132 est:
3400 5074 3466 5130 Et
3512 5069 3619 5129 erit
3642 5059 3748 5152 illis

2114 5173 2401 5234 Dominus
2450 5171 2652 5228 lumen
2693 5150 2979 5226 aeternum
3009 5168 3202 5239 (Apoc.
3229 5165 3370 5236 xxi).
3413 5164 3480 5220 Et
3505 5175 3576 5217 ne
3603 5150 3745 5228 quis,

2113 5263 2408 5339 quomodo
2439 5261 2547 5318 hoc
2577 5258 2702 5316 ﬁeri
2733 5260 2954 5331 posset,
2985 5256 3373 5328 interrogaret
3419 5240 3747 5339 dubitando:

2112 5330 2328 5426 adjecit
2357 5350 2557 5408 omnia
2585 5330 2800 5405 servire
2829 5344 3108 5410 Creatori,
3139 5343 3241 5417 qui
3285 5358 3390 5416 pro
3419 5357 3530 5399 sua
3555 5330 3743 5392 volun-

2111 5447 2232 5499 tate
2263 5445 2320 5497 et
2348 5435 2697 5512 tempqralia
2724 5438 2782 5491 et
2813 5439 3033 5491 aeterna
3061 5431 3343 5506 disponit.

2109 5535 2182 5587 92
2255 5529 2381 5588 Nisi
2407 5527 2566 5602 quod
2600 5524 2699 5582 (ex
2727 5533 2836 5580 tua
2864 5523 3182 5584 meditatio
3211 5537 3334 5577 mea
3355 5525 3410 5585 ιε-
3437 5526 3555 5575 est:

2258 5625 2415 5677 Tunc
2457 5623 2472 5683 ζ
2516 5617 2673 5690 forte
2699 5615 3008 5687 periissem
3041 5614 3103 5669 in
3136 5609 3480 5669 humilitate
3508 5611 3650 5690 mea.

2185 5709 2226 5763 C
2255 5671 2558 5764 meditatio
2587 5671 2806 5776 quippe
2825 5700 2972 5776 legis
2993 5706 3084 5758 est
3105 5699 3205 5758 illa
3228 5716 3355 5772 quas
3387 5687 3649 5776 princepii
3667 5671 3742 5774 V91

2114 5798 2370 5870 cogitare
2397 5795 2486 5854 vel
2535 5774 2751 5863 facere,
2777 5796 2846 5849 ut
2897 5774 3175 5849 interiore
3221 5787 3392 5861 quasi
3443 5774 3749 5842 consililu‘lo
