3878 6448
105 478 232 540 485

1365 469 1780 533 EXPOSITIO
1822 466 2307 532 PSALMORUM
2318 513 2331 528 .

3423 478 3546 538 446

112 612 398 670 ﬁrmatus
429 610 745 667 tormenta
763 605 947 682 possit
967 604 1263 664 saevientia
1281 604 1605 678 intrepidus
1630 622 1794 677 supe-
1821 601 1879 671 Α
1908 602 2096 675 phetis
2127 608 2183 659 et
2228 601 2492 676 psalmis.
2553 603 2792 677 Propter
2845 606 2999 679 quod
3039 606 3098 664 in
3155 626 3323 668 cruce
3364 613 3539 670 dixit:

114 719 267 757 rare.
308 701 376 757 In
412 698 785 765 humilitate,
812 698 869 753 in
890 696 1309 752 afﬂictionibus
1338 696 1499 762 dicit,
1529 712 1675 766 quas
1706 694 1801 765 pia
1907 692 2387 749 Consummatum
2418 698 2505 748 est
2537 695 2712 764 (Joan.
2748 697 2884 767 XIX).

113 789 430 845 voluntate
488 787 781 853 toleravit,
831 804 864 842 a
911 785 1127 857 quibus
1159 802 1219 839 se
1263 785 1476 857 gaudet
1510 787 1796 855 ereptum,

118 879 366 951 quando
420 876 655 932 meruit
683 876 753 931 ad
787 878 1056 931 sanctum
1087 873 1384 944 pervenire
1432 870 1796 944 martyrium.

120 965 455 1023 Humilitas
510 965 630 1021 ista
662 981 696 1018 a
743 962 1097 1035 quibusdam
1154 960 1498 1016 necessitate
1542 959 1795 1025 subitur,

122 1056 194 1110 ab
225 1054 388 1121 aliis,
427 1059 500 1108 ut
535 1070 573 1108 a
603 1052 845 1119 sanctis,
868 1050 1164 1105 voluntate
1194 1050 1531 1120 suscipitur.

119 1144 191 1198 93
267 1143 333 1198 In
365 1150 662 1198 aeternum
692 1156 799 1194 non
828 1139 1115 1194 obliviscar
1136 1139 1556 1209 justiﬁealiones
1583 1144 1717 1191 tuas.

268 1232 426 1300 Quia
453 1232 518 1285 in
552 1231 689 1301 ipsis
719 1229 1007 1297 viviﬁcasti
1031 1243 1136 1281 me.

195 1319 239 1374 C
267 1317 493 1373 Nullus
516 1317 680 1373 enim
703 1315 964 1371 ﬁdelium
986 1315 1157 1370 debet
1172 1313 1435 1369 oblivisci
1455 1312 1686 1367 illorum
1710 1312 1804 1366 be-

128 1407 476 1463 niﬁciorum
516 1404 775 1470 Domini,
801 1421 834 1459 a
864 1404 1080 1475 quibus
1102 1402 1273 1457 vitale
1303 1418 1521 1456 munus
1546 1400 1804 1455 noscitur

128 1495 460 1567 accepisse,
501 1493 631 1547 haec
653 1496 849 1548 autem
873 1491 1151 1547 beneﬁcia
1167 1488 1801 1561 suntjustiﬁcationcs,

131 1602 261 1656 qua:
294 1582 477 1638 nobis
509 1581 700 1635 vitam
731 1580 940 1635 animis
988 1578 1380 1651 prmstiterunt
1411 1577 1469 1631 in
1501 1576 1632 1631 ﬁde.
1668 1576 1803 1630 Pos-

133 1676 271 1729 sunt
302 1671 473 1726 enim
509 1669 767 1725 fortasse
800 1666 914 1722 alia
944 1668 1238 1723 memoria:
1269 1665 1553 1732 decidere,
1587 1664 1801 1719 beneﬁ-

134 1761 292 1817 cium
316 1762 527 1814 autem
556 1755 762 1812 nullus
785 1754 1045 1811 ﬁdelium
1068 1753 1451 1821 obliviscitur,
1474 1752 1533 1808 in
1560 1768 1673 1824 quo
1688 1751 1807 1806 vita

136 1851 477 1921 praestatur.

136 1939 206 1993 94
283 1937 432 1994 Tuus
455 1951 589 1991 sum
620 1949 718 2002 ego
747 1933 959 1987 salvum
991 1948 1074 1988 me
1100 1934 1209 2003 fac.

280 2026 572 2093 Quoniam
593 2023 1016 2094 justiﬁeationes
1044 2029 1165 2076 tua:
1194 2021 1483 2091 exquisivi.

211 2114 253 2169 Ο
280 2114 451 2170 Tuus
486 2127 630 2167 sum
655 2126 783 2180 ego,
818 2126 932 2165 non
978 2113 1166 2180 potest
1194 2109 1383 2163 dicere
1438 2126 1563 2163 vere
1614 2107 1711 2179 qui
1746 2124 1806 2161 se

143 2202 299 2258 novit
331 2205 582 2275 peccato
638 2199 874 2256 servire.
910 2198 1122 2253 Servus
1151 2197 1306 2252 enim
1364 2196 1632 2252 vitiorum
1691 2213 1805 2250 non

145 2294 406 2346 meretur
438 2287 771 2344 Dominum
803 2285 1011 2340 habere
1046 2288 1405 2340 sanctorum.
1439 2283 1585 2338 Illud
1612 2289 1806 2338 autem

146 2377 477 2442 considera,
513 2374 679 2447 quod
715 2374 857 2429 dum
888 2373 1149 2445 professa
1182 2373 1355 2427 fuerit
1383 2372 1587 2427 cohors
1611 2375 1811 2426 saneta

147 2483 205 2521 se
230 2483 358 2521 esse
391 2462 664 2532 Domini,
700 2461 887 2516 adhuc
922 2462 1062 2533 petit
1094 2466 1159 2515 ut
1188 2460 1345 2515 salva
1374 2461 1492 2521 ﬁat,
1519 2460 1718 2531 utique
1748 2458 1807 2513 in

151 2552 643 2626 illajudicatione
670 2551 885 2616 futura,
910 2566 1043 2605 cum
1067 2550 1215 2603 beati
1236 2549 1452 2604 intrant
1471 2549 1525 2602 in
1550 2547 1809 2619 requiem

151 2641 603 2714 sempiternam.
654 2638 766 2694 Sed
822 2654 1002 2709 quare
1054 2636 1215 2692 salus
1270 2636 1383 2691 ista
1437 2640 1668 2707 petatur
1719 2653 1809 2690 as-

154 2731 335 2795 sidue,
395 2729 611 2784 subter
679 2724 943 2796 adjunxit
998 2726 1235 2780 dicens:
1303 2726 1583 2788 Quoniam
1635 2724 1810 2795 justi-

156 2820 454 2875 ﬁcationcs
486 2823 631 2872 tuas
663 2812 967 2887 exquisivi.
1000 2813 1108 2868 Alii
1157 2814 1428 2877 honores,
1461 2812 1558 2868 alii
1606 2813 1810 2868 mundi

157 2907 387 2985 gaudia,
422 2904 526 2962 alii
562 2902 868 2960 connubia
912 2906 1203 2974 qumrunt,
1233 2918 1338 2972 ego
1360 2902 1813 2972 justiﬁcationes

157 3000 304 3052 tuas.

160 3084 228 3139 95
296 3085 377 3140 Me
398 3084 863 3155 exspectaverunt
890 3087 1190 3151 peccatores
1217 3086 1278 3135 ut
1297 3078 1583 3150 perderent
1604 3095 1689 3135 me
1713 3098 1725 3135 :

299 3173 637 3229 Testimonia
664 3178 759 3225 tua
788 3169 1057 3225 intellexi.

228 3264 266 3314 C
295 3261 383 3316 Me
411 3260 926 3330 exspectaverunt,
953 3255 1174 3312 scilicet
1203 3254 1339 3310 mali
1362 3272 1632 3311 suasores
1654 3255 1815 3312 blan«

1834 1960 1882 2026 B

2066 798 2464 836 ARGUMENTUM
2504 800 2864 845 SEQUENTIUM
2905 802 3043 841 OCTO
3091 805 3381 846 VERSUUM.

1978 870 2018 925 C
2052 870 2091 924 B
2124 869 2378 941 Populus
2419 871 2625 926 beatus
2673 873 3083 945 prophetarum
3134 882 3306 950 atque
3358 880 3541 936 Evan-

1907 958 2039 1029 gelii
2070 958 2442 1013 meditatione
2465 960 2771 1030 proficiens
2802 979 2978 1035 super
2992 964 3263 1022 docentes
3291 984 3351 1021 se
3372 985 3437 1023 ac
3461 986 3544 1024 sc-

1908 1047 2120 1114 niores,
2172 1048 2379 1102 asserit
2430 1064 2490 1103 se
2538 1048 2732 1104 divina
2780 1050 3129 1109 intellexisse
3175 1057 3468 1123 mandata,
3502 1059 3545 1113 Β

1910 1136 2062 1208 quod
2093 1151 2228 1205 ergo
2265 1152 2416 1190 mem
2448 1136 2862 1207 interpretatur
2890 1156 2959 1194 ea:
2985 1159 3123 1213 quo:
3159 1144 3449 1215 signiﬁcat
3479 1164 3548 1202 ex

1910 1241 2047 1297 quo,
2082 1223 2189 1278 hoc
2221 1228 2309 1278 est
2352 1225 2503 1295 quod
2554 1224 2767 1279 dicitur
2796 1227 2840 1281 II
2882 1228 2960 1282 B:
2995 1270 3007 1283 .
3040 1229 3338 1292 Quomodo
3372 1234 3547 1290 dilexi

1910 1314 2096 1384 legem
2128 1317 2312 1376 tuam,
2344 1312 2582 1367 Domine
2603 1315 2630 1367 ‘?
2664 1314 2717 1368 id
2751 1319 2857 1381 est,
2886 1333 2953 1370 ex
2984 1334 3098 1388 quo
3128 1321 3334 1376 affectu
3356 1322 3552 1378 dulce-

1912 1400 2064 1454 dinis
2094 1404 2151 1456 et
2182 1398 2419 1469 amoris,
2458 1405 2520 1454 ut
2544 1401 2831 1469 signiﬁcet
2861 1420 2928 1458 ex
2962 1405 3185 1463 intimo.
3222 1407 3381 1471 Quod
3415 1429 3549 1468 vero

1911 1487 2125 1543 dicitur
2148 1505 2215 1542 ex
2237 1487 2407 1559 ipsis:
2436 1488 2723 1560 signiﬁcat
2745 1507 2811 1545 ex
2835 1491 2976 1561 ipsis
3000 1494 3229 1551 Domini
3255 1500 3547 1557 mandatis

1912 1577 2248 1632 eorumdem
2296 1578 2739 1647 concipiendum
2788 1595 3066 1648 amorem,
3121 1586 3272 1641 unde
3319 1588 3478 1657 dicit,
3518 1608 3553 1648 a

1914 1664 2205 1719 mandatis
2238 1665 2355 1719 tuis
2384 1662 2662 1721 intellexi.

2250 1754 2296 1808 II
2332 1757 2374 1806 Β
2398 1753 2567 1821 Mem,
2600 1771 2668 1809 ex
2698 1772 2812 1825 quo
2841 1755 2925 1811 vel
2956 1773 3022 1811 ex
3053 1757 3216 1830 ipsis.

1913 1842 1981 1894 97
2059 1841 2326 1909 Quomodo
2357 1841 2533 1896 dilexi
2560 1843 2727 1914 legem
2759 1848 2929 1909 tuam,
2961 1846 3186 1903 Domine
3206 1868 3224 1903 :

2064 1932 2185 1985 Tota
2214 1930 2302 1985 die
2329 1931 2608 1986 meditatio
2633 1948 2751 1987 mea
2778 1940 2834 1999 σξη
2878 1944 2954 1990 est
2996 1940 3010 2003 ξ

1984 2022 2024 2073 C
2053 2018 2326 2084 Dieendo,
2346 2020 2953 2091 quomodo,promittit
2969 2041 3028 2081 se
3047 2027 3336 2086 dicturum
3357 2047 3554 2103 quem-

1915 2107 2229 2162 admodum
2265 2106 2451 2178 legem
2480 2106 2577 2161 Dei
2610 2110 2903 2180 praecipua
2933 2111 3250 2173 intentione
3276 2124 3333 2174 et
3351 2121 3552 2178 volun-

1914 2199 2030 2249 tate
2060 2194 2339 2249 dilexerit.
2387 2196 2527 2250 Tota
2556 2196 2670 2261 die,
2704 2198 3044 2257 continuum
3102 2208 3333 2277 tempus
3372 2211 3552 2280 signi-

1918 2284 2069 2348 ﬁcat,
2103 2283 2417 2337 meditatur
2440 2282 2594 2337 enim
2623 2288 2741 2341 toto
2768 2287 2893 2343 vita:
2926 2293 3184 2361 tempore
3198 2292 3397 2367 legem
3430 2298 3552 2364 Dei,

1918 2372 2015 2443 qui
2053 2370 2249 2427 omnia
2278 2388 2404 2442 quas
2451 2370 2603 2438 facit,
2638 2372 2695 2426 in
2736 2372 2967 2431 laudem
3003 2380 3095 2433 llci
3148 2362 3297 2451 agit:
3319 2384 3375 2439 Si
3423 2362 3555 2457 quis

1917 2460 2071 2515 enim
2103 2475 2235 2514 cum
2268 2459 2475 2513 timore
2510 2459 2604 2513 Dei
2636 2460 2798 2515 cibos
2831 2467 3219 2535 temperanter
3246 2472 3476 2543 accipit,
3506 2476 3557 2531 si

1918 2565 2154 2603 somnos
2181 2547 2583 2602 convenienter
2630 2550 2832 2620 carpit,
2874 2550 3059 2624 legem
3096 2557 3191 2611 Dei
3242 2561 3559 2619 meditatur

1920 2636 1978 2690 in
2039 2637 2335 2701 omnibus,
2406 2636 2682 2706 quoniam
2740 2654 2801 2693 se
2858 2638 3105 2699 honesta
3160 2650 3215 2700 et
3274 2650 3557 2718 probabili

1919 2724 2143 2781 actione
2172 2724 2562 2779 commendat.

1918 2813 1990 2866 95
2061 2814 2234 2883 Super
2263 2814 2512 2867 inimicos
2536 2830 2678 2868 meos
2708 2816 3029 2886 prudentem
3059 2837 3144 2875 me
3171 2824 3351 2892 fecisti

2130 2900 2388 2956 mandato
2419 2905 2510 2956 tuo
2533 2920 2552 2955 :

2066 2990 2205 3056 Quia
2236 2991 2295 3044 in
2323 2999 2592 3045 aeternum
2616 2993 2756 3047 mihi
2782 3002 2877 3049 est.

1993 3076 2036 3132 Ο
2068 3076 2291 3132 Inimici
2324 3076 2683 3149 intelligendi
2725 3084 2861 3135 sunt
2891 3082 3166 3141 obstinati
3204 3087 3408 3156 Judaei,
3445 3091 3562 3147 hm-

1924 3164 2087 3221 retici
2125 3169 2181 3221 ct
2211 3165 2444 3237 pagani,
2478 3166 2576 3237 qui
2619 3173 2903 3240 praecepta
2930 3171 3029 3225 Dei
3062 3191 3178 3229 non
3226 3183 3560 3248 operantur.

1924 3254 2113 3326 Supra
2146 3253 2291 3308 istos
2323 3254 2666 3325 prudentem
2700 3272 2761 3310 se
2792 3256 2931 3311 dicit
2960 3261 3250 3329 e‘l‘ectum,
3283 3268 3561 3336 quoniam

163 3348 387 3405 diendo.
421 3316 595 3413 Quod
647 3316 923 3417 agebant,
954 3350 1015 3398 ut
1062 3361 1249 3399 meam
1296 3343 1548 3399 animam
1578 3344 1815 3402 vulnere
1844 3316 1888 3383 δ
1918 3316 2090 3414 jussa
2109 3316 2470 3397 Deidevotus
2490 3341 2769 3413 implevit.
2794 3346 2903 3400 Sed
2925 3348 3077 3403 unde
3099 3316 3561 3424 factiisjprud-e'n-s

165 3437 458 3508 pravitatis
477 3435 841 3492 sauciarent.
863 3432 1269 3488 Ostenditvero
1291 3433 1511 3503 perhoc
1531 3435 1685 3505 quod
1709 3436 1811 3501 ait,

166 3529 668 3596 exspectaverunt,
704 3539 936 3594 pmnam
966 3520 1225 3592 martyrii
1258 3538 1370 3575 non
1396 3522 1575 3577 fuisse
1601 3522 1815 3578 accele-

168 3618 343 3667 ratam
372 3618 429 3669 et
459 3611 914 3685 praecipitatam,
950 3615 1011 3662 ut
1044 3609 1273 3679 gravior
1302 3610 1462 3664 ﬁeret
1494 3627 1662 3681 poena
1684 3628 1813 3682 pro-

169 3704 343 3755 tracta
372 3717 555 3773 quam
593 3698 942 3761 subitanea;
977 3696 1207 3768 gravior
1234 3702 1325 3751 est
1355 3696 1510 3752 enim
1546 3698 1656 3753 ista
1687 3715 1815 3769 per-

169 3784 403 3856 secutio,
468 3806 605 3861 quae
636 3792 693 3843 et
751 3802 1025 3841 coronam
1085 3784 1343 3857 martyrii
1401 3787 1726 3858 suspendit,
1760 3792 1819 3842 et

172 3881 411 3934 mortem
444 3877 663 3934 animos
696 3873 941 3930 suadere
973 3891 1083 3929 non
1112 3872 1461 3929 dcsinit.Sed
1489 3874 1818 3947 intelligens

172 3963 274 4021 iste
302 3965 714 4022 testimonium
751 3962 846 4018 Dei
883 3979 997 4018 non
1048 3967 1275 4034 poterat
1303 3962 1371 4017 ad
1399 3962 1539 4018 vitia
1569 3964 1816 4018 nefanda

175 4054 423 4124 perduci,
455 4055 621 4109 unde
654 4051 735 4106 illi
770 4050 876 4107 soli
900 4068 934 4105 a
964 4050 1059 4105 tali
1084 4050 1340 4122 periculo
1363 4050 1689 4107 liberantur
1717 4052 1817 4123 qui

175 4139 394 4197 Domini
444 4139 886 4198 illuminatione
918 4141 1244 4194 ﬁrmantur.
1305 4138 1561 4194 Intellexi
1622 4145 1817 4195 autem

176 4234 507 4300 exponatur,
530 4230 593 4285 id
628 4232 739 4292 est,
772 4232 1044 4298 operatus
1075 4243 1227 4290 sum,
1263 4225 1492 4281 sicutin
1520 4225 1632 4282 alio
1664 4227 1815 4299 psal-

178 4331 265 4371 mo
294 4317 544 4374 dicitur:
604 4316 821 4373 Beatus
869 4314 970 4387 qui
1017 4313 1293 4385 intelligit
1341 4330 1519 4385 super
1565 4331 1816 4386 egenum

178 4402 335 4473 (Psal.
366 4410 478 4473 XL),
514 4406 578 4461 id
621 4407 733 4470 est,
788 4402 1059 4459 subvenit
1114 4418 1314 4474 egeno.
1368 4400 1469 4457 Ille
1509 4401 1663 4457 enim
1716 4403 1816 4475 qui

178 4499 438 4561 speratur
470 4491 809 4550 secundum
832 4489 1189 4557 testimonia,
1214 4506 1328 4545 non
1351 4494 1543 4561 potest
1561 4490 1632 4545 ad
1656 4490 1814 4562 vitia,

179 4583 235 4633 ut
258 4581 530 4651 diximus,
567 4579 826 4636 nefanda
862 4578 1121 4651 perduci.

178 4664 242 4719 96
308 4670 493 4725 Omnis
520 4668 1014 4726 consummationis
1044 4665 1159 4721 vidi
1184 4666 1349 4735 ﬁnem
1373 4683 1392 4719 :

307 4759 497 4813 Latum
526 4754 857 4813 mandatum
886 4763 1039 4810 tuum
1067 4754 1255 4808 nimis.

243 4845 280 4899 C
306 4842 754 4903 Consummatio
783 4848 871 4897 est
900 4842 1057 4897 enim
1084 4841 1349 4896 omnium
1380 4841 1659 4897 virtutum
1692 4859 1815 4914 per-

181 4930 357 4999 fectio,
386 4935 480 4990 cui
510 4930 1012 4991 consummationi
1034 4928 1300 4985 Christus
1330 4934 1420 4984 est
1450 4930 1605 4997 ﬁnis,
1638 4947 1813 5002 quem

183 5033 236 5074 se
263 5022 469 5080 vidisse
498 5023 667 5087 dicit,
697 5036 831 5075 cum
852 5035 986 5075 eum
1004 5016 1339 5073 illuminata
1360 5022 1550 5073 mente
1572 5018 1816 5074 credidit

183 5122 297 5164 esse
317 5117 655 5168 venturum.
692 5108 901 5163 Latum
933 5106 1276 5163 mandatum
1306 5105 1598 5177 signiﬁcat
1626 5106 1814 5163 chari-

184 5197 367 5263 tatem,
392 5216 568 5272 quam
594 5197 755 5254 circa
781 5196 965 5251 Deum
998 5194 1211 5249 habere
1233 5194 1514 5263 jubemur
1536 5199 1593 5249 et
1620 5194 1815 5265 proxi-

186 5297 353 5341 mum.
374 5287 520 5344 Nam
552 5286 700 5361 quid
721 5284 901 5339 latius
920 5299 1049 5339 esse
1068 5282 1179 5337 dici
1209 5286 1417 5353 potest.
1452 5299 1626 5353 quam
1659 5284 1813 5355 quod

187 5372 497 5433 universam
533 5376 728 5448 legem
760 5377 817 5429 et
846 5370 1262 5445 prophetarum
1294 5370 1447 5425 dicta
1476 5370 1816 5425 concludit?

189 5452 404 5521 Nam,ut
421 5460 690 5517 Salvator
705 5456 925 5523 docuit,
943 5457 1002 5511 in
1020 5455 1111 5511 his
1129 5456 1357 5510 duobus
1379 5456 1670 5511 mandatis
1686 5457 1816 5512 cha-

192 5543 357 5601 ritatis
384 5548 471 5605 lex
500 5548 702 5606 omnis
732 5549 791 5602 et
823 5544 1115 5617 propheta:
1148 5543 1399 5614 pendent
1426 5544 1628 5610 (Matth.
1653 5547 1811 5612 xxii).

194 5627 232 5685 ll
261 5632 509 5693 Praevidit
525 5652 667 5711 ergo
694 5633 984 5706 PrOpheta
1003 5633 1062 5687 in
1084 5629 1290 5702 spiritu
1307 5631 1599 5687 Christum
1618 5632 1815 5687 omnia

193 5733 632 5794 consummasse,
656 5740 790 5794 quas
820 5720 1040 5791 scripta
1067 5723 1206 5774 sunt
1228 5718 1298 5773 de
1329 5735 1392 5773 co
1424 5718 1481 5773 in
1505 5718 1649 5791 lege,
1682 5736 1811 5791 pro-

1925 3431 2117 3497 fuerit,
2151 3430 2415 3486 addidit:
2474 3434 2574 3486 tuo
2616 3433 2911 3489 mandato.
2944 3435 3227 3499 Quoniam
3281 3441 3423 3497 dum
3477 3443 3562 3499 illi

1924 3519 2179 3575 obedivit
2244 3519 2501 3583 ﬁdeliter,
2558 3525 2799 3575 cunctos
2862 3531 3120 3581 errantes
3186 3531 3562 3587 transcendit.

1922 3609 2183 3679 Adjecit:
2217 3610 2356 3680 quia
2387 3608 2446 3662 in
2490 3612 2771 3664 aeternum
2804 3611 2943 3665 mihi
2975 3617 3082 3677 est,
3132 3614 3353 3672 scilicet
3402 3637 3564 3675 man-

1924 3698 2127 3752 datum
2160 3703 2348 3755 tuum.
2383 3696 2604 3752 scilicet
2634 3696 2862 3753 dilectio
2890 3700 2987 3760 Dei
3020 3707 3076 3756 et
3108 3704 3374 3773 proximi.

1924 3786 1996 3839 99
2064 3791 2242 3858 Super
2268 3801 2449 3842 omnes
2477 3785 2719 3841 docentes
2748 3804 2832 3841 me
2863 3790 3143 3846 intellexi:

2102 3877 2247 3945 Quia
2275 3875 2583 3930 testimonia
2614 3883 2707 3929 tua
2739 3877 3019 3933 meditatio
3041 3896 3157 3934 mea
3180 3889 3234 3946 σξη
3278 3888 3358 3937 est
3402 3892 3414 3950 ζ
3462 3928 3474 3941 .

1996 3964 2037 4018 C
2069 3963 2443 4018 lntendamus
2476 3961 2569 4017 hic
2611 3963 2965 4033 superiorem
2998 3983 3251 4036 versum,
3301 3970 3399 4026 ubi
3450 3990 3564 4030 non

1926 4051 2090 4117 dixit,
2125 4064 2303 4122 supra
2330 4054 2543 4121 patres,
2570 4050 2670 4104 sed
2697 4067 2874 4121 super
2904 4051 3203 4121 inimicos;
3237 4055 3332 4112 hic
3369 4064 3564 4116 autem

1926 4138 2119 4211 arguit
2157 4138 2487 4209 magistros,
2522 4136 2742 4191 scilicet
2770 4137 3108 4209 Pharisazos,
3144 4143 3284 4214 quia
3308 4146 3376 4200 ad
3412 4145 3566 4203 litte-

1926 4245 2050 4282 ram
2083 4243 2144 4281 se
2173 4229 2454 4288 tenentes,
2488 4223 2808 4295 spiritalem
2840 4226 3284 4300 intelligentiam
3316 4233 3566 4308 neglige-

1924 4317 2086 4371 bant.
2138 4315 2323 4384 Supra
2373 4312 2515 4368 tales
2546 4312 2729 4384 igitur
2777 4330 2980 4370 omnes
3023 4317 3310 4387 doctores,
3357 4324 3565 4379 merito

1925 4403 2132 4459 cohors
2180 4405 2382 4458 sancta
2436 4417 2500 4455 se
2557 4399 2768 4456 melius
2800 4402 3151 4461 intellexisse
3208 4406 3366 4476 dicit,
3427 4411 3567 4481 quia

1924 4492 2213 4547 sinceram
2249 4489 2343 4546 Dei
2374 4488 2701 4545 doctrinam
2735 4492 2978 4562 accepit,
3013 4494 3109 4547 sed
3138 4500 3193 4549 et
3223 4511 3327 4549 cur
3357 4496 3566 4553 melius

1924 4577 2287 4643 intellexerit,
2345 4592 2582 4631 causam
2640 4575 2800 4643 dicit,
2860 4578 3000 4649 quia
3072 4580 3405 4636 testimonia
3467 4587 3568 4638 tua

1846 4672 1893 4737 Ι)
1925 4666 2224 4723 meditatio
2258 4680 2385 4719 mea
2414 4669 2521 4719 est.

1929 4757 2028 4809 100
2065 4755 2240 4826 Super
2264 4767 2415 4807 senes
2447 4752 2697 4807 intellexi
2720 4769 2733 4806 :

2065 4843 2204 4909 Quia
2232 4839 2493 4894 mandata
2524 4844 2619 4894 tua
2647 4842 2896 4911 quaesivi.

1994 4935 2177 5001 Super
2207 4944 2375 4983 senes
2406 4926 2684 4982 intellexi.
2713 4928 2892 4985 Senes
2920 4930 3062 4985 dicit
3091 4930 3205 4997 hic,
3242 4949 3356 4987 non
3386 4948 3563 4988 canos

1924 5023 2138 5083 mente,
2172 5017 2269 5071 sed
2305 5031 2562 5086 corpore.
2612 5014 2750 5071 Vult
2783 5017 2961 5089 igitur
2987 5018 3199 5087 dicere,
3231 5020 3443 5076 melius
3475 5020 3561 5077 in-

1922 5106 2141 5162 tellexit
2172 5103 2422 5176 populus
2440 5120 2622 5159 novus
2648 5106 2769 5175 (qui
2792 5105 3036 5161 feliciter
3054 5107 3345 5162 Christum
3371 5124 3564 5164 susce-

1924 5194 2030 5267 pit)
2061 5210 2236 5265 quam
2260 5190 2454 5247 senior
2474 5190 2569 5244 ille
2584 5190 2882 5259 Judaicus,
2908 5194 3007 5266 qui
3031 5212 3165 5251 eum
3188 5200 3560 5251 contemnen-

1924 5284 2065 5338 dum
2088 5279 2391 5353 judicavit.
2418 5279 2606 5341 Quare
2628 5278 2910 5336 intellexit
2931 5299 3107 5354 super
3132 5284 3387 5339 seniores
3404 5281 3562 5338 addi-

1923 5371 2029 5438 dit,
2063 5367 2355 5424 videlicet:
2391 5365 2536 5431 Quia
2558 5370 2833 5424 mandata
2861 5373 2962 5424 tua
2983 5371 3302 5441 exquisivi:
3328 5387 3443 5425 non
3465 5369 3562 5424 ho-

1925 5458 2149 5513 minum
2183 5470 2583 5528 perversorum
2615 5456 2888 5511 mandata
2920 5457 3158 5512 servavi.

1925 5547 2021 5601 101
2064 5545 2138 5600 Ab
2168 5544 2321 5600 onmi
2350 5543 2437 5596 via
2466 5542 2613 5595 mata
2636 5543 2897 5612 prohibui
2917 5544 3074 5614 pedes
3104 5561 3274 5598 meos:

2066 5634 2128 5689 Ut
2154 5631 2450 5688 custodiam
2486 5632 2645 5684 verba
2676 5635 2788 5688 tua.

1992 5720 2033 5774 C
2063 5722 2149 5776 Ab
2180 5719 2338 5776 omni
2360 5718 2452 5772 via
2482 5715 2662 5772 mala:
2686 5718 2977 5789 signiﬁcat
2997 5717 3395 5772 haereticorum
3423 5726 3552 5779 pra-
