3878 6420
251 483 368 545 MT

1162 477 1230 541 Β.
1274 474 1676 578 BRUllONlS
1721 472 2351 538 llEllBll’OLENSIS
2396 472 2775 540 EPISGOPI.

3561 429 3678 534 iis

249 633 356 674 vas
385 615 713 683 suasiones,
743 611 961 688 quibus
981 609 1066 668 illi
1089 608 1506 667 blandiuntur:
1528 605 1617 665 vel
1644 604 1910 664 omnium
1938 606 1996 677 Α
2022 608 2201 666 miter
2231 607 2288 665 in
2323 605 2524 666 animo
2553 603 2905 665 constituere
2923 606 3148 667 bonum
3179 606 3548 681 propellunt
3571 605 3676 671 imo

251 706 546 764 malorum
578 721 756 778 prava
785 719 980 776 Opera,
1014 701 1194 758 Pedes
1224 705 1419 756 autem
1447 715 1609 755 meos
1635 715 1648 754 :
1681 697 1906 771 signifi-

252 801 346 854 cat
369 810 682 852 assensum
701 791 934 858 mentis,
959 790 1060 863 qui
1084 807 1192 846 nos
1213 789 1469 862 quodam
1486 786 1730 859 vestigio
1749 785 1910 840 ducit

251 887 325 944 ad
358 884 621 958 culpam:
652 881 764 938 nisi
789 881 975 955 pietas
997 879 1095 936 Dei
1115 896 1222 934 nos
1243 877 1612 934 abstraxerit.
1639 875 1711 931 Ut
1735 873 1912 930 verba

253 980 357 1032 tua
384 973 716 1031 custodiam
746 989 758 1027 :
790 970 959 1026 aliter
979 969 1135 1024 enim
1157 967 1336 1023 verba
1354 966 1454 1023 Dei
1477 964 1771 1020 custodire
1793 981 1905 1019 non

252 1067 501 1139 poterat,
562 1061 674 1118 nisi
722 1077 857 1116 cum
898 1058 999 1114 illa
1050 1056 1328 1132 pestifera
1382 1054 1582 1110 suasio
1631 1054 1912 1127 probatur

251 1153 515 1227 expulsa.

255 1243 360 1299 102
397 1241 435 1297 A
457 1239 691 1314 judieiis
721 1240 836 1293 tuis
865 1254 971 1291 mm
1003 1234 1319 1291 declinavi:

389 1331 539 1401 Quia
564 1333 624 1384 tu
651 1329 825 1398 legem
849 1325 1085 1399 posuisti
1112 1324 1273 1378 mihi.

318 1421 431 1478 CA
466 1418 711 1491 judiciis
759 1417 878 1472 tuis
927 1414 1088 1481 dicit,
1148 1413 1202 1468 id
1231 1416 1321 1468 est
1367 1410 1442 1465 ab
1493 1408 1590 1464 illo
1622 1408 1776 1482 quod
1807 1411 1910 1464 tua

246 1509 518 1568 voluntas
547 1506 852 1564 constituit
881 1510 937 1559 et
957 1501 1189 1558 vivendi
1223 1498 1488 1572 regulam
1521 1497 1700 1561 dedit,
1733 1498 1809 1552 ab
1841 1512 1908 1553 eo

250 1600 455 1672 utique
483 1615 598 1654 non
628 1593 934 1651 declinavi.
969 1592 1116 1659 Quia
1147 1594 1211 1646 tu
1236 1589 1421 1661 legem
1449 1587 1696 1659 posuisti
1729 1586 1904 1642 mihi:

248 1690 359 1746 hoc
388 1691 478 1744 est
506 1683 908 1759 Evangelium,
932 1680 1087 1754 quod
1113 1678 1295 1734 totius
1317 1675 1700 1750 plenitudinis
1729 1676 1909 1731 dona-

247 1778 334 1833 vit
357 1777 627 1833 effectum
653 1789 666 1828 :
701 1789 816 1828 non
849 1787 986 1842 ergo
1015 1769 1108 1825 lex
1136 1772 1302 1823 vetus
1324 1769 1475 1839 (quas
1505 1763 1765 1820 officium
1800 1781 1907 1836 pen-

249 1864 463 1940 dagogl
495 1863 692 1930 habet)
724 1860 818 1916 hic
848 1857 1152 1930 accipitur.

252 1958 355 2013 103
395 1956 569 2024 Quam
595 1952 786 2008 dulcia
812 1948 1064 2020 faucibus
1087 1947 1230 2002 meis
1244 1945 1464 2017 eloquia
1494 1948 1624 1998 tua:

393 2045 568 2116 Super
584 2042 696 2098 mei
722 2041 809 2096 ori
837 2053 974 2093 meo.

317 2134 360 2190 (Σ
388 2135 577 2198 Quam
622 2127 837 2196 dulcia,
871 2125 930 2181 id
964 2129 1054 2180 est
1087 2121 1220 2196 plus
1279 2120 1557 2178 omnibus
1611 2119 1812 2177 dulcia
1853 2127 1911 2178 et

250 2221 503 2279 maxime
547 2218 766 2276 dulcia.
824 2214 969 2281 Quia
1001 2213 1046 2269 Η
1105 2209 1353 2268 transito
1418 2209 1590 2266 melle
1637 2209 1747 2282 (vel
1792 2209 1907 2267 alio

247 2313 398 2380 cibo)
451 2327 556 2384 per
593 2307 885 2384 palatum,
931 2301 1161 2359 nullum
1195 2300 1372 2357 habet
1404 2298 1558 2356 ultra
1590 2315 1858 2371 saporem
1889 2317 1902 2354 :

245 2401 480 2475 eloquia
520 2415 655 2454 vero
684 2395 787 2453 Dei
835 2394 976 2467 (sive
1009 2393 1068 2448 in
1099 2408 1219 2456 ore,
1253 2389 1372 2446 sive
1403 2389 1460 2443 in
1491 2388 1782 2453 faucibus,
1815 2387 1903 2445 vel

244 2493 304 2548 in
336 2506 548 2547 arcano
580 2485 762 2544 abditi
795 2481 1068 2558 pectoris)
1088 2495 1322 2553 semper
1353 2477 1550 2534 dulcia
1570 2480 1710 2533 sunt
1727 2476 1906 2532 medi-

243 2580 510 2638 tantibus
551 2593 641 2633 ea.
673 2579 714 2630 C
741 2577 886 2628 Cum
913 2569 1071 2626 enim
1103 2568 1297 2626 omnis
1327 2569 1538 2639 gustus
1585 2564 1904 2638 corporalis

245 2670 323 2726 sit
344 2669 401 2723 in
424 2664 626 2740 palato
653 2667 712 2720 et
739 2660 1013 2717 faucibus
1029 2663 1283 2722 tantum,
1316 2654 1549 2726 eloquia
1571 2659 1764 2710 tamen
1797 2653 1903 2710 Do-

244 2755 392 2814 mini
419 2751 706 2828 deglutita
734 2750 794 2806 in
823 2748 1018 2806 cordis
1047 2744 1393 2801 dulcescunt
1422 2741 1709 2798 faucibus.

246 2847 349 2902 104
391 2849 444 2901 Α
469 2841 750 2899 mandatis
782 2839 891 2894 tuis
922 2835 1214 2892 intellexi:

386 2935 676 3006 Propterea
705 2928 853 2986 odivi
881 2941 1095 2982 omnem
1125 2924 1272 2978 viam
1302 2921 1636 2992 iniquitatis.

314 3025 357 3083 C
388 3025 599 3096 Legem
630 3018 788 3077 enim
820 3017 916 3073 Dei
959 3014 1222 3080 edoctus,
1273 3009 1560 3067 intellexit
1607 3009 1894 3083 scriptum

241 3115 425 3173 illud:
476 3110 598 3182 Fili,
631 3107 751 3166 noli
809 3103 1111 3163 ambulare
1161 3118 1298 3159 cum
1357 3098 1560 3174 impiis
1615 3100 1796 3172 (Prov.
1831 3099 1892 3171 ι).

241 3207 386 3262 Item
435 3201 738 3259 audierat:
772 3192 1083 3254 Perdidisti
1127 3207 1334 3251 omnes
1378 3189 1479 3263 qui
1528 3189 1896 3246 fornicantur

239 3297 348 3352 abs
389 3297 444 3350 te
495 3291 671 3366 (Psal.
707 3287 895 3359 Lxxn),
928 3283 1070 3340 talia
1100 3281 1318 3356 quippe
1349 3278 1408 3335 in
1442 3272 1738 3341 mandatis
1791 3277 1890 3336 Dei

238 3385 381 3443 dum
402 3357 685 3445 audisset,
707 3357 861 3433 viam
883 3370 1212 3446 iniquitatis
1228 3367 1513 3426 intellexit
1536 3366 1894 3425 omnimodis
1921 3357 1965 3426 C

237 3470 658 3530 exsecrandum
668 3509 682 3535 ,
697 3481 825 3538 quas
835 3464 998 3535 justo
1011 3458 1260 3518 Domino
1271 3456 1500 3531 placere
1514 3473 1630 3512 non
1645 3459 1888 3528 poterat.

416 3570 816 3616 ARGUMEN’I‘L‘I
845 3561 1213 3614 BBQUENTlUM
1245 3563 1384 3602 OCI'O
1411 3561 1710 3602 VEBSUUH.

309 3649 352 3704 C
377 3649 418 3704 Β
445 3645 667 3702 Cohors
697 3642 886 3707 beata,
933 3637 1182 3710 pedibus
1215 3635 1340 3691 suis
1393 3632 1682 3692 Dominici
1732 3633 1892 3690 verbi

238 3738 436 3796 lumen
467 3733 698 3790 radiare
738 3726 1135 3801 congaudens.
1164 3725 1207 3780 B
1239 3723 1467 3794 Expetit
1513 3722 1895 3780 retributiones

238 3824 472 3884 Domini
501 3825 812 3896 perpetuas
841 3833 853 3874 :
889 3815 962 3872 ob
987 3831 1137 3888 quae
1168 3812 1289 3868 huic
1322 3810 1517 3868 littera
1549 3812 1894 3884 sempiterni

240 3932 455 3974 nomen
501 3908 745 3984 accepit.
808 3907 982 3963 Porro
1012 3902 1167 3978 quod
1223 3899 1404 3976 piscis
1437 3899 1889 3974 interpretatur:

239 4003 496 4064 ostendit
537 4018 673 4059 eum
717 3998 818 4072 qui
862 3997 920 4053 in
951 3992 1228 4053 ﬂuctibus
1279 3988 1477 4048 surculi
1503 3988 1705 4048 lumen
1735 3991 1893 4050 verbi

237 4093 501 4170 requirit.

486 4183 534 4240 ll
567 4182 612 4238 Β
641 4181 795 4248 Nun,
845 4174 1270 4249 sempiternum
1319 4169 1408 4227 vel
1439 4169 1640 4244 piscis.

236 4277 342 4332 105
379 4276 624 4332 Lucerna
649 4270 876 4344 pedibus
901 4267 1039 4324 meis
1067 4263 1295 4320 verbum
1315 4269 1476 4318 tuum
1496 4278 1516 4316 :

383 4369 448 4423 Bt
479 4365 662 4421 lum
690 4360 902 4417 smilis
928 4357 1085 4412 meis.

303 4451 861 4512 C’I‘estatur'beata
900 4444 1132 4511 cohors,
1169 4441 1416 4516 pedibus
1464 4439 1592 4496 suis
1648 4440 1893 4497 verbum

231 4545 330 4604 Dei
361 4545 440 4619 (id
473 4548 562 4601 est
596 4540 928 4613 Scripturas
958 4536 1218 4601 sanctas)
1247 4529 1462 4596 lucere,
1509 4544 1582 4586 ae
1624 4527 1898 4586 absentia

229 4637 350 4694 veri
383 4633 628 4692 luminis
673 4629 900 4686 incidat
929 4626 988 4682 in
1035 4622 1310 4680 ruinam:
1341 4636 1522 4693 quam
1573 4634 1678 4692 per
1721 4634 1895 4674 suam

232 4723 658 4801 providentiam
691 4719 874 4776 vitare
904 4733 1020 4772 non
1053 4716 1297 4786 poterat.
1334 4709 1402 4801 lit
1431 4706 1894 4801 lumenscmitis
1923 4733 1971 4798 Β

234 4795 383 4872 meis
408 4829 420 4868 :
442 4812 488 4869 ll
517 4812 589 4868 Ut
609 4809 719 4867 hoc
741 4805 966 4862 lumine
989 4802 1303 4875 praeeunte,
1322 4797 1465 4853 dum
1489 4795 1733 4853 semitas
1761 4795 1890 4851 vita:

233 4904 408 4960 istius
438 4899 765 4974 gradimur,
800 4896 871 4952 ad
907 4891 1068 4950 illam
1117 4905 1246 4963 quas
1275 4903 1410 4944 vera
1436 4885 1532 4942 via
1557 4889 1648 4974 est
1674 4885 1892 4959 perdu-

233 4973 465 5058 cemur:
495 4991 760 5046 Lucerna
787 5001 925 5058 ergo
955 4979 1260 5054 Scriptura
1288 4978 1493 5032 sancta
1521 4973 1737 5032 dicitur
1757 4991 1892 5048 pro-

235 5079 547 5152 phetarum
572 5093 586 5131 :
621 5080 680 5132 et
707 5069 1154 5146 Evangeliorum
1183 5065 1406 5134 lumen,
1452 5063 1542 5122 vel
1573 5066 1894 5138 utrumque

235 5165 434 5236 lumen
466 5168 524 5219 et
547 5163 806 5220 lucerna.

238 5255 343 5310 106
379 5254 573 5310 Juravi
595 5260 646 5308 et
671 5250 844 5307 statui
861 5266 882 5304 :

383 5340 668 5398 Custodire
678 5337 896 5411 judicia
914 5333 1153 5407 justitix
1183 5342 1316 5391 tuae.

310 5431 352 5488 C
377 5430 588 5486 Jurare
612 5431 701 5482 est
747 5425 904 5480 enim
946 5423 1082 5494 jure
1110 5431 1294 5486 orare,
1327 5421 1384 5476 id
1435 5425 1526 5476 est
1555 5421 1893 5494 equitatem

240 5519 469 5576 dicere:
506 5531 576 5570 ne
606 5513 740 5570 velit
767 5511 1062 5586 quispiam
1085 5507 1238 5578 quod
1271 5507 1560 5580 promisit,
1583 5509 1642 5566 in
1665 5515 1894 5582 partem

241 5607 484 5664 alteram
517 5601 830 5658 declinare.
860 5599 1070 5655 Jurare
1097 5593 1276 5667 igitur
1323 5595 1417 5650 hic
1455 5614 1570 5652 non
1598 5597 1896 5670 significat

243 5695 682 5754 sacramentum
715 5691 990 5760 preuetare
1019 5683 1102 5754 (in
1133 5699 1250 5754 quo
1275 5683 1596 5741 invocando
1627 5687 1894 5746 divinita-

241 5789 361 5848 tem
393 5777 656 5839 veritatis
690 5778 900 5832 testem
931 5771 1324 5844 adducimus),
1348 5773 1447 5830 sed
1463 5773 1667 5844 jurare
1681 5780 1773 5833 est
1800 5778 1895 5832 ﬁr-

2020 698 2196 773 plere.
2223 697 2456 755 Judicia
2477 714 2612 754 vero
2627 697 2876 772 justitiaa
2896 701 3062 754 sunt:
3083 713 3222 754 cum
3239 695 3461 758 exultat
3487 695 3678 758 humi-

2019 787 2127 854 les,
2161 787 2363 860 dejicit
2391 787 2700 860 superbos.

2021 878 2124 934 107
2162 879 2500 936 Humiliatus
2525 893 2652 934 sum
2681 891 3064 950 usquequaque
3083 895 3102 931 :

2165 969 2408 1033 Domine,
2437 967 2653 1038 viviﬁca
2684 982 2772 1023 me
2795 965 3094 1022 mundum
3122 966 3346 1024 verbum
3373 972 3551 1025 tuum.

2089 1056 2131 1111 C
2159 1053 2343 1110 Deum
2395 1071 2458 1110 se
2507 1053 2714 1108 dicunt
2761 1053 3028 1110 membra
3071 1051 3291 1110 Christi
3340 1069 3682 1126 usquequa-

2020 1161 2135 1218 que
2150 1143 2490 1201 humiliata:
2511 1143 2831 1202 ostendunt
2850 1140 3172 1199 multarum
3192 1141 3676 1216 persecutionum

2019 1251 2083 1290 se
2115 1233 2470 1291 sustinuisse
2516 1231 2795 1306 pericula,
2845 1242 3001 1290 ate:
3049 1229 3387 1292 humilitate
3431 1247 3542 1293 sua
3586 1248 3680 1289 se-

2018 1323 2278 1380 cundum
2308 1321 2730 1396 promissiones
2753 1320 2850 1378 Dei
2872 1320 3155 1378 vivificari
3177 1336 3246 1378 se
3275 1323 3504 1394 petunt.
3531 1319 3678 1384 Ver-

2019 1413 2161 1469 bum
2186 1412 2346 1468 enim
2363 1410 2507 1467 illud
2521 1410 2634 1467 dici
2658 1413 2878 1484 potest:
2894 1408 3098 1470 Venite
3119 1409 3192 1466 ad
3209 1424 3328 1479 me,
3345 1425 3552 1470 omnes
3567 1409 3678 1482 qui

2017 1502 2324 1572 laboratis,
2357 1505 2466 1557 etc.
2501 1500 2710 1574 (Matth.
2743 1501 2846 1571 xx).

2020 1610 2122 1666 118
2159 1610 2481 1682 Voluntaria
2509 1610 2620 1665 oris
2647 1609 2760 1664 mei
2783 1606 3116 1680 beneplacita
3142 1607 3253 1682 fac,
3283 1607 3538 1666 nomine:

2161 1701 2225 1755 Et
2245 1699 2462 1773 judicia
2484 1707 2581 1754 tua
2614 1697 2744 1754 doce
2768 1713 2875 1753 me.

2087 1791 2128 1846 C
2160 1789 2289 1845 Oris
2307 1792 2504 1844 autem
2527 1785 2856 1843 voluntaria
2874 1783 3163 1841 sacrificia
3184 1800 3288 1841 seu
3313 1781 3683 1858 beneplaeita

2014 1884 2155 1936 sunt
2179 1896 2192 1934 :
2226 1876 2594 1933 devotionem
2614 1874 2809 1931 laudis
2829 1873 3057 1940 oll‘erre,
3087 1889 3203 1929 non
3225 1869 3475 1944 alicujus
3501 1889 3680 1930 mun-

1936 1986 1984 2051 B
2014 1969 2178 2026 dante
2207 1965 2502 2042 utilitatis,
2537 1965 2638 2020 sed
2673 1963 2918 2038 propria:
2946 1960 3267 2020 voluntatis
3296 1961 3536 2018 intuitu.
3570 1960 3682 2020 Illa

2017 2075 2155 2132 ergo
2187 2054 2333 2129 petit
2362 2060 2427 2111 ut
2455 2053 2776 2111 reddantur
2805 2056 3042 2125 accepta
3059 2055 3175 2108 Deo
3199 2068 3214 2107 :
3241 2054 3537 2124 quatenus
3565 2051 3677 2108 hac

2017 2145 2311 2204 oblatione
2332 2144 2619 2218 placatus,
2635 2141 2865 2215 judicia
2896 2158 3005 2198 sua
3035 2157 3174 2198 eum
3205 2141 3428 2212 doceat,
3459 2157 3592 2214 qua:
3612 2141 3678 2197 1i-

2016 2236 2248 2294 delibus
2278 2234 2575 2292 mentibus
2606 2231 2886 2306 dignatur
2913 2229 3158 2312 aperire.

2017 2345 2122 2402 109
2158 2345 2358 2400 Anima
2385 2358 2505 2398 mea
2535 2342 2592 2396 in
2624 2338 2879 2398 manibus
2906 2339 3044 2394 meis
3071 2353 3282 2414 semper
3301 2354 3323 2393 :

2157 2435 2220 2490 Et
2249 2434 2421 2506 legem
2449 2435 2604 2488 tuam
2635 2445 2746 2486 non
2774 2444 2899 2488 sum
2926 2427 3146 2484 oblitus.

2085 2523 2133 2582 Η
2163 2522 2376 2580 Anima
2390 2537 2522 2582 mea
2544 2519 2604 2575 in
2627 2517 2906 2584 manibus
2926 2516 3104 2573 meis:
3129 2514 3239 2572 hoc
3255 2518 3362 2585 est,
3389 2514 3676 2594 quiaani-

2010 2629 2170 2670 mam
2200 2627 2394 2670 meam
2423 2609 2484 2665 in
2516 2607 2688 2665 bonis
2709 2606 2987 2682 operibus
3018 2605 3366 2678 (secundum
3387 2604 3542 2680 quod
3573 2602 3671 2660 lex

2009 2706 2113 2760 tua
2135 2701 2328 2773 jubet)
2357 2703 2626 2776 paratam
2658 2712 2893 2770 semper
2920 2694 3136 2754 habeo:
3161 2693 3248 2750 vel
3270 2692 3408 2770 quia
3427 2696 3672 2770 paratus

2009 2807 2143 2850 sum
2169 2787 2515 2863 martyrium
2537 2790 2774 2860 propter
2799 2789 2855 2840 te
2873 2782 3186 2846 sustinere.
3220 2781 3278 2838 Ο.
3307 2781 3425 2857 Hoc
3447 2781 3668 2856 ubique

2007 2896 2240 2953 semper
2253 2875 2610 2952 praecipitur,
2634 2873 2744 2940 hoc
2766 2870 3098 2948 specialiter
3115 2885 3578 2942 commonemur,
3599 2876 3670 2926 ut

2006 2968 2089 3026 sic
2120 2969 2430 3026 redeamus
2461 2965 2534 3021 ad
2565 2963 2753 3037 legem
2778 2979 2792 3018 :
2827 2978 2900 3018 ne
2920 2960 3294 3019 discedamus
3313 2976 3349 3016 a
3373 2958 3522 3033 iege.
3555 2957 3667 3015 Per

2005 3075 2220 3115 manus
2241 3057 2460 3130 itaque,
2481 3051 2572 3110 vel
2598 3049 2986 3128 Operationes,
3009 3047 3098 3106 vel
3117 3052 3374 3126 potestas
3391 3043 3668 3126 intelligi-

2003 3153 2122 3216 tur,
2153 3145 2242 3204 vel
2273 3141 2674 3220 promptitudo
2705 3141 2778 3197 ad
2799 3138 3164 3216 martyrium
3205 3141 3263 3211 et
3293 3135 3653 3214 passionem.

2004 3256 2108 3316 110
2145 3258 2456 3312 Posuerunt
2480 3256 2789 3322 peccatores
2819 3247 3076 3320 laqueum
3101 3245 3243 3316 mihi
3261 3263 3281 3302 :

2141 3343 2210 3398 Et
2239 3340 2304 3398 de
2330 3338 2609 3398 mandatis
2641 3337 2748 3394 tuis
2777 3351 2888 3398 non
2916 3335 3118 3402 erraui.

2073 3431 2117 3488 Η
2147 3429 2299 3496 Quid
2350 3431 2492 3488 sunt
2521 3425 2618 3492 isti
2653 3423 2894 3498 laquei:
2928 3421 3042 3486 nisi
3091 3419 3398 3492 tendiculze
3424 3419 3654 3503 diaboli

1999 3519 2088 3578 vel
2120 3517 2529 3594 suggestiones
2561 3513 2736 3586 ejus?
2764 3513 2806 3570 C
2840 3513 2901 3570 In
2936 3512 3044 3581 hac
3064 3511 3224 3580 enim
3255 3509 3402 3585 silva
3417 3508 3657 3592 mundi,

2001 3614 2088 3670 tot
2111 3609 2358 3681 laqueos
2387 3603 2636 3672 invenis,
2669 3608 2815 3677 quot
2833 3601 2984 3666 ,vitia
3013 3599 3332 3674 contueris.
3381 3599 3662 3680 Sequitur

2001 3698 2350 3762 remedium,
2378 3695 2536 3769 quod
2566 3691 2941 3766 cognoscitur
2968 3697 3156 3755 contra
3174 3691 3293 3760 ista
3321 3704 3526 3761 venena
3551 3703 3660 3766 pu-

2000 3803 2196 3862 gmtre.
2212 3784 2436 3846 scilicet
2459 3782 2645 3858 quisa
2665 3779 2962 3854 mandatis
2975 3781 3072 3836 Dei
3095 3779 3176 3852 mi
3182 3778 3339 3852 nime
3351 3776 3657 3850 declinavi.

2000 3878 2086 3936 Ab
2117 3874 2234 3932 illis
2260 3873 2422 3934 enim
2441 3870 2547 3944 qui
2581 3887 2698 3930 non
2720 3868 2996 3938 declinat,
3022 3867 3144 3940 ulla
3169 3865 3508 3948 deceptippe
3537 3881 3656 3942 non

2001 3964 2267 4040 capitur:
2295 3962 2439 4036 quia
2459 3963 2632 4034 juxta
2650 3958 2780 4033 ipsa
2801 3958 3099 4034 mandata,
3125 3972 3240 4024 non
3264 3955 3324 4028 in
3345 3953 3657 4033 ipsisjnsj-

2003 4054 2109 4114 dits
2138 4057 2301 4116 sunt.
2354 4051 2399 4110 Η
2435 4055 2702 4122 Laqueus
2742 4047 2900 4118 enim
2917 4046 3094 4124 juxta
3117 4045 3300 4126 siam,
3327 4060 3444 4119 non
3477 4043 3538 4106 in
3567 4041 3662 4116 via

2003 4143 2275 4220 ponitur:
2311 4139 2448 4198 et-si
2479 4155 2755 4213 egressus
2784 4138 2857 4210 de
2881 4133 2976 4210 via
3005 4135 3188 4210 fueris
3211 4133 3660 4213 mandatorum,

2003 4233 2177 4303 cades
2205 4231 2266 4294 in
2293 4230 2599 4305 laqueum.

2005 4341 2104 4404 lit-1
2136 4336 2778 4410 ,Hmrcditate‘aquisivi
2798 4333 3234 4410 testimonium
3263 4332 3328 4410 in

2149 4430 2292 4500 Quia
2318 4427 2612 4497 exsultatio
2639 4423 2819 4498 cordis
2839 4425 2957 4492 mei
2972 4425 3130 4492 sunt.

2068 4522 2115 4576 Ο
2140 4522 2259 4582 ista
2298 4513 2608 4576 hereditas
2641 4512 2925 4572 morative
2959 4515 3182 4576 alterna
3224 4507 3534 4584 possessio.
3547 4510 3661 4574 est.

2003 4605 2390 4674 Testimonia,
2414 4602 3112 4677 sanctissimaprncepta
3139 4603 3297 4660 sunt.
3333 4597 3554 4662 Merito.
3566 4613 3662 4664 ex-

2004 4695 2381 4753 sultationem
2395 4692 2487 4762 sui
2499 4690 2840 4752 cos-disease
2847 4685 3661 4762 dicebatharedjtatemregni

2001 4783 2282 4842 caelestis:
2313 4781 2440 4856 ipse
2459 4780 2617 4840 enim
2641 4783 2904 4840 meretur
2917 4775 3662 4856 adeam.pervenine.quod

2000 4875 2289 4948 probatur
2302 4872 2379 4938 de
2391 4868 2500 4936 tali
2511 4869 2922 4944 acquisitione.
2935 4866 3284 4944 gaudere..li
3296 4863 3667 4939 testimonia

2003 4963 2162 5028 anim
2194 4965 2253 5024 et
2281 4962 2712 5036 praecepta-tua,
2733 4959 3023 5027 limosum
3047 4951 3666 5034 hereditasjustimic

2001 5057 2060 5112 et
2089 5052 2152 5116 in
2171 5044 2450 5116 futurum
2480 5047 2540 5118 in
2559 5052 2878 5120 paternum.

1997 5162 2110 5218 11-2
2141 5157 2420 5217 inclinavi
2464 5171 2558 5214 cor
2595 5153 2881 5214 «eamad
2919 5152 3208 5228 (naiades
3233 5149 3666 5226 ιριιιιὸὶῖρωὶφῦ

2219 5248 2762 5314 “asinariam:

2146 5341 2377 5411 Propter
2402 5335 2845 5406 retributionem.

2074 5429 2122 5488 fl
2155 5426 2433 5486 Inclinavi
2465 5441 2566 5482 cer
2613 5421 3090 5496 πωπω,εωὶἱίοῶ
3117 5421 3194 5483 ad
3229 5413 3660 5484 δικαίωμα.

1995 5515 2282 5576 -Inclinavi
2301 5515 2494 5582 enim,
2508 5513 2568 5569 id
2597 5516 2689 5569 est
2711 5511 3019 5572 humiliavi
3045 5527 3150 5569 cor
3166 5507 3489 5575 .meum,nt_
3502 5506 3558 5568 te
3575 5499 3664 5564 in-

1999 5607 2266 5681 telligere
2287 5602 2686 5662 meruissem:
2723 5601 2868 5676 quia
2909 5599 3159 5676 superbi
3197 5614 3321 5658 non
3377 5591 3663 5658 inclinaltt

1999 5711 2294 5752 eor-suum
2311 5691 2808 5750 in-humilitatem.
2821 5691 2892 5748 Et
2906 5688 3072 5748 addit
3091 5689 3176 5750 ad.
3186 5685 3328 5766 quid
3350 5681 3662 5746 incutiam:

2003 5785 2098 5855 rit,
2135 5783 2360 5848 scilicet
2375 5782 2460 5840 .ad
2492 5780 2794 5840 faciendas
2804 5778 3264 5854 justiﬁoatipnss
3281 5771 3664 5836 silescat-mit
