3878 6406
356 444 469 501 «iiii

1273 444 1337 501 s.
1385 440 1783 503 BRUNUNIS
1831 401 2451 504 HERDIPOLENSIS
2497 441 2877 506 Episcopi.

3668 445 3777 508 459

357 582 444 630 et
497 573 829 646 evangelica
872 574 1068 642 verba,
1121 591 1248 645 qtae
1299 575 1560 630 dicturus
1610 535 1753 630 erg?
1792 573 2008 647 populo
2037 575 2093 642 Α
2143 576 2244 630 129
2281 576 2572 633 Mirabilia
2596 578 2929 633 testimonia
2959 585 3061 634 tua
3102 577 3160 642 2-
3188 579 3422 635 Domine
3464 583 3483 649 ζ
3550 597 3570 634 :

361 663 677 719 crcdituro.

363 753 464 807 124
477 757 598 808 Fac
607 768 735 809 cum
748 768 912 808 servo
924 761 1024 809 tuo
1032 752 1341 808 secundum
1357 751 1818 810 misericordiam
1831 762 2016 810 tuam:

501 841 570 897 Et
583 842 1031 913 justificationes
1059 851 1190 897 tuas
1220 842 1359 898 doee
1387 858 1498 897 me.

430 931 470 987 C
502 930 961 987 Misericordiam
994 947 1175 1003 supra
1205 948 1266 986 se
1290 929 1411 985 fieri
1439 931 1609 1002 petit:
1631 931 2014 1003 quiajustum

357 1021 768 1093 estutjugiter
785 1019 1157 1092 rogetur,qui
1185 1019 1233 1074 si
1273 1037 1386 1075 non
1429 1024 1660 1092 petatur
1679 1019 2010 1076 offenditur.

355 1110 530 1168 Servo
562 1114 662 1166 tuo
695 1127 708 1166 :
747 1111 886 1182 quia
929 1109 1129 1165 statim
1171 1109 1410 1180 corruit,
1443 1109 1542 1181 qui
1589 1109 1833 1164 alterius
1883 1126 2013 1166 esse

355 1199 621 1256 voluerit.
649 1200 718 1255 Et
747 1198 874 1255 vide
905 1198 1532 1271 quodjuetilicationes
1565 1216 1625 1253 se
1664 1199 1856 1253 doceri
1909 1216 2010 1272 po-

353 1289 609 1356 stulavit,
643 1305 820 1361 quam
845 1289 970 1360 jam
1003 1289 1248 1343 devotus
1281 1287 1520 1359 accepit.
1555 1289 1622 1343 Et
1672 1305 1774 1359 per
1821 1293 2009 1342 totum

351 1379 646 1453 psalmum
678 1383 1013 1452 frequenter
1042 1378 1186 1452 petit
1225 1395 1342 1434 uno
1392 1376 1537 1445 loco,
1571 1377 1725 1450 quod
1773 1377 1888 1433 alio
1946 1395 2009 1434 se

352 1469 645 1542 accepisse
678 1469 889 1524 fatetur
917 1487 930 1524 :
969 1472 1030 1522 ut
1066 1473 1216 1523 Deus
1239 1467 1394 1539 quod
1428 1467 1586 1522 dedit
1613 1471 1932 1534 conservet,
1952 1471 2009 1522 et

348 1558 487 1631 quia
515 1558 746 1632 petendi
784 1574 1090 1628 nunquam
1123 1557 1298 1612 debet
1317 1573 1446 1611 esse
1486 1555 1811 1612 fastidium.
1847 1556 2005 1612 Hanc

348 1646 504 1704 enim
538 1648 946 1702 assiduitatem
972 1671 981 1698 ι
1003 1650 1025 1700 t
1046 1645 1231 1701 oratio
1264 1645 1545 1702 Dominca
1565 1645 1854 1718 designat,
1874 1663 2001 1718 quae

347 1737 490 1792 dicit
538 1752 553 1792 :
614 1740 832 1791 Panem
898 1739 1164 1790 nostrum
1243 1734 1652 1806 quotidianum
1701 1734 1776 1790 da
1833 1735 2002 1790 nobis

346 1825 538 1882 hodie.

345 1914 451 1972 1'25
485 1919 697 1973 Servus
728 1925 860 1971 tuus
899 1920 956 1980 ξ-
980 1931 1110 1970 sum
1152 1919 1166 1980 ζ
1235 1929 1340 1984 ego
1370 1931 1389 1968 :

487 2008 568 2062 Du
597 2006 741 2061 mihi
772 2005 1121 2061 intellectum
1151 2013 1211 2060 ut
1241 2003 1422 2059 sciam
1452 2003 1780 2060 testimonia
1803 2013 1925 2059 tua.

415 2096 456 2151 C
487 2097 700 2151 Servus
729 2099 867 2150 tuus
897 2110 1053 2160 sum,
1087 2094 1162 2147 da
1193 2091 1337 2147 mihi
1367 2111 1380 2148 :
1407 2091 1506 2165 qui
1535 2091 1744 2148 solitus
1773 2097 1861 2148 est
1895 2093 1998 2146 do-

343 2203 501 2254 nare,
535 2202 664 2258 quae
688 2185 850 2256 juste
867 2200 933 2239 ac
967 2182 1312 2237 fiducialitcr
1341 2182 1574 2254 poteris.
1608 2181 1678 2236 Ut
1700 2182 1904 2250 sciam,
1937 2181 1992 2237 id

341 2280 429 2331 est
462 2280 526 2330 ut
559 2279 794 2346 accepta
827 2271 1128 2328 retineam.
1157 2271 1313 2326 Scire
1343 2269 1497 2326 enim
1531 2269 1674 2325 illud
1699 2275 1806 2335 est,
1840 2271 1995 2342 quod

343 2365 400 2420 in
435 2369 696 2420 nostram
713 2363 978 2418 notitiam
993 2379 1095 2416 ven
1107 2361 1250 2429 iens,
1269 2359 1431 2416 nulla
1446 2359 1732 2416 oblivione
1746 2359 1992 2415 deletur.

341 2454 408 2509 Et
438 2452 707 2526 quamvis
737 2450 936 2507 omnia
965 2449 1331 2518 expedientia
1369 2449 1664 2504 continuis
1723 2449 1994 2522 precibus

341 2540 762 2598 sintaDomino
776 2539 1150 2614 postulanda,
1166 2538 1420 2594 maxime
1443 2544 1635 2594 tamen
1659 2537 1990 2594 divinarum

339 2632 776 2705 Scripturarum
844 2627 1174 2684 intellectus
1230 2628 1456 2700 jugiter
1521 2627 1806 2700 petendus
1855 2632 1990 2684 est:

339 2721 441 2796 qui
473 2725 692 2794 quanto
718 2719 851 2792 plus
884 2717 1224 2791 percipitur,
1241 2723 1403 2772 tanto
1427 2733 1657 2788 suavior
1681 2715 1988 2773 invenitur.

341 2831 446 2885 126
486 2835 732 2898 Tempus
750 2825 1030 2898 faciendi,
1055 2824 1290 2879 Domine
1318 2839 1332 2877 :

482 2919 918 2988 Dissipaverunt
952 2915 1130 2984 legem
1161 2922 1348 2968 luam.

409 3012 454 3064 A
483 3007 710 3064 Clamat
756 3002 1012 3076 populus
1037 3000 1246 3070 fidelis,
1279 3006 1511 3074 tempus
1552 3000 1799 3056 faciendi
1834 3018 1847 3056 :
1881 3001 1990 3058 hoc

338 3104 426 3155 est
456 3102 522 3153 ut
552 3095 772 3152 mundo
827 3110 1132 3166 apparens,
1164 3096 1403 3164 peccata
1451 3090 1756 3156 dissolvas,
1793 3091 1987 3163 ipsum

338 3185 637 3244 diabolum
656 3189 1012 3258 prosternas.
1028 3180 1449 3237 Additeausam
1468 3179 1711 3234 faciendi
1727 3181 1878 3252 quod
1897 3197 1989 3252 pe-

336 3277 486 3332 tivit.
517 3275 662 3340 Quia
683 3273 1119 3345 dissipaverunt
1148 3269 1330 3324 Judaei
1367 3269 1576 3340 legem,
1598 3268 1985 3341 quamilleeis

337 3363 747 3421 inviolabiliter
773 3360 1064 3417 custodire
1092 3356 1383 3432 praecepit.
1417 3357 1715 3430 Dissipare
1735 3358 1984 3414 enimle—

337 3472 492 3529 gem,
524 3458 614 3509 est
644 3451 812 3508 aliter
835 3451 1022 3506 vivere
1055 3465 1232 3522 quam
1263 3447 1353 3503 lex
1384 3447 1662 3520 praecipit,
1696 3451 1752 3504 et
1800 3450 1986 3505 facere

336 3545 490 3618 quod
523 3542 612 3597 lex
643 3542 903 3597 damnat.

336 3653 437 3708 127
482 3651 612 3706 Ideo
640 3647 820 3704 dilexi
848 3646 1124 3702 mandata
1153 3653 1254 3701 tua
1286 3662 1304 3698 :

471 3743 662 3810 Super
689 3753 904 3794 aurum
929 3743 981 3792 el
999 3736 1292 3806 topazion.

405 3830 449 3885 ll
477 3829 638 3886 Sicut
659 3828 814 3884 enim
846 3844 1053 3883 aurum
1079 3829 1423 3881 cunctorum
1458 3821 1828 3880 metallorum
1861 3839 1983 3895 pre-

332 3920 480 3976 tium
513 3915 908 3992 przecellit,ita
936 3915 1200 3987 topazius
1227 3913 1513 3986 (omnium
1540 3929 1888 3985 gemmarum
1923 3912 1982 3969 in

331 4027 393 4065 se
425 4009 648 4064 habens
674 4005 1164 4081 pulchritudines)
1201 4002 1464 4060 omnium
1491 4001 1672 4059 vincit
1707 4001 1981 4072 honores,

329 4099 458 4154 ideo
491 4097 778 4170 Propheta
798 4112 976 4168 super
1004 4093 1334 4150 omniahaec
1350 4093 1627 4148 mandata
1649 4091 1978 4148 Deidilexit:

329 4187 538 4261 quiain
561 4187 654 4242 his
677 4186 990 4242 adventum
1014 4181 1266 4250 Domini,
1282 4181 1382 4254 qui
1407 4181 1696 4237 mundum
1711 4180 1978 4251 redemit,

327 4277 665 4332 nuntiatum
697 4273 936 4330 invenit.

331 4386 433 4442 128
469 4385 790 4454 Propterea
817 4380 894 4438 ad
921 4381 1121 4436 omnia
1139 4378 1419 4436 mandata
1448 4387 1550 4435 tua
1579 4377 1878 4450 dirigebar
1908 4395 1922 4436 :

471 4475 709 4534 Omnem
734 4473 889 4527 viam
914 4471 1170 4544 iniquam
1191 4469 1324 4526 odio
1353 4469 1550 4526 habui.

399 4562 440 4618 Ο
469 4560 574 4626 Qui
600 4560 786 4635 legem
817 4560 919 4616 Dei
951 4557 1232 4629 diligebat
1270 4571 1446 4628 super
1492 4572 1704 4610 aurum
1735 4559 1792 4612 et
1819 4573 1980 4629 gem-

329 4668 479 4717 mas,
507 4668 741 4707 necesse
774 4648 884 4703 fuit
917 4651 982 4700 ut
1003 4642 1983 4714 adomniamandataejusdirectus

329 4743 635 4814 appareret
669 4755 680 4793 :
716 4742 773 4793 et
793 4749 1118 4805 congruum
1153 4731 1263 4788 fuit
1282 4737 1346 4786 ut
1375 4730 1596 4788 odisset
1616 4750 1848 4792 omnem
1880 4737 1987 4798 ini.
2016 4699 2064 4767 Β

329 4845 508 4902 quam
541 4828 712 4892 viam,
745 4823 844 4896 qui
871 4820 1085 4877 meruit
1114 4838 1309 4878 amare
1340 4821 1750 4880 rectissimam.
1777 4825 1984 4899 Iniqua

329 4917 486 4972 enim
528 4915 617 4968 via
662 4919 770 4980 est,
805 4928 930 4982 quae
983 4927 1088 4964 nos
1121 4910 1280 4964 ducit
1313 4911 1382 4965 ad
1433 4911 1574 4966 vitia
1606 4929 1618 4966 :
1653 4919 1828 4982 recta,
1854 4933 1982 4988 quae

330 5007 402 5060 ad
431 5002 680 5060 salutem
713 4998 895 5056 trahit.
921 5004 978 5056 et
1003 4999 1266 5068 virtutes,
1299 4998 1844 5076 indulgentiamque
1874 5005 1983 5060 tri-

329 5093 460 5148 buit
491 5095 548 5146 et
579 5089 852 5147 salutem.

473 5212 866 5254 ARGUMENTUM
905 5215 1274 5262 SEQUENTIUM
1313 5215 1452 5256 OCTO
1491 5215 1774 5258 VERSUUM.

404 5302 448 5356 B
470 5303 719 5361 Sanctus
746 5303 999 5380 populus
1029 5307 1240 5364 asserit
1271 5323 1332 5362 se
1364 5307 1662 5379 aperuisse
1684 5324 1749 5364 os
1778 5324 1976 5376 suum,

2275 666 2412 721 Ideo
2436 675 2708 723 scrutata
2738 675 2824 722 est
2851 684 2922 723 ea
2949 668 3158 724 anima
3185 684 3339 724 mea.

2198 754 2240 809 C
2269 754 2689 812 Diffinitionem
2721 756 3194 812 testimoniorum
3242 774 3360 813 uno
3405 757 3586 813 verbo
3633 774 3783 814 com-

2126 841 2332 914 plexus
2363 848 2470 913 est,
2502 844 2702 900 dicens
2735 843 3048 901 mirabilia.
3082 844 3375 902 Mirabilia
3404 845 3780 920 planezquo-

2126 931 2285 988 niam
2320 951 2422 1006 per
2449 950 2517 989 ea
2547 933 2799 990 ccelestis
2828 934 3015 991 virtus
3040 934 3380 992 hominibus
3409 935 3663 991 terrenis
3693 935 3781 990 in-

2125 1021 2356 1078 notuit:
2399 1026 2455 1078 et
2503 1039 2678 1078 nosse
2722 1023 3008 1079 dederunt
3065 1023 3342 1096 parvulis,
3383 1024 3543 1080 unde
3586 1024 3780 1098 angeli

2123 1110 2292 1167 beata
2322 1111 2702 1167 delectatione
2725 1111 3113 1185 complentur.
3129 1116 3260 1169 Hazc
3281 1115 3777 1186 semperscrutari

2121 1198 2276 1268 licet,
2309 1205 2367 1256 et
2397 1201 2638 1256 assidua
2687 1201 3065 1258 meditatione
3111 1202 3370 1276 perquiri
3405 1220 3418 1259 :
3452 1219 3567 1258 non
3627 1201 3775 1258 illud

2120 1289 2312 1344 timeri
2345 1291 2500 1362 quod
2533 1289 2672 1346 dicit
2705 1308 2718 1345 :
2751 1288 2972 1346 Altiora
3002 1295 3059 1347 te
3105 1308 3180 1347 ne
3211 1291 3535 1364 quaesieris,
3568 1296 3628 1347 et
3660 1293 3776 1348 for-

2118 1379 2266 1432 tiora
2315 1383 2370 1434 te
2419 1395 2491 1434 ne
2540 1381 2838 1434 scrutatus
2888 1378 3068 1436 fueris
3120 1381 3322 1452 (Eccle.
3373 1380 3513 1451 in):
3563 1379 3776 1438 altiora

2117 1467 2272 1522 enim
2305 1467 2418 1524 dici
2440 1485 2553 1523 non
2573 1472 2984 1541 possunt,qua:
3008 1471 3073 1524 ut
3090 1469 3775 1542 perquirerenturedicta

2115 1562 2275 1612 sunt.

2119 1645 2218 1702 l30
2254 1647 2578 1704 Declaratio
2605 1641 2937 1704 sermonum
2972 1656 3207 1705 tuorum
3240 1649 3536 1706 illuminat
3568 1666 3581 1704 :

2257 1741 2324 1792 Et
2347 1737 2699 1793 intellectum
2722 1737 2822 1794 dat
2849 1739 3131 1810 parvulis.

2182 1825 2223 1881 C
2252 1826 2564 1882 Sermones
2594 1827 2693 1882 Dei
2719 1833 2885 1883 suat:
2907 1829 3363 1900 quosjustorum
3397 1828 3769 1902 prophetan't

2111 1916 2446 1982 auctoritas,
2482 1920 2545 1970 ut
2574 1919 2662 1970 est
2698 1917 2884 1972 :Ecce
2935 1915 3096 1989 virgo
3138 1917 3420 1990 concipiet
3446 1920 3610 1986 (Isai.
3643 1919 3762 1992 γυ).

2108 2005 2176 2060 Et
2200 2004 2336 2060 alibi
2365 2022 2378 2060 :
2408 2004 2638 2060 Videbit
2669 2005 2863 2060 omnis
2894 2021 3028 2061 caro
3063 2004 3318 2062 salutare
3348 2006 3448 2062 Dei
3476 2008 3764 2079 (Παιδίῳ.

2109 2094 2258 2149 Istos
2291 2110 2591 2149 sermones
2635 2093 2948 2150 declaravit
2998 2092 3425 2152 illuminatione
3474 2097 3760 2154 adventus

2107 2183 2200 2238 sui
2234 2201 2246 2238 :
2280 2183 2416 2255 quia
2441 2199 2547 2253 per
2577 2183 2768 2253 ipsum
2797 2183 3106 2254 manifesta
3132 2184 3291 2256 facta
3319 2194 3474 2253 sunt,
3504 2201 3636 2258 quae
3667 2203 3758 2242 sa-

2106 2273 2221 2328 cris
2244 2271 2453 2328 litteris
2471 2273 2822 2328 tenebantur
2834 2272 3194 2329 abscondita.
3214 2273 3437 2329 Parvuli
3458 2279 3618 2343 sunt,
3641 2291 3754 2332 non

2106 2366 2274 2417 aetate
2307 2361 2446 2417 dicti
2507 2361 2605 2416 sed
2649 2361 2720 2417 de
2767 2360 3144 2435 simplicitate
3175 2367 3231 2418 et
3261 2361 3592 2420 humilitate
3623 2381 3757 2422 con-

2105 2451 2380 2508 scientiae.

2103 2542 2197 2598 131
2245 2543 2320 2600 0s
2347 2556 2537 2596 meum
2565 2540 2778 2609 aperui
2805 2549 2861 2596 et
2882 2541 3111 2598 attraxi
3131 2541 3407 2610 spiritum
3437 2560 3456 2597 :

2243 2631 2392 2701 Quia
2421 2631 2706 2687 mandata
2731 2638 2838 2687 tua
2869 2631 3286 2687 desiderabam.

2171 2722 2212 2775 Ο
2243 2720 2319 2776 Os
2351 2719 2508 2775 enim
2541 2719 2682 2774 dicit
2713 2720 2928 2775 mentis
2956 2719 3260 2776 introitum
3287 2737 3300 2776 :
3334 2720 3434 2792 qui
3468 2727 3604 2777 tunc
3623 2740 3751 2796 ape.

2100 2809 2522 2882 ritur,quando
2551 2807 2774 2881 aliquid
2805 2809 3028 2865 discere
3059 2826 3354 2866 curamus.
3372 2811 3752 2886 Attrahitspi-

2099 2898 2373 2965 ritum,id
2403 2902 2493 2954 est
2521 2898 2795 2954 virtutem
2823 2897 3288 2970 faciendi,quam
3310 2915 3485 2972 perse
3515 2917 3631 2956 non
3649 2918 3749 2974 po-

2100 2992 2249 3044 terat
2300 2986 2566 3060 adipisci.
2620 2985 2950 3042 Attrahitur
2999 2986 3159 3043 enim
3219 2988 3481 3062 spiritus,
3511 2991 3747 3061 quando

2097 3093 2268 3132 mens
2291 3075 2576 3133 salutaris
2589 3074 2860 3131 desiderii
2883 3075 3212 3148 completur
3231 3076 3460 3142 affectu,
3477 3077 3747 3152 etincipit

2097 3167 2265 3221 ﬁrma
2299 3169 2495 3221 mente
2522 3162 2668 3220 velle
2699 3164 2856 3237 quod
2888 3169 3020 3221 ante
3064 3164 3360 3238 appetivit.
3395 3167 3539 3233 Quia
3577 3185 3748 3224 man-

2096 3257 2232 3312 data
2261 3261 2390 3311 tua:
2416 3255 2684 3310 ardorem
2716 3254 3013 3327 siquidem
3042 3255 3454 3312 mandatorum
3471 3256 3748 3315 habuisse

2097 3362 2159 3400 se
2193 3344 2407 3411 innuit,
2439 3343 2569 3400 ideo
2617 3343 2774 3399 enim
2807 3343 3036 3416 aperuit
3080 3360 3166 3414 os,
3210 3344 3348 3417 quia
3379 3344 3745 3404 desiderabat

2096 3435 2392 3491 mandata.

2095 3525 2198 3581 432
2236 3523 2430 3594 Aspice
2460 3525 2520 3579 in
2548 3539 2640 3580 me
2659 3531 2716 3579 et
2743 3523 3024 3580 miserere
3050 3523 3205 3580 mei:

2233 3614 2558 3670 Secundum
2578 3611 2870 3684 judicium
2897 3613 3256 3683 diligentiam
3285 3629 3490 3670 nomen
3519 3623 3708 3672 tuum.

2165 3702 2205 3758 C
2227 3703 2583 3775 Frequenter
2620 3701 2905 3757 Dominus
2937 3701 3146 3774 aspicit
3169 3700 3373 3770 iratus,
3401 3708 3464 3758 ut
3493 3704 3698 3776 perdat
3728 3723 3743 3761 :

2093 3792 2248 3848 sicut
2275 3793 2610 3848 Sodomam.
2644 3790 2867 3862 Aspicit
2895 3790 3069 3846 etiam
3103 3791 3417 3864 propitius:
3445 3797 3506 3847 ut
3536 3793 3596 3848 in
3623 3810 3748 3850 mu-

2095 3881 2334 3937 neribus
2356 3879 2490 3937 fecit
2514 3878 2677 3936 Abel.
2706 3880 2775 3934 Et
2801 3879 2930 3934 ideo
2969 3895 3041 3935 ne
3073 3880 3131 3935 in
3164 3884 3386 3952 partem
3417 3881 3746 3955 suscipere-

2093 3977 2188 4028 tur
2217 3971 2522 4027 adversam
2550 3987 2563 4026 :
2597 3969 2887 4041 adjunxit,
2908 3973 2966 4024 et
2995 3969 3269 4026 miserere
3301 3969 3743 4028 mei.Judicium

2091 4059 2308 4133 quippe
2341 4057 2441 4115 Dei
2471 4062 2588 4115 est:
2607 4062 2670 4114 ut
2691 4074 2902 4113 nomen
2920 4075 3095 4114 suum
3123 4057 3509 4130 diligentibus
3530 4058 3746 4133 largia-

2089 4154 2186 4205 tur
2221 4147 2502 4206 auxilium
2537 4146 2971 4203 misericordiae.
2999 4147 3111 4215 Sic,
3137 4151 3193 4203 et
3224 4148 3548 4204 secundum
3596 4148 3743 4204 illud

2083 4238 2402 4312 judicium,
2435 4236 2546 4295 sibi
2581 4236 2728 4310 petit
2759 4235 3046 4293 misereri.

2093 4330 2197 4385 133
2237 4330 2475 4386 Gressus
2504 4342 2663 4382 meos
2684 4325 2874 4397 dirige
2900 4325 3216 4384 secundum
3240 4328 3528 4399 eloquium
3558 4337 3744 4385 tuum:

2234 4422 2304 4474 Et
2333 4432 2446 4473 non
2475 4413 2810 4473 dominetur
2837 4416 2958 4471 mei
2983 4416 3168 4472 omnis
3197 4415 3502 4488 injustitia.

2161 4507 2203 4563 C
2227 4507 2478 4562 Gressus
2509 4503 2802 4578 signiﬁcat
2831 4507 3026 4559 motus
3057 4503 3448 4565 animmmam
3477 4505 3630 4561 sicut
3646 4523 3746 4580 per

2091 4613 2332 4670 gressus
2363 4594 2622 4666 corporis
2653 4594 2724 4649 de
2755 4591 2879 4648 loco
2901 4593 2973 4649 ad
3004 4593 3195 4649 locum
3220 4593 3652 4664 transferimur,
3667 4597 3745 4652 ita

2094 4692 2153 4742 et
2183 4686 2243 4740 in
2264 4683 2774 4756 illis,qulbusdam
2805 4683 3238 4754 passibus,sive
3258 4683 3330 4740 ad
3353 4681 3747 4751 meliora,sive

2100 4776 2170 4830 ad
2202 4775 2402 4847 pejora
2433 4772 2864 4846 progredimur.
2896 4772 3228 4828 Secundum
3260 4771 3556 4846 eloquium
3577 4773 3750 4846 :petit

2091 4880 2214 4920 sese
2243 4867 2447 4918 sancta
2478 4861 2687 4917 cohors
2709 4859 2883 4934 dirigi
2909 4860 2991 4931 (id
3023 4865 3132 4928 est,
3158 4861 3482 4918 secundum
3507 4863 3751 4933 jussaet

2094 4951 2400 5025 praecepta)
2435 4949 2648 5022 quibus
2681 4949 3004 5004 observatis
3034 4949 3201 5017 lit,ut
3221 4949 3386 5008 nulla
3415 4948 3498 5004 illi
3520 4949 3749 5022 injusti-

2093 5040 2175 5098 tia
2203 5038 2496 5096 dominari
2528 5038 2835 5111 potuisset.
2872 5038 2942 5093 Et
2971 5038 3100 5094 vide
3126 5055 3304 5111 quam
3337 5042 3502 5094 caute
3545 5044 3704 5111 petat
3731 5059 3744 5096 :

2093 5147 2210 5188 non
2242 5129 2400 5186 enim
2433 5128 2596 5201 petit,
2622 5132 2687 5184 ut
2716 5145 2751 5183 a
2780 5126 2944 5182 nulla
2974 5125 3284 5200 iniquitate
3312 5126 3749 5204 pulsetur,quia

2093 5220 2203 5277 hoc
2245 5217 2546 5276 communi
2578 5217 2704 5291 lege
2752 5216 2844 5272 hic
2887 5215 3015 5271 fieri
3047 5232 3162 5271 non
3195 5219 3422 5289 potest:
3456 5215 3582 5272 fieri
3611 5234 3744 5274 vero

2089 5313 2282 5382 potest
2330 5311 2396 5364 ut
2432 5323 2550 5364 non
2581 5307 2939 5374 dominetur,
2973 5321 3089 5362 non
3144 5303 3338 5362 solum
3389 5303 3608 5379 aliqua,
3639 5307 3743 5364 sed

333 5391 639 5451 attraxisse
687 5395 982 5469 spiritum,
1015 5399 1080 5449 ut
1107 5396 1235 5466 ejus
1267 5396 1538 5452 audiatur
1595 5396 1800 5452 oratio.
1825 5397 1888 5468 (Ο
1911 5397 1982 5452 Et
2089 5399 2282 5454 omnis
2313 5396 2616 5469 iniquitas.

332 5478 462 5534 ideo
493 5479 687 5539 littera
714 5482 1062 5540 vocabulum
1079 5482 1197 5539 oris
1225 5484 1541 5557 accepit)in
1563 5501 1681 5557 qua
1701 5485 1980 5558 parvulus

333 5567 580 5642 quisque
613 5577 668 5628 et
695 5571 942 5629 humilis
975 5569 1280 5626 introitum
1301 5573 1492 5628 cordis
1513 5575 1718 5646 aperit,
1737 5589 1792 5632 et
1814 5573 1981 5648 spiri-

329 5660 458 5714 tum
488 5658 696 5735 divina:
719 5660 1020 5720 charitatis
1042 5663 1097 5714 et
1128 5657 1361 5730 pictatis
1390 5659 1642 5717 imbibit.

615 5752 662 5813 Η
693 5753 736 5812 Β
760 5750 901 5824 Phe,
934 5766 998 5811 os
1031 5748 1102 5808 ab
1123 5763 1221 5806 ore
1237 5763 1353 5808 non
1385 5751 1456 5807 ab
1489 5766 1640 5810 osse.

2092 5488 2194 5543 134
2226 5485 2456 5544 Redime
2485 5502 2578 5542 me
2601 5503 2639 5542 a
2667 5484 2976 5543 calumniis
3003 5483 3297 5542 hominum
3329 5502 3348 5540 :

2231 5583 2301 5635 Et
2321 5577 2643 5636 custodiam
2665 5575 2948 5632 mandata
2979 5583 3100 5632 tua.

2161 5665 2201 5722 C
2232 5665 2549 5724 Calumniae
2577 5671 2716 5730 sunt
2745 5663 3052 5720 hominum
3087 5667 3288 5720 contra
3317 5662 3598 5719 honorem
3645 5679 3742 5722 ve-

2091 5755 2282 5816 ritatis
2304 5756 2730 5828 controversiae,
2761 5752 2850 5812 vel
2868 5754 3088 5832 μανείη
3111 5750 3402 5829 requisitas
3419 5766 3598 5831 :quas
3617 5768 3738 5815 mo-
