3878 6468
136 414 261 479 453
1396 415 1808 479 EXPOSITIO
1851 415 2363 481 PSALMO‘RUM.

140 549 257 603 rite
295 548 528 606 cohors
546 550 1236 623 sanctaprecabaturase
1254 550 1491 617 auferri,
1516 555 1596 619 ut,
1618 551 1827 606 amotis
1856 552 1911 616 Α
1948 550 2046 605 139
2092 552 2371 606 Tabescere
2400 568 2487 606 nec
2515 553 2644 622 feeit
2674 551 2823 606 λ-ιΙιιδ
2853 568 3035 607 meus:

140 636 657 707 adversitatibus,
690 638 970 693 mandata
998 637 1098 693 Dei
1148 642 1346 709 posset
1391 637 1684 712 indagare.
1730 639 1827 695 Est
2077 641 2225 711 Quia
2255 639 2414 695 obliti
2440 648 2568 696 sunt
2598 641 2758 695 verba
2791 645 2882 696 tua
2906 642 3124 696 inimici
3150 646 3276 698 mei.

139 725 307 781 enim
341 724 665 782 calumnia
685 729 1084 782 commentum
1115 725 1351 798 aliquod
1375 724 1707 799 periculosae
1728 725 1827 781 fal-
2002 728 2043 782 Ο
2072 727 2259 782 Tabes
2289 731 2377 783 est
2406 726 2658 798 alicujus
2690 729 2877 783 morbi
2906 732 3198 785 contracta
3224 733 3567 790 necessitas:

140 813 348 869 sitatis
363 812 679 884 objectum
705 813 891 885 :quod
905 812 1072 869 bonis
1090 828 1321 886 semper
1345 814 1685 870 hominibus
1702 818 1825 870 stu-
1934 828 2060 883 qua:
2092 830 2199 869 nos
2231 814 2369 869 facit
2396 813 2675 886 paulatim
2695 814 2967 883 defluere,
2992 816 3132 871 dum
3156 820 3412 890 corporis
3435 821 3570 876 soli-

139 902 239 958 dio
304 901 731 974 perversitatis
790 901 1082 973 objicitur,
1145 906 1210 957 ut
1268 906 1424 958 recta
1471 903 1827 960 conscientia
1932 900 2170 956 ditatem
2192 902 2682 973 consumitzquod
2714 904 2821 958 sibi
2842 905 3121 960 accidisse
3153 911 3416 975 testatur,
3439 926 3572 965 cum

138 994 346 1046 actum
388 990 469 1046 ab
505 989 614 1057 eis,
649 989 983 1046 decolorarc
1015 994 1311 1058 conantes,
1344 990 1642 1046 criminari
1671 991 1823 1048 vale-
1932 1005 2046 1043 non
2081 988 2412 1061 patiebatur
2436 991 2789 1062 perﬁdorum
2811 991 3572 1070 lacerationeviolarilegem

142 1083 269 1136 ant.
304 1076 420 1134 Vel
456 1077 721 1135 brevius.
755 1078 802 1133 H
831 1080 877 1133 A
906 1077 1211 1134 Calumnia
1252 1083 1340 1134 est
1370 1077 1517 1135 falsa
1561 1078 1825 1135 criminis
1932 1076 2185 1142 Domini,
2220 1078 2288 1132 Et
2318 1078 2410 1133 hic
2441 1077 2598 1134 zelus
2630 1083 2716 1134 est
2732 1080 2940 1135 bonus.
2967 1082 3283 1153 Qandoque
3313 1084 3488 1140 etiam
3513 1086 3573 1140 in

142 1166 432 1237 objectio.
1933 1164 2087 1220 malo
2117 1166 2374 1236 ponitur,
2408 1171 2473 1221 ut
2506 1167 2619 1222 ibi:
2655 1167 2824 1223 Zelus
2843 1169 3189 1226 etindividia
3219 1173 3578 1230 comeditdo-

146 1256 253 1312 135
289 1255 538 1311 Faciem
566 1257 723 1310 tuam
756 1254 1017 1311 illumina
1044 1272 1209 1328 super
1234 1272 1449 1311 servum
1473 1264 1661 1312 tuum:
1934 1270 2094 1308 mum
2124 1253 2321 1309 Jacob.

290 1345 360 1399 Et
391 1342 536 1399 doce
566 1360 657 1400 me
675 1343 1108 1415 iustiﬁcationes
1138 1351 1276 1400 tuas.
1934 1342 2037 1397 140
2074 1342 2315 1410 Ignitum
2344 1344 2618 1415 eloquium
2651 1348 2805 1400 tuum
2836 1346 3203 1403 vehementer:

218 1432 263 1489 C
294 1432 625 1489 Desiderat
655 1436 864 1487 sancta
906 1432 1116 1489 cohors
1148 1432 1461 1489 Salvatoris
1509 1434 1822 1489 adventum
2073 1432 2137 1485 Et
2163 1447 2348 1487 servus
2378 1436 2506 1486 tuus
2535 1432 2733 1488 dilexit
2761 1434 2919 1489 illud.

146 1522 323 1593 cuius
354 1520 518 1594 facie
545 1519 885 1575 illuminata
904 1524 1044 1576 sunt
1071 1521 1377 1576 tenebrosa
1392 1524 1827 1593 peccata,etqui
2003 1520 2042 1571 C
2072 1517 2323 1591 Ignitum
2383 1523 2471 1574 est
2528 1520 2823 1591 eloquium
2883 1522 3141 1578 Domini:
3202 1527 3337 1597 quia
3374 1535 3578 1597 purgat

146 1612 320 1666 vitam
347 1608 593 1665 confert
624 1608 875 1665 mortuis
904 1612 960 1664 et
986 1608 1313 1665 certissima
1341 1610 1597 1665 remedia
1626 1611 1826 1681 despe—
1934 1615 2267 1671 mortalium
2319 1618 2512 1681 corda,
2563 1618 2861 1673 mundana
2894 1620 3013 1675 fece
3060 1622 3357 1678 sordentia
3402 1624 3571 1681 vehe-

150 1698 314 1754 ratis.
349 1696 459 1753 Vel
493 1695 583 1752 ita
614 1695 908 1761 illumina,
937 1695 1406 1753 utilluminatam
1422 1697 1624 1753 faciem
1639 1701 1822 1765 tuam,
1934 1706 2177 1757 menter.
2206 1704 2273 1758 Et
2306 1708 2369 1759 ut
2400 1704 2507 1759 hoc
2566 1722 2681 1760 non
2712 1706 2785 1760 ad
2838 1711 3083 1763 mortem
3136 1710 3419 1778 crederes,
3474 1714 3573 1768 sed

150 1802 268 1843 non
294 1784 567 1842 velatam
591 1785 928 1857 conspicere
951 1784 1425 1858 possim.Legem
1444 1786 1599 1851 enim
1630 1786 1824 1858 Moyse
1933 1791 2004 1845 ad
2037 1790 2309 1858 salutem,
2343 1792 2591 1847 addidit.
2626 1794 2692 1847 Et
2734 1810 2935 1850 servus
2984 1799 3123 1852 tuus
3169 1798 3371 1855 dilexit
3398 1799 3571 1857 illud:

154 1876 397 1940 ferente,
432 1873 498 1929 in
532 1872 746 1929 faciem
778 1871 1118 1975 ejusdudzpi
1151 1873 1484 1975 conspicere
1516 1890 1631 1975 non
1665 1878 1821 1946 pote-
1858 1911 1904 1975 Β
1934 1880 2134 1951 utique
2159 1879 2435 1951 diligebat
2467 1881 2617 1951 quod
2652 1880 2826 1936 vitam
2860 1884 3120 1940 conferre
3145 1891 3380 1942 noverat
3400 1893 3457 1942 et
3478 1887 3577 1944 ho-

155 1969 286 2020 rant
318 1961 523 2034 (Exod.
561 1962 795 2031 xxxxv):
830 1960 968 2032 quia
998 1959 1203 2017 velatis
1224 1960 1410 2034 legem
1428 1962 1700 2017 cordibus
1722 1980 1827 2018 au-
1861 1959 1904 1975 “’
1938 1984 2157 2033 norem,
2193 1984 2303 2022 non
2339 1969 2491 2039 quod
2526 1973 2767 2024 mortem
2797 1970 3043 2026 all‘erret.
3075 1976 3114 2027 C
3145 1973 3212 2028 Et
3260 1975 3411 2030 sicut
3454 1976 3576 2031 elo-

158 2052 423 2108 dicbant.
457 2048 684 2106 Vultus
714 2049 871 2105 enim
898 2050 1080 2121 Moysi
1102 2049 1295 2122 fulgor
1309 2055 1432 2107 erat
1458 2050 1622 2123 legis:
1652 2067 1826 2123 quem
1936 2056 2139 2127 quium
2172 2062 2588 2128 praeceptorum
2620 2063 2855 2127 peccata
2885 2061 3207 2117 consumit:
3243 2062 3322 2117 ita
3340 2080 3580 2136 peccan-

3414 405 3421 411 ’
3452 426 3576 487 454

159 2141 299 2212 quia
328 2139 528 2196 Judaei
562 2138 1033 2211 conspicerenon
1058 2138 1351 2206 valebant,
1366 2138 1825 2194 velabatvultum

160 2238 216 2283 et
250 2228 331 2284 ita
363 2225 670 2301 respicere
700 2225 1029 2282 valuerunt.
1065 2224 1213 2282 Illud
1262 2225 1455 2282 velum
1503 2228 1695 2283 cordis
1733 2227 1827 2282 hic

168 2316 386 2373 auferri
421 2315 596 2388 petit,
625 2318 690 2370 ut
720 2313 937 2370 claram
976 2313 1121 2386 legis
1169 2313 1468 2371 veritatem
1517 2332 1828 2387 agnoscere

163 2404 371 2478 possit.

164 2496 266 2550 136
303 2495 512 2551 Exitus
542 2509 821 2565 aquarum
845 2491 1192 2548 deduxerunt
1219 2493 1366 2547 oeuli
1394 2494 1504 2547 mei
1514 2511 1535 2547 .-

305 2585 469 2656 Quia
500 2598 619 2637 non
645 2581 1021 2636 custodierunt
1052 2581 1221 2649 legem
1252 2589 1425 2636 tuam.

233 2671 276 2727 Ο
307 2671 516 2727 Exitus
550 2685 876 2742 aquarum:
911 2668 1203 2741 signiﬁcat
1224 2669 1509 2742 lacrymas
1539 2670 1825 2742 cepiosas:

170 2778 316 2832 quas
339 2765 483 2816 tunc
500 2756 947 2831 profundimus,
967 2749 1201 2828 quando
1214 2763 1579 2828 peccatorum
1604 2765 1828 2814 nostro-

172 2865 300 2904 rum
333 2844 751 2904 recordatione
783 2845 1139 2900 mordemur.
1174 2846 1320 2900 Nam
1344 2844 1391 2901 si
1418 2847 1696 2902 mandata
1724 2847 1832 2903 Do-

176 2936 317 2993 mini
348 2933 819 3000 custodiremus,
837 2931 1092 2988 laztitiam
1115 2932 1315 3005 utique
1328 2933 1696 3003 haberemus,
1718 2953 1831 2991 non

1935 2148 2072 2212 tem,
2106 2143 2154 2198 si
2188 2149 2578 2212 convertatur,
2611 2145 2923 2203 illuminat.

1938 2233 2035 2287 141
2087 2231 2526 2288 ,ιιιίοιεδεεηιιιιυδ
2554 2250 2674 2288 sum
2705 2250 2799 2304 ego
2822 2243 2875 2290 et
2901 2241 3266 2309 contmnptus:

2074 2323 2501 2391 Justi/ieutiones
2531 2330 2652 2376 tuas
2682 2339 2787 2377 non
2820 2340 2939 2378 sum
2972 2327 3192 2381 oblitus.

2008 2408 2053 2463 II
2088 2409 2197 2463 lste
2228 2407 2553 2464 versiculus
2585 2410 2653 2464 ad
2688 2410 2967 2482 pepulum
3002 2412 3391 2471 Christianum
3427 2418 3576 2474 refe-

1937 2498 2153 2552 rendus
2184 2501 2298 2552 est:
2332 2497 2432 2568 qui
2451 2496 2615 2568 prius
2635 2504 3023 2571 contemptus,
3040 2506 3096 2556 et
3112 2503 3182 2559 de
3198 2504 3371 2559 domo
3387 2507 3575 2577 patris

1936 2587 2177 2655 ejectus,
2225 2586 2485 2641 recolens
2519 2586 2973 2657 justiﬁcationes
3005 2590 3127 2659 Dei,
3187 2593 3578 2665 primogenita

1939 2673 2149 2745 prioris
2180 2673 2488 2744 accipiens,
2523 2674 2682 2745 prior
2712 2675 2949 2731 ell‘ectus
2981 2683 3087 2732 est.

1941 2763 2042 2816 142
2077 2763 2303 2818 Iustitia
2331 2769 2420 2816 tua
2444 2762 2665 2833 justitia
2698 2764 2753 2818 in
2785 2773 3088 2821 aeternum:

2080 2852 2146 2904 Et
2178 2850 2267 2904 lex
2298 2857 2391 2905 tua
2422 2850 2640 2905 veritas.

2013 2938 2054 2992 B
2084 2937 2185 2992 Ilic
2217 2953 2417 2992 versus
2450 2937 2744 3008 justitiam
2794 2940 3022 2996 Domini
3056 2946 3113 2997 et
3159 2943 3345 3016 legem
3373 2947 3444 3003 ab
3476 2948 3579 3003 ho-

178 3026 444 3081 ardorem
476 3021 856 3097 plorationis.
890 3021 959 3076 Et
987 3021 1137 3089 vide,
1168 3021 1307 3093 quia
1335 3038 1439 3094 per
1467 3022 1665 3078 oculos
1695 3023 1836 3078 dicit
1941 3024 2164 3081 minum
2183 3025 2419 3097 justitia
2448 3029 2505 3080 et
2529 3025 2963 3099 legediscernit.
2984 3029 3297 3088 Hominum
3316 3035 3581 3108 enimju-

180 3113 651 3171 satisfactionem
681 3110 944 3178 venisse;
978 3126 1079 3182 per
1108 3127 1256 3182 quos
1288 3110 1618 3182 frequenter
1646 3110 1834 3167 illece—
1943 3113 2102 3171 stitia
2133 3112 2607 3186 (quantacunque
2649 3115 2747 3184 sit)
2795 3118 3132 3189 temporalis
3182 3126 3289 3178 est.
3340 3122 3582 3181 Justitia

181 3202 311 3259 bras
340 3202 528 3274 hujus
560 3197 766 3257 szeculi
797 3197 1178 3254 attrahimus:
1211 3203 1273 3254 ut
1302 3199 1509 3255 merito
1559 3216 1661 3272 per
1705 3199 1835 3257 illos
1871 3268 1907 3281 Α
1943 3206 2136 3258 autem
2171 3202 2269 3257 Dei
2304 3202 2359 3256 in
2392 3206 2671 3258 aeternum
2706 3208 2933 3260 manet:
2969 3206 3107 3279 quia
3149 3210 3419 3281 quisquis
3450 3228 3576 3267 eam

178 3290 347 3364 culpa
375 3268 729 3354 ninndetur,
762 3303 866 3358 per
894 3303 1041 3359 quos
1071 3291 1130 3342 et
1166 3302 1438 3344 excessus
1486 3268 1830 3344 admittitur.
1864 3268 1908 3336 (ἶ
1944 3290 2519 3346 custodieritmterna
2555 3291 2821 3348 felicitate
2837 3268 3131 3365 gaudebit.
3166 3268 3250 3352 ita
3278 3268 3333 3353 e‘t
3363 3298 3433 3354 de
3456 3298 3582 3373 lege

331 3393 753 3435 succursurum
794 3392 1156 3439 ssousmwm
1196 3392 1334 3432 oc'ro
1382 3393 1669 3434 vsasueu.
1942 3378 2334 3443 sentiendum,
2366 3378 2701 3451 quicunque
2730 3397 2858 3435 eam
2912 3380 3231 3455 intelligere
3280 3388 3577 3455 meruerit,

246 3470 285 3523 C
314 3468 356 3523 B
384 3466 613 3523 Cohors
646 3468 1009 3533 sanctorum,
1040 3465 1233 3521 carnis
1264 3482 1380 3521 suae
1396 3464 1830 3537 triumphatrix,

181 3557 508 3612 secundum
542 3554 730 3625 hujus
752 3550 957 3608 litteris
1004 3570 1213 3609 nomen
1259 3553 1553 3624 justitiam
1602 3554 1831 3610 Domini

180 3646 519 3701 conﬁtetur:
554 3649 616 3700 et
647 3640 883 3714 eloquia
912 3642 1042 3713 ejus
1074 3641 1278 3714 ignita,
1300 3642 1577 3698 continua
1603 3660 1664 3699 se
1694 3642 1834 3698 dicit

180 3732 486 3792 dilectione
516 3729 811 3788 venerari.

716 3818 764 3874 ΙΙ
794 3821 833 3873 C
867 3818 1037 3885 Sade,
1062 3819 1318 3889 justitia.

185 3910 278 3964 137
314 3911 503 3966 Justus
533 3925 614 3977 es,
648 3907 875 3963 Domine
896 3911 922 3961 Ρ

317 4008 383 4064 Et
411 4016 623 4063 rectum
646 4004 929 4077 judicium
953 4008 1128 4061 tuum.

250 4099 288 4150 C
313 4096 527 4152 Justus
555 4111 644 4159 es,
680 4094 957 4150 Domine:
993 4095 1093 4167 qui
1116 4095 1292 4165 jubes
1327 4101 1654 4167 peccatores
1672 4114 1733 4153 se
1754 4097 1835 4153 af-

186 4183 395 4255 ﬂigere,
422 4189 489 4240 ut
510 4200 617 4240 eos
648 4182 860 4239 debeat
892 4188 995 4238 tua
1015 4183 1306 4239 medicina
1322 4184 1573 4241 salvare:
1600 4186 1831 4257 justum

186 4276 271 4327 est
297 4273 477 4340 enim,
514 4276 582 4328 ut
612 4271 963 4344 delinquens
981 4288 1083 4343 per
1098 4271 1555 4329 satisfactionem
1587 4275 1833 4348 corriga-

186 4364 297 4426 tur,
326 4365 383 4416 et
402 4360 649 4433 justitia
677 4359 777 4414 Dei
809 4358 1017 4415 humili
1064 4359 1427 4417 confessione
1473 4361 1827 4420 declaretur:

187 4448 304 4502 suis
327 4449 486 4504 enim
517 4447 754 4505 meritis
783 4452 1089 4519 putaretur
1106 4449 1309 4504 datum
1332 4448 1379 4503 si
1394 4454 1659 4521 peccator
1671 4451 1829 4525 jugl-

187 4538 269 4589 ter
295 4535 526 4593 ﬂoreret
554 4535 799 4592 illaasus.

190 4623 287 4678 138
318 4626 599 4682 laudasti
615 4625 903 4696 justitiam
932 4627 1247 4683 testimonia
1276 4634 1407 4682 tua:

318 4714 385 4769 Et
413 4716 707 4770 veritatem
731 4716 884 4770 tuam
905 4716 1091 4770 nimis.

252 4803 292 4853 C
320 4801 638 4869 Mandasti,
672 4800 733 4856 id
763 4807 854 4858 est
885 4802 1230 4875 praecepisti,
1263 4804 1484 4860 scilicet
1535 4807 1827 4862 observari

191 4886 379 4955 nimis,
410 4890 468 4946 id
492 4894 584 4949 est
616 4889 803 4946 valde.
827 4891 1190 4947 Testimonia
1214 4909 1345 4949 vero
1377 4899 1535 4962 sunt,
1570 4912 1697 4967 quae
1720 4897 1830 4951 sub

191 4976 587 5036 testiﬁcatione
604 4987 751 5034 sunt
775 4977 1020 5051 prolata,
1046 4978 1101 5034 id
1114 4986 1519 5054 estpraacepta,
1550 4983 1675 5039 llaec
1692 5000 1828 5040 con-

191 5061 367 5119 tinent
403 5065 711 5136 justitiam
740 5070 799 5121 et
825 5067 1163 5123 veritatem:
1189 5068 1506 5138 justitiam,
1550 5072 1828 5142 quoniam

192 5151 478 5222 aequaliter
506 5154 716 5210 omnia
744 5153 1109 5211 discernunt:
1143 5154 1465 5219 veritatem,
1516 5159 1656 5231 quia
1704 5176 1833 5231 pro-

193 5237 364 5295 missa
391 5242 747 5297 retribuunt.
781 5241 828 5298 Η
859 5242 961 5298 Vel
982 5243 1182 5299 omnia
1197 5260 1321 5315 quae
1337 5246 1650 5303 mandante
1664 5252 1831 5319 topa-

195 5324 383 5397 timur,
406 5330 597 5399 justa,
632 5334 795 5386 recta
824 5346 891 5385 ac
918 5347 1054 5386 vera
1082 5335 1248 5387 sunt:
1275 5332 1414 5403 quia
1441 5337 1541 5389 aut
1571 5351 1673 5406 pro
1701 5350 1830 5406 pec-

195 5413 330 5471 catis
356 5417 572 5474 nostris
607 5419 916 5492 ingruunt,
968 5423 1069 5474 aut
1101 5423 1165 5475 ut
1213 5421 1440 5493 probati
1493 5422 1829 5479 manifeste-

196 5515 319 5557 mur
342 5507 638 5563 eveniunt.
670 5508 721 5563 A
752 5505 851 5562 Vel
878 5506 1021 5563 dicit
1036 5508 1373 5565 testimonia
1392 5509 1493 5566 Dei
1521 5512 1831 5583 essejusti-

168 5586 326 5675 (tiam
350 5599 404 5649 et
434 5596 745 5653 veritatem
768 5612 782 5654 :
805 5595 1038 5666 justum
1060 5596 1219 5653 enim
1246 5614 1308 5654 se
1338 5599 1835 5671 probatmandan-

198 5674 286 5749 do,
313 5686 367 5737 et
398 5700 621 5756 verum,
650 5689 710 5744 et
740 5683 873 5741 ideo
904 5683 1026 5743 vnlt
1047 5685 1325 5744 custodiri
1357 5687 1554 5747 nimis.

1941 3466 2153 3522 cmlesti
2185 3466 2421 3522 veritate
2448 3467 2801 3540 completur:
2835 3470 3046 3525 veritas
3068 3471 3223 3527 enim
3242 3472 3388 3547 legis
3418 3474 3580 3531 Chri-

1940 3558 2066 3611 stus
2095 3559 2203 3609 est.

1943 3644 2044 3698 143
2088 3644 2388 3699 Tribulatio
2416 3652 2466 3699 et
2494 3647 2751 3713 angustia
2783 3648 3105 3704 invenerunt
3134 3666 3249 3705 me:

2082 3732 2349 3789 Mandata
2380 3740 2475 3788 tua
2498 3733 2779 3790 meditatio
2808 3752 2927 3792 mea
2955 3741 3055 3793 est.

2011 3824 2051 3874 C
2080 3819 2401 3876 Tribulatio
2442 3826 2498 3876 et
2552 3824 2850 3894 angustia:
2914 3826 3132 3879 sanctis
3186 3827 3325 3883 viris
3370 3845 3582 3901 magna

1941 3914 2079 3964 sunt
2108 3925 2369 3975 munera,
2404 3910 2543 3980 quia
2574 3915 2787 3965 norunt
2816 3929 2876 3967 se
2906 3914 3158 3984 pondere
3184 3916 3391 3971 talium
3423 3935 3583 3973 com-

1941 4012 2174 4068 pressos
2236 3997 2519 4052 exsudare
2570 4002 2824 4068 peccata,
2865 4002 2922 4053 et
2966 4001 3203 4057 tendere
3250 4002 3322 4056 ad
3368 4004 3584 4076 gaudia

1941 4089 2174 4140 aeterna.
2204 4084 2556 4139 Invenerunt
2586 4101 2705 4139 me:
2731 4086 2897 4157 quasi
2931 4093 3383 4159 exspectantem,
3412 4093 3581 4162 quasi

1940 4174 2117 4228 ﬁxum
2150 4177 2206 4227 et
2229 4172 2299 4227 ad
2333 4188 2535 4228 earum
2569 4174 3584 4251 certaminapraeparatum.Subjun-

1938 4260 2022 4334 git
2050 4277 2182 4316 vero
2214 4260 2356 4315 illud
2388 4260 2764 4331 adjutorium.
2798 4263 2952 4317 unde
2982 4280 3042 4318 se
3065 4271 3300 4321 noverat
3320 4266 3379 4321 in
3394 4267 3579 4323 diver-

1938 4352 2020 4406 sis
2054 4348 2424 4422 passionibus
2455 4353 2745 4413 curatum,
2777 4350 2976 4407 dicens
2998 4352 3578 4422 :Mandatatua,etc.:

1938 4440 2214 4512 quoniam
2248 4453 2477 4509 semper
2504 4436 2561 4490 in
2593 4437 2806 4493 divinis
2835 4438 3150 4511 Scripturis
3197 4446 3319 4496 erat
3347 4443 3581 4499 animus

1939 4531 2275 4598 occupatus.

1863 4629 1909 4693 D
1944 4616 2043 4671 144
2084 4617 2331 4688 Equites
2360 4616 2669 4671 testimonia
2700 4621 2792 4669 tua
2824 4618 2882 4671 in
2912 4624 3175 4672 aeternum
3196 4636 3215 4673 :

2081 4705 2414 4760 Intellectum
2441 4702 2513 4758 da
2538 4703 2682 4758 mihi
2705 4711 2760 4759 et
2786 4705 2985 4760 vivam.

2011 4794 2055 4848 Η
2086 4793 2349 4864 [Εᾳυὶιειε
2378 4792 2713 4848 testimonia
2737 4793 2830 4847 Dei
2853 4798 3019 4849 sunt:
3049 4793 3362 4867 quiaaaque
3383 4796 3581 4851 omnia

1940 4882 2301 4945 discernunt,
2335 4885 2639 4952 propterea
2667 4880 2942 4936 viviﬁcari
2976 4899 3036 4937 se
3084 4883 3360 4955 postulat,
3388 4887 3453 4939 ut
3478 4901 3580 4956 pro

1940 4986 2140 5025 eorum
2172 4968 2557 5041 intelligentia
2585 4968 2759 5023 vitam
2793 4971 2982 5040 possit
3024 4985 3231 5042 capere
3275 4973 3581 5045 sempiter-

1942 5073 2098 5112 nam.
2159 5055 2200 5110 C
2231 5055 2484 5111 Breviter
2529 5057 2727 5128 itaque
2772 5057 3032 5113 deﬁnivit
3079 5060 3412 5116 testimonia
3463 5061 3579 5125 Dei,

1939 5159 2069 5200 esse
2094 5142 2425 5214 aequitatem
2456 5142 2516 5197 in
2548 5149 2831 5199 aeternum
2859 5150 3061 5202 contra
3091 5147 3502 5205 tribulationes
3523 5154 3581 5203 et

1940 5231 2243 5304 angustias
2270 5233 2419 5303 (qua:
2451 5231 2792 5303 temporalia
2821 5251 2948 5290 esse
2998 5238 3345 5307 noscuntur)
3388 5241 3452 5292 ut
3480 5235 3580 5291 tali

1940 5337 2044 5393 spe
2075 5318 2424 5392 temporales
2454 5320 2737 5390 angustia:
2769 5326 3299 5380 contemnerentur.

2117 5424 2502 5464 ABGUMBNTUM
2552 5424 2890 5470 SEQUENTIUM
2939 5427 3077 5465 OCTO
3116 5428 3402 5469 VERSUUM.

2011 5501 2052 5552 C
2083 5501 2123 5551 Β
2152 5494 2674 5551 Reverentissimus
2704 5494 2916 5552 chorus
2943 5499 3128 5568 (juxta
3157 5498 3339 5571 hujus
3380 5497 3580 5551 littera:

1943 5584 2203 5655 nomen),
2234 5584 2293 5639 in
2330 5587 2444 5639 toto
2472 5583 2643 5638 corde
2674 5601 2781 5639 suo
2811 5583 3024 5640 clamat
3047 5585 3118 5640 ad
3143 5583 3582 5653 Dominum,ju-

1943 5672 2323 5730 stiﬁcationes
2352 5672 2482 5748 ejus
2503 5670 2743 5729 sedulus
2776 5673 3107 5750 exquirens.
