3878 6426
314 365 433 428 455

836 495 884 551 Η
916 494 959 550 Β
991 494 1170 567 Copi),
1217 495 1457 551 vomtio.

317 591 422 646 H5
460 587 711 643 Clamavi
739 586 794 640 in
823 592 930 640 toto
961 584 1137 650 corde,
1168 587 1374 640 arandi
1401 602 1506 652 me,
1539 586 1803 642 Domine?

455 676 881 747 Justifieationes
915 678 1039 729 tuas
1069 677 1367 750 requiram.

389 766 430 821 C
450 765 617 820 Hunc
647 761 964 820 clamorem
992 779 1108 819 non
1153 779 1441 835 corporeae
1489 763 1671 831 vocis,
1724 763 1825 819 sed
1858 762 1977 836 spi-

317 853 505 910 ritalis
537 851 752 909 mentis
783 851 1060 924 intellige.
1096 851 1138 907 C
1167 853 1268 908 Est
1290 851 1447 908 enim
1481 850 1592 908 iste
1622 851 1845 908 clamor
1874 853 1979 908 de-

313 949 458 999 votte
491 941 706 999 mentis
736 941 1003 1008 affectus,
1039 939 1138 1014 qui
1174 957 1392 1014 magna
1419 941 1611 996 cordis
1655 941 1980 998 intentione

316 1032 627 1106 profertur.
660 1030 1055 1103 Cogitationes
1087 1028 1219 1085 illas
1253 1029 1410 1084 enim
1435 1029 1730 1085 exaudivit
1753 1029 1982 1086 Altissi-

316 1138 472 1189 mus,
505 1137 632 1194 qua:
665 1119 760 1194 pia
789 1119 1110 1176 intentione
1161 1118 1494 1174 volvuntur.
1526 1118 1591 1175 In
1638 1123 1757 1174 toto
1807 1119 1981 1176 corde

315 1211 558 1266 dicitur:
591 1227 662 1265 ne
695 1214 932 1282 putares
961 1207 1121 1265 aliud
1150 1207 1560 1281 cogitandum,
1594 1208 1830 1280 quando
1861 1208 1977 1265 cla-

315 1303 512 1355 matur
541 1299 613 1354 ad
642 1297 984 1369 Dominum,
1013 1301 1078 1352 In
1111 1295 1237 1352 sola
1282 1296 1440 1353 enim
1491 1295 1766 1369 religiosa
1817 1296 1981 1370 cogi-

317 1389 532 1446 tatione
562 1388 736 1444 debet
766 1391 924 1443 totus
947 1385 1192 1460 spiritus
1218 1385 1514 1458 occupari,
1531 1401 1601 1441 ne
1616 1385 1983 1442 mensdivisa

315 1481 568 1550 nequeat
595 1477 749 1550 quod
787 1474 1047 1548 postulat.
1079 1475 1416 1546 impetrare.
1471 1474 1540 1530 Et
1568 1473 1805 1529 intende
1837 1475 1977 1547 quid

314 1567 562 1624 clamat:
595 1567 721 1621 Non
754 1565 1007 1629 divitias,
1033 1563 1980 1635 honores,voluptates,scdjusti-

315 1655 622 1712 ﬁcationes
651 1659 782 1709 luas
816 1653 1142 1725 requiram:
1180 1669 1295 1708 non
1333 1651 1578 1709 lectione
1613 1657 1839 1708 tantum
1876 1653 1976 1708 sed

314 1761 508 1818 opere.

317 1835 420 1888 146
457 1833 712 1890 ιιιανηαυὶ
739 1831 809 1887 ad
840 1839 892 1886 te
919 1831 1132 1887 salvum
1161 1847 1248 1888 me
1276 1832 1395 1903 fac:

457 1924 525 1979 Et
552 1921 856 1978 custodiam
883 1919 1144 1976 "laudata
1177 1925 1293 1976 tua.

387 2010 428 2066 C
455 2009 711 2068 Clamavi
744 2010 814 2065 ad
845 2015 927 2066 te:
962 2010 1034 2066 ad
1061 2008 1227 2064 illum
1260 2010 1416 2066 enim
1449 2008 1684 2078 clamat,
1729 2011 1828 2082 qui
1874 2025 1972 2082 pe-

315 2099 581 2156 titionem
615 2116 782 2155 suam
835 2098 1012 2172 digne
1065 2102 1183 2154 toto
1241 2099 1434 2154 cordis
1485 2099 1693 2154 all'ectu
1747 2098 1972 2155 ell‘udit.

317 2189 460 2246 Cum
491 2190 654 2254 dicit,
689 2187 918 2244 salvum
952 2204 1046 2244 me
1078 2189 1196 2244 fac:
1231 2188 1289 2243 in
1323 2188 1518 2244 anima
1553 2186 1675 2243 vult
1704 2186 1972 2260 intelligi,

313 2295 427 2334 non
461 2279 517 2333 in
551 2295 809 2351 corpore,
846 2295 958 2333 non
995 2277 1154 2334 enim
1192 2277 1454 2349 corporis
1487 2275 1736 2333 salutem
1782 2281 1976 2349 petere

315 2372 558 2440 poterat.
591 2367 692 2440 qui
739 2365 988 2423 libenter
1017 2365 1313 2439 corporeis
1344 2366 1722 2439 passionibus
1773 2366 1976 2438 subja—

312 2457 497 2513 cebaL

313 2547 415 2602 147
453 2546 714 2602 Prmveni
743 2547 1149 2601 immaturitate
1178 2553 1231 2601 et
1259 2545 1527 2600 clamavi:

455 2636 596 2703 Quia
625 2636 682 2690 in
709 2634 875 2690 verba
904 2643 995 2689 tua
1022 2635 1431 2706 supersperavi.

380 2723 422 2779 C
453 2722 706 2778 Prmveni
737 2722 1198 2778 immaturitate:
1232 2720 1507 2793 quisquis
1540 2719 1597 2776 in
1631 2720 1804 2776 annis
1835 2737 1972 2794 pue-

315 2809 522 2866 rilibus
551 2809 833 2881 anticipat
863 2809 1215 2864 modestiam
1248 2808 1592 2880 senectutis,
1615 2813 1672 2864 et
1693 2815 1826 2864 ante
1841 2809 1977 2866 facit

311 2898 724 2971 gravissimam
759 2901 1230 2969 mentem,quam
1264 2897 1974 2970 possitannorumnume-

311 2988 554 3043 rositate
585 3001 914 3042 canescere.
947 2985 1095 3050 Quia
1129 2985 1186 3041 in
1225 2986 1404 3042 verba
1436 2989 1538 3041 tua
1571 2985 1650 3058 (id
1681 2990 1770 3042 est
1801 2987 1859 3042 in
1892 2987 1980 3043 Fi-

309 3075 481 3148 lium)
509 3090 745 3148 sperare
778 3091 892 3130 non
925 3074 1146 3130 destiti.
1181 3077 1224 3130 A
1253 3074 1358 3131 Vel
1393 3074 1450 3130 in
1472 3075 1647 3131 verba
1669 3075 1976 3148 propheta-

310 3182 441 3222 rum
477 3170 534 3220 et
564 3161 687 3227 Dei,
716 3163 973 3236 potentis
998 3163 1182 3220 facere
1196 3164 1352 3236 quod
1379 3164 1679 3236 promisit:
1705 3164 1974 3237 promisit

313 3254 472 3311 enim
502 3253 560 3308 in
592 3253 786 3308 verbis
817 3253 943 3309 suis
975 3252 1423 3325 Redemptorem
1457 3253 1800 3310 missurum.

311 3345 415 3400 148
452 3343 842 3399 Prwvenerunt
867 3343 1017 3398 oculi
1046 3344 1154 3398 mei
1182 3341 1254 3398 ad
1285 3350 1333 3399 te
1363 3343 1610 3398 diluculo
1641 3360 1661 3398 :

457 3433 520 3490 Ut
550 3431 849 3488 meditarer
877 3432 1094 3504 eloquia
1126 3441 1240 3488 tua.

379 3521 420 3578 C
450 3525 864 3578 Praevenerunt
892 3519 1045 3576 oculi
1078 3522 1188 3575 mei
1210 3539 1223 3576 :
1246 3521 1537 3593 signiﬁcat
1560 3520 1760 3578 oculos
1776 3521 1972 3580 cordis

307 3615 442 3666 ante
475 3609 794 3666 credidisse
845 3615 1091 3665 venturo
1143 3610 1200 3665 in
1249 3626 1422 3668 carne
1472 3609 1739 3678 Domino,
1791 3627 1969 3684 quam

309 3699 438 3769 ejus
470 3697 775 3754 irradiaret
807 3697 1116 3754 adventus.
1166 3697 1434 3754 Christus
1483 3698 1640 3754 enim
1690 3702 1779 3755 est
1819 3699 1966 3769 dies,

309 3789 556 3860 ejusque
586 3788 869 3843 adventus
894 3793 950 3843 et
981 3786 1303 3844 incarnatio
1324 3786 1650 3844 diluculum
1671 3791 1786 3845 est:
1815 3787 1965 3844 dilu-

307 3875 508 3933 culum
541 3875 696 3932 enim
732 3876 965 3932 initium
998 3875 1113 3932 diei
1143 3877 1457 3950 signiﬁcat.
1490 3880 1566 3932 Ut
1617 3877 1963 3934 meditarer:

305 3983 544 4022 causam
577 3965 829 4022 reddidit
859 3981 965 4022 cur
994 3971 1128 4023 ante
1161 3965 1490 4022 diluculum
1507 3982 1676 4023 mens
1700 3967 1967 4040 ejussur—

304 4055 536 4124 rexerit,
568 4071 684 4112 non
715 4058 780 4111 ut
809 4071 1016 4128 agrum
1041 4054 1278 4125 coleret,
1311 4055 1412 4112 sed
1437 4058 1502 4110 ut
1532 4054 1964 4114 Deimeditare-

300 4147 398 4200 tur
427 4143 683 4218 eloquia.

299 4233 402 4289 149
441 4235 624 4291 Vocem
697 4252 878 4290 meam
947 4234 1084 4292 audi
1149 4233 1449 4291 secundum
1510 4233 1966 4292 misericordiam

511 4327 684 4393 tuam,
717 4324 942 4381 Domine
958 4343 980 4380 .-

436 4414 746 4470 Secundum
763 4416 1047 4488 judicium
1079 4418 1238 4469 tuum
1269 4412 1489 4484 vivi/ica
1518 4427 1624 4467 me.

371 4507 412 4558 C
440 4501 588 4560 Petit
632 4521 803 4560 suam
853 4521 1052 4559 vocem
1113 4500 1375 4557 exaudiri
1427 4499 1756 4557 secundum
1798 4499 1962 4558 illam

307 4592 798 4659 misericordiam,
832 4609 960 4664 qua:
992 4607 1061 4646 ex
1089 4588 1324 4644 miseris
1355 4587 1554 4644 beatos
1583 4587 1739 4655 fecit,
1769 4606 1839 4646 ex
1865 4606 1964 4654 ca-

300 4681 476 4755 ptivis
506 4681 746 4748 liberos,
779 4697 848 4735 ex
880 4677 1133 4734 mortuis
1162 4675 1342 4732 vivos.
1375 4675 1538 4739 Quod
1571 4681 1767 4734 autem
1797 4679 1962 4735 addi-

298 4771 386 4826 dit
416 4771 646 4826 viviﬁca
679 4785 808 4824 me:
869 4765 1182 4821 conﬁtetur
1211 4781 1274 4819 se
1329 4769 1629 4822 mortuum
1664 4783 1793 4824 esse
1835 4767 1961 4841 lege

292 4859 539 4934 peccati.
569 4854 868 4912 V'iviﬁcari
901 4853 1059 4908 enim
1094 4869 1209 4908 non
1255 4857 1481 4925 potest:
1515 4853 1626 4910 nisi
1673 4857 1774 4928 qui
1806 4856 1865 4912 in
1897 4875 1960 4913 se

299 4948 600 5022 propriam
627 4962 746 5000 non
779 4942 956 4998 habet
981 4941 1182 4998 vitam.
1212 4941 1377 5006 Quod
1409 4959 1542 4998 vero
1573 4945 1716 5001 dicit
1749 4963 1958 5004 secun-

295 5039 440 5092 dum
466 5033 784 5108 judicium,
819 5029 1079 5105 intellige
1111 5030 1279 5104 illud,
1330 5048 1447 5105 quo
1485 5032 1959 5108 supplicantibus

295 5124 502 5198 parcit,
532 5127 590 5178 et
619 5139 681 5179 se
713 5121 1062 5177 damnantes
1094 5121 1362 5178 absolvit.

293 5213 402 5268 150
446 5213 1046 5285 Αρρνορίηᾳιιαυεναηί
1087 5220 1470 5285 persequentes
1500 5229 1584 5268 me
1633 5215 1957 5290 iniquitate:

437 5305 478 5357 Α
503 5302 616 5374 lege
644 5309 830 5356 autem
861 5308 955 5354 tua
987 5301 1144 5372 longe
1165 5303 1303 5372 facti
1325 5309 1471 5356 euut.

361 5394 410 5444 Α
442 5391 483 5446 C
513 5389 1004 5464 Appropinquant
1036 5389 1192 5443 enim
1227 5395 1679 5462 persequentes:
1721 5395 1956 5466 quando

290 5483 422 5550 post
451 5481 653 5536 omnia
685 5492 874 5549 usque
907 5477 976 5530 ad
1010 5475 1394 5532 lacerationes
1439 5480 1632 5534 carnis
1686 5483 1958 5540 videntur

291 5569 588 5625 accedere.
623 5568 668 5626 Η
703 5563 1018 5639 Iniquitate
1049 5567 1244 5618 autem
1261 5567 1754 5640 appropinquant,
1789 5572 1843 5627 id
1867 5577 1957 5630 est

289 5671 426 5713 cum
456 5657 762 5735 iniquitate
796 5654 927 5736 {hoc
958 5654 1047 5710 est
1072 5651 1314 5728 inique).
1347 5654 1635 5724 Quoniam
1649 5661 1951 5738 patieban-

1235 362 1300 424 S.
1348 360 1744 426 BRUNONIS
1789 360 2410 424 HERBIPULENSIS
2454 359 2834 424 EPISCOPI.

3622 360 3742 425 ‘56

2008 498 2057 562 Λ
2097 501 2194 551 tur
2223 500 2505 568 martyres
2555 493 2712 552 mala
2741 511 2842 567 pro
2895 493 3084 551 bonis.
3119 497 3163 550 Α
3195 493 3320 568 lege
3381 500 3597 563 autem,
3643 497 3738 554 isti

2091 585 2312 641 scilicet
2338 588 2762 658 persecutores,
2787 583 2977 656 longe,
3001 588 3134 654 etc.,
3168 584 3307 658 quia
3338 583 3448 642 HA
3476 588 3744 658 Cquanto

2090 675 2162 730 ad
2196 679 2532 730 sanctorum
2566 690 2768 746 pcnnas
2785 671 3548 746 appropinquabantztauto
3573 671 3745 748 siege

2090 762 2324 819 Domini
2355 761 2721 819 recedebant.
2756 761 2816 818 Si
2848 779 2982 818 vero
3013 765 3203 820 textus
3232 761 3486 834 alicujus
3527 762 3744 824 habeat

2089 851 2388 924 iniquitati
2420 849 2507 910 vel
2538 849 2759 923 inique,
2793 849 2947 908 idem
2980 867 3192 910 sensus
3223 850 3392 908 recit:
3443 852 3544 924 qui
3583 853 3743 912 enim

2079 941 2278 1014 justos
2311 940 2704 1013 persequitur,
2738 940 3093 1014 propinquat
3122 939 3416 1012 iniquitati
3447 945 3507 997 ct
3533 942 3739 1015 inique

2088 1031 2230 1103 agit.

2091 1138 2186 1192 151
2232 1138 2409 1209 Prope
2437 1152 2491 1192 es
2519 1144 2598 1202 tu,
2631 1137 2888 1192 Domine:

2229 1227 2296 1284 Et
2323 1242 2508 1283 omne:
2539 1228 2640 1281 vite
2668 1230 2774 1281 tua
2803 1227 3027 1282 veritas.

2158 1315 2200 1371 C
2231 1319 2380 1372 Dum
2430 1315 2571 1371 dicit
2629 1331 2809 1388 prope
2839 1331 2902 1371 es
2960 1320 3045 1383 tu,
3104 1313 3384 1372 Domine:
3433 1315 3752 1372 conﬁtetur

2087 1421 2222 1460 eum
2254 1405 2472 1478 ubique
2499 1409 2865 1478 przesentem,
2915 1408 2972 1461 et
2997 1421 3132 1460 eum
3173 1419 3347 1460 nosse
3377 1403 3427 1459 si
3473 1421 3750 1478 perversa

2088 1495 2370 1567 gerimus.
2407 1510 2512 1550 nec
2543 1493 2835 1549 declinare
2862 1509 2997 1549 eum
3047 1509 3220 1566 posse
3265 1509 3401 1550 cum
3449 1493 3744 1566 fugimus.

2086 1583 2217 1640 Una
2246 1588 2337 1640 est
2363 1599 2501 1655 ergo
2533 1581 2801 1650 salus,ad
2834 1582 3030 1656 ipsum
3055 1581 3362 1639 festinare:
3393 1599 3574 1656 quem
3623 1599 3746 1640 non

2085 1673 2278 1746 possis
2312 1673 2584 1745 effugere.
2613 1673 2682 1728 Et
2711 1688 2916 1728 omnes
2932 1672 3032 1726 viae
3063 1671 3465 1728 tuaazJuduus
3498 1670 3609 1744 hoc
3623 1688 3744 1731 non

2084 1768 2280 1834 potest
2310 1761 2493 1834 loqui,
2530 1761 2630 1833 qui
2663 1759 2850 1816 noluit
2867 1761 3100 1817 credere
3121 1759 3380 1817 veritati:
3397 1763 3592 1834 potest
3605 1777 3746 1823 vero

2002 1869 2051 1938 Β
2083 1851 2276 1907 dicere
2305 1851 2407 1922 qui
2437 1850 2666 1908 Christo
2693 1850 2880 1906 credit
2906 1855 2965 1905 et
2995 1848 3274 1938 mandata
3293 1850 3423 1922 ejus
3453 1849 3747 1938 custodit.

2081 1943 2128 1996 A
2158 1939 2343 1997 Etiam
2373 1940 2430 1995 in
2461 1939 2788 2007 tormentis,
2804 1939 2958 2012 quod
2991 1937 3091 1994 illa
3107 1955 3221 1996 non
3240 1937 3536 1996 immerito
3549 1939 3745 2011 patia-

2083 2038 2204 2097 tur,
2259 2029 2360 2084 sed
2434 2044 2570 2084 vero
2647 2028 2723 2083 sit
2779 2027 2881 2083 Dei
2944 2027 3004 2083 in
3073 2027 3183 2082 hoc
3252 2027 3571 2100 judicium.
3641 2028 3742 2084 Sic

2083 2118 2313 2186 Esther,
2348 2117 2431 2174 ic
2461 2115 2682 2185 Daniel,
2733 2118 2819 2174 sic
2845 2122 2964 2175 tres
3005 2116 3065 2173 in
3115 2115 3366 2184 camino,
3399 2116 3482 2173 sic
3529 2134 3740 2174 omnes

2084 2207 2270 2265 sancti
2293 2208 2646 2263 conﬁtentur
2675 2207 2818 2279 (Dan
2850 2211 2956 2277 ω).

2085 2315 2190 2370 152
2228 2313 2395 2369 Initio
2415 2314 2640 2383 cognovi
2667 2311 2733 2368 de
2755 2313 3084 2370 testimoniis
3112 2314 3222 2368 tuis
3243 2331 3263 2369 :

2227 2404 2371 2472 Quia
2403 2403 2461 2457 in
2492 2409 2759 2457 a'temum
2785 2401 3037 2473 fundasti
3065 2418 3149 2457 ea.

2153 2492 2197 2548 C
2229 2491 2398 2547 Initio
2430 2490 2748 2562 (signiﬁcat
2775 2509 2810 2547 a
2837 2490 3190 2547 rudimentis
3220 2489 3434 2558 saeculi,
3487 2491 3733 2563 quando

2085 2600 2118 2637 a
2139 2582 2306 2653 justo
2337 2579 2478 2635 Abel
2509 2595 2722 2635 nomen
2752 2580 2906 2652 cepit
2933 2596 3061 2636 esse
3094 2583 3462 2637 sanctorum:
3509 2580 3608 2654 qui
3643 2581 3739 2636 in-

2085 2687 2301 2726 nocens
2335 2686 2369 2724 a
2399 2667 2625 2724 nefario
2676 2670 2870 2733 fratre,
2897 2667 2955 2724 in
3004 2667 3332 2740 exemplum
3383 2667 3730 2738 Salvatoris,

2081 2759 2312 2815 occisus
2341 2762 2429 2813 est
2459 2755 2612 2830 [Gem
2647 2758 2742 2827 iv])
2774 2755 2915 2812 dicit
2943 2756 3220 2825 Ecclesia,
3259 2757 3509 2833 Cognovi
3543 2757 3616 2816 de
3644 2763 3734 2815 te-

2080 2847 2405 2904 stimoniis:
2435 2847 2483 2902 A
2509 2845 2730 2902 scilicet
2759 2846 2974 2918 quibus
3000 2846 3246 2904 tesiatus
3265 2862 3329 2904 es
3358 2850 3414 2902 te
3443 2846 3728 2910 daturum

2083 2938 2530 3009 Redemptorem
2553 2940 2865 3008 etregnum
2882 2936 3348 3002 teternum.0uia
3373 2934 3732 2999 iactemua!

2081 3027 2328 3084 fundata
2355 3028 2515 3082 sunt.
2565 3026 2612 3080 A
2642 3028 2681 3080 C
2729 3023 2952 3097 Quippe
2998 3042 3126 3098 qua:
3157 3024 3230 3082 ad
3278 3023 3732 3084 fundamentum

2081 3114 2380 3173 Christum
2413 3113 2803 3186 pertinebant.
2823 3113 2956 3186 Ipse
2967 3114 3123 3170 enim
3144 3113 3599 3174 fundamentum
3617 3119 3734 3183 est,

2084 3203 2144 3259 in
2177 3220 2292 3275 quo
2324 3201 2522 3258 omnia
2549 3201 2705 3258 dicta
2734 3205 2790 3258 et
2811 3199 3028 3274 scripta
3047 3201 3214 3273 Legis
3243 3205 3300 3256 et
3314 3200 3733 3274 prophetarum

2085 3299 2144 3349 et
2173 3289 2469 3364 Evangelii
2511 3291 2756 3348 fundata
2803 3296 2943 3348 sunt
2980 3291 3192 3364 (Ephes.
3226 3290 3308 3362 ιι).
3353 3289 3587 3348 GUnde
3617 3291 3735 3349 evi-

2081 3383 2289 3438 denter
2315 3379 2708 3454 cognoscitur,
2739 3380 2811 3438 ab
2842 3380 3104 3454 antiquis
3129 3383 3322 3439 ments
3353 3385 3737 3454 conspectum

2071 3471 2402 3528 Christum.

2271 3593 2660 3635 ABGUMENTUM
2698 3593 3050 3641 SEQUENTIUM
3089 3592 3226 3634 OC'l‘O
3265 3592 3548 3633 νειηυωιι.

2147 3685 2190 3742 C
2219 3689 2262 3740 Β
2293 3682 2573 3758 Populus,
2601 3683 2880 3740 vitiorum
2911 3683 3113 3757 victor,
3145 3700 3209 3740 se
3241 3683 3384 3756 petit
3423 3681 3742 3752 viviﬁcari,

2080 3775 2360 3848 quoniam
2395 3771 3729 3844 mandataDominisummostudioexquisivit:

2077 3861 2432 3936 principium
2464 3878 2696 3934 quoque
2726 3862 3036 3918 verborum
3067 3860 3298 3918 Domini
3321 3865 3572 3918 testatur
3599 3877 3734 3918 esse

2076 3952 2404 4022 veritatem,
2435 3955 2495 4008 et
2539 3950 2648 4008 hoc
2693 3957 2782 4008 est
2811 3959 2988 4024 caput
3018 3951 3174 4024 quod
3221 3967 3478 4024 praesens
3535 3949 3733 4008 littera

2072 4041 2356 4099 ostendit.

2644 4127 2691 4185 Η
2725 4129 2763 4186 Β
2789 4128 2923 4199 Res,
2953 4132 3150 4203 caput.

2083 4221 2189 4278 153
2227 4219 2356 4277 Vide
2384 4217 2757 4276 humilitatem
2783 4233 2958 4274 meam
2989 4226 3042 4274 et
3069 4219 3220 4290 eripe
3244 4233 3359 4274 me:

2215 4310 2358 4378 Quia
2387 4309 2556 4378 legem
2585 4313 2748 4363 tuam
2773 4323 2886 4364 non
2910 4323 3034 4364 sum
3051 4308 3274 4364 oblitus.

2139 4400 2186 4455 A
2214 4398 2360 4454 Vide
2387 4395 2788 4453 humilitatem
2819 4413 3010 4454 meam
3031 4400 3089 4452 et
3118 4396 3276 4470 eripe
3294 4411 3392 4452 me
3413 4412 3426 4451 :
3445 4393 3726 4460 Quamvis

2070 4487 2184 4545 ista
2213 4504 2319 4545 vox
2347 4487 2614 4545 videatur
2664 4491 3019 4559 martyrum:
3076 4491 3273 4542 tamen
3323 4500 3496 4540 nemo
3515 4500 3657 4540 eam
3681 4501 3727 4540 θ,

2072 4595 2136 4635 se
2167 4580 2332 4650 putet
2358 4574 2752 4647 alienam,qui
2783 4575 2843 4632 in
2874 4573 3090 4632 Christi
3119 4574 3728 4648 corporeesteensti—

2075 4670 2259 4723 tutus.
2293 4665 2361 4721 Et
2389 4665 2549 4736 eripe
2580 4681 2691 4721 me.
2725 4664 2766 4720 C
2795 4662 3028 4720 Scilicet
3049 4663 3124 4719 de
3152 4661 3724 4733 necessitutepmna-

2071 4771 2224 4823 rum,
2257 4757 2315 4808 et
2344 4753 2416 4808 de
2449 4751 2707 4825 periculo
2729 4752 2935 4809 mortis
2961 4752 3059 4823 (de
3080 4752 3298 4825 quibus
3318 4749 3727 4823 beati-marty-

2069 4859 2160 4899 res
2193 4859 2255 4898 se
2285 4841 2522 4897 liberari
2555 4842 2784 4914 petunt)
2817 4841 2902 4898 vel
2929 4842 2999 4898 de
3025 4839 3286 4915 periculo
3325 4843 3725 4912 peccatorum.

2068 4931 2217 4999 Quia
2246 4930 2431 5003 legem
2465 4935 2648 4986 tuam.
2683 4930 2729 4986 Η
2758 4933 2805 4986 Α
2833 4935 2874 4986 C
2903 4929 3136 4988 Scilicet
3158 4927 3506 5003 quadixisti:
3531 4927 3727 4994 Quise

2065 5020 2285 5077 exultat
2299 5019 2741 5088 .humiliabitur,
2771 5025 2832 5078 et
2853 5019 2958 5092 qui
2987 5036 3050 5076 se
3075 5017 3352 5081 bumiliat
3369 5015 3728 5075 excitabitur

2065 5109 2274 5182 (Natta.
2305 5108 2491 5181 mu).

2065 5217 2171 5274 164
2207 5215 2410 5276 ‘Judica
2429 5215 2709 5288 judicium
2736 5233 2919 5274 meum
2948 5224 3000 5273 et
3027 5215 3234 5273 redime
3261 5230 3380 5270 me:

2209 5307 2438 5378 Propter
2465 5307 2746 5379 eloquium
2775 5311 2933 5362 tuum
2955 5306 3173 5377 viviﬁca
3199 5319 3305 5360 me.

2136 5395 2182 5451 Λ
2213 5395 2256 5450 C
2283 5395 2434 5450 Petit
2463 5393 2678 5450 chorus
2709 5399 3046 5452 sanctorum
3081 5393 3376 5466 judicium
3426 5405 3627 5458 suum,
3663 5389 3720 5446 id

2068 5489 2156 5541 est
2184 5499 2446 5553 causam,
2481 5499 2598 5554 qua
2627 5499 2690 5539 se
2735 5483 3026 5539 tribulant
3065 5487 3123 5539 et
3167 5483 3611 5556 persequuntur
3639 5479 3724 5534 in-

2059 5575 2222 5645 juste
2252 5573 2568 5640 daemones,
2601 5589 2636 5628 a
2685 5571 2934 5629 Domino
2970 5569 3249 5645 judicari,
3297 5571 3357 5626 et
3377 5583 3441 5624 se
3465 5567 3543 5623 ab
3575 5567 3720 5640 ipsis

2065 5661 2298 5721 redimi.
2330 5659 2588 5731 Addidit,
2611 5666 2854 5740 propter
2896 5661 3194 5740 eloquium
3237 5663 3428 5726 tuum,
3478 5659 3519 5712 C
3547 5655 3722 5737 illud,
