3878 6490
142 444 257 503 457

1408 442 1819 506 FXPOSITIO
1862 442 2370 510 PSALMOIKUM.

3444 446 3576 514 458

145 572 373 627 scilicet
407 572 514 628 ubi
542 571 837 646 promittit
869 590 882 629 :
915 570 1022 639 Qui
1071 572 1257 628 credit
1305 572 1362 628 in
1396 588 1487 629 me
1530 590 1645 631 non
1690 592 1809 633 mo-
1840 577 1896 644 Α
1925 577 2157 648 quando
2188 578 2315 649 ejus
2349 579 2829 645 sententiam,nec
2863 581 3093 651 tempus
3114 579 3347 653 aliquod
3381 588 3570 640 mutu

139 661 317 715 rietur
347 661 538 732 (Joan.
575 665 681 728 χι).

142 750 241 803 155
279 750 467 818 Longe
488 766 527 802 α
550 749 927 820 peccatoribus
946 749 1096 804 salus
1121 765 1140 803 :

272 837 421 905 Quia
441 836 872 908 justiﬁoationes
904 846 1026 893 tuas
1056 855 1167 891 non
1197 838 1598 909 “quisierant.

202 924 248 979 ll
280 926 323 980 Ο
357 925 580 980 Merito
612 942 749 998 ergo
782 943 814 981 a
843 925 1031 982 salute
1064 926 1197 980 facti
1233 931 1373 981 sunt
1402 926 1570 998 longe
1594 927 1801 997 Judaei,

131 1014 227 1086 qui
254 1018 625 1085 respuerant
668 1014 876 1070 salutis
926 1019 1224 1069 auctorem
1255 1018 1311 1069 et
1355 1015 1806 1085 justiﬁcationes

134 1102 275 1174 lt:ng
310 1118 430 1157 non
464 1100 902 1174 intelligebant,
936 1101 1077 1175 quia
1128 1101 1424 1157 Christum
1476 1103 1534 1157 in
1573 1104 1656 1159 eis
1688 1121 1802 1160 non

133 1192 526 1261 agnoverunt.
555 1191 605 1245 A
652 1189 755 1245 Vel
805 1191 1005 1257 etiam,
1039 1207 1072 1245 a
1101 1188 1459 1263 quibuslibet
1486 1192 1802 1263 peccatori-

134 1279 240 1334 bus
269 1278 466 1350 legem
502 1276 611 1333 Dei
643 1279 1079 1350 spernentibus,
1105 1279 1275 1351 longe
1305 1282 1394 1334 est
1424 1280 1606 1335 salus.

136 1368 233 1421 156
270 1366 696 1423 Misericordiae
724 1376 837 1424 tum
863 1367 1078 1434 multas,
1112 1368 1345 1423 Domine
1374 1386 1392 1421 :

267 1454 596 1512 Secundum
619 1455 900 1526 judicium
930 1463 1086 1511 tuum
1117 1457 1333 1527 vivi/ica
1359 1472 1465 1511 me.

196 1548 235 1598 Ο
267 1541 689 1599 Miserationes
724 1543 956 1600 Domini
990 1549 1260 1616 sunt,pcr
1290 1561 1434 1616 quas
1484 1544 1716 1601 afﬁictis
1746 1550 1803 1601 et

128 1632 339 1688 sauciis
371 1631 634 1687 diversis
661 1632 853 1688 modis
903 1632 1212 1689 subvenire
1252 1632 1549 1705 dignatur.
1583 1634 1801 1690 Secun-

128 1721 265 1775 dum
287 1719 600 1791 judicium
634 1724 803 1777 tuum
832 1720 1060 1777 viviﬁca
1091 1720 1256 1787 me,H
1290 1738 1360 1776 nc
1390 1720 1719 1778 inveniatur
1739 1723 1798 1779 in

130 1826 217 1865 me
246 1809 404 1881 quod
429 1808 741 1879 judicium
774 1810 979 1865 mortis
1005 1807 1337 1877 assumat,C
1367 1809 1506 1881 quia
1538 1824 1641 1865 nec
1671 1811 1797 1867 sine

123 1897 341 1966 judicio
366 1896 828 1961 miseretur,nec
842 1897 968 1953 sine
992 1897 1796 1970 misericordia,judieat.Ideo

131 1985 359 2057 quando
387 1984 717 2043 miseretur
738 1986 989 2057 judicat,
1023 1990 1077 2043 et
1101 1985 1336 2059 quando
1358 1986 1588 2058 judicat
1623 1987 1796 2043 mise-

132 2080 303 2129 retur.

134 2163 229 2218 157
265 2162 427 2219 Multi
456 2169 560 2236 qui
585 2167 1000 2236 persequuntur
1028 2179 1111 2219 me
1139 2172 1189 2218 et
1210 2162 1479 2219 tributant
1509 2181 1592 2220 me

265 2253 303 2307 Α
331 2254 677 2308 testimoniis
710 2253 820 2306 tuis
848 2267 957 2307 non
988 2251 1281 2307 declinavi.

196 2341 235 2396 C
264 2340 475 2397 Narrat
508 2340 676 2396 enim
709 2340 957 2411 injurias
989 2340 1110 2395 sive
1157 2340 1606 2411 persecutiones,
1644 2343 1795 2398 unde

130 2444 409 2486 numerus
457 2429 789 2485 electorum
847 2427 1074 2493 crescit,
1128 2445 1329 2484 verum
1390 2429 1543 2484 inter
1596 2431 1795 2486 omnia

131 2516 461 2574 nullatenus
493 2534 559 2574 se
595 2535 633 2573 a
665 2515 1018 2573 testimoniis
1051 2516 1151 2572 Dei
1194 2516 1519 2574 declinasse
1550 2521 1794 2575 testatus

130 2612 229 2661 est.

132 2696 225 2749 158
266 2694 388 2752 Vidi
410 2695 859 2768 praevaricantcs
885 2702 936 2750 et
961 2694 1297 2750 tabesccbum
1332 2710 1344 2751 :

264 2786 404 2853 Quia
424 2786 657 2858 eloquia
690 2791 786 2839 tua
813 2800 925 2839 non
952 2783 1345 2840 custodierunt.

195 2872 385 2928 ϐνὶᾶί
420 2873 664 2945 aliquos
698 2871 758 2926 in
812 2872 1315 2944 persecutionibus
1366 2872 1560 2939 ﬁdem,
1612 2887 1789 2945 quam

134 2966 456 3031 tenuerunt,
512 2962 902 3033 abnegantes.
953 2960 1115 3024 Quod
1148 2960 1356 3017 cohors
1404 2965 1606 3015 sancta
1634 2959 1790 3033 aspi-

132 3050 281 3106 ciens
310 3050 720 3123 al‘ﬁigebatur,
755 3047 959 3103 dolens
981 3065 1041 3102 se
1064 3048 1251 3107 socios
1276 3047 1405 3104 ﬁdei
1424 3047 1748 3119 perdidisse
1772 3066 1785 3116 ;

133 3137 224 3193 sed
254 3139 408 3195 unde
438 3137 792 3195 tabescebat
822 3135 1242 3208 ostendit,quia
1274 3134 1675 3208 prcevaricator
1698 3152 1792 3192 ne-

1919 665 2022 732 bit,
2058 682 2162 722 nec
2213 684 2303 723 res
2336 667 2456 723 ulla
2487 668 2789 724 subvertit.
2820 667 3053 723 Iudicia
3084 682 3219 723 vero
3247 668 3355 726 illa
3378 675 3569 742 putat,

1917 754 2150 825 quando
2180 753 2405 811 dicetur
2436 772 2449 812 :
2484 754 3016 824 Venite,benedicti
3046 756 3235 815 Patris
3263 757 3403 823 mei;
3428 754 3561 827 ets,

1915 846 1972 897 et
2004 857 2017 896 :
2047 843 2146 909 Ite,
2178 844 2468 901 maledicti
2525 844 2583 900 in
2637 845 2831 917 ignem
2863 850 3141 901 internum
3167 838 3376 916 (ﬂatur.
3407 844 3558 918 xm.

1914 930 2043 985 Haec
2065 931 2289 1001 judicia
2318 932 2376 987 in
2404 938 2685 988 aeternum
2724 934 2838 989 ﬁxa
2866 934 3204 990 manebunt.
3229 935 3325 993 Sic
3352 935 3412 990 in
3444 948 3561 991 uno

1912 1035 2080 1074 versu
2113 1024 2169 1074 et
2198 1019 2363 1075 initia
2393 1026 2602 1077 nostrae
2636 1021 2768 1077 ﬁdei
2799 1026 2859 1077 et
2903 1022 3095 1078 adhuc
3139 1028 3383 1081 ventura
3420 1037 3557 1079 conv

1913 1106 2109 1173 clusit,
2140 1108 2336 1163 omnia
2364 1109 2425 1165 in
2473 1111 2715 1165 veritate
2763 1110 3128 1183 complenda.
3159 1113 3205 1168 Α
3252 1111 3357 1168 Vel
3386 1113 3559 1170 verba

1888 1198 2013 1265 ,tua
2040 1211 2073 1250 a
2102 1196 2337 1253 veritate
2369 1202 2469 1253 tua
2521 1203 2734 1253 aeterna
2772 1176 3113 1271 procedunt,
3145 1198 3203 1257 et
3231 1201 3312 1256 ita
3352 1204 3554 1258 eorum

1912 1282 2263 1356 principium
2296 1290 2385 1342 est
2413 1287 2723 1343 veritas.Et
2762 1288 3036 1360 quoniam
3068 1290 3145 1344 ab
3185 1288 3286 1345 illa
3314 1289 3558 1347 veritate

1910 1372 2250 1443 procedunt,
2298 1375 2525 1431 veracia
2574 1377 2712 1431 sunt
2758 1380 2815 1430 et
2866 1375 3159 1431 neminem
3203 1374 3433 1433 fallunt.
3486 1377 3555 1432 Et

1911 1459 2186 1531 quoniam
2218 1461 2511 1518 neminem
2544 1462 2774 1529 fallunt,
2806 1468 2863 1519 et
2890 1465 2977 1519 eis
3022 1466 3432 1536 pronuntiatur
3450 1466 3550 1537 ju-

1909 1548 2061 1603 dicia
2082 1550 2328 1620 justitize
2361 1555 2492 1618 tum,
2524 1551 2747 1608 scilicet
2771 1552 2890 1607 vita
2924 1553 3107 1624 justo,
3138 1562 3301 1625 paena
3347 1553 3548 1626 impio,

1907 1634 1967 1690 in
1995 1640 2274 1693 aeternum
2324 1644 2497 1695 erunt
2544 1640 2663 1696 ista
2706 1641 2926 1712 judicia
2963 1641 3208 1712 justitiw
3251 1645 3363 1697 tua;
3392 1650 3549 1710 veru,

1908 1729 1966 1779 et
1994 1726 2312 1782 manebunt
2344 1728 2400 1783 in
2430 1731 2730 1797 aeternum,
2765 1728 2846 1795 lii,
2878 1728 2937 1784 in
2967 1728 3103 1798 vita,
3134 1728 3331 1797 isti,in
3354 1744 3548 1802 paena.

2080 1830 2481 1872 ARGUMENTUM
2513 1833 2881 1880 SEQUENTIUM
2907 1833 3046 1873 OCPO
3074 1832 3368 1874 VBRSUUM.
3482 1870 3489 1877 .

1977 1904 2017 1954 Ο
2047 1901 2087 1955 Β
2116 1902 2460 1960 Sanctorum
2493 1909 2674 1961 enatus
2719 1906 3151 1979 persecutiones
3188 1896 3551 1963 servientium

1906 2004 2010 2060 pro
2040 1988 2328 2061 cbaritate,
2370 1992 2600 2048 Domini
2641 1993 2751 2049 sibi
2797 1993 2939 2049 dicit
2978 2004 3111 2051 esse
3155 1994 3544 2068 gratissimas.

1907 2076 1970 2145 B,
2003 2077 2204 2134 dentes
2234 2083 2452 2144 autem,
2485 2096 2633 2152 quos
2663 2081 2841 2153 hujus
2868 2081 3075 2138 littera
3114 2088 3333 2139 nomen
3353 2083 3545 2156 etpri-

1907 2163 2016 2219 mit
2045 2164 2131 2219 vel
2165 2170 2498 2222 sanctorum
2532 2167 2916 2241 intellige,qui
2942 2169 3259 2226 Dominum
3281 2170 3542 2240 laudant,

1905 2250 1992 2306 vel
2018 2256 2552 2324 perseeutorum,de
2569 2256 2786 2327 quibus
2800 2257 3016 2314 dicitur
3038 2274 3051 2313 :
3077 2254 3543 2327 Filiibominum,

1903 2340 2104 2396 dentes
2134 2358 2333 2398 eorum
2364 2360 2528 2399 arma
2557 2348 2613 2400 et
2643 2345 2875 2418 sagitta.

2466 2431 2512 2486 H
2554 2432 2595 2487 Β
2631 2433 2750 2500 Sin,
2782 2433 2987 2489 dentes.

1905 2518 2000 2571 161
2043 2519 2329 2590 Principes
2352 2522 2625 2590 persecuti
2651 2524 2892 2577 sunt'me
2913 2525 3114 2594 gratis:

2043 2608 2108 2661 Et
2134 2624 2168 2662 α
2199 2607 2376 2663 verbis
2406 2610 2515 2663 luis
2542 2610 2863 2679 formidavit
2888 2625 2982 2667 cor
3005 2627 3209 2668 meum.

1976 2697 2015 2747 C
2046 2694 2364 2767 Principes,
2397 2695 2490 2751 hic
2522 2702 2919 2769 persecutores
2940 2698 3221 2756 debemus
3241 2701 3540 2774 accipere;

1900 2781 1984 2837 sic
2013 2783 2167 2838 enim
2198 2787 2254 2838 et
2278 2784 2577 2840 diabolum
2628 2784 2947 2859 principem
2978 2787 3255 2858 dicimus,
3295 2790 3396 2861 qui
3426 2789 3549 2847 sibi

1900 2870 2215 2940 primatum
2272 2870 2331 2927 in
2387 2872 2704 2930 sceleribus
2750 2874 3081 2932 vindicavit.
3140 2875 3354 2944 Gratis,
3402 2878 3547 2950 quia

1898 2959 2083 3014 sancti
2113 2963 2395 3032 martyres
2426 2977 2529 3016 nec
2571 2960 2654 3017 eis
2683 2962 2902 3018 tributa
2929 2963 3059 3019 dari
3096 2962 3539 3039 prohibuerunt,

1899 3062 2003 3101 nec
2031 3046 2421 3103 obedientiam
2453 3048 3291 3119 subtraxeruntﬁerumetiam
3324 3068 3435 3128 pro
3454 3053 3539 3110 eis

1896 3134 2322 3189 oraverunt.llli
2353 3152 2586 3208 quoque
2616 3154 2730 3193 non
2752 3138 3027 3194 timentes
3040 3152 3242 3195 eorum
3273 3148 3540 3213 perseeu-

132 3242 421 3300 quaquam
450 3226 699 3300 eloquia
729 3224 1063 3297 evangelica
1093 3223 1784 3293 cnstodivit,scilicet:Qui
1825 3293 1857 3300 _
1894 3222 2134 3287 tionem,
2163 3223 2255 3277 Dei
2291 3222 2684 3280 formidabant
2732 3225 3021 3297 praeterire
3044 3232 3350 3300 praecepta,
3381 3230 3538 3285 unde

132 3293 587 3386 ῥεηεηηνρτίί
609 3330 803 3385 usque
827 3293 1085 3369 :n‘nnem
1105 3313 1197 3369 hic
1223 3311 1417 3368 salvus
1440 3312 1550 3367 erit
1576 3311 1781 3383 (nam,
1816 3293 1858 3358 C
1895 3308 2093 3363 subdit
2122 3326 2141 3363 ε
2162 3309 2231 3363 Et
2261 3326 2295 3365 a
2322 3309 2515 3366 verbis
2545 3311 2663 3368 tuis
2692 3293 3096 3368 formidavit—ll
3120 3293 3476 3372 Forinid‘avit
3505 3331 3539 3372 a

132 3407 203 3469 χ).
228 3404 271 3460 ll
301 3403 405 3460 Vel
419 3403 614 3460 Judaei
643 3401 1114 3474 praevaricatores
1135 3401 1397 3473 sunt,qui
1423 3400 1695 3457 dixerunt
1714 3401 1785 3456 ad

132 3490 355 3564 Moysen
390 3508 404 3547 :
440 3490 668 3549 Omnia
692 3506 1059 3562 quaecunque
1079 3488 1291 3544 dixerit
1313 3487 1598 3545 Dominus
1619 3487 1789 3544 facie-

130 3596 250 3634 mus
282 3579 493 3652 (Erod.
524 3578 690 3650 xxxv)
720 3594 733 3632 :
767 3581 823 3632 et
854 3594 967 3632 non
1020 3576 1296 3633 fecerunt.
1330 3576 1396 3631 Et
1427 3575 1619 3643 nos,in
1646 3576 1784 3649 bap-

128 3668 291 3723 tismo
335 3668 576 3724 diabolo
632 3670 697 3722 et
746 3665 1021 3738 operibus
1082 3667 1212 3736 ejus
1266 3665 1691 3732 renuntiantes,
1731 3668 1787 3720 et

130 3757 453 3812 renuntiata
484 3755 801 3821 facientes,
836 3754 1281 3825 prasvarieantes
1312 3770 1537 3809 sumus.
1563 3751 1642 3808 De
1671 3770 1786 3825 quo

130 3844 307 3899 sancti
337 3843 731 3900 vehementer
761 3840 978 3897 dolent.

136 3931 229 3985 l59
268 3931 394 3987 Vide
422 3931 701 4003 quoniam
728 3928 986 3983 mandata
1017 3935 1113 3983 tua
1142 3927 1336 3995 dilexi,
1367 3927 1589 3985 Domine
1618 3946 1638 3983 :

260 4021 319 4075 In
350 4017 751 4075 misericordia
781 4024 878 4071 tua
909 4016 1122 4087 vivi/ica
1149 4031 1254 4072 me.

198 4107 239 4162 C
268 4108 419 4165 Bene
467 4107 642 4173 dicit,
675 4104 853 4162 dilexi
909 4105 1206 4171 mandata,
1252 4102 1473 4160 scilicet
1530 4105 1790 4178 martyrii

138 4211 325 4265 pcsnas
355 4213 548 4270 usque
581 4195 661 4252 ad
684 4198 935 4249 mortem
959 4192 1609 4266 perferendo,l)ominus
1631 4194 1790 4248 enim

138 4284 455 4342 animorum
487 4283 820 4358 qualitates
849 4282 1078 4354 gratius
1107 4280 1344 4352 respicit
1366 4297 1541 4352 quam
1574 4282 1792 4338 crucia-

139 4376 254 4427 tum
282 4373 498 4429 carnis.
538 4373 791 4445 Oportet
817 4387 953 4442 ergo
982 4368 1230 4424 hilarem
1275 4372 1589 4440 martyrem
1640 4384 1789 4424 esse.

140 4456 330 4517 Merito
356 4478 498 4535 ergo
529 4458 954 4517 viviticandum
985 4474 1047 4513 se
1078 4455 1310 4528 petebat
1340 4455 1399 4510 in
1430 4455 1599 4512 beata
1630 4456 1795 4511 vitaa

139 4544 391 4619 Domino,
425 4548 533 4622 qui
566 4548 757 4603 vitam
787 4545 966 4618 hujus
998 4543 1194 4601 saeculi
1222 4561 1326 4615 pro
1355 4561 1490 4599 vera
1518 4543 1794 4617 religione

139 4641 581 4711 contempserat.

142 4724 232 4777 160
265 4727 624 4797 Principium
654 4721 949 4779 verborum
978 4730 1200 4778 tuorum
1230 4722 1429 4777 veritas
1460 4736 1474 4775 :

268 4817 334 4868 In
354 4822 640 4871 uernum
670 4811 861 4866 omnia
879 4808 1099 4881 judicia
1118 4810 1357 4880 justiti}?
1376 4816 1505 4865 tuae.

202 4898 241 4953 C
270 4900 415 4956 Illud
444 4899 838 4974 principium,
872 4898 1016 4953 mihi
1051 4897 1277 4952 videtur
1306 4895 1635 4969 signiﬁcare
1680 4896 1796 4952 ini-

144 4986 277 5043 tium
304 4990 757 5061 Scripturarum
779 4986 1133 5049 divinarum,
1166 4984 1477 5040 scilicet.ln
1510 4984 1794 5057 principio

143 5077 340 5132 creavit
367 5078 529 5134 Deus
561 5074 781 5132 ccelum
814 5079 872 5129 et
900 5079 1135 5130 terram.
1174 5071 1317 5127 Illud
1365 5071 1544 5137 enim,
1590 5071 1796 5144 princi-

146 5162 292 5232 pium
321 5166 644 5221 verborum
678 5161 805 5229 Dei,
831 5162 1114 5234 probatur
1141 5177 1270 5216 esse
1318 5160 1592 5231 perfectio
1616 5161 1799 5216 totius

146 5250 408 5310 veritatis.
438 5254 508 5309 Et
557 5251 723 5308 sicut
766 5249 828 5305 in
861 5248 1147 5322 principio
1178 5264 1313 5303 vera
1362 5251 1450 5303 est
1477 5248 1794 5320 Scriptura,

146 5332 217 5389 ita
244 5337 298 5391 in
328 5339 464 5395 ﬁne.
500 5338 741 5394 Veritas
787 5336 970 5404 enim,
1000 5350 1128 5407 quae
1158 5352 1193 5390 a
1234 5334 1521 5405 principio
1550 5352 1686 5390 vera
1712 5334 1798 5390 loc-

150 5424 538 5494 quitur,etiam
570 5425 754 5482 verba
779 5441 890 5481 sua
915 5440 1104 5495 usque
1127 5423 1197 5477 ad
1229 5425 1402 5476 tinem
1427 5439 1557 5477 vera
1604 5428 1797 5478 osten-

150 5510 227 5564 dit
250 5512 445 5571 dicens
480 5533 493 5571 :
529 5511 762 5570 leum
785 5517 843 5567 et
866 5516 1020 5566 terra
1039 5510 1582 5573 transibunt,verba
1602 5516 1803 5565 autem

152 5614 267 5663 mea
314 5620 429 5660 non
482 5601 834 5659 transibunt
879 5600 1102 5670 (Matth.
1155 5602 1330 5665 xxw).
1383 5595 1611 5654 Judicia
1668 5615 1800 5654 vero

142 5684 371 5763 justitic
416 5692 615 5769 ipsius
679 5692 855 5745 erunt
904 5686 1029 5743 sine
1087 5682 1448 5744 dubitatione
1500 5690 1798 5763 perpetua,

451 5817 729 5882 Persen.
777 5812 1011 5898 CXLII,

1892 3397 2065 3452 verbo
2096 3397 2215 3464 illo,
2247 3415 2362 3470 quo
2393 3399 2474 3454 ait
2506 3417 2518 3454 :
2553 3399 2659 3466 Qui
2693 3418 2785 3457 me
2806 3402 3101 3474 negaverit
3119 3418 3313 3459 coram
3346 3403 3534 3461 homi-

1896 3484 2087 3553 nibus,
2122 3486 2343 3558 negabo
2388 3490 2445 3541 ct
2471 3504 2607 3543 eum
2639 3504 2835 3544 coram
2876 3489 3042 3545 Patre
3090 3505 3220 3547 meo
3252 3492 3400 3556 (Luc.
3434 3494 3532 3565 ix).

1898 3575 2002 3627 162
2039 3574 2286 3631 ιέεεαῡον
2303 3590 2400 3644 ego
2427 3592 2591 3648 super
2618 3578 2833 3650 eloquia
2861 3585 2956 3633 tua
2987 3595 3000 3635 :

2035 3663 2186 3718 Sicut
2213 3665 2312 3734 qui
2341 3664 2546 3721 invenit
2573 3667 2748 3737 spolia
2778 3667 2972 3725 multa.

1965 3751 2007 3805 C
2042 3752 2169 3823 Ipse
2196 3752 2451 3824 denique
2476 3753 2727 3825 populus
2759 3753 3127 3813 Christianus
3162 3756 3391 3815 laetatus
3421 3762 3533 3829 est,

1893 3842 2175 3911 tanquam
2208 3840 2307 3911 qui
2336 3839 2556 3897 invenit
2583 3842 2772 3915 spolia
2801 3842 3004 3911 multa,
3040 3846 3272 3918 quando
3302 3846 3535 3920 eloquia

1896 3926 1993 3983 Dei
2022 3927 2242 3983 Judaeis
2270 3945 2384 3984 non
2415 3930 2804 3998 credentibus,
2839 3932 2910 3987 ad
2941 3932 3253 3989 utilitatem
3292 3934 3540 4007 proprias

1896 4013 2125 4082 salutis,
2160 4016 2392 4087 eripuit.
2429 4015 2670 4089 Eloquia
2698 4033 2930 4089 quoque
2952 4024 3089 4075 sunt
3117 4020 3218 4077 Dei
3247 4018 3296 4076 Η
3320 4022 3555 4093 quibus

1897 4101 2041 4157 dixit
2074 4119 2086 4157 :
2118 4107 2262 4157 Cum
2296 4119 2398 4159 vos
2426 4109 2866 4177 persequentur,
2881 4111 2938 4162 et
2966 4105 3332 4176 maledicent,
3364 4113 3421 4165 et
3450 4110 3541 4165 di-

1898 4194 2029 4246 cent
2056 4206 2228 4245 omne
2248 4190 2467 4255 malum
2489 4193 2797 4249 adversum
2818 4209 2918 4250 vos
2940 4192 3287 4252 mentientes
3309 4202 3546 4270 propter

1899 4295 1992 4333 me
2019 4279 2289 4351 gaudete(
2298 4280 2488 4335 Matth.
2521 4281 2574 4352 ν)
2603 4282 2671 4336 Et
2702 4285 2889 4336 totum
2921 4282 3290 4357 Evangelium
3314 4283 3544 4357 eloquia

1899 4366 2001 4425 Dei
2031 4371 2188 4435 sunt,
2218 4372 2258 4421 Ο
2287 4369 2343 4422 et
2371 4384 2575 4425 omnes
2601 4385 2776 4425 sacras
2808 4370 3256 4428 admonitiones.

1899 4455 2005 4512 l63
2041 4456 2395 4527 iniquitatem
2425 4454 2546 4511 odio
2578 4454 2749 4512 habui
2774 4460 2829 4511 et
2855 4458 3203 4515 abominatus
3228 4475 3350 4516 sum
3381 4479 3398 4516 :

2042 4543 2233 4613 Legem
2261 4551 2437 4598 autem
2468 4551 2621 4599 tuam
2648 4543 2842 4600 dilexi.

1816 4652 1866 4718 Β
1970 4631 2012 4687 C
2042 4630 2193 4687 Dicit
2221 4646 2283 4687 se
2312 4631 2506 4687 odisse
2534 4631 2924 4705 iniquitatem,
2958 4635 3112 4707 quod
3161 4633 3250 4692 fas
3282 4634 3391 4705 est,
3425 4636 3549 4692 non'

1896 4719 2192 4777 hominem
2247 4719 2558 4791 iniquum;
2591 4726 2764 4791 atque
2819 4737 2950 4778 eam
3001 4722 3087 4779 sic
3137 4722 3543 4780 abominatum

1903 4807 2085 4865 fuisse
2116 4810 2179 4861 ut
2207 4806 2375 4879 longe
2402 4808 2666 4864 redderet
2685 4825 2814 4864 eam
2832 4826 2866 4863 a
2894 4825 2956 4866 se
2975 4809 3543 4885 alienam,quatenns

1902 4895 2089 4969 legem
2122 4895 2220 4950 Dei
2250 4897 2500 4966 perfecta
2523 4896 2819 4952 voluntate
2847 4897 3131 4971 diligeret.

1905 4985 2006 5039 164
2042 4984 2249 5054 Septies
2278 4984 2335 5036 in
2364 4983 2455 5038 die
2480 4984 2695 5040 laudem
2723 4985 2847 5040 dixi
2869 4987 2975 5042 tibi
3007 5002 3021 5041 :

2045 5074 2218 5143 Super
2236 5071 2452 5141 judicia
2472 5072 2707 5142 justitia:
2734 5080 2865 5129 tuae.

1974 5159 2020 5214 H
2052 5159 2276 5230 Septies
2320 5157 2518 5215 laudat
2556 5164 2737 5215 Deum
2786 5176 2889 5232 per
2933 5161 3109 5230 diem,
3158 5165 3329 5236 cujus
3379 5179 3546 5221 mens

1905 5248 2228 5319 perdurans
2261 5246 2318 5301 in
2350 5246 2518 5319 pleno
2548 5247 2856 5320 splendore
2900 5251 2974 5305 ad
3022 5250 3187 5307 illum
3229 5253 3546 5326 septimum

1905 5335 2058 5390 diem
2091 5334 2347 5405 festinat,
2378 5334 2473 5407 qui
2525 5338 2613 5389 est
2654 5335 2973 5393 Sabbatum
3025 5339 3437 5408 Sabbatorum,
3486 5337 3555 5393 id

1906 5427 1995 5477 est
2026 5422 2253 5494 requies
2283 5426 2514 5477 aeterna.
2549 5422 2591 5478 Ο
2621 5422 2720 5477 Vel
2760 5424 2832 5478 ad
2865 5424 3141 5495 litteram,
3175 5425 3350 5482 horas
3379 5430 3435 5482 et
3463 5424 3546 5480 vi-

1907 5526 2002 5565 ces
2028 5513 2271 5581 septem,
2304 5510 2517 5582 quibus
2565 5510 2819 5568 Ecclesia
2860 5512 3042 5569 Deum
3074 5512 3294 5580 laud’at,
3325 5508 3548 5584 signiti-

1908 5600 1999 5654 cat
2028 5597 2246 5653 scilicet
2290 5598 2660 5666 matutinam,
2712 5599 2963 5669 tertiam,
3016 5605 3257 5666 sextam,
3310 5608 3545 5661 nonam,

1908 5684 2318 5754 lucernariam,
2352 5684 2812 5761 completorlam,
2844 5691 2902 5744 et
2940 5691 3275 5746 nocturnas.
3304 5686 3351 5739 Α
3379 5678 3419 5739 (3
3447 5676 3569 5756 νει

3146 5804 3223 5886 *5.
