5516 6418
1284 445 1408 512 489

1287 596 1466 640 omne
1498 582 1736 648 tempus
1758 570 2066 643 signiﬁcat,
2102 572 2164 620 ut
2193 570 2278 618 est
2309 563 2528 616 dictum
2572 555 2705 609 alibi

1285 671 1486 728 dicam
1517 647 1838 722 Dominum
1869 659 2028 716 omni
2056 663 2310 726 tempore
2337 649 2508 721 (Paul.
2538 647 2950 712 anxurﬁupor

1285 755 1540 833 judicia,
1567 755 1612 810 ϐ
1645 751 1786 824 quia
1827 748 2012 822 parcit
2057 742 2324 800 videlicet
2372 732 2752 808 supplicanti,
2784 735 2842 786 et
2872 729 2957 784 sic

1292 818 1432 922 pius
1461 818 1792 901 humilibus
1821 818 1911 893 est
1941 840 2004 890 ut
2052 849 2168 888 non
2216 828 2407 884 solum
2441 823 2647 894 culpas
2677 818 2956 883 dimittat,

1293 915 1399 993 sed
1430 933 1610 990 etiam
1635 926 1874 1002 pramia
1903 928 2116 979 eterna
2141 918 2225 975 eis
2256 915 2558 986 largiatur.
2589 937 2604 946 -

1293 1025 1402 1082 165
1437 1027 1565 1077 Pax
1595 1017 1771 1073 multa
1799 1010 2153 1082 diligentibus
2185 1009 2355 1074 legem
2389 1008 2540 1056 luam
2573 1017 2591 1052 :

1437 1111 1506 1165 El
1535 1122 1646 1163 non
1677 1111 1758 1161 est
1784 1103 1900 1158 illis
1926 1098 2269 1156 scandalum.

1366 1202 1410 1258 C
1439 1199 1557 1256 Pax
1587 1193 1796 1260 multa,
1831 1189 2050 1246 scilicet
2099 1183 2333 1248 mentis,
2365 1185 2420 1235 et
2475 1177 2698 1250 puritas
2739 1177 2794 1228 et
2828 1168 2956 1224 ﬁdei

1294 1289 1487 1363 copia.
1521 1287 1804 1341 Caeterum
1837 1273 2323 1335 tribulationibus
2349 1271 2405 1324 in
2440 1268 2546 1321 hoc
2575 1263 2793 1320 mundo
2827 1260 2961 1314 sub-

1287 1353 1451 1454 jadet
1479 1373 1582 1448 qui
1615 1372 1803 1444 legem
1817 1366 2012 1437 diligit
2036 1369 2093 1419 et
2122 1380 2183 1418 se
2199 1358 2488 1416 famulum
2513 1354 2610 1410 Dei
2637 1353 2957 1424 prolitetur,

1294 1436 1357 1525 in
1383 1436 1602 1538 quibus
1631 1436 1950 1529 trvanquilla
1983 1458 2176 1509 mente
2209 1452 2426 1504 manet.
2461 1447 2506 1500 A
2537 1444 2604 1498 Et
2636 1457 2748 1497 non
2778 1441 2869 1493 est
2892 1436 2959 1489 il-

1294 1556 1372 1614 lis
1401 1525 2034 1614 scandalum-scilicet
2058 1542 2148 1597 lex
2180 1538 2302 1602 Dei,
2337 1536 2388 1590 id
2420 1540 2508 1588 est
2531 1549 2643 1586 non
2669 1525 2960 1582 scandali-

1293 1613 1510 1702 aantur
1557 1639 1618 1694 in
1649 1637 1797 1710 lege,
1851 1633 1951 1688 ubi
1984 1647 2114 1686 eam
2157 1645 2272 1682 non
2329 1621 2690 1690 intelligunt,
2743 1613 2962 1671 scilicet

1296 1731 1500 1808 potius
1529 1729 1901 1789 venerantur,
1933 1725 1991 1775 et
2021 1735 2084 1774 se
2105 1734 2218 1770 non
2245 1711 2566 1781 intelligere
2592 1712 2649 1761 et
2681 1717 2958 1772 magnum

1297 1789 1523 1894 aliquid
1554 1815 1735 1872 latere
1764 1811 1848 1866 ibi
1881 1803 2319 1864 alﬁrmant.Nec
2353 1800 2525 1854 etiam
2549 1801 2636 1850 est
2663 1789 2958 1860 diligenti-

1297 1883 1420 1966 bus
1443 1907 1544 1963 Dei
1579 1904 1768 1975 legem
1789 1895 2139 1956 scandalum
2161 1888 2446 1964 quidquid
2475 1883 2740 1940 homines
2762 1883 2957 1949 agant.

1294 1998 1358 2055 id
1389 2000 1482 2053 est
1508 2010 1625 2050 non
1652 1987 2135 2047 scandalizentur
2164 1981 2222 2036 in
2249 1978 2423 2034 malis
2447 1973 2754 2030 hominum
2783 1968 2964 2039 operi-

1295 2088 1438 2152 bus,
1468 2088 1534 2141 ut
1562 2081 1799 2147 cadant,
1832 2076 2012 2132 etiam
2045 2071 2095 2127 si
2130 2067 2434 2140 religiosos
2457 2078 2694 2136 peccare
2712 2060 2962 2123 videant,

1296 2175 1414 2248 ipsi
1447 2188 1563 2229 non
1596 2171 1865 2243 peccant.

1297 2243 1405 2320 1—66
1444 2257 1837 2332 Exspectabam
1863 2253 2110 2308 salutare
2139 2257 2312 2313 tuum,
2347 2243 2574 2300 Domine
2606 2256 2618 2293 :

1441 2353 1506 2406 Ει
1525 2348 1785 2404 mandata
1819 2353 1914 2400 tua
1937 2340 2132 2396 dilexi.

1370 2445 1418 2498 A
1446 2445 1486 2496 C
1516 2435 1945 2510 Exspectabant
1975 2429 2286 2486 adventum
2318 2420 2529 2479 Christi
2557 2417 2741 2473 sancti
2771 2421 2963 2486 patres

1296 2529 1510 2588 veteris
1541 2504 1708 2599 legis.
1752 2523 1820 2578 Et
1867 2519 2147 2575 mandata
2194 2517 2323 2584 ejus
2370 2511 2716 2571 dilexerunt,
2768 2504 2823 2557 id
2875 2507 2964 2554 est

1299 2620 1490 2676 Deum
1521 2620 1579 2671 et
1598 2589 1937 2687 proximum
1971 2605 2310 2674 diligebant.
2344 2601 2692 2668 Exspectant
2723 2599 2778 2646 ct
2819 2589 2964 2661 justi

1305 2724 1468 2764 nova:
1497 2683 1667 2776 legis,
1699 2699 2024 2757 salutarem
2047 2691 2257 2748 Christi
2285 2686 2605 2742 secundum
2629 2683 2960 2742 adventum,

1307 2799 1377 2852 ut
1405 2775 1608 2851 secum
1640 2791 1700 2844 in
1730 2786 1920 2859 gloria
1950 2784 2321 2837 coronentur.
2347 2775 2650 2844 Exspectat
2679 2787 2816 2838 ergo
2849 2775 2964 2821 tota

1309 2881 1588 2947 Ecclesia,
1621 2894 1750 2950 quas
1781 2872 1884 2931 Dei
1912 2870 2192 2927 mandata
2213 2862 2626 2935 diligit,Jesum
2651 2859 2961 2913 Dominum

1311 2971 1570 3030 salutare
1599 2964 1891 3024 omnium.

1315 3059 1424 3118 167
1463 3055 1762 3116 Custodiuil
1791 3051 1982 3108 animo
2015 3063 2133 3102 mea
2163 3042 2469 3100 testinwnia
2499 3047 2593 3094 tua
2626 3056 2644 3093 :

1447 3149 1516 3204 Et
1543 3144 1743 3202 dilexit
1762 3157 1827 3197 ea
1847 3138 2206 3196 vehementer.

1377 3231 1791 3296 CCustodivit,
1842 3227 1916 3284 ad
1965 3222 2336 3282 tolerantiam
2372 3217 2624 3292 pertinet
2673 3211 2958 3284 martyrii.

1301 3329 1350 3384 A
1379 3322 1802 3382 Custodiuntur
1831 3316 1986 3373 enim
2021 3314 2122 3369 Dei
2155 3307 2514 3370 testimonia,
2547 3305 2688 3359 dum
2722 3319 2836 3356 non
2865 3318 2956 3354 ne-

1304 3419 1517 3490 gantur
1543 3429 1556 3467 :
1590 3411 1700 3466 hoc
1729 3412 1823 3464 est
1851 3409 2177 3476 martyrum
2211 3399 2494 3454 ot'licium.
2527 3395 2569 3448 C
2595 3391 2800 3454 Dilexi,
2831 3406 2964 3443 vero

1305 3479 1755 3581 adcharitatem
1808 3495 2081 3567 pertinet,
2112 3485 2419 3544 tormentis
2461 3481 2737 3538 omnibus
2769 3479 2963 3533 fortio-

1307 3573 1456 3658 rem,
1489 3605 1615 3660 qua:
1648 3586 1922 3640 ﬂammas
1969 3579 2170 3643 vincit,
2200 3576 2424 3649 gladios
2477 3575 2738 3643 superat,
2769 3573 2824 3622 et
2853 3584 2964 3622 ca:-

1306 3656 1450 3737 lesti
1471 3656 1688 3732 virtute
1718 3675 1931 3728 cuncta
1957 3665 2335 3724 transcendit.
2373 3663 2502 3718 ideo
2545 3665 2764 3720 autem.
2793 3656 2963 3711 vehe-

1313 3771 1562 3834 menter,
1593 3761 1756 3828 dicit,
1790 3758 1929 3831 quia
1958 3756 2205 3823 perfeeta
2236 3749 2466 3808 dilectio
2507 3765 2622 3804 non
2653 3747 2826 3802 habet
2850 3762 2967 3798 mo-

1313 3859 1484 3921 dum,
1516 3851 1617 3909 sed
1649 3848 1829 3906 totius
1860 3846 2038 3902 animi
2069 3843 2292 3899 nisibus
2315 3837 2742 3912 explicatur,ita
2775 3840 2965 3889 utnec

1312 3951 1576 4016 tempore
1597 3938 1794 4011 aliquo
1818 3941 2022 4000 cesset,
2058 3949 2160 3988 nec
2183 3929 2366 3986 animi
2400 3934 2628 3998 torpore
2661 3924 2962 3979 lentescat.

1314 4034 1420 4090 168
1456 4031 1682 4088 Servavi
1708 4024 1968 4082 mandata
1994 4028 2087 4078 tua
2117 4029 2167 4077 et
2195 4018 2509 4075 testimonia
2535 4019 2632 4070 tua

1457 4121 1599 4190 Quia
1627 4133 1810 4176 omnes
1837 4117 1945 4171 via:
1973 4127 2112 4169 mea?
2141 4114 2200 4166 in
2228 4119 2512 4178 conspectu
2546 4109 2658 4159 tuo.

1376 4211 1425 4268 H
1455 4189 1658 4266 Servat
1716 4203 1998 4261 mandata
2039 4205 2098 4257 et
2139 4196 2499 4261 testimonia,
2533 4192 2632 4264 qui
2683 4191 2804 4246 vias
2864 4189 2959 4245 Dei

1305 4304 1464 4359 recto
1493 4314 1672 4355 cursu
1701 4293 2051 4358 incedit,nec
2082 4288 2406 4359 quidquam
2433 4283 2492 4337 in
2516 4280 2760 4347 actu,vel
2785 4279 2960 4344 dicto,

1303 4394 1407 4447 aut
1434 4387 1690 4460 cogitatu
1721 4383 1864 4456 agit,
1897 4379 2054 4452 quod
2099 4377 2296 4431 divina
2345 4369 2836 4442 contemplatione
2866 4368 2960 4423 ha-

1304 4481 1514 4536 beatur
1542 4475 1876 4546 indignum.
1909 4467 2057 4534 Quia
2087 4480 2293 4522 omnes
2326 4462 2425 4518 via:
2465 4477 2601 4514 mea:
2623 4481 2642 4526 ,-
2665 4457 2707 4514 C
2739 4458 2868 4512 ideo
2900 4473 2961 4511 se

1297 4567 1442 4625 dicit
1472 4579 1736 4622 servasse
1768 4559 2068 4620 mandata,
2125 4555 2265 4627 quia
2312 4567 2516 4607 omnes
2560 4550 2684 4602 vias
2709 4548 2836 4618 ejus
2868 4547 2952 4600 di-

2205 432 2271 494 S.
2315 421 2710 490 BRUNONIS
2753 411 3375 481 HERBIPOLENSIS
3420 407 3792 472 EPISCOPI.

2991 3285 3036 3353 ρ
3144 3259 3550 3353 Cllruclubunt
3583 3256 3737 3311 labia
3769 3254 4076 3327 hymnum,
4111 3254 4352 3326 quando
4384 3251 4588 3326 Spiritu
4615 3247 4690 3305 Dei

4565 408 4660 469 460

2736 571 2747 608 :
2775 555 2942 606 bene-
2981 551 3026 616 Λ
3064 548 3259 604 ruerit.
3298 546 3372 599 nil
3413 545 3560 598 ultra
3591 558 3845 614 quirrere
3879 536 4335 609 habebit.lpsius
4356 542 4439 592 est
4467 537 4660 608 signum

3067 655 3179 707 quo
3210 634 3491 704 l't'ilt'lllpll
3541 631 3810 687 canimus
3843 647 3854 684 :
3888 628 4192 700 Signatum
4244 631 4337 682 est
4385 643 4545 699 super
4583 645 4666 683 nos

3067 725 3263 780 lumen
3295 722 3490 776 vultus
3523 721 3628 784 tui,
3663 718 3923 774 Domine.

3299 811 3342 866 ll
3377 810 3418 865 Β
3454 810 3600 865 ΤΙιιιιι
3630 827 3648 863 :
3677 811 3920 874 signum,
3953 805 4033 861 vel
4063 805 4477 860 consummatio.

3071 902 3174 958 169
3210 901 3615 972 Appropinqu
3663 895 3992 966 depraecatio
4039 909 4161 948 mea
4207 894 4270 948 in
4314 897 4577 964 conspectu
4603 901 4674 948 tuo

3207 991 3700 1128 lilii-(llllglzquiinn
3736 1060 3890 1110 tuum
3921 1052 3990 1107 da
4021 1053 4163 1107 mihi
4192 1053 4536 1107 intellectum.

3139 1152 3179 1202 C
3207 1150 3350 1203 Cum
3389 1147 3531 1218 petit
3580 1145 3788 1200 cohors
3819 1147 4155 1197 sanctorum
4194 1142 4506 1196 orationem
4535 1157 4671 1195 suam

3069 1235 3402 1308 Conspectui
3437 1233 3734 1289 Dominico
3760 1229 4434 1304 propinquare,ostendit
4462 1229 4673 1284 multum

3069 1343 3196 1380 esse
3225 1325 3392 1394 longe
3425 1323 3494 1377 ab
3522 1323 3724 1377 eodem
3758 1321 3872 1376 Deo
3906 1319 4278 1391 praesentiam
4329 1324 4674 1390 peccandum,

3071 1414 3348 1486 quoniam
3385 1412 3464 1466 illi
3501 1411 3660 1465 nulla
3691 1411 3837 1463 fiunt
3871 1406 4283 1480 proxima,nisi
4335 1423 4456 1478 qua:
4484 1407 4678 1461 fuerunt

3070 1503 3376 1559 sanctitate
3419 1505 3681 1572 purgata.
3716 1498 3864 1553 Petit
3913 1496 4110 1568 itaque
4141 1500 4203 1550 ut
4244 1495 4555 1550 secundum
4581 1494 4679 1550 elo-

3071 1592 3274 1663 quium
3307 1589 3402 1644 Dei
3438 1589 3645 1659 sapiat,
3680 1603 3750 1641 ne
3799 1584 4054 1639 vanitate
4103 1588 4161 1638 et
4209 1583 4568 1655 perversitate
4595 1583 4681 1638 hu-

3073 1698 3256 1735 mante
3273 1678 3591 1750 prudentia
3608 1677 4041 1745 submergatur.
4061 1675 4106 1727 Λ
4131 1671 4230 1726 Vel
4255 1672 4564 1727 secundum
4586 1672 4682 1726 elo-

3071 1767 3360 1840 quium,id
3379 1761 4336 1836 cstpromissum;promisitenim:
4363 1758 4682 1816 intellectum

3072 1859 3174 1912 tibi
3208 1855 3729 1911 dalioetinstruam
3765 1847 4244 1920 tetl’sul.xxu).H
4269 1849 4354 1905 Da
4389 1849 4685 1920 mihiigitur

3074 1947 3245 2001 talem
3271 1943 3652 2007 intellectum,
3680 1947 3743 1995 ut
3767 1940 3908 1996 nihil
3934 1938 4095 1994 aliud
4133 1954 4316 2011 quam
4331 1937 4483 2010 quod
4497 1941 4684 2010 oportet

3073 2035 3371 2088 exnrcm.(‘.
3393 2032 3515 2087 Non
3540 2031 3694 2084 enim
3717 2026 4078 2084 intellectum
4105 2028 4473 2083 mundanum
4496 2026 4634 2098 petit.

3077 2127 3176 2179 170
3215 2123 3380 2178 Intret
3408 2122 3704 2192 postulatio
3737 2135 3852 2172 mea
3887 2120 3944 2172 in
3974 2122 4260 2188 συνωμοσία
4294 2125 4386 2174 luo
4417 2135 4434 2170 :

3216 2211 3518 2266 Secundum
3549 2211 3826 2280 eloquium
3860 2215 4012 2261 tuum
4046 2208 4195 2278 eripe
4227 2223 4333 2262 me.

3145 2303 3186 2356 (Ζ
3221 2299 3518 2355 (J‘radatim
3555 2297 3819 2352 ascendit
3844 2300 4046 2349 sancta
4071 2293 4272 2366 petitio
4298 2311 4313 2361 ;
4340 2310 4472 2350 nam
4489 2293 4691 2366 quiante

3073 2391 3294 2444 dixerat
3337 2405 3348 2441 :
3403 2386 3849 2458 appropinquct,
3901 2398 4056 2438 nunc
4101 2383 4290 2438 dicit:
4329 2384 4521 2448 intret,
4558 2383 4688 2454 prius

3074 2479 3229 2534 enim
3266 2479 3450 2531 fuerat
3476 2481 3536 2529 ut
3557 2471 4292 2546 appropinquarct,deinde
4319 2477 4382 2526 ut
4403 2471 4471 2526 ad
4493 2485 4685 2541 conspe-

3073 2575 3231 2623 ctum
3292 2567 3386 2619 Dei
3437 2566 3649 2618 inti-are
3701 2563 4006 2634 potuisset,
4039 2564 4336 2631 quatenus
4386 2558 4570 2615 omnia
4611 2574 4688 2630 per

3074 2658 3261 2730 ipsius
3287 2656 3532 2725 gratiam
3566 2667 3990 2720 cognoscamus
4023 2648 4343 2720 impleri,et
4375 2647 4513 2704 nihil
4537 2646 4686 2719 appli-

3074 2764 3274 2800 cemus
3309 2745 3575 2797 humana:
3599 2739 3996 2810 virtuti,etqui
4020 2744 4154 2792 ante
4184 2737 4332 2792 dixit
4365 2755 4379 2792 :
4409 2737 4686 2792 secundum

3074 2833 3368 2906 eloquium
3405 2838 3568 2885 tuum
3602 2830 3674 2882 da
3707 2827 4094 2892 intellectum,
4125 2826 4220 2882 hic
4249 2826 4429 2882 dicit:
4451 2825 4593 2898 eripe
4618 2839 4685 2878 me

3073 2921 3498 2986 etiam,scilicet
3525 2918 3845 2974 secundum
3877 2917 4172 2984 allectum,
4207 2921 4271 2971 ut
4305 2931 4556 2989 superna
4581 2911 4692 2967 desi-

3074 3013 3291 3068 derem.

3077 3103 3170 3156 171
3214 3098 3542 3153 Erucmbunl
3574 3097 3721 3150 labia
3754 3112 3868 3149 mea
3898 3095 4166 3164 hymnum
4191 3111 4211 3149 :

3212 3175 3348 3228 Cum
3370 3171 3611 3223 docueris
3643 3185 3725 3221 me
3747 3168 4171 3236 justi/iculioncs
4201 3164 4351 3221 luusl

4783 2431 4785 2488 l

4783 3023 4786 3084 Ι

3077 3349 3292 3421 repleta
3325 3351 3540 3410 suut,et
3572 3346 3640 3400 ad
3668 3361 3988 3416 supernum
4013 3342 4380 3398 intellectum
4403 3340 4691 3414 disponitur

3075 3456 3266 3493 sermo
3297 3455 3506 3492 sensus
3540 3433 3737 3489 divini.
3771 3436 3913 3488 Cum
3958 3432 4229 3488 docueris
4278 3449 4400 3503 me,
4446 3427 4691 3504 promittit

3072 3527 3227 3583 enim
3259 3526 3504 3599 gratiam
3529 3542 3646 3579 sua:
3675 3522 3996 3578 devotionis
4016 3539 4148 3576 cum
4173 3520 4414 3577 Domini
4439 3521 4579 3576 dona
4597 3532 4690 3571 sus

3075 3615 3361 3689 ceperit.ll
3395 3614 3450 3669 Si
3484 3613 3637 3669 enim
3665 3630 3765 3684 per
3798 3629 4002 3683 puram
4027 3611 4452 3667 conscientiam
4477 3611 4690 3665 reserata

3075 3707 3290 3762 fuerint
3321 3721 3351 3758 a
3385 3709 3438 3758 te
3472 3702 3626 3757 labia
3649 3719 3774 3756 mea
3795 3707 3931 3755 tunc
3950 3699 4197 3772 dignum
4218 3698 4574 3756 laudationis
4593 3709 4688 3767 pro-

3076 3798 3268 3850 ferunt
3301 3794 3604 3864 hynnum.

3077 3886 3178 3940 I72
3216 3882 3600 3939 Pronuntiabit
3630 3882 3820 3948 lingua
3851 3896 3968 3932 mea
4001 3879 4280 3949 eloquium
4316 3883 4472 3934 luum
4502 3895 4520 3932 :

3217 3956 3352 4022 Quia
3387 3956 3570 4007 munia
3604 3951 3856 4006 mandata
3889 3960 3983 4005 tua
4011 3952 4268 4021 .rquitas.

3144 4046 3185 4099 C
3216 4043 3366 4099 Nihil
3392 4047 3480 4097 est
3509 4042 3665 4096 enim
3709 4039 3866 4094 aliud
3909 4038 3968 4094 in
4004 4038 4257 4110 eloquiis
4285 4039 4430 4104 tuis,
4470 4035 4686 4094 Domine,

3075 4134 3184 4190 nisi
3220 4150 3328 4206 pax
3361 4137 3416 4187 et
3449 4131 3714 4202 aequitas,
3746 4135 3804 4184 et
3825 4127 4088 4183 vita.lloc
4117 4128 4294 4184 corde
4323 4128 4574 4186 credam.
4608 4122 4687 4176 hoc

3075 4223 3244 4280 labiis
3289 4223 3512 4292 loquar,
3564 4219 3672 4274 hoc
3740 4217 3942 4289 lingua
3995 4219 4396 4289 pronuntiem.
4449 4216 4490 4271 C
4539 4209 4688 4270 Nimis

3070 4313 3224 4369 enim
3244 4310 3532 4383 culpabile
3546 4313 3630 4362 est
3643 4307 3820 4373 ,relict
3833 4325 3877 4360 is
3894 4307 4104 4361 divinis
4118 4306 4396 4378 eloquiis,
4411 4305 4484 4361 ad
4503 4305 4687 4374 ineptas

3072 4401 3274 4458 mundi
3302 4398 3530 4455 fabulas
3560 4403 3616 4452 et
3643 4397 3828 4452 otiosa
3849 4396 4025 4451 verba
4053 4395 4466 4467 transire,qu:e
4496 4405 4689 4449 noneo-

3072 4492 3191 4546 lum
3228 4507 3336 4544 non
3372 4487 3745 4562 prosunt,sed
3778 4491 3833 4541 et
3864 4486 4101 4551 obsunt,
4147 4485 4402 4541 Domino
4449 4483 4683 4540 dicente:

3069 4580 3149 4636 De
3178 4579 3335 4634 omni
3368 4578 3540 4633 verbo
3586 4576 3770 4631 otioso
3821 4574 4066 4630 reddent
4113 4573 4390 4629 homines
4440 4571 4684 4628 rationem

1297 4663 1517 4732 gnatus
1547 4659 1640 4712 est
1668 4650 1957 4742 Dominus
1988 4645 2382 4742 intendere,ut
2413 4657 2528 4742 non
2559 4636 2958 4742 suisnviribus,
2988 4657 3034 4723 ι)
3068 4669 3278 4742 (ηαηὴ,
3313 4671 3435 4722 ιω.

1295 4725 1504 4804 divinae
1553 4740 1823 4817 potentia:
1872 4752 2050 4793 suum
2100 4750 2272 4806 posse
2319 4731 2645 4801 deputaret.
2688 4725 2958 4781 Fuissent

1293 4835 1454 4892 enim
1483 4834 1586 4891 viai
1619 4831 1751 4902 ejus
1779 4843 1929 4885 caeca
1977 4827 2144 4880 nocte
2176 4820 2454 4883 confusae,
2487 4815 2600 4872 nisi
2630 4831 2829 4870 verum
2865 4812 2952 4868 lu-

1293 4941 1429 4982 men
1457 4939 1559 4980 eas
1593 4919 1938 4993 dignaretur
1967 4912 2250 4986 aspicere.
2271 4909 2528 4979 Negatur
2555 4921 2690 4975 ergo
2721 4902 2772 4958 ei
2803 4920 2957 4957 erro-

1295 5029 1418 5070 rem
1444 5007 1755 5084 prievalere
1787 5002 2052 5079 potuisse
2097 5001 2199 5073 qui
2233 5014 2294 5054 se
2336 4996 2640 5068 proﬁtetur
2670 4993 2956 5064 respicere

1295 5104 1594 5158 auctorem
1631 5095 1893 5151 luminis.

1478 5201 1880 5240 ARGUMENTUM
1909 5194 2276 5244 SEQUENTIUM
2308 5192 2448 5231 OCTO
2479 5187 2774 5228 VERSUUM.

1370 5275 1414 5332 C
1442 5277 1487 5328 Β
1516 5273 1862 5329 Sanctorum
1890 5271 2106 5326 chorus
2127 5271 2416 5340 quantum
2441 5263 2511 5318 ad
2535 5264 2707 5316 linem
2739 5257 2952 5332 psalmi

1296 5362 1533 5422 vicinus
1563 5364 1905 5426 est,tantum
1938 5376 2000 5414 se
2027 5357 2260 5413 Christo
2290 5353 2584 5409 desiderat
2615 5347 2952 5422 proximari,

1302 5457 1479 5523 atque
1513 5448 1642 5504 ideo
1673 5448 1981 5502 adventurm
2012 5443 2242 5501 Domini
2267 5439 2580 5497 Salvatoris
2611 5438 2953 5493 desiderans

1303 5539 1450 5612 petit
1477 5541 1543 5592 ut
1567 5551 1731 5592 ovem
1773 5535 2056 5606 perditam
2107 5547 2374 5588 revocare
2416 5529 2646 5600 pietatis
2677 5545 2794 5583 sua:
2828 5543 2954 5581 mu-

1305 5642 1444 5682 nere
1472 5624 1765 5698 dignetur.
1791 5623 1836 5678 Β
1865 5621 1994 5694 Ipse
2038 5626 2128 5677 est
2151 5636 2288 5689 ergo
2321 5619 2488 5673 nobis
2518 5614 2781 5671 omnium
2813 5632 2953 5671 con-

1308 5713 1622 5812 commotio
1643 5707 2097 5785 virtutum,Quia
2113 5707 2452 5784 quicunque
2465 5719 2601 5764 eum
2620 5703 2815 5764 videre
2839 5721 2954 5764 me-

3068 4760 3169 4814 173
3209 4759 3334 4812 Fiat
3361 4772 3558 4809 manus
3588 4761 3679 4809 tua
3711 4760 3771 4808 ut
3797 4754 3965 4808 sali-et
3992 4769 4080 4808 me
4104 4769 4118 4808 :

3204 4830 3476 4899 Quoniam
3505 4827 3767 4880 mandata
3800 4834 3895 4880 tua
3923 4826 4084 4893 elegi.

3132 4916 3173 4972 C
3201 4917 3348 4972 Dum
3380 4915 3650 4978 dicit,tiat
3683 4930 3895 4968 manus
3921 4917 4042 4977 tua,
4087 4910 4361 4982 designat
4407 4905 4686 4966 Dominum

3062 5006 3439 5069 Salvatorem,
3473 5019 3576 5075 per
3607 5019 3783 5074 quem
3817 5003 3969 5057 facta
3999 5005 4140 5057 sunt
4169 5007 4228 5056 et
4263 5005 4549 5073 reguntur
4585 4990 4684 5048 nai-

3061 5111 3249 5152 versa.
3282 5091 3544 5148 Postulat
3590 5107 3727 5160 ergo
3757 5089 3951 5145 venire
3983 5089 4294 5145 Dominum
4336 5088 4680 5144 Salutarem.

3063 5184 3221 5249 Quod
3258 5187 3450 5240 autem
3482 5178 3798 5251 dicit,elegi
3828 5178 4105 5234 mandata
4125 5177 4459 5242 tua,omnia
4484 5192 4543 5230 se
4564 5169 4684 5245 peri-

3063 5274 3195 5330 cula
3224 5277 3460 5346 propter
3489 5284 3749 5324 amorem
3784 5268 3882 5323 Dei
3918 5267 4323 5339 postposuisse
4356 5268 4608 5322 testatur.

3061 5365 3166 5422 471i
3205 5361 3499 5440 goncupiivi
3527 5359 3973 5440 salu_t_are_mum.
4007 5357 4235 5413 Domine
4267 5373 4282 5412 :
4783 5357 4785 5424 ἠ

3201 5437 3266 5489 El
3296 5431 3388 5488 lex
3415 5441 3507 5487 tua
3539 5431 3821 5485 meditatio
3850 5447 3972 5485 mea
4001 5438 4101 5485 est.

3131 5527 3176 5580 A
3205 5524 3247 5579 C
3275 5522 3537 5578 Salutare
3570 5519 3759 5575 Patris
3790 5517 4060 5574 Christus
4079 5517 4295 5588 est,qui
4321 5534 4435 5574 nos
4457 5509 4677 5572 salvam.

3059 5615 3223 5670 Hunc
3245 5617 3301 5667 et
3327 5615 3547 5666 veteres
3578 5609 3762 5664 sancti
3795 5607 4315 5680 concupierunt,et
4339 5619 4498 5662 nunc
4525 5597 4679 5659 Bedes

3060 5705 3146 5764 sia
3177 5699 3535 5779 concupiscit
3563 5698 3758 5757 videre
3782 5696 4132 5758 aterealiter
4151 5696 4212 5756 in
4240 5696 4479 5754 dextera
4503 5689 4676 5751 Patris.
