3878 6454
175 510 291 571 461

170 751 243 790 ea
271 732 447 789 video
477 747 660 803 quem
690 736 977 803 exspecto.

170 841 280 894 175
363 838 517 891 Vivet
549 837 748 890 anima
777 852 895 892 mea
926 844 977 892 et
1001 836 1248 893 laudabit
1277 844 1326 892 te
1359 853 1373 893 :

357 930 427 982 Et
445 924 673 996 judicia
697 932 791 980 tua
822 924 1160 996 adjuvabunt
1190 942 1291 980 me.

242 1014 284 1069 C
315 1013 683 1069 Promittens
716 1012 970 1068 Ecclesia
1000 1013 1257 1068 animam
1289 1028 1456 1067 suam
1482 1012 1539 1067 in
1562 1015 1839 1066 aiternum

166 1102 581 1173 vivere,quam
608 1104 848 1156 noverat
864 1100 1201 1157 salutariter
1220 1099 1840 1170 credidisse,laudabo,

166 1189 457 1261 inquit,te
488 1188 719 1244 cantico
752 1186 973 1243 scilicet
1004 1189 1333 1260 novo,quod
1368 1186 1541 1243 homo
1574 1186 1671 1242 ille
1691 1186 1844 1242 salu-

166 1278 382 1333 tariter
405 1277 724 1332 innovatus
742 1292 948 1332 canere
970 1274 1396 1332 debet.Judicia
1424 1292 1555 1331 vero
1578 1275 1677 1331 illa
1700 1274 1843 1331 dicit

165 1385 233 1422 se
265 1367 577 1437 adjuvare,
614 1380 743 1436 quzs
776 1380 838 1419 se
868 1364 926 1419 in
960 1363 1198 1420 famulis
1231 1364 1357 1419 suis
1391 1364 1678 1419 facturum
1700 1379 1836 1435 pro-

166 1454 359 1522 misit,
397 1452 625 1509 scilicet
660 1469 673 1507 :
705 1451 932 1521 Venite,
966 1452 1253 1507 benedicti
1278 1452 1654 1507 Patris.Tunc
1679 1451 1836 1506 enim

165 1543 429 1615 perfecte
461 1540 654 1596 credit
684 1557 746 1595 se
776 1540 1198 1611 adjuvandum,
1231 1539 1467 1612 quando
1497 1538 1606 1594 erit
1644 1540 1835 1610 justo-

165 1647 303 1686 rum
340 1644 637 1684 numerus
668 1628 740 1682 ad
774 1627 1069 1683 dexteram
1101 1627 1496 1683 collocandus.

170 1737 276 1792 176
353 1736 563 1791 Erravi
590 1736 737 1789 sicut
764 1735 882 1789 ovis
912 1749 1039 1806 qum
1060 1736 1261 1806 periit:

350 1828 569 1898 Quaere
594 1839 817 1878 servum
846 1824 1161 1896 tuum,quia
1190 1822 1451 1879 mandata
1470 1825 1565 1877 tua
1585 1836 1694 1876 non
1713 1838 1835 1876 sum

422 1911 658 1967 oblitus.

1428 512 1830 573 EXPOSITIO
1877 512 2382 576 PSALMORUM.

175 646 317 702 Ideo
347 643 511 698 enim
548 643 739 715 legem
771 647 932 699 tuam
955 660 1187 716 semper
1209 644 1757 715 meditor,quouiam
1784 643 1839 697 in
1869 646 1926 708 Α
1956 643 1979 695 1

3475 519 3595 582 462

2096 644 2173 698 Ad
2205 647 2502 700 Dominum
2529 662 2651 702 cum
2680 648 2979 705 tribularer
3005 650 3241 705 clamavi

2094 731 2159 785 Et
2179 732 2442 789 cxaudivi
2462 751 2563 791 me.

2023 818 2065 872 C
2095 818 2322 876 Primus
2353 820 2549 895 itaque
2578 825 2797 896 gradus
2821 825 3104 881 virtutum
3135 825 3359 900 incipit,
3384 824 3443 882 in
3475 843 3590 899 quo

1952 906 2236 981 Propheta
2260 910 2621 965 confessiene
2642 910 3002 985 lacrymabili
3026 914 3171 985 petit
3196 930 3256 971 se
3286 914 3355 969 de
3385 915 3592 970 mundi

1950 991 2121 1048 istius
2152 995 2523 1055 tribulatione
2553 998 2805 1055 liberari.
2838 1002 3197 1073 Quapropter
3224 1004 3281 1057 et
3318 1001 3586 1057 auditum

1950 1097 2011 1163 se
2041 1082 2483 1154 dicit,quoniam
2512 1085 2569 1140 in
2597 1086 2972 1145 tribulatione
3001 1089 3287 1145 clamavit.
3304 1088 3589 1145 Dominus

1949 1169 2103 1225 enim
2137 1172 2323 1226 nescit
2352 1172 2598 1241 dilferre,
2634 1192 2807 1246 quem
2859 1180 3207 1249 compuncto
3253 1176 3425 1233 corde
3474 1176 3587 1232 sibi

1948 1258 2198 1313 senserit
2228 1260 2575 1332 supplicare.
2610 1263 2741 1326 Quae
2772 1281 2904 1319 vero
2935 1265 3014 1320 sit
3042 1263 3359 1336 tribulatio,
3390 1280 3425 1319 a
3471 1280 3591 1336 qua

1948 1360 2009 1401 se
2039 1344 2272 1401 liberari
2308 1348 2467 1419 petit,
2490 1350 2764 1406 subditur
2796 1369 2808 1407 :
2838 1352 3100 1421 Domine,
3118 1351 3302 1409 libera
3330 1352 3586 1408 animam

1946 1448 2158 1498 meam,
2192 1438 2299 1490 etc.

1942 1541 1978 1594 2
2092 1543 2315 1596 Domine
2344 1542 2516 1599 libera
2538 1545 2783 1599 animam
2810 1561 2983 1601 meam
3011 1563 3045 1601 a
3074 1545 3240 1601 labiis
3261 1546 3469 1619 iniquis
3496 1563 3510 1601 :

2085 1634 2140 1692 σξη
2193 1629 2257 1683 Et
2299 1634 2313 1694 ζ
2356 1646 2388 1684 a
2420 1631 2614 1700 lingua
2641 1631 2843 1687 dolosa.

2014 1713 2055 1768 C
2086 1714 2232 1770 Petit
2261 1732 2323 1771 se
2353 1716 2587 1774 liberari
2618 1718 2922 1791 Propheta,
2947 1720 3021 1776 ab
3052 1718 3269 1793 iniquis
3298 1719 3587 1776 suasioni-

1942 1800 2235 1869 bus,unde
2266 1803 2590 1862 humanum
2622 1821 2805 1879 genus
2844 1808 3082 1863 corruit.
3115 1807 3283 1875 Nam,
3316 1823 3449 1863 cum
3498 1823 3589 1863 ve-

1942 1890 2126 1945 nisset
2155 1909 2393 1965 serpens
2443 1894 2515 1949 ad
2564 1894 2761 1962 Evam,
2795 1895 2942 1951 dixit
2987 1910 3090 1969 per
3136 1893 3293 1950 labia
3333 1893 3581 1968 iniqua:

236 2004 277 2056 C
306 1999 436 2056 Vox
468 1998 574 2055 illa
601 1996 874 2054 Ecclesiae
904 2002 992 2053 est
1021 2001 1077 2053 et
1107 1996 1373 2053 omnium
1403 1996 1737 2062 electorum,
1755 1996 1831 2050 si-

1994 1994 2057 2032 ur
2078 1994 2192 2033 non
2223 1979 2591 2037 manducetis
2618 1981 2690 2037 de
2712 1981 2821 2038 hoc
2849 1980 3147 2055 ligno(Gen
3176 1985 3284 2051 ιιι).
3315 1985 3580 2055 Cumque

164 2094 263 2146 cut
291 2093 353 2146 et
384 2092 548 2144 totus
580 2086 850 2160 psalmus
882 2085 1110 2142 iste.Ait
1138 2085 1296 2141 enim
1329 2083 1427 2140 ille
1456 2084 1629 2140 homo
1662 2100 1831 2157 gene-

164 2176 445 2249 ralis,qui
478 2173 541 2231 in
571 2175 764 2232 Adam
794 2176 1168 2243 erraverat,at
1198 2174 1268 2228 ad
1302 2171 1500 2228 caulas
1529 2171 1629 2228 Dei
1650 2188 1753 2244 per
1770 2187 1832 2228 se

165 2267 358 2323 redire
389 2281 511 2321 non
546 2262 1085 2336 poterat,quoniam
1108 2278 1326 2317 munus
1356 2260 1501 2315 illud
1532 2259 1831 2332 sapientiae

162 2353 506 2428 perdiderat
537 2351 698 2424 quod
731 2350 983 2407 habebat
1015 2366 1029 2405 :
1064 2348 1259 2405 Erravi
1308 2349 1497 2421 quasi,
1531 2365 1564 2404 a
1614 2348 1705 2403 via
1732 2351 1834 2403 tua

163 2439 796 2509 discessi,etvitiorum
813 2438 1001 2493 invias
1023 2437 1368 2493 solitudines
1390 2453 1576 2493 cazcus
1598 2436 1828 2491 intravi.

159 2534 322 2587 sicut
351 2530 503 2597 ovis,
538 2528 669 2585 ovis
702 2526 814 2583 ista
843 2526 1019 2582 unica
1057 2530 1145 2581 est
1192 2530 1536 2580 cunctorum
1570 2523 1828 2579 fidelium

161 2616 563 2693 congregatio.
597 2616 671 2672 Et
719 2614 865 2670 bene
915 2613 1139 2669 dictum
1167 2619 1276 2678 est,
1307 2630 1433 2684 qua:
1465 2611 1733 2685 perierat,
1769 2615 1832 2667 ut

160 2723 483 2782 agnoceres
514 2704 685 2760 illam
716 2701 1118 2759 misericordia
1140 2701 1242 2757 Dei
1272 2700 1455 2757 fuisse
1479 2704 1825 2772 reparatam.

162 2793 632 2864 Quaere,Christo
664 2790 912 2847 Domino
943 2789 1460 2860 dicitur,quouiam
1483 2793 1539 2844 te
1569 2788 1830 2843 humana

160 2881 543 2941 imbecillitas
573 2896 694 2935 non
727 2882 918 2952 potest
947 2877 1301 2950 perquirere.
1328 2875 1575 2931 Additur
1597 2892 1829 2948 quoque

163 2970 571 3045 requisitionis
602 2984 785 3024 causa
814 2982 830 3022 :
866 2964 1006 3037 quia
1053 2966 1350 3033 mandata,
1382 2969 1516 3031 etc.;
1550 2963 1826 3035 quoniam

162 3061 268 3117 iste
288 3062 460 3132 juste
493 3055 820 3129 requiritur
844 3054 942 3126 qui
976 3054 1253 3109 mandata
1279 3052 1381 3108 Dei
1404 3069 1517 3108 non
1550 3052 1830 3125 probatur

167 3149 400 3205 oblitus.

633 3265 842 3306 ORATIO
880 3265 948 3304 EX
986 3264 1142 3303 PSAL.
1184 3263 1377 3303 CXVIII.

1939 2064 2039 2120 illa
2068 2067 2464 2139 respondisset
2495 2085 2529 2124 a
2559 2072 2670 2125 Deo
2702 2069 2882 2126 fuisse
2925 2069 3308 2142 prohibitum,
3354 2069 3435 2127 ait
3480 2086 3584 2143 per

1938 2152 2199 2227 linguam
2223 2154 2481 2211 dolosam
2504 2156 2879 2215 :Manducate
2891 2163 2948 2214 et
2962 2157 3124 2214 eritis
3140 2157 3292 2214 sicut
3311 2156 3583 2232 dii(lbid.)

1938 2260 1973 2313 3
2081 2260 2223 2328 Quid
2251 2265 2410 2316 detur
2439 2262 2544 2317 tibi
2569 2272 2667 2320 aut
2694 2263 2825 2335 quid
2854 2271 3160 2335 apponatur
3178 2263 3284 2320 tibi
3315 2279 3329 2320 :

2079 2347 2157 2403 Ad
2187 2349 2437 2417 linguam
2464 2350 2742 2408 dolosam?

2009 2434 2050 2491 C
2084 2435 2406 2493 Revertitur
2434 2439 2720 2511 Propheta
2748 2440 2820 2496 ad
2852 2439 3363 2513 interrogationem
3385 2455 3576 2496 suam.

1937 2522 2148 2587 Quzerit
2178 2529 2381 2581 contra
2400 2526 2625 2583 facinus
2650 2532 2767 2583 tam
2791 2528 3288 2587 immanissimum
3309 2525 3480 2599 quale
3498 2544 3582 2583 re-

1937 2611 2195 2667 medium
2223 2611 2330 2669 sibi
2366 2616 2623 2671 crederet
2653 2634 2781 2672 esse
2811 2615 3437 2689 praestandum,sed,ne
3466 2618 3579 2670 tar-

1935 2700 2097 2755 daret
2126 2700 2340 2756 Christi
2373 2703 2679 2773 auxilium,
2713 2705 3002 2763 medicina
3032 2704 3298 2777 sequitur
3327 2701 3582 2776 postula-

1938 2790 2014 2856 ta,
2049 2805 2218 2844 versu
2252 2792 2517 2862 sequenti
2554 2810 2566 2848 :

1936 2893 1970 2947 4
2078 2895 2303 2964 Sagittae
2328 2899 2559 2967 potentis
2590 2906 2768 2956 acuta?
2798 2915 2812 2953 :

2076 2982 2209 3037 Cum
2230 2985 2556 3039 carbonibus
2574 2985 2934 3043 desolatoriis.

2005 3068 2045 3122 C
2074 3070 2217 3124 Ecce
2248 3070 2392 3125 illud
2421 3073 2746 3129 remedium
2775 3074 2996 3131 invenit
3020 3074 3175 3146 quod
3199 3071 3357 3129 labia
3375 3071 3578 3144 iniqua

1932 3157 2195 3213 destruat
2226 3175 2237 3212 :
2272 3159 2502 3233 Sagittae
2524 3162 2774 3233 potentis
2794 3162 3179 3232 acutm,verba
3205 3165 3347 3217 sunt
3364 3160 3574 3217 divina:

1932 3243 2098 3316 legis,
2131 3246 2346 3317 quibus
2376 3248 2550 3305 corda
2580 3249 3009 3306 adversantium
3033 3249 3192 3305 velut
3219 3248 3574 3320 quibusdam

237 3360 438 3416 palma
470 3357 662 3414 ιοιίυε
693 3353 1093 3420 beatitudinis,
1129 3352 1408 3423 Deusaui
1441 3351 1642 3408 ﬁdeles
1669 3354 1823 3417 tuos,
1856 3354 1899 3423 ρ
1926 3333 2143 3423 jaculis
2176 3336 2621 3394 transferantur.
2655 3337 2944 3394 Carbones
2973 3336 3327 3405 desolatorii,
3349 3335 3460 3392 hoc
3487 3340 3578 3393 est

169 3454 232 3505 ut
259 3449 317 3504 in
347 3447 480 3520 lege
514 3451 619 3501 tua
648 3440 1314 3510 ambulent,testimonia
1341 3443 1444 3495 tua
1472 3444 1824 3507 scrutentur,

170 3537 446 3592 mandata
468 3531 815 3590 custodiant
835 3529 1091 3585 salubris
1111 3529 1371 3601 provisor
1389 3527 1828 3590 informas.con-

171 3626 303 3680 cede
334 3623 510 3679 nobis
534 3619 996 3693 justificationes
1027 3622 1160 3672 tuas
1190 3621 1307 3671 toto
1346 3616 1516 3670 corde
1548 3631 1823 3687 quaerere,

170 3711 394 3784 eloquia
426 3707 784 3779 intelligere,
809 3703 1101 3761 mirabilia
1130 3703 1438 3775 praedicare
1471 3708 1534 3758 ut
1563 3704 1662 3775 qui
1694 3703 1825 3758 hac-

170 3805 335 3856 tenus
362 3798 541 3872 quasi
574 3795 818 3868 perditae
849 3811 984 3849 oves
1023 3793 1346 3848 erravimus
1392 3792 1509 3847 tuis
1557 3792 1669 3863 piis
1716 3791 1824 3846 hu-

173 3888 343 3945 meris
375 3885 614 3943 restitui
647 3883 920 3956 paradiso
950 3880 1291 3954 gloriemur.
1325 3880 1431 3945 Qui
1460 3880 1603 3935 vivis
1651 3884 1707 3935 et
1738 3895 1822 3934 re-

174 3991 334 4047 gnas,
367 3982 480 4030 etc.

729 4101 1055 4158 PSALMUS
1093 4101 1280 4158 CXIX.

599 4208 957 4250 ARGUMENTU
967 4208 1011 4246 Μ
1055 4207 1211 4246 PSAL.
1252 4205 1401 4245 CXIX.

240 4310 279 4364 Ο
307 4312 343 4366 Β
370 4310 620 4367 Cantica
649 4307 943 4381 graduum
975 4305 1203 4362 cantica
1224 4303 1634 4359 ascensionum
1665 4306 1827 4369 sunt,

180 4399 383 4468 quibus
400 4400 474 4455 ad
500 4413 768 4470 superna
788 4392 1511 4463 conscenditur.Propbeta
1529 4390 1744 4445 clamat
1757 4389 1829 4445 ad

181 4484 511 4555 Dominum,
532 4491 601 4542 ut
630 4484 913 4540 liberetur
959 4483 1032 4539 ab
1078 4482 1319 4553 iniquis,
1352 4479 1834 4549 vehementerque

190 4575 460 4646 afﬂigitur
488 4572 745 4649 quod,in
778 4571 888 4626 hac
915 4571 1031 4626 vita
1061 4569 1284 4625 diutius
1313 4582 1833 4634 commorans,ma-

184 4659 362 4718 lorum
393 4661 782 4734 permistione
813 4661 1229 4732 praegravatur.

609 4766 728 4822 'l'l‘.
781 4766 1067 4822 Canticum
1104 4761 1397 4832 graduum.

249 4872 288 4927 C
315 4873 451 4930 Novi
482 4872 730 4945 quidem
758 4870 914 4926 tituli
970 4874 1027 4925 et
1078 4867 1376 4923 mirabiles
1428 4865 1781 4922 inchoantur
1817 4881 1832 4921 :

187 4956 477 5017 Canticum
510 4961 831 5034 graduum.
861 4960 1003 5014 Cum
1037 4957 1256 5031 gradus
1287 4955 1561 5010 audimus
1592 4953 1649 5008 in
1679 4951 1833 5024 psal-

190 5046 430 5113 mis,non
447 5046 750 5120 corporeis
765 5046 1068 5119 gressibus
1087 5044 1458 5116 suspicemur
1477 5041 1834 5102 subeundos,

189 5134 279 5189 sed
312 5137 524 5193 mentis
556 5135 924 5207 accipiamus
961 5149 1293 5190 ascensum.
1331 5131 1460 5186 ldeo
1501 5129 1654 5186 enim
1687 5146 1835 5200 prae-

194 5219 428 5278 missum
459 5229 549 5281 est
578 5223 897 5289 canticum,
923 5227 988 5277 ut
1021 5221 1129 5278 hoc
1160 5220 1352 5292 potius
1384 5220 1455 5275 ad
1485 5219 1691 5274 animis
1713 5233 1838 5289 pro-

193 5313 405 5365 vectum
439 5311 741 5385 applicare
771 5309 1111 5366 debeamus.
1137 5309 1208 5363 Et
1236 5308 1455 5378 gradus
1485 5306 1582 5363 isti
1604 5305 1837 5361 humili-

195 5395 317 5451 tatis
347 5405 485 5455 sunt
514 5414 824 5465 ascensus,
857 5413 1107 5470 quorum
1139 5395 1365 5467 primus
1396 5398 1485 5448 est
1516 5393 1733 5449 relictio
1782 5397 1839 5448 et

198 5483 467 5543 confessio
500 5492 904 5559 peccatorum.
940 5487 985 5540 A
1017 5483 1173 5539 Nihil
1206 5483 1360 5538 enim
1394 5480 1546 5537 aliud
1598 5481 1653 5536 in
1710 5480 1839 5535 istis

204 5572 426 5629 canticis
457 5575 749 5632 docemur
779 5590 957 5647 quam
989 5572 1303 5629 ascendere
1333 5569 1389 5623 in
1434 5570 1624 5635 corde,
1655 5570 1713 5623 in
1755 5567 1838 5623 af-

198 5653 338 5714 fectu
366 5660 545 5733 bono,
572 5664 634 5720 in
691 5661 831 5731 fide,
863 5665 921 5721 et
975 5676 1099 5741 spe,
1133 5657 1433 5726 charitate,
1463 5656 1521 5713 in
1554 5655 1842 5719 desiderio

204 5741 321 5804 vlta
349 5752 597 5815 sternte.

1935 3422 2111 3494 digne
2141 3425 2631 3495 compunctionis,
2662 3443 2787 3498 quae
2819 3425 3196 3483 solitudinem
3226 3427 3283 3481 et
3312 3425 3574 3481 devasta-

1934 3509 2151 3565 tionem
2183 3517 2239 3566 et
2267 3511 2684 3569 desolationem
2716 3514 2775 3570 in
2809 3520 3004 3571 mente
3025 3514 3163 3569 facit
3182 3516 3577 3586 peccatorum,

1933 3601 1991 3651 et
2038 3604 2248 3671 purgat
2290 3599 2527 3657 livorem
2574 3607 2967 3674 peccatorum.
3005 3605 3052 3658 A
3096 3600 3221 3669 Vel,
3268 3600 3571 3670 carbones,

1932 3684 2029 3740 isti
2061 3691 2200 3741 sunt
2228 3689 2575 3761 exemplaris
2605 3690 2723 3747 vita
2751 3697 3110 3748 sanctorum.

1930 3796 1968 3849 5
2089 3798 2198 3854 Hei
2222 3794 2391 3850 mihi!
2424 3798 2557 3868 quia
2586 3797 2854 3853 incolatu:
2896 3814 3049 3853 meus
3088 3796 3440 3868 prolongata:
3467 3801 3575 3858 est;

2180 3885 2427 3938 habitavi
2454 3900 2578 3938 cum
2607 3884 2980 3941 habitantibus
3010 3886 3220 3943 Cedar:

2073 3974 2321 4029 Multum
2351 3972 2531 4026 incola
2553 3972 2663 4042 fuil
2690 3974 2882 4027 anima
2902 3987 3042 4029 mea.

2006 4060 2047 4115 C
2077 4059 2207 4115 Heil
2242 4074 2434 4113 sermo
2458 4059 2710 4115 dolentis
2734 4061 3003 4131 est,quod
3025 4061 3202 4134 hujus
3223 4064 3429 4121 mundi
3450 4081 3579 4138 pro-

1936 4148 2159 4203 lixitate
2188 4144 2671 4216 fatigetur.Quam
2704 4147 2997 4218 querelam
3028 4155 3261 4208 sanctos
3302 4151 3580 4210 habuisse

1938 4252 2051 4290 non
2087 4234 2334 4289 dubium
2366 4236 2474 4287 est.
2498 4232 2808 4300 Incolatus,
2842 4234 3135 4306 significat
3164 4240 3581 4311 peregrinatio-

1939 4338 2103 4387 nem;
2134 4319 2326 4376 incola
2354 4324 2442 4376 est
2471 4321 2649 4387 enim,
2683 4322 2782 4393 qui
2814 4323 2885 4377 ad
2914 4327 3149 4396 tempus
3180 4330 3393 4383 terram
3442 4326 3583 4384 colit

1940 4410 2211 4473 alienam,
2243 4412 2298 4463 et
2329 4426 2364 4463 a
2392 4407 2582 4479 patria
2611 4424 2720 4464 sua
2747 4408 2919 4481 longe
2938 4411 3274 4482 disjunctus
3303 4415 3580 4480 εει.ουοά

1941 4499 2012 4554 de
2034 4497 2151 4553 illis
2173 4496 2378 4552 merito
2405 4495 2898 4568 dieitur,quorum
2929 4500 3287 4557 conversatio
3323 4502 3382 4557 in
3422 4502 3582 4558 cmlis

1941 4591 2031 4642 est
2059 4587 2319 4657 (Philipp.
2354 4584 2671 4655 In).Cedar,
2703 4584 3028 4655 Hebraeum,
3061 4587 3480 4661 interpretatur
3507 4597 3583 4646 te-

1942 4677 2149 4743 nebrae,
2180 4679 2238 4729 et
2283 4672 2577 4745 signiﬁcat
2625 4677 2967 4745 praesentem
3021 4676 3332 4744 mundum,
3365 4677 3424 4733 in
3468 4692 3584 4750 quo

1942 4762 2165 4818 malitia
2192 4764 2477 4833 regnat,et
2504 4764 2793 4817 amatores
2819 4761 3005 4833 ipsius
3020 4763 3342 4821 tenebrosis
3360 4764 3586 4822 actibus

1944 4848 2505 4906 involutos.Mu1tum
2539 4848 2729 4904 incola
2755 4849 3027 4922 fuit,quia
3055 4855 3391 4908 sanctorum
3417 4868 3585 4909 mens

1946 4938 2040 4995 hic
2071 4938 2390 4994 incolatum
2424 4937 2642 5009 patitur
2672 4937 2769 4994 ubi
2802 4939 2913 4995 sub
2944 4937 3105 4995 nullo
3125 4940 3338 5013 gaudio
3364 4940 3588 4998 habita-

1945 5043 2007 5082 re
2036 5026 2425 5098 cognoscitur.

1943 5132 1979 5186 6
2089 5134 2221 5187 Cum
2250 5131 2336 5186 his
2365 5131 2465 5201 qui
2492 5129 2724 5187 oderunt
2748 5148 2933 5205 pacem
2963 5148 3115 5189 eram
3138 5134 3400 5206 paciﬁcus
3430 5151 3444 5191 :

2089 5220 2223 5275 Cum
2255 5219 2513 5290 loquebar
2542 5219 2658 5273 illis
2686 5221 3081 5291 impugnabant
3099 5238 3185 5278 me
3203 5224 3429 5294 -j-gratis
3467 5226 3516 5287 ζ.

2013 5306 2055 5361 C
2082 5305 2182 5361 Ille
2212 5306 2368 5360 enim
2399 5304 2522 5359 odit
2550 5321 2750 5376 pacem
2783 5308 2881 5380 qui
2910 5323 3025 5363 non
3069 5314 3227 5365 amat
3271 5308 3589 5364 Christum.

1946 5394 2115 5449 Eram
2149 5393 2426 5466 pacificus
2474 5407 2607 5447 cum
2661 5395 2840 5465 pacis,
2874 5395 3095 5451 scilicet
3140 5395 3416 5465 inimicis,
3447 5391 3592 5449 illud

1944 5481 2198 5554 implens
2255 5479 2654 5553 evangelicum
2709 5497 2722 5536 :
2774 5481 3008 5555 Diligite
3060 5482 3329 5540 inimicos
3372 5483 3594 5535 vestros

1946 5569 2095 5637 (Mat.
2140 5572 2218 5638 v).
2270 5566 2643 5640 Loquebatur
2688 5568 2865 5625 etiam
2915 5570 3212 5641 pacificus,
3267 5583 3381 5623 non
3430 5565 3593 5634 inju-

1949 5656 2132 5725 rians,
2163 5656 2263 5713 sed
2294 5655 2756 5730 impugnabatur
2782 5656 2987 5730 gratis,
3015 5657 3154 5717 dum
3194 5650 3592 5710 contentiones

1950 5741 2193 5809 fallaces
2220 5746 2516 5825 pateretur
2546 5740 2618 5801 ab
2643 5740 3007 5803 inﬂammata
3034 5739 3357 5817 Iniquitate.
