3878 6438
156 575 202 634 5
278 573 614 634 Benedictus
645 572 907 630 Dominus

276 666 388 734 Qui
418 679 527 723 non
561 661 715 719 dedit
744 677 842 717 nos
872 662 930 716 in
967 669 1292 732 captionem
1322 661 1573 714 (lenaeus
1600 670 1806 712 eorum.

1428 430 1838 498 EXPOSITIO
1879 428 2392 504 PSALMORUM.

1870 568 1924 635 Α
1955 565 2013 622 in
2046 568 2290 625 circuitu
2328 567 2473 643 :Lille
2508 568 2694 643 eniml
2714 566 2919 626 circuit
2959 569 3171 627 auxilio
3222 576 3445 628 aterna
3494 572 3594 628 de-

3469 416 3600 498 ιτο

1963 656 2245 714 fensionis
2273 676 2393 725 eos,
2425 676 2571 731 quas
2614 658 2723 715 sibi
2759 650 2956 716 ﬁdeles
3001 676 3129 716 esse
3172 662 3483 733 cognoscit.
3516 664 3600 720 Ex

238 755 289 811 Η
321 754 542 810 Dentes
574 752 672 808 hic
723 748 1227 806 numerositatem
1280 747 1474 819 signat
1503 744 1794 812 vitiorum,
1826 761 1861 801 a
1959 746 2069 802 hoc
2100 764 2253 802 nunc
2286 764 2299 802 :
2332 746 2486 803 istud
2520 748 2795 804 sacculum
2841 749 3149 823 signiﬁcat.
3182 750 3374 824 Usque
3402 750 3462 806 in
3488 769 3591 807 sa-

162 844 393 918 quibus
423 858 497 897 ne
524 840 855 912 capiamur,
879 835 1067 910 gratia
1094 834 1196 891 Dei
1225 852 1289 891 er
1309 834 1524 890 uimur.

157 935 197 988 6
273 932 480 987 Anima
508 936 702 985 nostra
730 929 874 983 sicut
896 942 1086 998 passer
1114 932 1301 995 erepta
1330 927 1410 979 est
1439 940 1460 978 .-

272 1022 354 1076 De
386 1020 583 1091 laqueo
610 1016 949 1072 venantium.

158 1112 193 1164 7
272 1109 532 1179 Laqueus
560 1106 834 1161 contritus
861 1106 940 1159 est
968 1117 982 1156 :

272 1198 343 1252 Et
369 1211 470 1252 nas
500 1194 731 1249 liberati
752 1206 958 1247 sumus.

233 1285 283 1341 Η
318 1282 681 1340 Tenduntur
709 1278 878 1335 nobis
920 1276 1137 1349 laquei,
1159 1276 1219 1332 in
1251 1273 1741 1347 concupiscentiis
1770 1291 1841 1330 ac

161 1372 420 1430 diversis
450 1369 685 1427 astutia
729 1366 1025 1423 diabolica
1073 1364 1245 1421 dolis.
1272 1364 1383 1421 Sed
1432 1362 1680 1419 contrito
1712 1363 1835 1417 dia-

158 1461 295 1518 bolo
326 1460 446 1516 sub
478 1455 733 1531 pedibus
765 1454 981 1512 nostris
1002 1453 1128 1526 (qui
1151 1453 1322 1509 nobis
1350 1451 1595 1524 laqueus
1624 1452 1730 1521 est)
1756 1450 1836 1507 si-

158 1555 260 1607 cut
291 1563 504 1622 passer
533 1544 774 1617 sapiens
803 1548 861 1598 et
889 1545 1141 1605 astutus,
1169 1540 1468 1596 evolamus
1497 1540 1569 1594 ab
1600 1538 1725 1594 illo.

157 1642 193 1695 8
263 1636 630 1709 Adjutorium
658 1636 912 1689 nostrum
938 1632 1001 1685 in
1028 1630 1252 1685 nomine
1280 1629 1505 1684 Domini
1536 1644 1548 1683 :

268 1726 391 1797 Qui
418 1724 552 1796 fecit
579 1722 778 1778 caelum
803 1724 855 1775 et
880 1727 1104 1775 terram.

235 1815 282 1871 l-l
314 1810 705 1884 Adjutorium
735 1811 1006 1864 nostrum
1037 1806 1096 1862 in
1139 1804 1376 1861 nomine
1415 1803 1642 1859 Domini
1678 1819 1691 1856 :
1729 1801 1836 1857 hoc

160 1908 250 1961 est
281 1916 509 1959 nomen
540 1898 702 1971 quod
733 1900 824 1953 est
852 1912 1030 1968 super
1058 1910 1233 1951 omne
1262 1909 1496 1959 nomen,
1530 1892 1711 1963 hujus
1738 1907 1834 1945 no-

163 1991 345 2050 minis
377 1986 707 2060 atﬁutorio,
733 1983 940 2040 mortis
963 1983 1281 2039 vincuntur
1309 1980 1525 2052 laquei,
1556 1979 1607 2036 si
1640 1979 1700 2034 in
1732 1976 1832 2033 illo

163 2093 524 2139 maneamus
554 2073 739 2131 afﬁxi.

230 2170 273 2226 C
302 2168 466 2223 Bene
495 2179 638 2236 ergo
662 2163 724 2217 in
744 2159 949 2233 quinto
979 2158 1164 2231 gradu
1195 2157 1489 2223 dicuntur,
1512 2156 1612 2227 qui
1636 2171 1834 2227 corpo-

164 2274 293 2314 reos
319 2256 382 2311 in
417 2252 699 2326 passione
743 2258 952 2305 sens'us
994 2246 1242 2305 Domino
1284 2245 1526 2316 juvante
1557 2260 1831 2315 superare

160 2345 505 2403 valuerunt.

635 2443 843 2483 ORATIO
881 2443 951 2482 ΒΧ
988 2441 1146 2481 PSAL.
1187 2439 1376 2478 CXXIII.

232 2518 556 2588 Conclude,
574 2515 843 2583 Domine,
858 2513 1082 2569 hiantia
1101 2530 1203 2569 ora
1222 2508 1635 2581 malorum,qui
1665 2508 1831 2564 savis

166 2606 671 2668 obtrectationum
694 2602 969 2658 dentibus
992 2617 1192 2657 vorare
1216 2598 1515 2655 nituntur:
1546 2601 1608 2653 ut
1640 2596 1738 2668 qui
1762 2596 1832 2651 de

167 2704 368 2756 nostra
386 2694 612 2751 virtute
644 2690 992 2758 difﬁdimus,
1012 2688 1266 2746 nominis
1288 2686 1377 2742 tui
1398 2685 1686 2758 adjutorio
1710 2701 1833 2740 mu-

171 2789 427 2845 niamur.
453 2784 568 2839 Per
603 2779 919 2837 Dominum
950 2782 1216 2833 nostrum
1246 2776 1469 2841 Jesum,
1500 2776 1608 2830 etc.

715 2864 1041 2923 PSALMUS
1079 2864 1314 2921 CXXIV.

600 2970 1009 3013 ARGUMENTUM
1049 2970 1202 3008 PSAL.
1235 2967 1419 3007 CXXIV.

240 3050 545 3109 CClamat
576 3044 866 3119 propheta
912 3042 1085 3098 nobis
1131 3040 1193 3096 in
1241 3038 1487 3111 Domino
1534 3037 1831 3093 conﬁden-

1958 835 2155 891 culum
2193 854 2206 891 :
2238 835 2382 892 illud
2426 836 2567 892 dicit
2622 838 2923 904 saeculum,
2953 839 3049 894 ubi
3100 839 3226 910 jam
3285 840 3505 896 sanctis
3534 842 3593 897 in

1957 924 2263 995 majestate
2293 924 2384 980 sui
2415 924 2655 982 luminis
2684 927 3116 999 apparebit.Sed
3140 944 3245 983 cur
3276 928 3597 1000 prabeatur

1954 1012 2068 1068 ista
2094 1013 2354 1069 defensio
2380 1019 2801 1086 consequenter
2829 1016 3153 1088 exponitur.

1987 1102 2021 1156 3
2093 1102 2235 1170 Quia
2261 1118 2371 1157 non
2402 1104 2670 1175 relinquet
2696 1105 2955 1160 Dominus
3001 1106 3211 1177 virgam
3253 1114 3595 1177 peccatorum

2160 1206 2327 1262 super
2352 1200 2548 1247 sortem
2567 1193 2844 1263 justorum
2876 1211 2889 1248 :

2096 1278 2159 1335 Ut
2199 1296 2307 1335 non
2331 1280 2659 1357 extendant
2670 1281 2812 1352 justi
2864 1281 2937 1337 ad
2994 1281 3342 1356 iniquitatem
3394 1300 3591 1340 manus

2159 1383 2305 1423 suas.

2019 1454 2060 1510 C
2089 1454 2299 1528 Virga:
2335 1456 2469 1513 boni
2500 1457 2753 1531 malique
2785 1462 3038 1532 potestas
3077 1459 3459 1533 signiﬁcatur,
3494 1460 3588 1517 hic

1948 1546 2143 1598 autem
2176 1544 2235 1598 in
2274 1544 2490 1600 malam
2543 1551 2764 1618 partem
2809 1547 2991 1618 accipi
3050 1548 3423 1605 manifestum
3475 1553 3586 1605 est.

1947 1630 2085 1685 Sors
2107 1631 2405 1701 justorum
2430 1651 2443 1688 :
2482 1637 2571 1689 est
2596 1633 2797 1706 religio
2826 1635 3174 1703 Christiana,
3204 1653 3379 1708 supra
3410 1654 3587 1709 quam

1948 1734 2062 1773 non
2090 1719 2233 1775 sinit
2262 1719 2530 1777 Christus
2578 1721 2799 1794 virgam
2836 1727 3195 1793 peccatorum
3223 1724 3302 1792 (id
3344 1729 3431 1780 est
3475 1726 3586 1780 ini-

1949 1822 2123 1877 quam
2150 1811 2491 1878 potestatem
2513 1812 2916 1881 tyrannorum)
2933 1809 3155 1866 diutius
3178 1810 3496 1885 insurgere,
3517 1829 3588 1868 ne

1948 1894 2260 1950 Ecclesiam
2285 1896 2385 1952 Dei
2413 1896 2639 1969 possint
2661 1896 3006 1970 longissima
3030 1900 3428 1971 persecutione
3450 1917 3585 1957 con-

1945 1984 2147 2038 terere.
2176 1983 2247 2038 Ut
2296 2002 2410 2039 non
2460 1986 2773 2040 extendant
2823 1986 2894 2042 ad
2952 1986 3320 2059 iniquitatem
3374 2006 3584 2045 manus

1944 2086 2102 2137 suas,
2130 2071 2175 2126 H
2208 2072 2262 2126 id
2294 2078 2403 2139 est,
2431 2076 2495 2127 ut
2524 2089 2638 2129 non
2678 2075 2966 2146 cogitent:
3002 2075 3141 2147 quid
3176 2074 3317 2130 mihi
3351 2078 3585 2147 prodest

1942 2159 2093 2229 quod
2119 2159 2321 2228 justus
2351 2177 2503 2226 sum,
2538 2160 2584 2215 si
2616 2178 2848 2233 semper
2885 2167 3316 2235 persequuntur
3346 2181 3437 2219 me
3469 2164 3581 2221 ini-

1942 2245 2089 2316 qui?
2121 2244 2228 2301 hoc
2256 2250 2381 2302 est:
2408 2252 2473 2302 ut
2502 2249 2832 2304 sustineant
2870 2249 3074 2319 malos,
3099 2255 3156 2306 et
3206 2268 3321 2307 non
3369 2252 3584 2308 faciant

1942 2332 2096 2388 mala
2123 2350 2136 2388 :
2173 2351 2286 2389 non
2319 2334 2473 2390 enim
2501 2336 2598 2390 diu
2648 2336 2925 2409 relinquit
2954 2337 3107 2395 Deus
3138 2337 3312 2395 talem
3358 2339 3581 2413 virgam

1940 2438 2121 2492 super
2143 2424 2360 2492 justos,
2394 2422 2528 2479 licet
2555 2423 2653 2479 diu
2689 2425 2953 2481 videatur
2981 2426 3309 2484 imbecillis.

1969 2512 2001 2566 4
2067 2514 2319 2582 Bene/“ac,
2351 2514 2586 2568 Domine

2087 2602 2249 2656 Bonis
2277 2609 2327 2656 ct
2358 2602 2516 2657 rectis
2545 2601 2719 2657 corde.

2009 2689 2050 2744 C
2073 2689 2243 2761 Optat
2273 2688 2456 2760 igitur
2485 2689 2767 2763 prOpheta
2797 2689 2888 2744 bis
2928 2691 3051 2745 ﬁeri
3083 2691 3323 2758 bonum,
3346 2692 3445 2766 qui
3477 2711 3582 2750 nc-

1939 2776 2135 2832 sciunt
2175 2793 2209 2832 a
2256 2776 2502 2833 Domino
2551 2794 2726 2849 prava
2768 2775 3063 2834 voluntate
3110 2779 3387 2851 separari.
3421 2780 3581 2837 Recti

1938 2865 2109 2920 corde
2130 2864 2395 2937 sunt,qui
2421 2869 2596 2920 Deum
2620 2869 2962 2937 sequuntur,
2988 2870 3044 2921 et
3072 2883 3186 2921 non
3219 2867 3417 2939 praire
3439 2884 3578 2924 con-

1937 2951 2205 3006 tendunt.
2227 2952 2273 3006 H
2296 2952 2364 3007 Et
2384 2950 2481 3024 qui
2500 2968 2667 3007 suam
2686 2952 3044 3010 voluntatem
3062 2954 3271 3010 divina
3292 2954 3576 3011 voluntati

1938 3038 2325 3103 conformant,
2352 3056 2468 3095 non
2495 3039 2750 3095 divinam
2776 3040 3132 3098 voluntatem
3159 3042 3231 3098 ad
3259 3038 3429 3099 suam
3450 3060 3575 3099 cur-

174 3141 335 3206 dum,
376 3156 450 3194 ne
496 3135 844 3191 laboremus
890 3131 1189 3188 incassum
1224 3145 1237 3184 :
1272 3132 1515 3199 petens:
1550 3129 1613 3181 ut
1660 3126 1832 3182 rectis
1935 3142 2071 3182 vare
2095 3125 2318 3183 volunt.

174 3227 560 3303 prosperitas,
593 3220 796 3295 pravis
824 3218 1080 3275 vindicta
1108 3215 1425 3290 proveniat.

626 3310 747 3366 TT.
781 3308 1069 3364 Canticum
1093 3305 1386 3377 graduum.

244 3409 283 3463 C
312 3401 600 3473 Quamvis
631 3396 796 3456 scala
819 3397 932 3452 ista
960 3393 1253 3460 salutaris,
1276 3393 1626 3466 competenti
1656 3408 1838 3447 reme-

176 3493 269 3551 dio
296 3491 571 3548 videatur
591 3501 728 3542 esse
748 3486 1123 3539 constructa:
1148 3480 1311 3537 nulla
1338 3485 1532 3536 tamen
1563 3480 1837 3535 ﬁrmitate

177 3580 586 3643 consistimus,
618 3573 738 3630 nisi
780 3570 898 3627 illic
926 3569 1155 3627 Domini
1185 3569 1466 3642 regimine
1495 3574 1835 3626 teneamur:

177 3688 303 3743 qua
334 3676 541 3725 tamen
565 3661 840 3721 ascensio
867 3661 931 3715 ﬁt
953 3663 1166 3724 mente,
1190 3675 1306 3713 non
1329 3674 1585 3729 corpore.
1611 3657 1757 3712 Nam
1778 3654 1837 3710 in

180 3777 293 3816 uno
321 3756 522 3829 magis
570 3753 705 3809 loco
758 3750 1049 3812 sedentes,
1080 3752 1138 3802 et
1175 3746 1393 3802 cellula
1442 3746 1558 3801 situ
1606 3743 1838 3811 reclusi,

180 3846 479 3905 efficacius
509 3843 666 3899 istos
696 3838 916 3911 gradus
945 3835 1319 3893 ascendimus
1340 3850 1516 3907 quam
1548 3834 1597 3889 si
1624 3850 1724 3905 per
1744 3832 1843 3887 ho-

182 3938 408 3992 minum
441 3948 551 3989 ora
579 3927 921 3985 volitemus.

218 4025 244 4078 1
321 4022 441 4095 Qui
466 4016 763 4087 conﬁdunt
792 4014 852 4068 in
881 4012 1109 4068 Domino
1143 4010 1284 4065 sicut
1328 4025 1481 4065 mons
1525 4009 1659 4065 Sion
1689 4025 1702 4063 :
1737 4022 1844 4063 non

393 4104 833 4164 commovebitur
859 4102 918 4156 in
947 4108 1220 4157 aeternum
1249 4115 1269 4152 .·

326 4200 437 4268 Qui
470 4194 693 4252 habitat
720 4193 782 4247 in
807 4188 1166 4245 Hierusalem.

257 4289 303 4343 Α
325 4288 574 4343 Sextum
618 4279 869 4353 gradum
902 4275 1185 4339 ascendit,
1208 4275 1361 4345 quod
1401 4271 1753 4329 omnimodis
1789 4272 1847 4326 in

195 4375 439 4431 Domino
464 4369 800 4433 conﬁdens,
828 4381 934 4421 nec
961 4362 1342 4437 prosperitate
1363 4361 1651 4417 malorum
1666 4360 1851 4415 homi-

196 4479 329 4519 num
365 4462 593 4517 titubat
625 4458 686 4512 in
719 4455 833 4510 ﬁde
861 4454 933 4509 de
966 4457 1116 4508 Deo:
1146 4451 1245 4507 sed
1270 4449 1399 4505 ﬁxis
1419 4448 1720 4522 gressibus
1744 4448 1854 4503 iter

194 4551 250 4605 in
282 4550 467 4606 altum
496 4544 833 4602 continuat.
852 4541 898 4596 Η
926 4540 1087 4607 Sion,
1112 4539 1169 4594 id
1194 4542 1283 4593 est
1308 4536 1656 4609 speculatio:
1680 4535 1854 4608 signi-

196 4640 326 4695 ﬁcat
355 4640 634 4695 sanctam
665 4630 983 4687 electorum
1013 4626 1540 4700 congregationem,
1571 4625 1628 4679 in
1659 4624 1851 4681 altitu-
1884 4644 1935 4708 Β

196 4725 327 4781 dine
354 4715 883 4794 contemplationis
920 4715 1194 4788 positam.
1229 4713 1395 4769 Mons
1424 4712 1607 4783 (juxta
1648 4710 1853 4767 Danie-

196 4811 332 4881 lem)
353 4811 653 4868 Dominus
686 4804 954 4863 Christus
980 4806 1139 4874 (Dan.
1169 4801 1232 4872 ιι)
1262 4816 1275 4857 :
1300 4801 1399 4872 qui
1424 4799 1483 4855 in
1511 4816 1645 4856 eum
1676 4802 1856 4855 totam

199 4916 360 4972 spem
392 4897 584 4973 ponit,
636 4910 753 4951 non
788 4889 1250 4973 commovebitur
1277 4890 1335 4945 in
1372 4892 1652 4943 aternum
1682 4903 1695 4941 :
1721 4887 1861 4959 quia

199 4971 523 5045 conformis
571 4981 833 5040 efficitur
860 4971 1104 5051 'corpori
1161 4975 1356 5049 gloria
1399 4974 1634 5031 Christi.
1668 4976 1709 5030 C
1757 4973 1858 5029 Hic

202 5091 434 5147 quoque
465 5068 865 5137 Hierusalem,
879 5064 1176 5122 caelestem
1198 5080 1326 5119 esse
1352 5062 1600 5135 patriam
1623 5062 1864 5119 adverti-

205 5179 334 5220 mus
350 5166 514 5236 (qua
532 5164 630 5218 est
648 5156 800 5214 visio
822 5154 1005 5227 pacis)
1026 5153 1097 5210 de
1127 5168 1244 5224 qua
1273 5150 1473 5206 nullus
1503 5154 1692 5222 potest
1712 5162 1865 5206 com-

205 5251 415 5307 moveri
449 5249 557 5322 qui
592 5242 816 5303 meruit
848 5242 907 5296 in
937 5258 1007 5297 ea
1035 5239 1332 5296 constitui.

237 5341 269 5393 2
340 5339 547 5395 Montes
578 5337 641 5391 in
667 5332 910 5389 circuitu
938 5329 1058 5400 ejus
1087 5346 1106 5384 :
1136 5336 1188 5383 et
1219 5328 1484 5383 Dominus
1536 5328 1594 5381 in
1630 5328 1867 5382 circuitu

408 5426 617 5499 populi
644 5422 756 5479 sui.

341 5519 428 5571 8a:
457 5515 562 5570 hoc
594 5526 747 5582 nunc
775 5514 827 5563 et
856 5521 1025 5577 usque
1057 5506 1115 5558 in
1143 5504 1427 5560 arculum.

270 5605 311 5657 C
341 5602 444 5658 Hic
477 5598 645 5659 enim
689 5592 1112 5659 montes,viros
1138 5593 1371 5647 sanctos
1396 5589 1704 5661 designant
1730 5606 1742 5643 :
1768 5587 1870 5661 qui

1970 3216 2007 3269 5
2081 3217 2420 3271 Declinantes
2450 3223 2629 3271 autem
2666 3217 2725 3270 in
2753 3217 3108 3285 obligationcs
3136 3218 3361 3275 adducet
3387 3220 3579 3294 Domiq

2152 3320 2257 3358 nus
2283 3319 2405 3359 cum
2428 3304 2775 3375 aperantibus
2804 3306 3151 3377 iniquitatem
3177 3323 3199 3364 ι

2088 3396 2205 3446 Paa:
2233 3408 2394 3463 super
2420 3392 2607 3447 Israel.

2014 3479 2055 3534 C
2085 3478 2327 3535 Pulchre
2369 3480 2609 3535 deﬁnita
2655 3485 2795 3536 sunt
2827 3499 3002 3554 Opera
3048 3482 3375 3555 iniquitatis
3407 3500 3420 3539 :
3454 3500 3583 3541 esse

1947 3566 2241 3639 obligatio,
2274 3585 2400 3639 qua
2432 3586 2536 3623 nos
2583 3568 2827 3625 vinculis
2877 3570 3176 3643 pravitatis
3223 3570 3486 3638 innectit,
3517 3576 3585 3628 ut

1945 3673 2073 3711 esse
2098 3655 2265 3710 liberi
2316 3673 2692 3727 nequeamus,
2726 3674 2858 3713 cum
2890 3657 3107 3715 talibus
3151 3659 3447 3732 tantisque
3492 3659 3584 3715 la-

1950 3744 2115 3815 queis
2144 3743 2618 3818 constringimur.
2646 3746 3030 3816 Declinantes,
3059 3747 3116 3803 id
3148 3752 3259 3815 est,
3282 3749 3454 3820 jussa
3481 3748 3583 3804 Dei

1950 3848 2064 3887 non
2087 3838 2521 3904 persequentes.
2548 3833 2673 3888 Pari
2718 3834 2872 3889 enim
2916 3837 3206 3892 sententia
3234 3840 3499 3907 pereunt,
3530 3839 3590 3892 et

1951 3920 2050 3990 qui
2107 3920 2397 3976 declinare
2445 3922 2616 3991 jussa
2653 3920 2902 3989 Domini,
2935 3926 2991 3978 et
3019 3922 3243 3995 operari
3302 3923 3588 3979 malitiam

1949 4006 2095 4062 velle
2124 4008 2498 4062 contendunt.
2536 4008 2646 4063 Pax
2689 4025 2866 4081 snper
2913 4010 3086 4065 Israel
3123 4028 3135 4066 :
3170 4010 3292 4065 hac
3338 4028 3449 4083 pax
3478 4011 3592 4066 iste

1954 4095 2219 4150 Salvator
2272 4099 2379 4161 est,
2439 4096 2537 4166 qui
2591 4113 2821 4168 semper
2874 4097 3134 4153 defendit
3188 4116 3251 4154 se
3305 4098 3589 4155 videntes.

1956 4182 2001 4237 H
2029 4182 2133 4246 Qui
2166 4182 2341 4237 etiam
2373 4182 2641 4238 auferens
2681 4184 2993 4239 maceriam
3023 4184 3335 4239 inimicitia
3362 4185 3592 4241 Judae-

1957 4286 2088 4325 rum
2111 4273 2169 4325 et
2189 4268 2471 4341 gentium,
2488 4270 2617 4324 fecit
2639 4276 2886 4344 utraque
2909 4270 2967 4326 in
2992 4272 3382 4342 credentibus,
3408 4289 3591 4329 unum

1957 4358 2111 4429 quod
2143 4361 2267 4412 erat
2297 4362 2429 4412 ante
2459 4356 2709 4414 divisum
2743 4360 2957 4431 (Ep/aes.
2990 4361 3074 4433 ιι).

2409 4489 2611 4528 ORATIO
2640 4490 2709 4528 EX
2742 4492 2896 4530 PSAL.
2928 4492 3142 4531 CXXIII].

2034 4585 2284 4659 Repelle,
2313 4587 2577 4651 Domine,
2604 4590 2894 4660 nequitias
2920 4589 3370 4663 insurgentium,
3388 4605 3423 4645 a
3446 4592 3602 4653 sorte

1956 4675 2252 4748 justorum
2279 4693 2291 4730 :
2328 4680 2393 4730 ut
2422 4675 2523 4745 qui
2557 4675 2613 4731 in
2647 4681 2699 4733 te
2730 4682 2849 4733 toto
2879 4678 3051 4734 corde
3075 4679 3396 4742 conﬁdunt,
3423 4676 3603 4733 nullis

1965 4761 2349 4818 tentationum
2398 4762 2689 4820 imbribus
2736 4767 3093 4837 quatiantur.
3136 4767 3242 4822 Per
3287 4763 3603 4821 Dominum

1966 4854 2230 4906 nostrum
2259 4850 2464 4906 Jesum
2494 4850 2787 4907 Christum
2820 4852 3026 4920 ﬁlium,
3056 4858 3166 4909 etc.

2500 5007 2825 5067 PSALMUS
2873 5012 3075 5067 CXXV.

2406 5130 2559 5169 ARGU
2568 5134 2804 5173 MBNTUM
2837 5135 2987 5174 PSAL.
3020 5134 3182 5174 CXXV.

2043 5241 2083 5290 C
2112 5234 2475 5292 Sanctissimi
2510 5238 2614 5292 viri
2666 5240 2895 5297 Domini
2945 5240 3313 5297 miseratione
3362 5238 3611 5304 liberati,

1975 5324 2196 5398 gratias
2226 5328 2445 5396 agunt:
2478 5327 2632 5394 quod
2662 5329 2734 5383 de
2764 5329 3126 5384 obnoxietate
3150 5329 3472 5385 savissima
3492 5340 3617 5398 pec.

1976 5419 2261 5482 catorum,
2289 5412 2345 5466 in
2398 5416 2618 5469 tantam
2668 5419 2915 5488 gratiam
2967 5422 3107 5472 sunt
3146 5416 3381 5489 recepti,
3416 5420 3480 5469 ut
3524 5414 3617 5467 in-

1977 5506 2065 5556 ter
2114 5505 2316 5573 gentes
2371 5500 2754 5571 probarentur
2808 5520 2936 5559 esse
2990 5503 3313 5559 laudabiles
3355 5519 3368 5556 :
3417 5502 3617 5571 depre-

1979 5594 2178 5644 cantes
2210 5593 2273 5643 ut
2302 5587 2602 5658 captivitas
2647 5607 2848 5646 eorum
2889 5593 3318 5646 converteretur
3363 5587 3422 5641 in
3470 5599 3616 5656 gau-

215 5686 579 5748 Hierusalem
612 5684 780 5749 illam
803 5680 1097 5739 caelestem
1128 5678 1476 5736 inhabitant.
1501 5679 1569 5735 Et
1589 5678 1873 5734 Dominus
1982 5676 2164 5732 dium.
