3878 6438
261 439 375 520 in

303 621 310 624 -
723 573 1137 631 TT.Canticum
1162 571 1454 644 graduum.

290 661 319 728 1
397 663 459 722 In
484 663 848 738 convertenda
876 663 1145 722 Dominus
1175 663 1542 733 captivitatun
1573 661 1704 717 Sion
1737 678 1752 716 :

395 753 551 810 Facti
574 768 768 810 sumus
793 754 934 808 sicut
964 752 1252 808 consolati.

325 839 373 902 Η
404 839 720 918 Captivitas
749 840 889 898 Sion
921 840 1054 909 fuit,
1086 857 1221 896 cum
1253 839 1525 897 Ecclesia
1566 843 1929 912 premeretur

248 945 288 993 a
315 927 550 990 cultura
569 928 860 988 idolorum
887 947 901 986 :
925 930 1026 985 sed
1051 945 1328 984 conversa
1363 932 1452 983 est
1477 928 1534 984 in
1561 927 1924 993 libertatem,

255 1018 492 1092 quando
522 1019 776 1077 adventu
829 1018 1081 1087 Domini,
1116 1018 1324 1074 inferni
1373 1016 1607 1073 vincula
1653 1018 1928 1090 disrupta

250 1111 413 1169 sunt.
438 1107 640 1168 CVide
669 1112 868 1168 autem
893 1109 1052 1184 quod
1072 1125 1190 1164 non
1212 1108 1375 1175 dicit,
1404 1106 1536 1162 facti
1559 1124 1770 1162 sumus
1795 1124 1928 1163 con-

261 1195 577 1266 solati,sed
624 1197 759 1258 facti
818 1214 1028 1254 sumus
1085 1197 1238 1253 sicut
1293 1195 1578 1254 consolati
1610 1213 1624 1251 :
1659 1195 1800 1268 quia
1829 1195 1930 1250 illa

258 1285 595 1363 captivitate
621 1287 878 1362 explosa,
900 1303 1014 1344 non
1047 1287 1241 1342 reddit
1271 1303 1378 1342 nos
1399 1285 1640 1342 omnino
1663 1302 1926 1368 securos,

255 1375 442 1432 donec
469 1375 528 1432 in
551 1375 665 1432 isto
692 1393 931 1449 corpore
953 1375 1186 1432 mortali
1211 1391 1536 1441 versamur,
1553 1374 1652 1430 sed
1677 1373 1734 1429 in
1759 1374 1929 1444 beat,

252 1463 618 1533 Hierusalem
643 1464 755 1524 erit
785 1470 940 1522 certa
964 1469 1020 1521 et
1050 1465 1304 1537 perfecta
1326 1463 1670 1520 consolatio.

288 1557 325 1620 2
401 1555 550 1614 Tum:
580 1555 850 1628 repletum
877 1562 956 1612 ost
988 1554 1194 1625 gaudio
1219 1570 1274 1609 os
1306 1562 1554 1610 nostrum
1587 1570 1601 1608 ε

392 1639 480 1708 Et
501 1645 700 1716 lingua
726 1651 913 1700 nostra
942 1645 999 1700 in
1032 1644 1418 1700 exsultatione.

319 1735 360 1788 C
384 1733 551 1790 Tunc
580 1730 868 1808 repletum
899 1736 990 1790 est
1015 1749 1080 1788 os
1125 1731 1208 1805 (id
1252 1737 1343 1791 est
1389 1731 1582 1788 cordis
1624 1730 1927 1802 arcanum)

253 1819 592 1898 gaudiozin
621 1821 874 1880 adventu
920 1821 1154 1878 Domini
1207 1821 1548 1888 Salvatoris,
1579 1837 1714 1878 cum
1766 1837 1925 1876 com-

255 1909 507 1988 mutavit
534 1909 938 1984 captivitatem
970 1916 1232 1968 nostram
1273 1911 1332 1968 in
1372 1911 1680 1985 gaudium.
1707 1910 1777 1968 Et
1809 1910 1919 1966 lin-

253 2017 372 2080 gua
399 1999 460 2058 in
489 1989 880 2060 exsultatione
905 2019 918 2058 :
945 2000 1039 2059 cui
1073 1999 1212 2058 talia
1231 1999 1464 2058 Domini
1498 2015 1742 2057 munere
1772 2017 1918 2074 pra:-

255 2091 587 2150 stabantur.

289 2181 325 2240 3
400 2181 546 2244 Tunc
573 2178 752 2237 dicent
781 2180 927 2236 inter
949 2188 1134 2253 gentes
1167 2197 1180 2236 :

397 2269 770 2342 Magaiﬁcavit
791 2270 1058 2330 Dominus
1084 2272 1266 2343 facere
1293 2287 1419 2326 cum
1446 2271 1544 2326 eis.

327 2359 370 2421 C
398 2359 522 2418 Non
553 2362 748 2418 autem
783 2358 924 2416 dicit
952 2365 1178 2433 gentes,
1203 2359 1305 2416 sed
1340 2360 1494 2415 inter
1516 2361 1720 2433 gentes
1745 2375 1757 2413 :
1785 2357 1924 2429 quia

257 2447 317 2506 in
347 2449 600 2506 adventu
636 2447 868 2506 Domini
905 2453 1110 2524 gentes
1151 2448 1560 2505 universalitcr
1600 2465 1714 2504 non
1743 2445 1926 2502 credi-

256 2537 508 2594 derunt:
537 2537 639 2594 sed
681 2537 832 2593 inter
871 2542 1072 2610 gentes
1102 2542 1292 2607 erant,
1314 2555 1382 2592 ex
1412 2538 1690 2610 gentibus
1723 2535 1925 2592 ﬁdeles

257 2627 414 2694 facti,
441 2642 578 2683 cum
610 2624 829 2698 quibus
859 2627 1170 2683 Dominum
1196 2625 1492 2699 magnalia
1516 2627 1705 2682 facere
1725 2641 1926 2682 cerne-

263 2715 410 2773 bant
439 2714 632 2773 adhuc
662 2713 910 2787 gentiles
939 2713 1230 2770 inﬁdeles.

295 2803 331 2866 ι
399 2802 769 2880 Hagniﬁcavit
797 2803 1062 2861 Dominus
1091 2806 1275 2876 facere
1306 2804 1588 2862 nobiscum
1625 2823 1637 2862 :

406 2892 558 2950 Facti
584 2907 775 2950 sumus
807 2891 1078 2950 Letantes.

339 2984 380 3038 C
408 2981 479 3042 Et
507 2996 579 3038 ne
612 2983 854 3056 putares
900 2980 1148 3056 gentiles
1179 2981 1460 3053 (dicentes
1507 2984 1578 3041 de
1630 2981 1928 3051 ﬁdelibus,

271 3068 670 3144 magniﬁcavit
715 3069 1002 3128 Dominus
1031 3071 1268 3144 (falsum
1315 3071 1556 3143 dixisse,
1577 3073 1932 3130 conﬁrmant

266 3158 469 3217 ﬁdeles
493 3175 699 3216 eorum
732 3158 958 3216 dictum
999 3160 1280 3218 dicentes.
1307 3161 1702 3234 Magniﬁcavit
1731 3162 1930 3222 Domi-

1178 438 1242 498 S.
1287 438 1689 512 BRUJONIS
1734 436 2358 506 HERBIPOLENSIS
2403 438 2780 506 EPlSCOPI.

3575 440 3684 498 472

1951 573 2009 643 Α
2041 590 2325 646 pauperes
2374 575 2739 648 aspiciebant
2799 573 3012 646 frigore
3065 570 3445 639 constrictos,
3497 571 3688 645 inepia

2037 680 2187 720 sazva
2209 670 2550 732 maceratos,
2571 664 2873 720 mittentes
2895 661 3121 718 semina
3139 679 3269 718 sua.
3285 661 3406 716 Sua
3425 659 3570 716 dicit
3593 681 3606 718 :
3629 667 3690 717 ut

2037 753 2108 808 de
2139 753 2390 826 propriis
2437 753 2760 819 laboribus,
2787 769 2901 808 non
2935 751 3006 807 de
3036 749 3257 824 rapinis
3295 749 3693 822 eleemosynas

2037 840 2225 897 facere
2256 843 2466 899 debere
2503 859 2845 915 cognoscas.
2898 839 3190 897 Mittcntes
3219 855 3353 895 vero
3388 857 3402 894 :
3436 839 3694 913 intelligo

2038 931 2456 1004 praemittentes
2489 931 2548 987 in
2581 935 2949 1003 emtum,quo
2988 934 3144 994 ante,
3165 933 3367 985 nostra
3396 932 3530 984 acta
3573 946 3696 1001 per-

2035 1020 2278 1077 veniunt
2298 1038 2473 1093 quam
2509 1037 2615 1075 nos
2642 1037 2656 1076 :
2684 1019 2783 1076 illa
2811 1019 2970 1076 enim
2989 1023 3128 1075 sunt
3153 1019 3470 1074 thesaurus
3499 1023 3697 1074 noster

2035 1109 2095 1166 in
2129 1110 2270 1165 coelo
2302 1110 2664 1165 condendas.
2689 1109 2733 1165 Il
2767 1108 2871 1164 Vel
2905 1112 3110 1165 euntes
3146 1107 3542 1181 (pradicando
3570 1125 3696 1163 ver-

2037 1199 2179 1256 bum
2213 1198 2334 1266 Dei)
2364 1199 2630 1256 tlebant:
2675 1215 2854 1272 super
2899 1196 3117 1254 duritia
3163 1195 3360 1253 cordis
3408 1212 3525 1253 non
3572 1213 3696 1253 cre-

2035 1289 2326 1346 dentium.

2071 1381 2106 1434 8
2185 1379 2468 1435 Venientes
2498 1386 2680 1434 autem
2711 1379 2929 1433 venient
2954 1377 3015 1432 in
3041 1376 3409 1432 exsultatione
3437 1393 3451 1431 :

2183 1472 2465 1525 Portantes
2493 1469 2809 1540 manipulos
2837 1483 2980 1523 suos.

2108 1557 2150 1613 C
2179 1555 2488 1613 Venientes
2514 1575 2526 1613 :
2557 1556 2642 1613 illi
2672 1557 2915 1614 veniunt
2944 1555 3002 1611 in
3035 1553 3445 1624 exsultatione,
3476 1553 3701 1626 quibus

2028 1645 2155 1717 jam
2188 1645 2591 1702 misericordia
2620 1645 2818 1701 divina
2860 1648 3204 1718 praestatur:
3236 1641 3338 1715 qui
3369 1641 3467 1697 hic
3504 1641 3703 1698 taliter

2036 1734 2573 1808 egerunt,qualiter
2592 1735 2692 1791 Dei
2727 1735 2902 1807 jussa
2941 1731 3406 1807 praseipiuntzet
3433 1731 3703 1788 fecerunt

2036 1823 2390 1896 manipulos,
2416 1824 2472 1879 id
2498 1828 2608 1892 est,
2637 1821 3142 1880 fructuosissimus
3169 1820 3447 1877 actiones.
3471 1821 3542 1876 Et
3563 1819 3701 1876 felix

2037 1911 2157 1980 ille,
2182 1913 2280 1985 qui
2314 1912 2561 1969 triticeis
2592 1912 2950 1986 ponderibus
2981 1910 3357 1983 ingravatur:
3387 1925 3462 1964 ne
3493 1907 3702 1965 levitas

2028 2000 2406 2074 stipularum,
2440 2006 2574 2058 vota
2603 2001 2884 2058 messoris
2913 1999 3132 2065 eludat,
3158 2002 3218 2054 et
3253 2001 3396 2055 tunc
3426 1998 3702 2053 attendat

2028 2090 2372 2148 inanitatem
2403 2090 2622 2148 laboris
2652 2090 2766 2159 sui,
2800 2089 3036 2164 quando
3076 2088 3206 2160 jam
3255 2103 3371 2145 non
3422 2086 3704 2160 praevalet

2028 2179 2280 2254 operari.

2509 2287 2715 2326 οιιΑτιο
2751 2287 2820 2324 EX
2862 2286 3020 2325 PSAL.
3061 2285 3223 2323 σικν.

2105 2376 2434 2442 Consolare,
2464 2376 2726 2440 Domine,
2758 2374 3041 2448 populum
3074 2378 3263 2440 tuum,
3286 2377 3342 2428 et
3371 2370 3559 2427 libera
3593 2389 3703 2428 nos

2033 2483 2068 2522 a
2100 2465 2429 2537 captivitate
2461 2464 2851 2538 pessimorum
2882 2463 3158 2518 vitiorum
3185 2479 3199 2518 :
3223 2464 3289 2516 ut
3314 2460 3469 2533 quod
3504 2459 3600 2516 hic
3635 2463 3695 2516 in

2035 2554 2310 2628 lacrymis
2333 2555 2679 2618 serimus,tc
2702 2553 3056 2609 retribuente
3086 2568 3219 2606 cum
3256 2549 3470 2623 gaudio
3505 2555 3701 2606 meta-

2037 2662 2191 2700 mus.
2211 2646 2320 2701 Per
2342 2644 2652 2701 Dominum
2678 2647 2944 2699 nostrum
2965 2642 3171 2697 Jesum
3190 2639 3510 2707 Christum,
3535 2645 3650 2696 etc.

2561 2776 2892 2836 PSALMUS
2932 2774 3166 2833 CXXVI.

2452 2883 2856 2924 ARGUMENTUM
2897 2883 3056 2924 PSAL.
3095 2880 3286 2920 ωιχνι.

2109 2984 2151 3040 C
2184 2983 2493 3040 Providens
2526 2982 2810 3055 propheta
2837 2981 2980 3038 Novi
3012 2978 3368 3037 Testamenti
3399 2979 3654 3052 gratiam
3684 2999 3697 3036 :

2038 3073 2208 3130 docet
2231 3074 2458 3147 nequis
2481 3071 2732 3146 propriis
2752 3071 2975 3128 viribus
2998 3069 3222 3142 aliquid
3243 3068 3378 3125 boni
3401 3068 3660 3142 applicet
3683 3088 3696 3125 :

2039 3163 2140 3220 sed
2172 3163 2414 3219 Domino
2437 3161 2718 3234 largitori.
2747 3160 3033 3232 Loquitur
3049 3158 3228 3215 etiam
3249 3158 3323 3213 de
3353 3157 3480 3230 ipso
3508 3156 3703 3213 Domi-

265 3266 400 3327 nus,
431 3248 488 3306 id
521 3252 612 3310 est
639 3248 896 3308 decrevit
915 3267 1162 3324 magnos
1199 3269 1306 3308 nos
1329 3251 1933 3326 ostenderefgentibus
1980 3323 2007 3327 ᾧ
2041 3267 2116 3305 no
2145 3254 2202 3305 et
2231 3247 2536 3324 apostolis,
2560 3247 2649 3305 vel
2682 3248 3021 3322 quicunque
3051 3247 3238 3320 ipsius
3269 3246 3546 3304 mandata
3577 3263 3704 3320 per-

264 3323 606 3396 donationes
629 3338 938 3414 virtutum.
963 3323 1120 3400 Facti
1155 3357 1366 3402 sumus
1413 3341 1636 3414 (utique
1663 3323 1741 3399 de
1771 3344 1938 3398 tanta
1967 3323 2011 3392 Β
2049 3338 2274 3395 ﬁciunt.

265 3427 477 3502 gratia)
508 3409 796 3484 laetantes.

297 3516 337 3592 ᾗ
410 3517 749 3582 Convertere,
781 3517 1029 3588 Domine,
1064 3519 1432 3591 captivitatem
1459 3524 1707 3577 nostram
1744 3536 1756 3576 :

407 3603 566 3666 Sicut
591 3612 802 3661 torrens
832 3607 890 3660 in
918 3614 1125 3662 austro.

338 3694 379 3750 ϐ
413 3691 722 3758 Postulant
754 3693 952 3766 populi
982 3693 1184 3751 ﬁdeles
1214 3712 1323 3751 sua
1351 3695 1566 3753 iterum
1601 3700 1837 3770 peccata
1857 3697 1938 3772 di_

266 3779 450 3840 mitti.
477 3779 646 3836 Sicut
673 3783 922 3838 torrens.
950 3781 994 3840 Η
1025 3783 1070 3838 Α
1101 3783 1328 3840 Etenim
1363 3785 1538 3844 flante
1566 3787 1780 3842 Austro
1809 3787 1934 3858 (qui

264 3873 358 3930 est
391 3873 602 3930 ventus
633 3867 886 3943 calidus)
920 3871 1228 3928 solvuntur
1257 3871 1496 3946 glacies,
1522 3880 1580 3932 et
1625 3874 1934 3948 impletum

268 3956 442 4036 aquis
489 3962 810 4016 torrentem
863 3959 1002 4018 facit
1059 3978 1290 4019 currere
1324 3981 1337 4020 :
1368 3963 1452 4019 sic
1495 3965 1670 4022 flante
1716 3964 1933 4038 Spiritu

271 4052 496 4129 sancto,
521 4052 760 4123 accepta
796 4050 1143 4110 remissione
1180 4069 1284 4126 per
1314 4052 1590 4124 lamenta,
1629 4053 1937 4112 solvuntur

275 4140 514 4212 peccata
543 4140 765 4198 nostra.
788 4139 834 4194 A
857 4143 897 4195 C
925 4140 1180 4200 Torrens
1214 4143 1372 4199 enim
1406 4142 1660 4202 dicimus
1689 4143 1936 4202 ﬁumina

270 4216 568 4299 hiemalia,
590 4231 650 4284 et
677 4231 916 4302 peccata
961 4234 1166 4288 nostra
1213 4248 1340 4304 quas
1390 4233 1727 4307 frigidantia
1756 4235 1934 4291 corda

270 4313 619 4390 congelant:
646 4332 774 4392 qua:
809 4316 999 4375 calore
1027 4319 1282 4394 Spiritus
1317 4324 1500 4378 sancti
1533 4321 1841 4380 solvuntur
1870 4323 1930 4380 in

269 4399 582 4478 iacrymas.
608 4406 720 4463 Sed
752 4409 818 4486 ut
855 4406 1024 4472 nobis
1054 4427 1267 4468 sensus
1297 4411 1482 4484 possit
1509 4418 1777 4470 constare
1811 4413 1929 4486 ple-

271 4493 477 4551 nitudo
508 4511 522 4551 :
555 4495 1060 4568 pronuntiandum
1095 4504 1185 4555 est
1215 4507 1566 4569 convertere,
1594 4501 1647 4558 id
1682 4506 1771 4558 est
1799 4519 1932 4558 con-

267 4586 427 4640 verte
449 4581 610 4658 (quia
629 4584 931 4659 deponens
962 4593 1053 4643 est
1079 4589 1322 4644 verbum
1355 4590 1668 4663 antiquum
1691 4608 1928 4648 conver-

2330 3429 2447 3486 TT.
2483 3429 2780 3485 Canticum
2811 3426 3084 3499 graduum
3111 3426 3410 3482 Satomoni.

2115 3516 2387 3574 Salomon
2420 3516 2836 3590 interpretatur
2865 3515 3165 3590 paciﬁcus,
3192 3519 3252 3572 et
3278 3513 3573 3588 signiﬁcat
3591 3513 3704 3570 Do-

2046 3607 2296 3675 minum,
2325 3607 2397 3664 de
2427 3625 2544 3680 quo
2575 3606 2887 3680 Apostolus
2919 3606 3000 3662 ait
3033 3624 3047 3662 :
3082 3605 3211 3678 Ipse
3240 3609 3331 3661 est
3356 3621 3468 3676 pax
3499 3608 3704 3660 nostra

2045 3697 2260 3769 (Ephes.
2298 3697 2376 3770 η).
2427 3696 2652 3754 Domus
2697 3696 2877 3768 hujus
2923 3694 3254 3751 Salomonis
3287 3713 3300 3750 :
3332 3692 3546 3750 Christi
3594 3693 3702 3748 Ec-

2045 3785 2243 3853 clesia,
2277 3804 2404 3858 qum
2434 3792 2490 3843 ct
2521 3786 2728 3842 civitas
2759 3790 2848 3841 est
2871 3784 3020 3856 ejus.

2083 3877 2110 3932 1
2186 3877 2308 3933 Nisi
2341 3877 2605 3933 Dominus
2631 3875 2988 3946 .‘L’tliﬁcaverit
3015 3873 3237 3929 domum
3267 3891 3290 3928 ,ο

2186 3963 2246 4018 1η
2280 3981 2480 4019 vanum
2510 3964 2896 4018 laboraverunt
2927 3962 3026 4034 qui
3047 3959 3322 4030 mitiﬁcant
3344 3975 3484 4015 eam.

2115 4056 2156 4108 C
2184 4053 2492 4110 {Edilicant
2520 4053 2783 4108 domum.
2810 4050 2911 4124 qui
2941 4050 3002 4106 in
3034 4063 3517 4121 unumquemque
3536 4045 3704 4103 Chri-

2043 4142 2323 4209 stianum,
2347 4141 2649 4198 veritatem
2683 4139 2818 4197 ﬁdei
2848 4138 3134 4196 fabricare
3163 4136 3524 4194 contendunt
3548 4153 3562 4192 :
3586 4134 3703 4208 ipsi

2041 4231 2197 4288 enim
2229 4237 2368 4289 sunt
2396 4233 2609 4289 domus
2642 4231 2860 4302 quibus
2889 4227 3032 4285 dicit
3050 4227 3386 4301 Apostolus,
3407 4243 3512 4282 vos
3536 4226 3699 4282 enim

2040 4321 2182 4379 estis
2213 4321 2499 4395 templum
2527 4321 2624 4378 Dei
2650 4323 2696 4392 (Ι
2719 4323 2844 4377 Cor.
2870 4323 2976 4389 ιιι).
3002 4318 3112 4373 Sed
3163 4316 3285 4384 isti,
3312 4314 3362 4372 si
3391 4314 3516 4372 suis
3560 4313 3700 4370 viri-

2040 4412 2154 4468 bus
2181 4411 2468 4469 aedificare
2498 4428 2560 4467 se
2607 4415 2838 4482 putant,
2864 4409 3132 4464 laborare
3175 4404 3446 4464 videntur
3491 4404 3553 4460 in
3599 4420 3703 4460 va-

2041 4518 2208 4569 num,
2235 4501 2348 4556 nisi
2391 4499 2581 4574 gratia
2611 4499 2708 4555 Dei
2752 4499 2930 4555 donet
2965 4496 3284 4554 verissimae
3334 4491 3701 4551 credulitatis

2037 4591 2332 4648 etl'ectum.

266 4672 412 4744 tere)
431 4672 830 4766 captivitatem
863 4680 1122 4733 nostram
1151 4695 1163 4734 :
1191 4677 1344 4735 sicut
1364 4682 1594 4737 torrens
1626 4679 1684 4736 in
1715 4683 1928 4738 Austro
1958 4701 2006 4766 ι)
2072 4682 2108 4735 2
2179 4681 2305 4737 Nisi
2332 4680 2596 4736 Dominus
2622 4676 2942 4733 custodierit
2971 4675 3249 4731 civitatem
3280 4691 3300 4729 :

267 4761 623 4820 convertitur
648 4763 710 4823 in
739 4763 1049 4838 liquorem.

299 4852 342 4908 6
405 4852 522 4924 Qui
547 4855 826 4910 seminant
855 4855 914 4908 in
945 4855 1232 4926 lacrymis.

409 4943 472 4998 In
501 4942 869 4999 exsultatione
897 4950 1119 4998 metent.

339 5029 382 5087 C
409 5028 702 5102 Spiritalis
734 5028 1048 5086 seminatio
1102 5049 1334 5106 semper
1379 5034 1438 5090 in
1488 5034 1765 5109 lacrymis
1789 5043 1880 5094 est
1913 5055 1926 5094 :

269 5120 373 5172 aut
400 5116 561 5174 enim
609 5115 797 5173 sancti
845 5116 1152 5188 deplorant
1200 5122 1490 5192 praeterita
1539 5129 1794 5196 peccata,
1829 5131 1932 5184 aut

270 5203 612 5261 cruciantur
648 5203 858 5258 timore
900 5205 1252 5274 futurorum,
1287 5215 1388 5266 aut
1423 5213 1930 5284 persccuticnibus

272 5291 612 5366 agitantur:
645 5291 752 5352 sed
801 5291 902 5364 qui
951 5291 1066 5349 tale
1113 5312 1313 5352 semen
1361 5301 1678 5367 seminant,
1709 5308 1932 5361 metent

271 5379 490 5456 gaudia
519 5378 728 5436 futuris
756 5379 1186 5451 promissionis.
1221 5385 1467 5444 Econtra
1505 5395 1840 5461 peccatores
1869 5393 1928 5450 in

272 5467 488 5542 gaudio
519 5465 838 5537 seminant,
865 5471 923 5523 et
952 5473 1181 5525 metunt
1213 5471 1270 5526 in
1301 5473 1599 5549 lacrymis.

307 5558 341 5609 7
419 5560 620 5614 Euntcs
645 5556 800 5610 ibant
829 5563 880 5612 et
907 5557 1113 5626 ﬂebant
1143 5575 1162 5612 :

417 5644 688 5701 Mittentes
716 5646 928 5699 semina
955 5660 1076 5698 sua.

347 5734 387 5790 C
411 5732 628 5791 Euntes
658 5730 848 5788 sancti
868 5731 1024 5788 bona
1049 5735 1361 5804 operando.
1389 5739 1665 5799 Flebant:
1692 5748 1926 5816 quando

2178 4769 2404 4824 Frustra
2431 4768 2622 4838 vigilat
2649 4767 2748 4838 qui
2771 4765 3000 4822 custodit
3028 4779 3170 4820 eam.

2109 4857 2152 4913 C
2171 4856 2384 4913 Civitas
2404 4856 2562 4911 enim
2585 4853 2815 4911 Domini
2837 4851 3204 4910 Hierusalem
3229 4847 3574 4922 intelligitur
3591 4865 3704 4905 cu:-

2037 4946 2223 5014 lestis,
2246 4945 2417 5016 cujus
2447 4962 2583 5019 pars
2612 4943 2806 5000 adhuc
2845 4941 3255 5020 peregrinatur
3280 4938 3343 5000 in
3382 4937 3557 4994 terris
3589 4955 3604 4993 :
3639 4937 3699 4993 in

2039 5054 2156 5110 qua
2185 5035 2441 5108 episcopi
2472 5033 2711 5107 vigilare
2749 5049 2928 5105 super
2963 5047 3202 5104 gregem
3248 5045 3424 5086 suum
3455 5032 3700 5083 conten—

2036 5127 2210 5193 dunt,
2226 5129 2290 5181 ut
2311 5124 2572 5197 pervigili
2596 5140 2738 5179 cura
2755 5139 2884 5178 eam
2908 5120 3246 5177 custodiant
3269 5137 3282 5175 :
3307 5117 3522 5192 quibus
3541 5117 3698 5172 idem

2035 5214 2445 5286 dieitur,quod
2467 5211 2894 5270 aediﬁcantibus
2919 5227 2933 5266 :
2958 5227 3030 5266 ne
3051 5209 3296 5266 credant
3315 5205 3471 5264 solas
3493 5206 3700 5264 huma—

2039 5323 2146 5361 nas
2177 5303 2406 5378 vigilias
2438 5303 2768 5376 praivalere,
2790 5317 2927 5357 cum
2957 5297 3084 5356 sola
3106 5297 3382 5354 divinitas
3409 5295 3698 5353 incursio-

2038 5395 2134 5451 nis
2165 5393 2424 5467 pericula
2454 5393 2642 5465 possit
2669 5407 2886 5446 arcere.

2071 5486 2106 5540 3
2188 5486 2394 5541 Vanum
2424 5491 2502 5538 est
2528 5481 2677 5537 vobis
2706 5489 2842 5536 ante
2865 5480 3042 5536 lucem
3067 5493 3333 5547 surgere:
3351 5477 3632 5546 +surgite
3671 5481 3687 5542 ;

2248 5581 2532 5645 postquam
2561 5569 2832 5626 sedcritis.

2183 5663 2288 5732 Qui
2314 5661 2658 5718 manducatis
2683 5676 2887 5732 panem
2915 5658 3141 5716 doloris.

2108 5754 2150 5808 Β
2179 5752 2384 5808 Adhuc
2423 5751 2583 5825 ipsos
2631 5750 2900 5806 doctores
2929 5745 3269 5820 alloquitur,
3301 5748 3374 5802 ut
3401 5742 3700 5801 efﬁcacius
