3878 6488
133 450 265 513 5'13

1379 451 1790 514 EXPOSITIO
1834 449 2345 513 PSALHORUM;

3438 459 3559 523 4η

130 583 481 657 corrigatur
510 582 937 657 populus,dum
956 582 1115 639 videt
1132 582 1308 640 etiam
1332 582 1644 656 magistros
1664 599 1803 655 prm-
1826 570 1888 648 Ἀ
1917 582 2203 637 dicatores
2233 598 2348 638 non
2379 583 2809 640 confundantur
2836 584 2895 640 in
2921 588 3251 661 porta,quia
3270 591 3355 648 eis
3375 594 3559 665 aperi-

133 672 426 728 monitos.
465 672 557 728 Illi
591 676 792 728 autem
821 676 952 729 ante
991 671 1181 728 lucem
1212 688 1449 744 surgere
1492 675 1764 743 quaerunt
1794 688 1809 725 :

135 761 248 835 qui
281 760 556 833 neglecta
587 761 920 817 humilitate
949 761 1185 827 Christi,
1219 760 1383 832 prius
1426 760 1632 815 volunt
1658 758 1810 815 exal-

133 848 256 904 tari
290 865 475 921 quam
510 848 1158 921 humiliari.Surgite,id
1190 854 1297 916 est,
1331 848 1493 921 prius
1536 847 1810 904 humilia-

132 936 719 1003 tionem‘sustinete,
755 942 812 993 et
860 942 990 1009 post
1037 954 1347 993 ascensum
1379 938 1615 1009 praemia
1653 954 1808 1008 quae-

130 1024 250 1080 rite
282 1024 903 1098 gaudiorum.Panem
935 1025 1153 1081 doloris
1185 1043 1198 1080 :
1234 1025 1469 1098 perfecti
1498 1026 1812 1081 comedunt

1924 673 2018 725 tur
2050 687 2063 724 :
2100 670 2271 726 malis
2301 689 2433 727 vero
2465 672 2775 743 clauditur,
2811 674 2936 731 ideo
2966 676 3412 735 confundantur.

2379 796 2582 835 ORATIO
2622 797 2687 834 EX
2730 798 2880 836 PSAL.
2914 798 3097 838 CXXVI.

1993 881 2307 937 Domorum
2340 884 2691 956 spiritalium
2724 886 3215 953 aediﬁcator,Deus
3244 893 3310 945 ut
3340 908 3444 953 nos
3466 908 3561 948 cu-

1920 969 2140 1025 stodias
2187 971 2587 1043 deprecamur,
2622 972 2799 1045 imple
2852 973 2911 1029 in
2954 979 3007 1030 te
3055 976 3406 1034 desiderium
3464 997 3560 1036 no-

1920 1062 2105 1113 strum
2141 1075 2155 1113 :
2189 1065 2246 1113 et
2274 1059 2471 1116 electis
2500 1061 2617 1117 tuis
2648 1080 2755 1118 nos
2786 1062 3037 1135 adjunge
3071 1082 3172 1136 pro
3204 1066 3561 1123 meritis.Per

127 1113 494 1208 Christiani,
526 1129 664 1169 eum
691 1131 755 1208 se
785 1113 1059 1208 lacrvmis
1078 1114 1363 1208 fidelibus
1391 1114 1679 1208 castigant
1701 1132 1713 1169 ³
1738 1115 1809 1169 de
1920 1145 2231 1202 Dominum
2789 1113 3125 1207 .-

130 1202 371 1275 quibus
402 1201 556 1257 alius
584 1201 856 1273 psalmus
884 1202 1045 1257 dlcit.
1078 1202 1338 1258 Fuerunt
1366 1201 1510 1257 mihi
1542 1202 1808 1274 lacrymaz

137 1307 289 1347 mea:
320 1306 511 1362 panes
543 1290 717 1361 (Psat.
750 1290 882 1361 xu).
916 1289 1038 1344 Illis
1068 1290 1225 1345 enim
1274 1289 1439 1345 dolor
1488 1290 1658 1362 panis
1698 1294 1807 1355 est,

132 1378 240 1452 qui
275 1394 342 1434 se
374 1378 451 1432 de
482 1377 802 1433 afﬂictione
833 1377 1181 1443 reficiunt,et
1208 1378 1280 1433 de
1309 1378 1608 1433 mundana
1628 1378 1809 1434 tristi-

133 1468 226 1522 tia
256 1464 669 1521 consolantur.
703 1467 774 1521 Et
802 1466 1070 1537 sequitur
1097 1466 1335 1538 quando
1388 1466 1634 1521 debeant
1680 1483 1809 1523 sur-

129 1570 296 1628 gere,
331 1554 437 1626 qui
463 1553 623 1624 jnssi
658 1558 800 1609 sunt
830 1558 964 1609 ante
1013 1554 1233 1610 sedere.
1265 1555 1426 1609 Tunc
1473 1554 1629 1609 enim
1679 1571 1806 1610 sur-

133 1646 298 1716 gent,
332 1657 479 1697 cum
510 1639 740 1696 dederit
762 1639 1015 1708 dilectis,
1051 1646 1185 1706 etc.,
1219 1641 1275 1697 id
1307 1645 1563 1707 est,cum
1592 1642 1807 1698 mortui

133 1730 386 1798 fuerint,
422 1746 542 1785 non
575 1732 715 1785 ante
745 1734 1016 1785 mortem.

133 1847 168 1903 4
282 1846 427 1902 Cum
458 1844 677 1900 dederit
703 1843 916 1900 dilectis
941 1845 1058 1899 suis
1085 1860 1336 1900 somnum
1369 1859 1487 1899 ecce
1515 1844 1807 1902 hereditas

344 1934 582 1989 Domini
608 1946 623 1985 :

269 2023 415 2078 Filii
443 2036 653 2077 merces
682 2023 902 2093 fructus
934 2022 1164 2075 ventris.

195 2121 236 2176 C
264 2118 483 2175 Dilecti
513 2121 659 2174 sunt
688 2116 813 2181 Dei,
847 2117 949 2189 qui
976 2133 1112 2173 eum
1142 2116 1327 2173 nimia
1357 2117 1636 2174 charitatc
1681 2135 1804 2190 per-

131 2208 403 2282 quirunt.
438 2207 487 2266 H
520 2206 673 2263 Cum
702 2205 787 2262 illi
817 2211 1053 2277 accepto
1082 2204 1296 2279 quietis
1342 2223 1548 2261 somno
1579 2208 1651 2262 ab
1696 2206 1804 2262 hoc

126 2297 342 2352 saeculo
375 2294 721 2359 discedunt,
756 2298 893 2349 tunc
942 2295 1093 2349 fiunt
1138 2293 1447 2351 hzereditas
1497 2295 1728 2350 Domini
1786 2311 1798 2348 :

130 2383 267 2456 quia
282 2385 423 2455 jam
458 2382 775 2454 subjaceut
802 2382 1391 2448 tentationibus,tunc
1422 2384 1634 2439 non.Et
1656 2400 1803 2438 mer-

130 2486 225 2529 ces
273 2470 514 2526 fructus
562 2468 786 2524 ventris
818 2485 831 2524 :
867 2468 907 2523 Ο
938 2469 995 2524 id
1028 2474 1117 2523 est
1147 2468 1297 2524 uteri
1328 2468 1636 2538 virginalis,
1654 2486 1797 2541 .par-

130 2561 246 2614 tus.
279 2558 513 2614 Merces
544 2554 709 2611 illius
745 2556 968 2612 fructus
989 2561 1077 2611 est
1099 2556 1291 2612 omnis
1324 2556 1499 2612 homo
1528 2558 1628 2628 qui
1664 2574 1798 2613 cum

133 2648 243 2705 Deo
276 2644 627 2721 perenniter
656 2645 937 2717 gaudebit
970 2661 984 2699 :
1017 2650 1074 2700 et
1104 2645 1216 2700 ista
1266 2662 1488 2701 merces
1531 2646 1685 2702 dicta
1712 2649 1803 2701 est

128 2735 596 2801 hareditas,non
630 2737 829 2789 autem
861 2732 1094 2789 deitatis
1125 2734 1226 2789 sed
1253 2733 1634 2790 humanitatis
1657 2752 1795 2790 mer-

130 2840 224 2881 ces
252 2822 577 2889 dicitur,ut
607 2820 669 2879 in
702 2822 961 2878 secundo
993 2821 1218 2897 psalmo
1249 2821 1480 2888 dicitur,
1501 2823 1736 2895 postula
1765 2841 1799 2880 a

132 2928 245 2979 mc,
276 2917 390 2969 etc.

132 3032 169 3089 lt
273 3028 433 3085 Sicut
455 3027 687 3097 sagittae
717 3027 777 3081 in
808 3042 982 3082 numu
1002 3027 1236 3098 potentis
1268 3042 1281 3083 :

270 3116 355 3175 lla
380 3116 502 3187 filii
529 3130 909 3171 excussorum.

196 3204 239 3262 C
269 3204 519 3278 Sagittae
552 3219 566 3259 :
604 3203 794 3259 sancti
827 3201 1072 3274 apostoli
1105 3202 1191 3258 vel
1223 3202 1408 3258 caeteri
1455 3203 1796 3275 praedicato-

131 3310 238 3349 res.
271 3293 335 3349 In
369 3309 558 3349 manu
592 3291 875 3363 potentis,
917 3290 972 3347 id
1024 3295 1115 3347 est
1160 3291 1219 3346 in
1269 3296 1555 3365 potestate
1583 3292 1794 3349 Christi
1823 3304 1867 3373 α

130 3380 466 3437 transmissi
500 3380 576 3435 ad
630 3378 1095 3452 prmdicandum.
1128 3379 1290 3435 Sicut
1315 3379 1470 3436 enim
1498 3380 1679 3436 telum
1709 3381 1795 3436 vel

130 3470 343 3545 sagitta
391 3470 585 3527 missa
614 3485 653 3524 a
686 3471 937 3539 potente,
962 3466 1290 3524 rectissima
1313 3472 1370 3523 et
1395 3469 1509 3524 cito
1538 3468 1693 3525 venit
1723 3470 1795 3525 ad

132 3559 495 3617 destinatum
527 3557 730 3615 locum
766 3572 778 3612 :
813 3555 893 3611 ita
921 3555 1169 3627 apostoli
1211 3555 1272 3612 in
1321 3573 1553 3613 omnem
1582 3562 1793 3614 terram

130 3646 310 3713 missi,
347 3647 463 3703 cito
489 3662 611 3718 quo
662 3644 1051 3700 mittebantur
1091 3650 1478 3716 pervenerunt
1527 3650 1585 3702 et
1623 3647 1797 3717 jussa

134 3733 652 3808 impleverunt.lta
681 3736 736 3786 et
771 3731 873 3788 lilii
904 3748 1283 3789 excussorum
1315 3748 1329 3787 :
1364 3732 1422 3788 in
1468 3732 1614 3800 loco,
1637 3733 1797 3790 scili-

130 3829 222 3879 cet
250 3823 688 3896 prophetarum
708 3821 1172 3887 succedentes,et
1201 3836 1404 3876 eorum
1431 3822 1792 3893 prophetiam

132 3910 574 3985 interpretando
604 3915 665 3966 et
695 3908 1063 3981 explanando
1092 3908 1794 3967 discutientcs.Discutcre

129 4008 206 4056 est
248 4009 447 4058 tectum
496 3998 746 4070 aliquod
795 3996 991 4069 palam
1044 3998 1250 4064 facere,
1305 3998 1600 4069 prophetas
1655 4014 1791 4071 ergo

131 4104 466 4149 excusantes
536 4086 843 4152 dicuntur,
914 4085 1196 4157 quoniam
1255 4090 1477 4142 secreta
1533 4085 1791 4143 coalestia

131 4178 341 4234 mundo
361 4174 1029 4250 propalaruntJllorum
1053 4172 1157 4228 lilii
1184 4189 1197 4228 :
1221 4172 1467 4245 apostoli
1487 4174 1791 4246 sunt,quia

128 4279 319 4323 eorum
346 4266 513 4323 dictis
540 4264 883 4334 credentes,
917 4262 1350 4335 quodammodo
1379 4261 1493 4318 fide
1531 4263 1788 4334 generati

136 4358 282 4411 sunt.

127 4467 163 4522 6
262 4469 462 4526 Beatus
490 4469 587 4525 vir
613 4467 715 4541 qui
736 4468 986 4539 implevit
1001 4465 1333 4523 desiderium
1350 4481 1512 4520 suum
1531 4481 1601 4521 ea:
1621 4466 1782 4539 ipsis:

260 4558 379 4614 Non
404 4556 791 4630 confundetur
831 4572 956 4611 cum
999 4556 1252 4627 loquetur
1298 4554 1539 4609 inimicis
1565 4555 1680 4609 suis
1724 4557 1786 4610 in

322 4654 505 4719 porta.

193 4734 231 4786 C
258 4735 374 4791 Hos
405 4751 548 4805 ergo
598 4732 923 4805 apostolos,
956 4732 1159 4788 beatos
1207 4730 1370 4798 dicit,
1402 4747 1536 4786 cum
1580 4747 1780 4788 eorum

129 4815 283 4876 labor
310 4822 383 4878 ad
416 4821 684 4897 gloriosa
714 4824 845 4876 vota
874 4818 1217 4892 pervenerit.
1252 4818 1297 4874 H
1326 4818 1428 4874 Vel
1473 4816 1569 4875 ille
1608 4819 1781 4878 homo

130 4907 369 4979 papulas
398 4911 615 4967 beatus
647 4912 738 4965 est
771 4926 784 4963 :
818 4908 919 4980 qui
944 4906 1205 4980 implevit
1224 4924 1399 4963 suum
1421 4906 1779 4965 desiderium

128 4994 354 5068 uipsis
384 4997 698 5073 apostolis,
750 4997 808 5052 id
862 5000 971 5064 est,
1004 5012 1074 5052 ex
1118 4994 1525 5068 praedicatione
1576 5013 1777 5053 eorum

132 5097 452 5155 conversus,
482 5103 555 5144 ea
585 5103 717 5158 qua:
764 5085 1081 5158 praedicata
1128 5087 1285 5151 sunt,
1317 5082 1540 5139 scilicet
1564 5089 1778 5141 interna

132 5169 428 5242 desiderat,
460 5179 523 5232 et
555 5173 827 5247 implevit
862 5174 990 5243 jam
1041 5172 1149 5227 hoc
1197 5170 1550 5227 desiderium
1584 5190 1771 5245 opere.

132 5254 223 5313 Vel
251 5261 612 5319 desiderium
644 5279 716 5320 ex
746 5261 891 5334 ipsis
920 5260 1143 5333 implet,
1178 5258 1276 5331 qui
1298 5259 1453 5331 quod
1484 5258 1593 5333 ipsi
1626 5261 1777 5321 desis

133 5343 417 5421 derabant,
431 5350 664 5407 scilicet
692 5367 825 5406 esse
855 5349 916 5405 in
947 5348 1305 5404 beatitudine
1337 5351 1635 5417 mterna,et
1654 5349 1778 5423 ipse

133 5431 426 5494 desiderat.
474 5440 517 5497 C
569 5438 749 5495 Porta
799 5436 1050 5493 civitatis
1096 5435 1484 5501 Hierusalem,
1514 5436 1778 5493 Christus

134 5524 213 5575 est
240 5538 255 5577 :
284 5523 414 5597 ipsa
440 5528 605 5585 enim
638 5526 910 5599 loquitur
941 5524 1042 5598 qui
1074 5528 1231 5579 recta
1260 5523 1534 5595 praedicat
1569 5525 1639 5580 de
1659 5525 1774 5580 Do-

133 5607 299 5666 mino.
331 5614 457 5670 Tali
487 5634 633 5690 ergo
659 5615 790 5672 loco
820 5613 987 5687 prius
1032 5615 1365 5684 peccatores
1407 5616 1463 5667 et
1514 5612 1775 5669 infideles

135 5695 273 5755 exire
299 5700 459 5771 facit,
486 5709 546 5761 et
577 5705 823 5761 devotos
867 5698 1124 5757 introire.
1172 5698 1395 5756 Fideles
1426 5701 1593 5757 enim
1638 5719 1778 5773 prae-

2429 1264 2659 1320 PSALM
2670 1266 2752 1321 US
2790 1267 3048 1323 CXXVII.

2269 1369 2664 1410 ARGUMENTUM
2704 1370 2773 1409 ΒΧ
2813 1372 2970 1411 ΡεΑι.
3009 1372 3217 1412 CXXVII.

1987 1468 2026 1518 C
2052 1464 2340 1537 Propheta
2390 1467 2541 1523 bona
2584 1467 2917 1524 timentium
2966 1469 3148 1525 Deum
3180 1488 3551 1542 enumerans,

1916 1569 2015 1609 eos
2049 1553 2358 1621 benedieit,
2393 1559 2457 1610 ut
2486 1560 2699 1611 aeterna
2728 1557 2943 1630 gaudia
2962 1565 3409 1631 consequantur.

2364 1644 2475 1699 TT.
2512 1645 2791 1700 Canticum
2822 1646 3115 1713 graduum.

1986 1730 2028 1785 C
2057 1732 2239 1795 Quam
2272 1731 2347 1787 sit
2377 1732 2724 1804 magnificus
2755 1750 2945 1790 nonus
2972 1735 3339 1809 gradus.ipse
3358 1755 3557 1797 nume-

1916 1834 2017 1873 rus
2048 1817 2304 1874 declarat
2334 1836 2346 1874 ε
2381 1820 2482 1891 qui
2511 1819 2663 1875 trina
2688 1825 2990 1893 protentus
3018 1822 3556 1894 triplicatione,san-

1818 1945 1864 2009 Β
1916 1907 2273 2009 ctumhnobis
2292 1907 2593 1963 Trinitatis
2625 1909 2860 1964 culmen
2890 1909 3166 1965 ostendit.

1918 1994 1942 2049 1
2054 1995 2211 2051 Beati
2237 2012 2419 2051 omnes
2449 1998 2547 2067 qui
2574 1998 2772 2052 timent
2794 1999 3083 2053 Dominum
3114 2014 3127 2053 :

2055 2085 2173 2155 Qui
2199 2085 2488 2139 ambulant
2517 2086 2577 2139 in
2609 2087 2713 2141 viis
2736 2085 2871 2157 ejus.

1986 2170 2177 2226 Primo
2208 2172 2476 2228 timorem
2512 2174 2740 2229 Domini
2772 2174 2844 2229 ab
2878 2174 3055 2246 hujus
3096 2176 3290 2232 saeculi
3338 2181 3555 2237 terrore

1911 2257 2392 2315 divisit.Dicendo
2423 2261 2577 2316 enim
2612 2261 2763 2316 beati
2786 2278 2991 2318 omnes
3013 2263 3112 2334 qui
3135 2264 3344 2321 timent
3366 2266 3556 2323 Domi-

1911 2362 2077 2413 num,
2109 2348 2364 2403 ostendit
2395 2366 2509 2404 non
2541 2366 2667 2405 esse
2716 2351 2935 2417 beatos,
2972 2350 3071 2423 qui
3121 2351 3299 2424 hujus
3348 2357 3552 2411 mundi

1911 2434 2165 2506 pericula
2194 2435 2253 2490 in
2285 2436 2598 2492 amissione
2630 2437 3037 2509 temporalium
3083 2456 3276 2496 rerum
3308 2442 3555 2499 sollicita

1910 2527 2103 2579 mente
2136 2524 2616 2580 formidant.Cum
2649 2526 2759 2580 viis
2792 2526 3093 2598 pluraliter
3119 2528 3261 2584 dicit
3284 2546 3297 2584 :
3323 2535 3553 2603 apesto-
3612 2582 3615 2587 .

1908 2610 1995 2666 los
2051 2616 2108 2667 et
2158 2613 2471 2685 prophetas
2529 2613 2837 2687 signiﬁcat,
2879 2632 2982 2686 per
3028 2633 3172 2688 quos
3218 2619 3449 2675 venitur
3480 2622 3549 2676 ad

1910 2716 2087 2755 unam
2116 2700 2291 2769 viam,
2328 2702 2380 2756 id
2416 2707 2504 2757 est
2532 2702 2847 2758 Christum.
2869 2702 2986 2758 Soli
3018 2702 3199 2776 igitur
3229 2705 3551 2777 isti,sanctu

1907 2786 2006 2843 illo
2042 2789 2136 2843 Dei
2172 2790 2377 2846 timore
2408 2789 2719 2847 Dominum
2751 2792 2977 2857 timent,
3011 2793 3109 2863 qui
3159 2795 3463 2854 ambulant
3491 2800 3550 2855 in

1904 2875 2013 2931 viis
2043 2878 2191 2947 ejus,
2226 2878 2281 2932 id
2310 2882 2398 2933 est
2428 2880 2750 2952 praeceptis,
2785 2885 2842 2936 et
2877 2880 2935 2935 in
2968 2879 3061 2936 his
3092 2899 3220 2954 qum
3255 2886 3547 2957 propheta)

1906 2964 2154 3037 apostoli
2199 2971 2256 3021 et
2277 2967 2642 3040 evangelista:
2673 2968 3219 3041 przedicaveruntJn
3253 2974 3549 3045 sequenti-

1907 3052 2017 3108 bus
2048 3054 2315 3110 versibus
2344 3053 2865 3124 tribus,cnnmerat
2888 3056 3170 3114 utilitates
3194 3059 3422 3118 timoris
3443 3063 3547 3119 Do-

1905 3139 2073 3195 mini.

1901 3231 1940 3283 2
2048 3229 2269 3287 Labores
2292 3248 2557 3288 manuum
2586 3240 2807 3289 tuarum
2834 3235 2903 3304 ἒξ
2932 3236 3064 3306 quia
3105 3238 3118 3301 ζ
3144 3237 3497 3295 mandueabis
3527 3256 3541 3296 :

2050 3320 2241 3375 Beatus
2271 3336 2325 3375 es
2354 3329 2405 3376 et
2435 3322 2565 3377 bene
2594 3324 2698 3377 tibi
2725 3324 2847 3378 erit.

1973 3406 2014 3461 Ο
2045 3407 2295 3464 Labores
2326 3425 2609 3465 manuum
2644 3427 2656 3466 :
2692 3412 3083 3469 remuneratio
3115 3416 3203 3469 est
3253 3415 3541 3473 bonorum

1903 3510 2164 3566 operum.
2220 3497 2288 3552 Et
2346 3514 2417 3553 ne
2464 3498 2619 3553 istud
2672 3499 2953 3573 pabulum
3003 3518 3235 3558 carnem
3284 3506 3542 3576 putares,
3622 3554 3629 3559 .

1902 3582 2361 3640 addidit.Beatus
2384 3603 2444 3643 es
2465 3604 2663 3643 :nemo
2694 3588 2850 3644 enim
2868 3590 2936 3645 dc
2954 3590 3168 3646 carnali
3189 3592 3544 3650 eomestione

1902 3669 2107 3727 beatus
2132 3673 2400 3742 efficitur,
2431 3676 2542 3730 nisi
2587 3676 2685 3748 qui
2720 3675 2967 3748 spiritali
3017 3678 3168 3734 dono
3218 3680 3538 3753 saginatur.

1898 3757 2051 3815 Bene
2083 3760 2185 3815 tibi
2219 3763 2325 3817 erit
2358 3780 2371 3817 :
2403 3779 2538 3819 cum
2570 3766 2862 3836 acceperis
2892 3766 3046 3837 quod
3078 3765 3281 3822 oculus
3320 3786 3436 3825 non
3458 3769 3539 3823 vi-

1901 3847 2117 3913 dit,nec
2148 3851 2307 3906 auris
2338 3851 2576 3917 audivit,
2612 3869 2715 3907 nec
2743 3852 2803 3907 in
2834 3870 2933 3908 cor
2961 3854 3215 3910 hominis
3254 3857 3537 3926 ascendit,

1901 3937 2054 4006 quod
2087 3937 2239 3994 Deus
2271 3955 2332 3995 se
2352 3938 2659 4011 diligenter
2680 3941 3019 4015 praeparavit
3050 3943 3179 4015 (lsa.
3215 3945 3376 4015 μην).
3474 3970 3479 3974 ι

1900 4026 1929 4074 3
2043 4026 2187 4083 Uxor
2214 4033 2307 4082 tua
2330 4029 2473 4082 sicut
2500 4030 2627 4083 vitis
2656 4029 2939 4084 abundans
2972 4045 2986 4083 :

2040 4115 2100 4169 In
2126 4114 2390 4169 lateribus
2417 4115 2605 4170 domus
2630 4120 2759 4171 tum.

1968 4202 2008 4257 C
2037 4200 2188 4257 Uxor
2216 4202 2373 4257 dicta
2399 4208 2488 4258 est
2516 4204 2683 4275 quasi
2710 4208 2774 4259 ut
2803 4220 3003 4260 soror:
3028 4209 3380 4278 quaprOpter
3403 4224 3537 4262 uxo-

1897 4304 2019 4344 rem
2050 4288 2143 4344 hic
2173 4289 2518 4362 sapientiam
2549 4292 2830 4348 debemus
2860 4292 3173 4349 advertam.
3206 4293 3353 4349 Vitis
3403 4311 3536 4351 vero

1895 4382 2083 4433 mater
2110 4382 2198 4433 est
2228 4394 2626 4450 uvarum,quze
2657 4378 2851 4435 dulcia
2870 4380 3003 4436 vina
3029 4381 3539 4454 profundens,cor-

1893 4466 1968 4521 da
1999 4470 2197 4522 nostra
2223 4469 2459 4521 recreat.
2494 4466 2587 4521 Sic
2615 4470 2672 4521 et
2700 4467 2988 4539 sapientia
3019 4470 3244 4525 fructus
3282 4470 3537 4527 inferens

1884 4554 2195 4625 jocundos,
2230 4552 2391 4610 suavi
2422 4570 2529 4608 nos
2559 4553 2940 4612 delectatione
2990 4555 3259 4612 laetiﬁcat.
3310 4557 3532 4628 Latere,

1815 4663 1861 4728 Β
1893 4642 2008 4699 duo
2038 4645 2378 4698 testamenta
2413 4645 2556 4697 sunt
2608 4658 2635 4713 ε»
2674 4643 2905 4712 domus,
2960 4645 3194 4717 propria
3240 4645 3532 4717 cogitatio.

1893 4731 2055 4787 Mens
2084 4730 2240 4787 enim
2273 4730 2332 4784 in
2363 4729 2709 4803 cogitatione
2741 4748 2849 4787 sua
2878 4733 3046 4804 quasi
3094 4733 3155 4789 in
3192 4735 3311 4789 (ede
3333 4734 3534 4807 deﬁgi-

1889 4818 2194 4889 tur.Cujus
2216 4817 2585 4890 cogitationis
2608 4821 2723 4875 duo
2763 4819 2964 4889 latera,
2990 4819 3177 4894 legem
3200 4825 3257 4878 et
3282 4814 3532 4893 Evange—

1890 4906 2034 4962 lium
2066 4907 2261 4978 accipe
2294 4923 2306 4960 :
2344 4906 2402 4960 in
2434 4908 2651 4977 quibus
2682 4926 2848 4964 mens
2878 4913 3079 4965 sancta
3109 4909 3279 4982 quasi
3299 4908 3360 4965 in
3395 4908 3535 4966 duo-

1889 4994 2000 5050 bus
2025 4994 2163 5050 aedis
2197 4992 2480 5050 lateribus
2515 4995 2746 5053 firmata
2777 4996 3078 5054 solidatur.

1888 5084 1919 5138 4
2029 5083 2161 5137 Filii
2190 5084 2275 5137 tui
2300 5084 2444 5137 sicut
2474 5086 2706 5142 novellae
2732 5087 3003 5142 olivarum
3036 5103 3049 5140 :

2024 5172 2089 5226 In
2115 5172 2351 5225 circuitu
2380 5185 2584 5228 mensa:
2608 5178 2739 5231 tum.

1960 5258 2085 5315 Filii
2116 5258 2201 5313 tui
2236 5275 2249 5314 :
2285 5257 2328 5312 Η
2364 5256 2424 5311 Id
2457 5263 2547 5314 est
2575 5266 2740 5317 actus
2770 5261 2925 5330 boni,
2959 5262 3297 5319 assistentes
3326 5261 3386 5318 in
3418 5261 3530 5317 cir-

1886 5347 2046 5403 cuitu
2075 5347 2380 5419 Scriptura:
2412 5350 2469 5399 et
2498 5346 2773 5404 doctrina:
2804 5349 3076 5416 cmlestis,
3107 5368 3242 5407 cum
3287 5349 3528 5423 pingue-

1885 5435 2020 5491 dine
2079 5435 2238 5507 pacis
2296 5437 2353 5488 et
2408 5433 2852 5493 obumbratione
2912 5438 3161 5493 virtutis.
3202 5443 3241 5492 C
3282 5436 3381 5493 Vel
3424 5435 3526 5490 filii

1887 5528 2202 5594 utrumque
2255 5538 2458 5577 sexum
2514 5522 2826 5595 significat,
2880 5525 3263 5598 spiritualiter
3307 5521 3523 5579 caelesti

1884 5612 2056 5667 verbo
2087 5610 2348 5683 genitum
2374 5626 2386 5664 :
2412 5614 2467 5664 et
2498 5612 2959 5681 mensa,Domini
2981 5610 3284 5676 altare,ubi
3309 5605 3521 5666 caelesti

1886 5716 2034 5772 pane
2065 5700 2427 5773 saginantur.
