  <div class='ocr_page' id='page_1' title='image "/cluster/home/n/w/nwhite01/storage/ocr_20150623/142-143/uc1.31175018423130/246.png"; bbox 0 0 5516 6472; ppageno 0'>
   <div class='ocr_carea' id='block_1_1' title="bbox 320 1840 1053 1931">
    <p class='ocr_par' dir='ltr' id='par_1_1' title="bbox 320 1840 1053 1931">
     <span class='ocr_line' id='line_1_1' title="bbox 320 1840 1053 1931; baseline -0.003 -19"><span class='ocrx_word' id='word_1_1' title='bbox 320 1840 321 1843; x_wconf 8' lang='grc' dir='ltr'><strong>η</strong></span> <span class='ocrx_word' id='word_1_2' title='bbox 394 1856 658 1931; x_wconf 88' lang='lat' dir='ltr'>profundo</span> <span class='ocrx_word' id='word_1_3' title='bbox 702 1854 991 1910; x_wconf 79' lang='lat' dir='ltr'>liberetur</span> <span class='ocrx_word' id='word_1_4' title='bbox 1041 1871 1053 1910; x_wconf 93' lang='lat'>:</span> 
     </span>
    </p>
   </div>
   <div class='ocr_carea' id='block_1_2' title="bbox 320 1942 1538 2023">
    <p class='ocr_par' dir='ltr' id='par_1_2' title="bbox 320 1942 1538 2023">
     <span class='ocr_line' id='line_1_2' title="bbox 320 1942 1538 2023; baseline -0.003 -22"><span class='ocrx_word' id='word_1_5' title='bbox 320 2016 321 2023; x_wconf 12' lang='grc' dir='ltr'>γ</span> <span class='ocrx_word' id='word_1_6' title='bbox 391 1961 638 2019; x_wconf 64' lang='lat' dir='ltr'>querens</span> <span class='ocrx_word' id='word_1_7' title='bbox 667 1944 738 2000; x_wconf 90' lang='lat' dir='ltr'>de</span> <span class='ocrx_word' id='word_1_8' title='bbox 771 1942 1217 1999; x_wconf 80' lang='lat' dir='ltr'>calamitatibus</span> <span class='ocrx_word' id='word_1_9' title='bbox 1250 1943 1538 2017; x_wconf 84' lang='lat' dir='ltr'>indicatis.</span> 
     </span>
    </p>
   </div>
   <div class='ocr_carea' id='block_1_3' title="bbox 402 402 514 488">
    <p class='ocr_par' dir='ltr' id='par_1_3' title="bbox 402 402 514 488">
     <span class='ocr_line' id='line_1_3' title="bbox 402 402 514 488; baseline -0.054 -26"><span class='ocrx_word' id='word_1_10' title='bbox 402 402 514 488; x_wconf 80' lang='lat' dir='ltr'>m_</span> 
     </span>
    </p>
   </div>
   <div class='ocr_carea' id='block_1_4' title="bbox 1591 392 2543 477">
    <p class='ocr_par' dir='ltr' id='par_1_4' title="bbox 1591 392 2543 477">
     <span class='ocr_line' id='line_1_4' title="bbox 1591 392 2543 477; baseline 0.002 -24"><span class='ocrx_word' id='word_1_11' title='bbox 1591 392 1991 477; x_wconf 74' lang='lat' dir='ltr'>sxrosmo</span> <span class='ocrx_word' id='word_1_12' title='bbox 2037 393 2543 456; x_wconf 74' lang='lat' dir='ltr'>PSALMORUM.</span> 
     </span>
    </p>
   </div>
   <div class='ocr_carea' id='block_1_5' title="bbox 3639 398 3773 489">
    <p class='ocr_par' dir='ltr' id='par_1_5' title="bbox 3639 398 3773 489">
     <span class='ocr_line' id='line_1_5' title="bbox 3639 398 3773 489; baseline 0 -31"><span class='ocrx_word' id='word_1_13' title='bbox 3639 398 3773 489; x_wconf 70' lang='lat' dir='ltr'>47s</span> 
     </span>
    </p>
   </div>
   <div class='ocr_carea' id='block_1_6' title="bbox 399 521 3758 603">
    <p class='ocr_par' dir='ltr' id='par_1_6' title="bbox 399 521 3758 603">
     <span class='ocr_line' id='line_1_6' title="bbox 399 521 3758 603; baseline 0 -15"><span class='ocrx_word' id='word_1_14' title='bbox 399 530 495 592; x_wconf 85' lang='lat' dir='ltr'>Sed</span> <span class='ocrx_word' id='word_1_15' title='bbox 524 545 590 585; x_wconf 88' lang='lat' dir='ltr'>ne</span> <span class='ocrx_word' id='word_1_16' title='bbox 619 524 727 583; x_wconf 83' lang='lat' dir='ltr'>ista</span> <span class='ocrx_word' id='word_1_17' title='bbox 756 521 1081 581; x_wconf 79' lang='lat' dir='ltr'>benedictio</span> <span class='ocrx_word' id='word_1_18' title='bbox 1112 527 1416 603; x_wconf 87' lang='lat' dir='ltr'>putaretur</span> <span class='ocrx_word' id='word_1_19' title='bbox 1462 523 1740 582; x_wconf 85' lang='lat' dir='ltr'>humanis</span> <span class='ocrx_word' id='word_1_20' title='bbox 1789 524 2008 582; x_wconf 87' lang='lat' dir='ltr'>viribus</span> <span class='ocrx_word' id='word_1_21' title='bbox 2036 528 2093 593; x_wconf 82' lang='grc' dir='ltr'><strong>Α</strong></span> <span class='ocrx_word' id='word_1_22' title='bbox 2123 524 2606 599; x_wconf 89' lang='lat' dir='ltr'>terim,patienter</span> <span class='ocrx_word' id='word_1_23' title='bbox 2634 524 3046 600; x_wconf 72' lang='lat' dir='ltr'>expectavitEt</span> <span class='ocrx_word' id='word_1_24' title='bbox 3074 527 3228 601; x_wconf 89' lang='lat' dir='ltr'>quod</span> <span class='ocrx_word' id='word_1_25' title='bbox 3261 545 3376 587; x_wconf 91' lang='lat' dir='ltr'>non</span> <span class='ocrx_word' id='word_1_26' title='bbox 3408 528 3554 587; x_wconf 78' lang='lat' dir='ltr'>dixit</span> <span class='ocrx_word' id='word_1_27' title='bbox 3598 536 3758 589; x_wconf 87' lang='lat' dir='ltr'>tran-</span> 
     </span>
    </p>
   </div>
   <div class='ocr_carea' id='block_1_7' title="bbox 397 613 3758 694">
    <p class='ocr_par' dir='ltr' id='par_1_7' title="bbox 397 613 3758 694">
     <span class='ocr_line' id='line_1_7' title="bbox 397 613 3758 694; baseline 0.001 -21"><span class='ocrx_word' id='word_1_28' title='bbox 397 613 1341 694; x_wconf 71' lang='lat' dir='ltr'>applicanda,addit,benediximus</span> <span class='ocrx_word' id='word_1_29' title='bbox 1373 614 1557 681; x_wconf 83' lang='lat' dir='ltr'>vobis,</span> <span class='ocrx_word' id='word_1_30' title='bbox 1588 620 1677 670; x_wconf 91' lang='lat' dir='ltr'>etc</span> <span class='ocrx_word' id='word_1_31' title='bbox 1711 633 1724 670; x_wconf 90' lang='lat'><strong>:</strong></span> <span class='ocrx_word' id='word_1_32' title='bbox 1758 614 1887 687; x_wconf 89' lang='lat' dir='ltr'>ipsa</span> <span class='ocrx_word' id='word_1_33' title='bbox 1924 619 2012 671; x_wconf 92' lang='lat' dir='ltr'>est</span> <span class='ocrx_word' id='word_1_34' title='bbox 2084 613 2387 670; x_wconf 62' lang='lat' dir='ltr'>«sitorium</span> <span class='ocrx_word' id='word_1_35' title='bbox 2417 614 2651 687; x_wconf 82' lang='lat' dir='ltr'>aliquod</span> <span class='ocrx_word' id='word_1_36' title='bbox 2682 616 3182 689; x_wconf 82' lang='lat' dir='ltr'>verbum,exponit</span> <span class='ocrx_word' id='word_1_37' title='bbox 3212 620 3758 689; x_wconf 88' lang='lat' dir='ltr'>sequenter,dibens</span> 
     </span>
    </p>
   </div>
   <div class='ocr_carea' id='block_1_8' title="bbox 398 702 3764 777">
    <p class='ocr_par' dir='ltr' id='par_1_8' title="bbox 398 702 3764 777">
     <span class='ocr_line' id='line_1_8' title="bbox 398 702 3764 777; baseline 0 -12"><span class='ocrx_word' id='word_1_38' title='bbox 398 709 539 766; x_wconf 88' lang='lat' dir='ltr'>enim</span> <span class='ocrx_word' id='word_1_39' title='bbox 587 706 750 760; x_wconf 86' lang='lat' dir='ltr'>ﬁrma</span> <span class='ocrx_word' id='word_1_40' title='bbox 777 706 834 757; x_wconf 90' lang='lat' dir='ltr'>et</span> <span class='ocrx_word' id='word_1_41' title='bbox 873 718 1010 758; x_wconf 84' lang='lat' dir='ltr'>vera</span> <span class='ocrx_word' id='word_1_42' title='bbox 1050 702 1393 771; x_wconf 76' lang='lat' dir='ltr'>benedictio,</span> <span class='ocrx_word' id='word_1_43' title='bbox 1449 721 1575 776; x_wconf 80' lang='lat' dir='ltr'>quae</span> <span class='ocrx_word' id='word_1_44' title='bbox 1627 704 1738 759; x_wconf 88' lang='lat' dir='ltr'>sub</span> <span class='ocrx_word' id='word_1_45' title='bbox 1780 702 2011 758; x_wconf 89' lang='lat' dir='ltr'>Domini</span> <span class='ocrx_word' id='word_1_46' title='bbox 2119 702 2262 758; x_wconf 90' lang='lat' dir='ltr'>illud</span> <span class='ocrx_word' id='word_1_47' title='bbox 2293 704 2532 759; x_wconf 84' lang='lat' dir='ltr'>verbum</span> <span class='ocrx_word' id='word_1_48' title='bbox 2557 705 3179 777; x_wconf 61' lang='lat' dir='ltr'>Dominumzslieravit</span> <span class='ocrx_word' id='word_1_49' title='bbox 3203 706 3401 762; x_wconf 90' lang='lat' dir='ltr'>anima</span> <span class='ocrx_word' id='word_1_50' title='bbox 3422 724 3551 763; x_wconf 89' lang='lat' dir='ltr'>mea</span> <span class='ocrx_word' id='word_1_51' title='bbox 3576 709 3633 763; x_wconf 92' lang='lat' dir='ltr'>in</span> <span class='ocrx_word' id='word_1_52' title='bbox 3658 715 3764 765; x_wconf 84' lang='lat' dir='ltr'>Do-</span> 
     </span>
    </p>
   </div>
   <div class='ocr_carea' id='block_1_9' title="bbox 398 791 2012 872">
    <p class='ocr_par' dir='ltr' id='par_1_9' title="bbox 398 791 2012 872">
     <span class='ocr_line' id='line_1_9' title="bbox 398 791 2012 872; baseline -0.004 -19"><span class='ocrx_word' id='word_1_53' title='bbox 398 791 924 853; x_wconf 87' lang='lat' dir='ltr'>commemoratione</span> <span class='ocrx_word' id='word_1_54' title='bbox 966 792 1181 872; x_wconf 83' lang='lat' dir='ltr'>agitur,</span> <span class='ocrx_word' id='word_1_55' title='bbox 1234 810 1268 847; x_wconf 90' lang='lat' dir='ltr'>a</span> <span class='ocrx_word' id='word_1_56' title='bbox 1301 809 1415 865; x_wconf 92' lang='lat' dir='ltr'>quo</span> <span class='ocrx_word' id='word_1_57' title='bbox 1450 792 1605 848; x_wconf 88' lang='lat' dir='ltr'>venit</span> <span class='ocrx_word' id='word_1_58' title='bbox 1655 809 1828 849; x_wconf 89' lang='lat' dir='ltr'>omne</span> <span class='ocrx_word' id='word_1_59' title='bbox 1857 792 2012 864; x_wconf 92' lang='lat' dir='ltr'>quod</span> 
     </span>
    </p>
   </div>
   <div class='ocr_carea' id='block_1_10' title="bbox 398 883 625 957">
    <p class='ocr_par' dir='ltr' id='par_1_10' title="bbox 398 883 625 957">
     <span class='ocr_line' id='line_1_10' title="bbox 398 883 625 957; baseline -0.022 -15"><span class='ocrx_word' id='word_1_60' title='bbox 398 883 625 957; x_wconf 84' lang='lat' dir='ltr'>expedit.</span> 
     </span>
    </p>
   </div>
   <div class='ocr_carea' id='block_1_11' title="bbox 755 1004 1581 1047">
    <p class='ocr_par' dir='ltr' id='par_1_11' title="bbox 755 1004 1581 1047">
     <span class='ocr_line' id='line_1_11' title="bbox 755 1004 1581 1047; baseline 0 -4"><span class='ocrx_word' id='word_1_61' title='bbox 755 1038 771 1043; x_wconf 72' lang='lat'>-</span> <span class='ocrx_word' id='word_1_62' title='bbox 808 1004 1012 1043; x_wconf 79' lang='lat' dir='ltr'>ORATIO</span> <span class='ocrx_word' id='word_1_63' title='bbox 1051 1005 1121 1047; x_wconf 74' lang='lat' dir='ltr'><strong>EX</strong></span> <span class='ocrx_word' id='word_1_64' title='bbox 1159 1005 1315 1044; x_wconf 83' lang='lat' dir='ltr'>PSAL.</span> <span class='ocrx_word' id='word_1_65' title='bbox 1355 1004 1581 1044; x_wconf 75' lang='lat' dir='ltr'>CXXVIII.</span> 
     </span>
    </p>
   </div>
   <div class='ocr_carea' id='block_1_12' title="bbox 457 1093 2012 1167">
    <p class='ocr_par' dir='ltr' id='par_1_12' title="bbox 457 1093 2012 1167">
     <span class='ocr_line' id='line_1_12' title="bbox 457 1093 2012 1167; baseline -0.005 -14"><span class='ocrx_word' id='word_1_66' title='bbox 457 1097 536 1154; x_wconf 89' lang='lat' dir='ltr'>Ab</span> <span class='ocrx_word' id='word_1_67' title='bbox 563 1093 819 1151; x_wconf 88' lang='lat' dir='ltr'>omnium</span> <span class='ocrx_word' id='word_1_68' title='bbox 852 1094 1327 1167; x_wconf 85' lang='lat' dir='ltr'>impugnantium</span> <span class='ocrx_word' id='word_1_69' title='bbox 1368 1094 1662 1166; x_wconf 87' lang='lat' dir='ltr'>nequitiis,</span> <span class='ocrx_word' id='word_1_70' title='bbox 1695 1093 2012 1150; x_wconf 89' lang='lat' dir='ltr'>Ecclesiam</span> 
     </span>
    </p>
   </div>
   <div class='ocr_carea' id='block_1_13' title="bbox 396 1181 2017 1255">
    <p class='ocr_par' dir='ltr' id='par_1_13' title="bbox 396 1181 2017 1255">
     <span class='ocr_line' id='line_1_13' title="bbox 396 1181 2017 1255; baseline -0.004 -13"><span class='ocrx_word' id='word_1_71' title='bbox 396 1192 542 1242; x_wconf 87' lang='lat' dir='ltr'>tuam</span> <span class='ocrx_word' id='word_1_72' title='bbox 588 1182 846 1249; x_wconf 89' lang='lat' dir='ltr'>Domine,</span> <span class='ocrx_word' id='word_1_73' title='bbox 881 1183 1115 1238; x_wconf 78' lang='lat' dir='ltr'>dextera</span> <span class='ocrx_word' id='word_1_74' title='bbox 1162 1188 1275 1238; x_wconf 68' lang='lat' dir='ltr'>tuae</span> <span class='ocrx_word' id='word_1_75' title='bbox 1315 1181 1583 1255; x_wconf 81' lang='lat' dir='ltr'>potentiae</span> <span class='ocrx_word' id='word_1_76' title='bbox 1626 1182 1867 1238; x_wconf 78' lang='lat' dir='ltr'>defende</span> <span class='ocrx_word' id='word_1_77' title='bbox 1902 1198 1914 1236; x_wconf 90' lang='lat'><strong>:</strong></span> <span class='ocrx_word' id='word_1_78' title='bbox 1952 1187 2017 1237; x_wconf 93' lang='lat' dir='ltr'>ut</span> 
     </span>
    </p>
   </div>
   <div class='ocr_carea' id='block_1_14' title="bbox 398 1269 2017 1340">
    <p class='ocr_par' dir='ltr' id='par_1_14' title="bbox 398 1269 2017 1340">
     <span class='ocr_line' id='line_1_14' title="bbox 398 1269 2017 1340; baseline -0.004 -10"><span class='ocrx_word' id='word_1_79' title='bbox 398 1272 629 1330; x_wconf 89' lang='lat' dir='ltr'>inimicis</span> <span class='ocrx_word' id='word_1_80' title='bbox 659 1274 978 1326; x_wconf 80' lang='lat' dir='ltr'>retrorsum</span> <span class='ocrx_word' id='word_1_81' title='bbox 1009 1271 1513 1340; x_wconf 88' lang='lat' dir='ltr'>conversis,sacris</span> <span class='ocrx_word' id='word_1_82' title='bbox 1534 1288 1568 1326; x_wconf 91' lang='lat' dir='ltr'>a</span> <span class='ocrx_word' id='word_1_83' title='bbox 1592 1274 1646 1327; x_wconf 89' lang='lat' dir='ltr'>te</span> <span class='ocrx_word' id='word_1_84' title='bbox 1672 1269 2017 1326; x_wconf 91' lang='lat' dir='ltr'>benedictio-</span> 
     </span>
    </p>
   </div>
   <div class='ocr_carea' id='block_1_15' title="bbox 396 1357 2017 1431">
    <p class='ocr_par' dir='ltr' id='par_1_15' title="bbox 396 1357 2017 1431">
     <span class='ocr_line' id='line_1_15' title="bbox 396 1357 2017 1431; baseline -0.003 -14"><span class='ocrx_word' id='word_1_85' title='bbox 396 1362 553 1418; x_wconf 86' lang='lat' dir='ltr'>nibus</span> <span class='ocrx_word' id='word_1_86' title='bbox 582 1357 1004 1431; x_wconf 89' lang='lat' dir='ltr'>repleatur.Per</span> <span class='ocrx_word' id='word_1_87' title='bbox 1018 1359 1333 1415; x_wconf 89' lang='lat' dir='ltr'>Dominum</span> <span class='ocrx_word' id='word_1_88' title='bbox 1355 1364 1620 1415; x_wconf 87' lang='lat' dir='ltr'>nostrum</span> <span class='ocrx_word' id='word_1_89' title='bbox 1637 1360 1668 1415; x_wconf 92' lang='lat' dir='ltr'><strong>J</strong></span> <span class='ocrx_word' id='word_1_90' title='bbox 1674 1375 1839 1415; x_wconf 89' lang='lat' dir='ltr'>esum</span> <span class='ocrx_word' id='word_1_91' title='bbox 1858 1358 2017 1413; x_wconf 88' lang='lat' dir='ltr'>Chri-</span> 
     </span>
    </p>
   </div>
   <div class='ocr_carea' id='block_1_16' title="bbox 395 1453 691 1517">
    <p class='ocr_par' dir='ltr' id='par_1_16' title="bbox 395 1453 691 1517">
     <span class='ocr_line' id='line_1_16' title="bbox 395 1453 691 1517; baseline -0.017 -10"><span class='ocrx_word' id='word_1_92' title='bbox 395 1455 555 1517; x_wconf 90' lang='lat' dir='ltr'>stum,</span> <span class='ocrx_word' id='word_1_93' title='bbox 586 1453 691 1505; x_wconf 88' lang='lat' dir='ltr'>etc.</span> 
     </span>
    </p>
   </div>
   <div class='ocr_carea' id='block_1_17' title="bbox 903 1562 1496 1619">
    <p class='ocr_par' dir='ltr' id='par_1_17' title="bbox 903 1562 1496 1619">
     <span class='ocr_line' id='line_1_17' title="bbox 903 1562 1496 1619; baseline -0.002 -2"><span class='ocrx_word' id='word_1_94' title='bbox 903 1562 1229 1619; x_wconf 87' lang='lat' dir='ltr'>PSALMUS</span> <span class='ocrx_word' id='word_1_95' title='bbox 1264 1563 1496 1619; x_wconf 83' lang='lat' dir='ltr'>CXXIX.</span> 
     </span>
    </p>
   </div>
   <div class='ocr_carea' id='block_1_18' title="bbox 782 1666 1609 1708">
    <p class='ocr_par' dir='ltr' id='par_1_18' title="bbox 782 1666 1609 1708">
     <span class='ocr_line' id='line_1_18' title="bbox 782 1666 1609 1708; baseline 0.002 -3"><span class='ocrx_word' id='word_1_96' title='bbox 782 1666 1192 1707; x_wconf 71' lang='lat' dir='ltr'>ARGUMENTUM</span> <span class='ocrx_word' id='word_1_97' title='bbox 1232 1669 1383 1708; x_wconf 77' lang='lat' dir='ltr'>PSAL.</span> <span class='ocrx_word' id='word_1_98' title='bbox 1424 1668 1609 1707; x_wconf 76' lang='lat' dir='ltr'><strong>CXXIX.</strong></span> 
     </span>
    </p>
   </div>
   <div class='ocr_carea' id='block_1_19' title="bbox 454 1742 2014 1839">
    <p class='ocr_par' dir='ltr' id='par_1_19' title="bbox 454 1742 2014 1839">
     <span class='ocr_line' id='line_1_19' title="bbox 454 1742 2014 1839; baseline -0.003 -15"><span class='ocrx_word' id='word_1_99' title='bbox 454 1768 492 1824; x_wconf 91' lang='lat' dir='ltr'>C</span> <span class='ocrx_word' id='word_1_100' title='bbox 518 1766 736 1823; x_wconf 89' lang='lat' dir='ltr'>Clamat</span> <span class='ocrx_word' id='word_1_101' title='bbox 762 1742 1053 1838; x_wconf 81' lang='lat' dir='ltr'>propheta</span> <span class='ocrx_word' id='word_1_102' title='bbox 1072 1766 1143 1821; x_wconf 91' lang='lat' dir='ltr'>ad</span> <span class='ocrx_word' id='word_1_103' title='bbox 1167 1766 1575 1835; x_wconf 88' lang='lat' dir='ltr'>Dominum,ut</span> <span class='ocrx_word' id='word_1_104' title='bbox 1598 1783 1628 1821; x_wconf 88' lang='lat' dir='ltr'>a</span> <span class='ocrx_word' id='word_1_105' title='bbox 1646 1767 2014 1839; x_wconf 80' lang='lat' dir='ltr'>peccatorum</span> 
     </span>
    </p>
   </div>
   <div class='ocr_carea' id='block_1_20' title="bbox 818 2032 1574 2104">
    <p class='ocr_par' dir='ltr' id='par_1_20' title="bbox 818 2032 1574 2104">
     <span class='ocr_line' id='line_1_20' title="bbox 818 2032 1574 2104; baseline -0.003 -16"><span class='ocrx_word' id='word_1_106' title='bbox 818 2032 932 2088; x_wconf 88' lang='lat' dir='ltr'>TT.</span> <span class='ocrx_word' id='word_1_107' title='bbox 966 2034 1255 2088; x_wconf 73' lang='lat' dir='ltr'>Canticum</span> <span class='ocrx_word' id='word_1_108' title='bbox 1282 2033 1574 2104; x_wconf 85' lang='lat' dir='ltr'>graduum.</span> 
     </span>
    </p>
   </div>
   <div class='ocr_carea' id='block_1_21' title="bbox 320 2106 1653 2201">
    <p class='ocr_par' dir='ltr' id='par_1_21' title="bbox 320 2106 1653 2201">
     <span class='ocr_line' id='line_1_21' title="bbox 320 2106 1653 2201; baseline -0.029 0"><span class='ocrx_word' id='word_1_109' title='bbox 392 2124 414 2177; x_wconf 68' lang='grc' dir='ltr'>ί</span> <span class='ocrx_word' id='word_1_110' title='bbox 517 2124 586 2178; x_wconf 64' lang='lat' dir='ltr'>De</span> <span class='ocrx_word' id='word_1_111' title='bbox 611 2121 907 2193; x_wconf 77' lang='lat' dir='ltr'>Profundis</span> <span class='ocrx_word' id='word_1_112' title='bbox 936 2122 1174 2177; x_wconf 80' lang='lat' dir='ltr'>clamavi</span> <span class='ocrx_word' id='word_1_113' title='bbox 1201 2121 1271 2176; x_wconf 84' lang='lat' dir='ltr'>ad</span> <span class='ocrx_word' id='word_1_114' title='bbox 1301 2126 1353 2176; x_wconf 88' lang='lat' dir='ltr'>te</span> <span class='ocrx_word' id='word_1_115' title='bbox 1385 2122 1608 2176; x_wconf 66' lang='lat' dir='ltr'>Domina</span> <span class='ocrx_word' id='word_1_116' title='bbox 1641 2137 1653 2174; x_wconf 75' lang='grc' dir='ltr'>ε</span> 
     </span>
    </p>
   </div>
   <div class='ocr_carea' id='block_1_22' title="bbox 520 2209 1434 2275">
    <p class='ocr_par' dir='ltr' id='par_1_22' title="bbox 520 2209 1434 2275">
     <span class='ocr_line' id='line_1_22' title="bbox 520 2209 1434 2275; baseline -0.002 -9"><span class='ocrx_word' id='word_1_117' title='bbox 520 2211 759 2275; x_wconf 78' lang='lat' dir='ltr'>Domine,</span> <span class='ocrx_word' id='word_1_118' title='bbox 791 2209 1006 2265; x_wconf 68' lang='lat' dir='ltr'>exaudi</span> <span class='ocrx_word' id='word_1_119' title='bbox 1032 2226 1213 2266; x_wconf 81' lang='lat' dir='ltr'>vocem</span> <span class='ocrx_word' id='word_1_120' title='bbox 1242 2227 1434 2265; x_wconf 88' lang='lat' dir='ltr'>meam.</span> 
     </span>
    </p>
   </div>
   <div class='ocr_carea' id='block_1_23' title="bbox 451 2295 2022 2370">
    <p class='ocr_par' dir='ltr' id='par_1_23' title="bbox 451 2295 2022 2370">
     <span class='ocr_line' id='line_1_23' title="bbox 451 2295 2022 2370; baseline -0.004 -15"><span class='ocrx_word' id='word_1_121' title='bbox 451 2299 489 2354; x_wconf 86' lang='lat' dir='ltr'>C</span> <span class='ocrx_word' id='word_1_122' title='bbox 518 2298 875 2355; x_wconf 79' lang='lat' dir='ltr'>Profundum</span> <span class='ocrx_word' id='word_1_123' title='bbox 908 2301 997 2354; x_wconf 90' lang='lat' dir='ltr'>est</span> <span class='ocrx_word' id='word_1_124' title='bbox 1025 2297 1191 2370; x_wconf 89' lang='lat' dir='ltr'>quasi</span> <span class='ocrx_word' id='word_1_125' title='bbox 1225 2314 1395 2370; x_wconf 91' lang='lat' dir='ltr'>porro</span> <span class='ocrx_word' id='word_1_126' title='bbox 1420 2298 1874 2368; x_wconf 79' lang='lat' dir='ltr'>fundum,cujus</span> <span class='ocrx_word' id='word_1_127' title='bbox 1902 2295 2022 2350; x_wconf 84' lang='lat' dir='ltr'>ima</span> 
     </span>
    </p>
   </div>
   <div class='ocr_carea' id='block_1_24' title="bbox 391 2384 2021 2460">
    <p class='ocr_par' dir='ltr' id='par_1_24' title="bbox 391 2384 2021 2460">
     <span class='ocr_line' id='line_1_24' title="bbox 391 2384 2021 2460; baseline -0.002 -20"><span class='ocrx_word' id='word_1_128' title='bbox 391 2386 611 2442; x_wconf 90' lang='lat' dir='ltr'>omnino</span> <span class='ocrx_word' id='word_1_129' title='bbox 659 2386 932 2441; x_wconf 85' lang='lat' dir='ltr'>demersa</span> <span class='ocrx_word' id='word_1_130' title='bbox 960 2390 1115 2441; x_wconf 89' lang='lat' dir='ltr'>sunt.</span> <span class='ocrx_word' id='word_1_131' title='bbox 1151 2387 1229 2442; x_wconf 90' lang='lat' dir='ltr'>De</span> <span class='ocrx_word' id='word_1_132' title='bbox 1276 2387 1388 2442; x_wconf 91' lang='lat' dir='ltr'>isto</span> <span class='ocrx_word' id='word_1_133' title='bbox 1420 2387 1707 2460; x_wconf 79' lang='lat' dir='ltr'>profundo</span> <span class='ocrx_word' id='word_1_134' title='bbox 1740 2384 2021 2457; x_wconf 87' lang='lat' dir='ltr'>gloriosas</span> 
     </span>
    </p>
   </div>
   <div class='ocr_carea' id='block_1_25' title="bbox 394 2473 2022 2549">
    <p class='ocr_par' dir='ltr' id='par_1_25' title="bbox 394 2473 2022 2549">
     <span class='ocr_line' id='line_1_25' title="bbox 394 2473 2022 2549; baseline -0.001 -20"><span class='ocrx_word' id='word_1_135' title='bbox 394 2473 582 2546; x_wconf 75' lang='lat' dir='ltr'>effudit</span> <span class='ocrx_word' id='word_1_136' title='bbox 611 2474 904 2549; x_wconf 83' lang='lat' dir='ltr'>lacrymas</span> <span class='ocrx_word' id='word_1_137' title='bbox 934 2474 1515 2547; x_wconf 86' lang='lat' dir='ltr'>Petrus,publicanus</span> <span class='ocrx_word' id='word_1_138' title='bbox 1547 2478 1775 2547; x_wconf 87' lang='lat' dir='ltr'>pectora</span> <span class='ocrx_word' id='word_1_139' title='bbox 1802 2474 2022 2528; x_wconf 89' lang='lat' dir='ltr'>tutudit</span> 
     </span>
    </p>
   </div>
   <div class='ocr_carea' id='block_1_26' title="bbox 395 2560 2021 2635">
    <p class='ocr_par' dir='ltr' id='par_1_26' title="bbox 395 2560 2021 2635">
     <span class='ocr_line' id='line_1_26' title="bbox 395 2560 2021 2635; baseline 0.001 -18"><span class='ocrx_word' id='word_1_140' title='bbox 395 2564 508 2618; x_wconf 85' lang='lat' dir='ltr'>Luc.</span> <span class='ocrx_word' id='word_1_141' title='bbox 539 2564 712 2635; x_wconf 86' lang='lat' dir='ltr'>xvm),</span> <span class='ocrx_word' id='word_1_142' title='bbox 743 2560 933 2618; x_wconf 87' lang='lat' dir='ltr'>Jonas</span> <span class='ocrx_word' id='word_1_143' title='bbox 972 2563 1184 2619; x_wconf 87' lang='lat' dir='ltr'>tacitus</span> <span class='ocrx_word' id='word_1_144' title='bbox 1231 2562 1559 2619; x_wconf 88' lang='lat' dir='ltr'>vociferavit</span> <span class='ocrx_word' id='word_1_145' title='bbox 1590 2564 1762 2633; x_wconf 82' lang='lat' dir='ltr'>(Joan.</span> <span class='ocrx_word' id='word_1_146' title='bbox 1793 2564 1875 2633; x_wconf 83' lang='grc' dir='ltr'>ιι),</span> <span class='ocrx_word' id='word_1_147' title='bbox 1910 2564 2021 2618; x_wconf 91' lang='lat' dir='ltr'>Do-</span> 
     </span>
    </p>
   </div>
   <div class='ocr_carea' id='block_1_27' title="bbox 393 2651 2017 2724">
    <p class='ocr_par' dir='ltr' id='par_1_27' title="bbox 393 2651 2017 2724">
     <span class='ocr_line' id='line_1_27' title="bbox 393 2651 2017 2724; baseline 0.002 -19"><span class='ocrx_word' id='word_1_148' title='bbox 393 2651 554 2717; x_wconf 87' lang='lat' dir='ltr'>mine,</span> <span class='ocrx_word' id='word_1_149' title='bbox 585 2651 791 2706; x_wconf 82' lang='lat' dir='ltr'>exaudi</span> <span class='ocrx_word' id='word_1_150' title='bbox 854 2668 866 2705; x_wconf 91' lang='lat'>:</span> <span class='ocrx_word' id='word_1_151' title='bbox 920 2652 1004 2707; x_wconf 91' lang='lat' dir='ltr'>sic</span> <span class='ocrx_word' id='word_1_152' title='bbox 1062 2668 1196 2706; x_wconf 90' lang='lat' dir='ltr'>cum</span> <span class='ocrx_word' id='word_1_153' title='bbox 1247 2652 1317 2706; x_wconf 92' lang='lat' dir='ltr'>de</span> <span class='ocrx_word' id='word_1_154' title='bbox 1365 2652 1651 2724; x_wconf 85' lang='lat' dir='ltr'>profundo</span> <span class='ocrx_word' id='word_1_155' title='bbox 1696 2653 1898 2724; x_wconf 85' lang='lat' dir='ltr'>oravit,</span> <span class='ocrx_word' id='word_1_156' title='bbox 1949 2654 2017 2708; x_wconf 88' lang='lat' dir='ltr'>ad</span> 
     </span>
    </p>
   </div>
   <div class='ocr_carea' id='block_1_28' title="bbox 320 2726 2023 2813">
    <p class='ocr_par' dir='ltr' id='par_1_28' title="bbox 320 2726 2023 2813">
     <span class='ocr_line' id='line_1_28' title="bbox 320 2726 2023 2813; baseline 0.002 -20"><span class='ocrx_word' id='word_1_157' title='bbox 320 2726 324 2759; x_wconf 73' lang='grc'><strong>⁷</strong></span> <span class='ocrx_word' id='word_1_158' title='bbox 393 2738 645 2795; x_wconf 77' lang='lat' dir='ltr'>altissimi</span> <span class='ocrx_word' id='word_1_159' title='bbox 680 2738 1095 2812; x_wconf 84' lang='lat' dir='ltr'>Redemptoris</span> <span class='ocrx_word' id='word_1_160' title='bbox 1125 2739 1386 2794; x_wconf 89' lang='lat' dir='ltr'>celeriter</span> <span class='ocrx_word' id='word_1_161' title='bbox 1414 2741 1567 2796; x_wconf 90' lang='lat' dir='ltr'>dona</span> <span class='ocrx_word' id='word_1_162' title='bbox 1612 2740 1888 2813; x_wconf 85' lang='lat' dir='ltr'>pervenit.</span> <span class='ocrx_word' id='word_1_163' title='bbox 1922 2742 2023 2797; x_wconf 87' lang='lat' dir='ltr'>Est</span> 
     </span>
    </p>
   </div>
   <div class='ocr_carea' id='block_1_29' title="bbox 320 2824 2021 2917">
    <p class='ocr_par' dir='ltr' id='par_1_29' title="bbox 320 2824 2021 2917">
     <span class='ocr_line' id='line_1_29' title="bbox 320 2824 2021 2917; baseline -0.011 -15"><span class='ocrx_word' id='word_1_164' title='bbox 320 2824 325 2917; x_wconf 76' lang='grc' dir='ltr'>ἶ</span> <span class='ocrx_word' id='word_1_165' title='bbox 389 2843 513 2917; x_wconf 60' lang='grc' dir='ltr'>περ</span> <span class='ocrx_word' id='word_1_166' title='bbox 549 2826 691 2883; x_wconf 72' lang='grc' dir='ltr'>ἰηιιά</span> <span class='ocrx_word' id='word_1_167' title='bbox 738 2828 1125 2901; x_wconf 78' lang='lat' dir='ltr'>Profundum,</span> <span class='ocrx_word' id='word_1_168' title='bbox 1177 2828 1468 2900; x_wconf 86' lang='lat' dir='ltr'>profunda</span> <span class='ocrx_word' id='word_1_169' title='bbox 1512 2828 1814 2887; x_wconf 86' lang='lat' dir='ltr'>humilitas</span> <span class='ocrx_word' id='word_1_170' title='bbox 1839 2831 2021 2902; x_wconf 77' lang='lat' dir='ltr'>poeni.</span> 
     </span>
    </p>
   </div>
   <div class='ocr_carea' id='block_1_30' title="bbox 320 2915 584 2971">
    <p class='ocr_par' dir='ltr' id='par_1_30' title="bbox 320 2915 584 2971">
     <span class='ocr_line' id='line_1_30' title="bbox 320 2915 584 2971; baseline 0.011 -3"><span class='ocrx_word' id='word_1_171' title='bbox 320 2930 323 2939; x_wconf 62' lang='grc' dir='ltr'>λ</span> <span class='ocrx_word' id='word_1_172' title='bbox 354 2953 357 2957; x_wconf 92' lang='grc'><strong><em>-</em></strong></span> <span class='ocrx_word' id='word_1_173' title='bbox 387 2915 584 2971; x_wconf 74' lang='lat' dir='ltr'>tentize.</span> 
     </span>
    </p>
   </div>
   <div class='ocr_carea' id='block_1_31' title="bbox 320 2992 1420 3062">
    <p class='ocr_par' dir='ltr' id='par_1_31' title="bbox 320 2992 1420 3062">
     <span class='ocr_line' id='line_1_31' title="bbox 320 2992 1420 3062; baseline 0.004 -6"><span class='ocrx_word' id='word_1_174' title='bbox 320 2992 325 3027; x_wconf 57' lang='grc' dir='ltr'>ί</span> <span class='ocrx_word' id='word_1_175' title='bbox 388 3006 418 3056; x_wconf 85' lang='lat'><strong><em>2</em></strong></span> <span class='ocrx_word' id='word_1_176' title='bbox 520 3006 682 3061; x_wconf 80' lang='lat' dir='ltr'>Fiant</span> <span class='ocrx_word' id='word_1_177' title='bbox 706 3022 876 3062; x_wconf 84' lang='lat' dir='ltr'>aures</span> <span class='ocrx_word' id='word_1_178' title='bbox 906 3013 1020 3062; x_wconf 66' lang='lat' dir='ltr'>tua:</span> <span class='ocrx_word' id='word_1_179' title='bbox 1048 3006 1420 3062; x_wconf 85' lang='lat' dir='ltr'>intendentes:</span> 
     </span>
    </p>
   </div>
   <div class='ocr_carea' id='block_1_32' title="bbox 320 3618 325 3651">
    <p class='ocr_par' dir='ltr' id='par_1_32' title="bbox 320 3618 325 3651">
     <span class='ocr_line' id='line_1_32' title="bbox 320 3618 325 3651; baseline 0 0"><span class='ocrx_word' id='word_1_180' title='bbox 320 3618 325 3651; x_wconf 86' lang='grc' dir='ltr'>ι</span> 
     </span>
    </p>
   </div>
   <div class='ocr_carea' id='block_1_33' title="bbox 519 3093 1401 3166">
    <p class='ocr_par' dir='ltr' id='par_1_33' title="bbox 519 3093 1401 3166">
     <span class='ocr_line' id='line_1_33' title="bbox 519 3093 1401 3166; baseline 0.001 -19"><span class='ocrx_word' id='word_1_181' title='bbox 519 3093 579 3147; x_wconf 84' lang='grc' dir='ltr'>1η</span> <span class='ocrx_word' id='word_1_182' title='bbox 605 3110 789 3150; x_wconf 82' lang='lat' dir='ltr'>vocem</span> <span class='ocrx_word' id='word_1_183' title='bbox 813 3094 1215 3166; x_wconf 69' lang='lat' dir='ltr'>deprecationis</span> <span class='ocrx_word' id='word_1_184' title='bbox 1246 3110 1401 3151; x_wconf 61' lang='lat' dir='ltr'>meae.</span> 
     </span>
    </p>
   </div>
   <div class='ocr_carea' id='block_1_34' title="bbox 2122 792 3759 867">
    <p class='ocr_par' dir='ltr' id='par_1_34' title="bbox 2122 792 3759 867">
     <span class='ocr_line' id='line_1_34' title="bbox 2122 792 3759 867; baseline 0.004 -20"><span class='ocrx_word' id='word_1_185' title='bbox 2122 792 2301 858; x_wconf 87' lang='lat' dir='ltr'>mino,</span> <span class='ocrx_word' id='word_1_186' title='bbox 2333 792 2553 848; x_wconf 88' lang='lat' dir='ltr'>scilicet</span> <span class='ocrx_word' id='word_1_187' title='bbox 2586 793 2684 865; x_wconf 88' lang='lat' dir='ltr'>qui</span> <span class='ocrx_word' id='word_1_188' title='bbox 2716 797 2803 849; x_wconf 90' lang='lat' dir='ltr'>est</span> <span class='ocrx_word' id='word_1_189' title='bbox 2825 794 3068 848; x_wconf 89' lang='lat' dir='ltr'>verbum</span> <span class='ocrx_word' id='word_1_190' title='bbox 3100 794 3573 867; x_wconf 89' lang='lat' dir='ltr'>Patris,speravit</span> <span class='ocrx_word' id='word_1_191' title='bbox 3602 797 3759 854; x_wconf 91' lang='lat' dir='ltr'>enim</span> 
     </span>
    </p>
   </div>
   <div class='ocr_carea' id='block_1_35' title="bbox 2122 881 3762 954">
    <p class='ocr_par' dir='ltr' id='par_1_35' title="bbox 2122 881 3762 954">
     <span class='ocr_line' id='line_1_35' title="bbox 2122 881 3762 954; baseline 0.004 -18"><span class='ocrx_word' id='word_1_192' title='bbox 2122 881 2319 937; x_wconf 89' lang='lat' dir='ltr'>anima</span> <span class='ocrx_word' id='word_1_193' title='bbox 2349 898 2499 947; x_wconf 89' lang='lat' dir='ltr'>mea,</span> <span class='ocrx_word' id='word_1_194' title='bbox 2523 883 2678 953; x_wconf 89' lang='lat' dir='ltr'>quod</span> <span class='ocrx_word' id='word_1_195' title='bbox 2712 882 2925 937; x_wconf 88' lang='lat' dir='ltr'>futuris</span> <span class='ocrx_word' id='word_1_196' title='bbox 2956 883 3318 954; x_wconf 89' lang='lat' dir='ltr'>temporibus</span> <span class='ocrx_word' id='word_1_197' title='bbox 3342 885 3412 939; x_wconf 91' lang='lat' dir='ltr'>de</span> <span class='ocrx_word' id='word_1_198' title='bbox 3444 884 3626 941; x_wconf 88' lang='lat' dir='ltr'>Maria</span> <span class='ocrx_word' id='word_1_199' title='bbox 3652 887 3762 942; x_wconf 89' lang='lat' dir='ltr'>vir-</span> 
     </span>
    </p>
   </div>
   <div class='ocr_carea' id='block_1_36' title="bbox 2121 969 3761 1044">
    <p class='ocr_par' dir='ltr' id='par_1_36' title="bbox 2121 969 3761 1044">
     <span class='ocr_line' id='line_1_36' title="bbox 2121 969 3761 1044; baseline 0.004 -20"><span class='ocrx_word' id='word_1_200' title='bbox 2121 969 2275 1043; x_wconf 88' lang='lat' dir='ltr'>gine,</span> <span class='ocrx_word' id='word_1_201' title='bbox 2307 969 2541 1043; x_wconf 85' lang='lat' dir='ltr'>propter</span> <span class='ocrx_word' id='word_1_202' title='bbox 2577 970 2875 1027; x_wconf 88' lang='lat' dir='ltr'>interitum</span> <span class='ocrx_word' id='word_1_203' title='bbox 2925 971 3153 1044; x_wconf 87' lang='lat' dir='ltr'>generis</span> <span class='ocrx_word' id='word_1_204' title='bbox 3200 971 3443 1028; x_wconf 84' lang='lat' dir='ltr'>humani</span> <span class='ocrx_word' id='word_1_205' title='bbox 3495 973 3761 1030; x_wconf 85' lang='lat' dir='ltr'>auferen-</span> 
     </span>
    </p>
   </div>
   <div class='ocr_carea' id='block_1_37' title="bbox 2123 1059 3508 1132">
    <p class='ocr_par' dir='ltr' id='par_1_37' title="bbox 2123 1059 3508 1132">
     <span class='ocr_line' id='line_1_37' title="bbox 2123 1059 3508 1132; baseline 0 -18"><span class='ocrx_word' id='word_1_206' title='bbox 2123 1060 2286 1132; x_wconf 80' lang='lat' dir='ltr'>dum,</span> <span class='ocrx_word' id='word_1_207' title='bbox 2320 1059 2479 1115; x_wconf 86' lang='lat' dir='ltr'>nasci</span> <span class='ocrx_word' id='word_1_208' title='bbox 2509 1059 2867 1132; x_wconf 86' lang='lat' dir='ltr'>dignaretur.</span> <span class='ocrx_word' id='word_1_209' title='bbox 3504 1069 3508 1074; x_wconf 87' lang='lat'>&#39;</span> 
     </span>
    </p>
   </div>
   <div class='ocr_carea' id='block_1_38' title="bbox 2120 1148 3467 1221">
    <p class='ocr_par' dir='ltr' id='par_1_38' title="bbox 2120 1148 3467 1221">
     <span class='ocr_line' id='line_1_38' title="bbox 2120 1148 3467 1221; baseline 0.003 -19"><span class='ocrx_word' id='word_1_210' title='bbox 2120 1150 2156 1202; x_wconf 88' lang='lat'><strong>6</strong></span> <span class='ocrx_word' id='word_1_211' title='bbox 2261 1153 2303 1205; x_wconf 81' lang='grc' dir='ltr'><em>Α</em></span> <span class='ocrx_word' id='word_1_212' title='bbox 2335 1148 2582 1205; x_wconf 83' lang='lat' dir='ltr'>custodia</span> <span class='ocrx_word' id='word_1_213' title='bbox 2608 1150 2884 1204; x_wconf 86' lang='lat' dir='ltr'>matutina</span> <span class='ocrx_word' id='word_1_214' title='bbox 2914 1165 3082 1221; x_wconf 86' lang='lat' dir='ltr'>usque</span> <span class='ocrx_word' id='word_1_215' title='bbox 3109 1149 3179 1205; x_wconf 90' lang='lat' dir='ltr'>ad</span> <span class='ocrx_word' id='word_1_216' title='bbox 3207 1154 3419 1207; x_wconf 85' lang='lat' dir='ltr'>noctem</span> <span class='ocrx_word' id='word_1_217' title='bbox 3450 1169 3467 1206; x_wconf 90' lang='lat'><strong><em>:</em></strong></span> 
     </span>
    </p>
   </div>
   <div class='ocr_carea' id='block_1_39' title="bbox 2263 1238 3016 1309">
    <p class='ocr_par' dir='ltr' id='par_1_39' title="bbox 2263 1238 3016 1309">
     <span class='ocr_line' id='line_1_39' title="bbox 2263 1238 3016 1309; baseline -0.001 -16"><span class='ocrx_word' id='word_1_218' title='bbox 2263 1238 2447 1309; x_wconf 74' lang='lat' dir='ltr'>Sperat</span> <span class='ocrx_word' id='word_1_219' title='bbox 2476 1239 2643 1293; x_wconf 79' lang='lat' dir='ltr'>Israel</span> <span class='ocrx_word' id='word_1_220' title='bbox 2669 1240 2727 1293; x_wconf 86' lang='lat' dir='ltr'>in</span> <span class='ocrx_word' id='word_1_221' title='bbox 2759 1239 3016 1294; x_wconf 86' lang='lat' dir='ltr'>Domino.</span> 
     </span>
    </p>
   </div>
   <div class='ocr_carea' id='block_1_40' title="bbox 2194 1326 3761 1387">
    <p class='ocr_par' dir='ltr' id='par_1_40' title="bbox 2194 1326 3761 1387">
     <span class='ocr_line' id='line_1_40' title="bbox 2194 1326 3761 1387; baseline 0.004 -7"><span class='ocrx_word' id='word_1_222' title='bbox 2194 1326 2234 1380; x_wconf 87' lang='lat' dir='ltr'>C</span> <span class='ocrx_word' id='word_1_223' title='bbox 2262 1329 2307 1381; x_wconf 90' lang='lat' dir='ltr'>A</span> <span class='ocrx_word' id='word_1_224' title='bbox 2337 1327 2602 1383; x_wconf 88' lang='lat' dir='ltr'>custodia</span> <span class='ocrx_word' id='word_1_225' title='bbox 2644 1326 2935 1381; x_wconf 88' lang='lat' dir='ltr'>matutina</span> <span class='ocrx_word' id='word_1_226' title='bbox 2967 1343 2981 1381; x_wconf 88' lang='lat'><strong>:</strong></span> <span class='ocrx_word' id='word_1_227' title='bbox 3015 1326 3289 1383; x_wconf 90' lang='lat' dir='ltr'>Custodia</span> <span class='ocrx_word' id='word_1_228' title='bbox 3335 1328 3761 1387; x_wconf 87' lang='lat' dir='ltr'>matutina-est</span> 
     </span>
    </p>
   </div>
   <div class='ocr_carea' id='block_1_41' title="bbox 2123 1414 3787 1492">
    <p class='ocr_par' dir='ltr' id='par_1_41' title="bbox 2123 1414 3787 1492">
     <span class='ocr_line' id='line_1_41' title="bbox 2123 1414 3787 1492; baseline 0.004 -23"><span class='ocrx_word' id='word_1_229' title='bbox 2123 1415 2468 1471; x_wconf 82' lang='lat' dir='ltr'>resurrectio</span> <span class='ocrx_word' id='word_1_230' title='bbox 2514 1414 2748 1480; x_wconf 88' lang='lat' dir='ltr'>Christi,</span> <span class='ocrx_word' id='word_1_231' title='bbox 2781 1414 2880 1486; x_wconf 90' lang='lat' dir='ltr'>qui</span> <span class='ocrx_word' id='word_1_232' title='bbox 2925 1415 3387 1472; x_wconf 89' lang='lat' dir='ltr'>custodientibus</span> <span class='ocrx_word' id='word_1_233' title='bbox 3424 1417 3787 1492; x_wconf 26' lang='lat' dir='ltr'>sepulcrum‘</span> 
     </span>
    </p>
   </div>
   <div class='ocr_carea' id='block_1_42' title="bbox 2125 1502 3760 1578">
    <p class='ocr_par' dir='ltr' id='par_1_42' title="bbox 2125 1502 3760 1578">
     <span class='ocr_line' id='line_1_42' title="bbox 2125 1502 3760 1578; baseline 0.004 -21"><span class='ocrx_word' id='word_1_234' title='bbox 2125 1502 2412 1558; x_wconf 87' lang='lat' dir='ltr'>militibus</span> <span class='ocrx_word' id='word_1_235' title='bbox 2442 1504 2728 1558; x_wconf 89' lang='lat' dir='ltr'>matutino</span> <span class='ocrx_word' id='word_1_236' title='bbox 2759 1508 3016 1575; x_wconf 90' lang='lat' dir='ltr'>tempore</span> <span class='ocrx_word' id='word_1_237' title='bbox 3047 1504 3315 1559; x_wconf 82' lang='lat' dir='ltr'>surrexit.</span> <span class='ocrx_word' id='word_1_238' title='bbox 3348 1521 3417 1559; x_wconf 82' lang='lat' dir='ltr'>ex</span> <span class='ocrx_word' id='word_1_239' title='bbox 3458 1522 3573 1578; x_wconf 88' lang='lat' dir='ltr'>quo</span> <span class='ocrx_word' id='word_1_240' title='bbox 3603 1505 3760 1563; x_wconf 88' lang='lat' dir='ltr'>enim</span> 
     </span>
    </p>
   </div>
   <div class='ocr_carea' id='block_1_43' title="bbox 2124 1590 3762 1664">
    <p class='ocr_par' dir='ltr' id='par_1_43' title="bbox 2124 1590 3762 1664">
     <span class='ocr_line' id='line_1_43' title="bbox 2124 1590 3762 1664; baseline 0.003 -19"><span class='ocrx_word' id='word_1_241' title='bbox 2124 1590 2390 1647; x_wconf 89' lang='lat' dir='ltr'>Christus</span> <span class='ocrx_word' id='word_1_242' title='bbox 2420 1591 2731 1646; x_wconf 86' lang='lat' dir='ltr'>resurrexit</span> <span class='ocrx_word' id='word_1_243' title='bbox 2758 1608 2792 1645; x_wconf 89' lang='lat' dir='ltr'>a</span> <span class='ocrx_word' id='word_1_244' title='bbox 2822 1591 3230 1664; x_wconf 89' lang='lat' dir='ltr'>mortuis,spes</span> <span class='ocrx_word' id='word_1_245' title='bbox 3261 1592 3526 1648; x_wconf 69' lang='lat' dir='ltr'>Ecclesiae</span> <span class='ocrx_word' id='word_1_246' title='bbox 3557 1595 3762 1650; x_wconf 89' lang='lat' dir='ltr'>conﬁr-</span> 
     </span>
    </p>
   </div>
   <div class='ocr_carea' id='block_1_44' title="bbox 2125 1678 3761 1755">
    <p class='ocr_par' dir='ltr' id='par_1_44' title="bbox 2125 1678 3761 1755">
     <span class='ocr_line' id='line_1_44' title="bbox 2125 1678 3761 1755; baseline 0.003 -22"><span class='ocrx_word' id='word_1_247' title='bbox 2125 1683 2283 1734; x_wconf 82' lang='lat' dir='ltr'>mata</span> <span class='ocrx_word' id='word_1_248' title='bbox 2312 1684 2401 1735; x_wconf 91' lang='lat' dir='ltr'>est</span> <span class='ocrx_word' id='word_1_249' title='bbox 2430 1678 2489 1734; x_wconf 91' lang='lat' dir='ltr'>in</span> <span class='ocrx_word' id='word_1_250' title='bbox 2521 1678 2989 1750; x_wconf 88' lang='lat' dir='ltr'>Domino.Usque</span> <span class='ocrx_word' id='word_1_251' title='bbox 3018 1680 3091 1734; x_wconf 88' lang='lat' dir='ltr'>ad</span> <span class='ocrx_word' id='word_1_252' title='bbox 3118 1680 3423 1751; x_wconf 81' lang='lat' dir='ltr'>noctem,id</span> <span class='ocrx_word' id='word_1_253' title='bbox 3454 1685 3761 1755; x_wconf 90' lang='lat' dir='ltr'>est,usque</span> 
     </span>
    </p>
   </div>
   <div class='ocr_carea' id='block_1_45' title="bbox 2128 1767 2650 1823">
    <p class='ocr_par' dir='ltr' id='par_1_45' title="bbox 2128 1767 2650 1823">
     <span class='ocr_line' id='line_1_45' title="bbox 2128 1767 2650 1823; baseline 0.004 -2"><span class='ocrx_word' id='word_1_254' title='bbox 2128 1767 2185 1823; x_wconf 88' lang='lat' dir='ltr'>iu</span> <span class='ocrx_word' id='word_1_255' title='bbox 2217 1768 2393 1823; x_wconf 88' lang='lat' dir='ltr'>ﬁnem</span> <span class='ocrx_word' id='word_1_256' title='bbox 2424 1768 2650 1823; x_wconf 91' lang='lat' dir='ltr'>mundi.</span> 
     </span>
    </p>
   </div>
   <div class='ocr_carea' id='block_1_46' title="bbox 1105 1853 3353 1955">
    <p class='ocr_par' dir='ltr' id='par_1_46' title="bbox 1105 1853 3353 1955">
     <span class='ocr_line' id='line_1_46' title="bbox 1105 1853 3353 1955; baseline 0 -45"><span class='ocrx_word' id='word_1_257' title='bbox 1105 1854 1559 1911; x_wconf 88' lang='lat' dir='ltr'>benevolentiam</span> <span class='ocrx_word' id='word_1_258' title='bbox 1611 1854 1748 1911; x_wconf 85' lang='lat' dir='ltr'>boni</span> <span class='ocrx_word' id='word_1_259' title='bbox 1798 1853 2016 1925; x_wconf 88' lang='lat' dir='ltr'>judicis</span> <span class='ocrx_word' id='word_1_260' title='bbox 2048 1890 2096 1955; x_wconf 81' lang='grc' dir='ltr'>Β</span> <span class='ocrx_word' id='word_1_261' title='bbox 2123 1858 2157 1910; x_wconf 88' lang='grc'>7</span> <span class='ocrx_word' id='word_1_262' title='bbox 2267 1858 2417 1927; x_wconf 76' lang='lat' dir='ltr'>Quia</span> <span class='ocrx_word' id='word_1_263' title='bbox 2448 1856 2591 1927; x_wconf 90' lang='lat' dir='ltr'>apud</span> <span class='ocrx_word' id='word_1_264' title='bbox 2614 1858 2905 1914; x_wconf 76' lang='lat' dir='ltr'>Dominum</span> <span class='ocrx_word' id='word_1_265' title='bbox 2933 1855 3311 1911; x_wconf 77' lang='lat' dir='ltr'>misericordia</span> <span class='ocrx_word' id='word_1_266' title='bbox 3341 1872 3353 1910; x_wconf 93' lang='lat'><strong>:</strong></span> 
     </span>
    </p>
   </div>
   <div class='ocr_carea' id='block_1_47' title="bbox 2267 1943 3236 2016">
    <p class='ocr_par' dir='ltr' id='par_1_47' title="bbox 2267 1943 3236 2016">
     <span class='ocr_line' id='line_1_47' title="bbox 2267 1943 3236 2016; baseline -0.001 -17"><span class='ocrx_word' id='word_1_267' title='bbox 2267 1946 2331 1999; x_wconf 87' lang='lat' dir='ltr'>Et</span> <span class='ocrx_word' id='word_1_268' title='bbox 2357 1946 2571 2016; x_wconf 79' lang='lat' dir='ltr'>copiosa</span> <span class='ocrx_word' id='word_1_269' title='bbox 2594 1943 2740 2016; x_wconf 85' lang='lat' dir='ltr'>apud</span> <span class='ocrx_word' id='word_1_270' title='bbox 2768 1961 2892 1999; x_wconf 87' lang='lat' dir='ltr'>eum</span> <span class='ocrx_word' id='word_1_271' title='bbox 2920 1944 3236 2015; x_wconf 74' lang='lat' dir='ltr'>redemptio.</span> 
     </span>
    </p>
   </div>
   <div class='ocr_carea' id='block_1_48' title="bbox 2197 2032 3761 2104">
    <p class='ocr_par' dir='ltr' id='par_1_48' title="bbox 2197 2032 3761 2104">
     <span class='ocr_line' id='line_1_48' title="bbox 2197 2032 3761 2104; baseline 0.004 -17"><span class='ocrx_word' id='word_1_272' title='bbox 2197 2032 2240 2087; x_wconf 77' lang='grc' dir='ltr'>Ο</span> <span class='ocrx_word' id='word_1_273' title='bbox 2269 2033 2514 2088; x_wconf 82' lang='lat' dir='ltr'>Reddita</span> <span class='ocrx_word' id='word_1_274' title='bbox 2541 2037 2629 2088; x_wconf 91' lang='lat' dir='ltr'>est</span> <span class='ocrx_word' id='word_1_275' title='bbox 2656 2049 2836 2088; x_wconf 89' lang='lat' dir='ltr'>causa</span> <span class='ocrx_word' id='word_1_276' title='bbox 2865 2032 3173 2100; x_wconf 86' lang='lat' dir='ltr'>mirabilis,</span> <span class='ocrx_word' id='word_1_277' title='bbox 3224 2049 3405 2104; x_wconf 89' lang='lat' dir='ltr'>quare</span> <span class='ocrx_word' id='word_1_278' title='bbox 3457 2034 3633 2091; x_wconf 87' lang='lat' dir='ltr'>Israel</span> <span class='ocrx_word' id='word_1_279' title='bbox 3662 2036 3761 2093; x_wconf 87' lang='lat' dir='ltr'>de—</span> 
     </span>
    </p>
   </div>
   <div class='ocr_carea' id='block_1_49' title="bbox 2126 2120 3765 2192">
    <p class='ocr_par' dir='ltr' id='par_1_49' title="bbox 2126 2120 3765 2192">
     <span class='ocr_line' id='line_1_49' title="bbox 2126 2120 3765 2192; baseline 0.002 -17"><span class='ocrx_word' id='word_1_280' title='bbox 2126 2121 2351 2177; x_wconf 84' lang='lat' dir='ltr'>buisset</span> <span class='ocrx_word' id='word_1_281' title='bbox 2380 2121 2439 2176; x_wconf 93' lang='lat' dir='ltr'>in</span> <span class='ocrx_word' id='word_1_282' title='bbox 2471 2120 2714 2176; x_wconf 89' lang='lat' dir='ltr'>Domino</span> <span class='ocrx_word' id='word_1_283' title='bbox 2746 2137 3015 2192; x_wconf 87' lang='lat' dir='ltr'>sperare:</span> <span class='ocrx_word' id='word_1_284' title='bbox 3046 2120 3184 2192; x_wconf 90' lang='lat' dir='ltr'>quia</span> <span class='ocrx_word' id='word_1_285' title='bbox 3204 2120 3261 2175; x_wconf 92' lang='lat' dir='ltr'>in</span> <span class='ocrx_word' id='word_1_286' title='bbox 3291 2122 3419 2192; x_wconf 75' lang='lat' dir='ltr'>ejus</span> <span class='ocrx_word' id='word_1_287' title='bbox 3451 2140 3628 2178; x_wconf 86' lang='lat' dir='ltr'>manu</span> <span class='ocrx_word' id='word_1_288' title='bbox 3661 2124 3765 2179; x_wconf 88' lang='lat' dir='ltr'>mi-</span> 
     </span>
    </p>
   </div>
   <div class='ocr_carea' id='block_1_50' title="bbox 2129 2210 3762 2283">
    <p class='ocr_par' dir='ltr' id='par_1_50' title="bbox 2129 2210 3762 2283">
     <span class='ocr_line' id='line_1_50' title="bbox 2129 2210 3762 2283; baseline 0.002 -19"><span class='ocrx_word' id='word_1_289' title='bbox 2129 2210 2441 2265; x_wconf 87' lang='lat' dir='ltr'>sericordia</span> <span class='ocrx_word' id='word_1_290' title='bbox 2469 2214 2576 2279; x_wconf 88' lang='lat' dir='ltr'>est,</span> <span class='ocrx_word' id='word_1_291' title='bbox 2610 2227 2735 2281; x_wconf 77' lang='lat' dir='ltr'>quae</span> <span class='ocrx_word' id='word_1_292' title='bbox 2766 2213 2955 2280; x_wconf 88' lang='lat' dir='ltr'>potest</span> <span class='ocrx_word' id='word_1_293' title='bbox 3001 2226 3070 2264; x_wconf 85' lang='lat' dir='ltr'>ex</span> <span class='ocrx_word' id='word_1_294' title='bbox 3118 2225 3385 2280; x_wconf 89' lang='lat' dir='ltr'>perverso</span> <span class='ocrx_word' id='word_1_295' title='bbox 3432 2210 3619 2267; x_wconf 86' lang='lat' dir='ltr'>facere</span> <span class='ocrx_word' id='word_1_296' title='bbox 3657 2213 3762 2283; x_wconf 91' lang='lat' dir='ltr'>ju-</span> 
     </span>
    </p>
   </div>
   <div class='ocr_carea' id='block_1_51' title="bbox 2129 2296 3763 2371">
    <p class='ocr_par' dir='ltr' id='par_1_51' title="bbox 2129 2296 3763 2371">
     <span class='ocr_line' id='line_1_51' title="bbox 2129 2296 3763 2371; baseline 0.001 -17"><span class='ocrx_word' id='word_1_297' title='bbox 2129 2303 2306 2366; x_wconf 89' lang='lat' dir='ltr'>stum,</span> <span class='ocrx_word' id='word_1_298' title='bbox 2341 2315 2409 2354; x_wconf 83' lang='lat' dir='ltr'>ex</span> <span class='ocrx_word' id='word_1_299' title='bbox 2439 2296 2729 2353; x_wconf 88' lang='lat' dir='ltr'>imbecillo</span> <span class='ocrx_word' id='word_1_300' title='bbox 2762 2296 3169 2361; x_wconf 86' lang='lat' dir='ltr'>immortalem,</span> <span class='ocrx_word' id='word_1_301' title='bbox 3202 2314 3271 2351; x_wconf 83' lang='lat' dir='ltr'>ex</span> <span class='ocrx_word' id='word_1_302' title='bbox 3301 2314 3507 2353; x_wconf 84' lang='lat' dir='ltr'>carneo</span> <span class='ocrx_word' id='word_1_303' title='bbox 3538 2299 3763 2371; x_wconf 80' lang='lat' dir='ltr'>angelis</span> 
     </span>
    </p>
   </div>
   <div class='ocr_carea' id='block_1_52' title="bbox 2130 2384 3765 2461">
    <p class='ocr_par' dir='ltr' id='par_1_52' title="bbox 2130 2384 3765 2461">
     <span class='ocr_line' id='line_1_52' title="bbox 2130 2384 3765 2461; baseline 0.001 -18"><span class='ocrx_word' id='word_1_304' title='bbox 2130 2386 2401 2443; x_wconf 76' lang='lat' dir='ltr'>similem.</span> <span class='ocrx_word' id='word_1_305' title='bbox 2433 2386 2669 2442; x_wconf 89' lang='lat' dir='ltr'>Addidit</span> <span class='ocrx_word' id='word_1_306' title='bbox 2697 2385 2872 2440; x_wconf 85' lang='lat' dir='ltr'>etiam</span> <span class='ocrx_word' id='word_1_307' title='bbox 2919 2390 2976 2440; x_wconf 92' lang='lat' dir='ltr'>et</span> <span class='ocrx_word' id='word_1_308' title='bbox 3013 2384 3243 2456; x_wconf 87' lang='lat' dir='ltr'>copiosa</span> <span class='ocrx_word' id='word_1_309' title='bbox 3273 2386 3592 2461; x_wconf 89' lang='lat' dir='ltr'>redemptio</span> <span class='ocrx_word' id='word_1_310' title='bbox 3648 2406 3661 2443; x_wconf 90' lang='lat'><strong>:</strong></span> <span class='ocrx_word' id='word_1_311' title='bbox 3718 2391 3765 2444; x_wconf 84' lang='lat' dir='ltr'>A</span> 
     </span>
    </p>
   </div>
   <div class='ocr_carea' id='block_1_53' title="bbox 2130 2474 3764 2547">
    <p class='ocr_par' dir='ltr' id='par_1_53' title="bbox 2130 2474 3764 2547">
     <span class='ocr_line' id='line_1_53' title="bbox 2130 2474 3764 2547; baseline 0.001 -18"><span class='ocrx_word' id='word_1_312' title='bbox 2130 2476 2275 2539; x_wconf 86' lang='lat' dir='ltr'>Quia</span> <span class='ocrx_word' id='word_1_313' title='bbox 2305 2493 2417 2531; x_wconf 89' lang='lat' dir='ltr'>non</span> <span class='ocrx_word' id='word_1_314' title='bbox 2449 2492 2590 2530; x_wconf 90' lang='lat' dir='ltr'>auro</span> <span class='ocrx_word' id='word_1_315' title='bbox 2624 2491 2726 2529; x_wconf 86' lang='lat' dir='ltr'>nec</span> <span class='ocrx_word' id='word_1_316' title='bbox 2752 2478 3009 2546; x_wconf 90' lang='lat' dir='ltr'>argento,</span> <span class='ocrx_word' id='word_1_317' title='bbox 3044 2474 3144 2529; x_wconf 84' lang='lat' dir='ltr'>sed</span> <span class='ocrx_word' id='word_1_318' title='bbox 3189 2474 3438 2544; x_wconf 85' lang='lat' dir='ltr'>pretioso</span> <span class='ocrx_word' id='word_1_319' title='bbox 3478 2476 3764 2547; x_wconf 82' lang='lat' dir='ltr'>sanguine</span> 
     </span>
    </p>
   </div>
   <div class='ocr_carea' id='block_1_54' title="bbox 2131 2561 3766 2635">
    <p class='ocr_par' dir='ltr' id='par_1_54' title="bbox 2131 2561 3766 2635">
     <span class='ocr_line' id='line_1_54' title="bbox 2131 2561 3766 2635; baseline 0.001 -16"><span class='ocrx_word' id='word_1_320' title='bbox 2131 2582 2235 2620; x_wconf 87' lang='lat' dir='ltr'>nos</span> <span class='ocrx_word' id='word_1_321' title='bbox 2268 2563 2529 2619; x_wconf 89' lang='lat' dir='ltr'>redemit.</span> <span class='ocrx_word' id='word_1_322' title='bbox 2564 2564 2608 2618; x_wconf 90' lang='lat' dir='ltr'>II</span> <span class='ocrx_word' id='word_1_323' title='bbox 2641 2563 2742 2618; x_wconf 74' lang='lat' dir='ltr'>Vel</span> <span class='ocrx_word' id='word_1_324' title='bbox 2773 2562 3007 2633; x_wconf 85' lang='lat' dir='ltr'>copiosa</span> <span class='ocrx_word' id='word_1_325' title='bbox 3036 2562 3194 2627; x_wconf 85' lang='lat' dir='ltr'>dicit,</span> <span class='ocrx_word' id='word_1_326' title='bbox 3231 2579 3300 2616; x_wconf 91' lang='lat' dir='ltr'>ne</span> <span class='ocrx_word' id='word_1_327' title='bbox 3330 2561 3639 2635; x_wconf 89' lang='lat' dir='ltr'>quisquam</span> <span class='ocrx_word' id='word_1_328' title='bbox 3673 2565 3766 2621; x_wconf 79' lang='lat' dir='ltr'>cie-</span> 
     </span>
    </p>
   </div>
   <div class='ocr_carea' id='block_1_55' title="bbox 2130 2651 3764 2725">
    <p class='ocr_par' dir='ltr' id='par_1_55' title="bbox 2130 2651 3764 2725">
     <span class='ocr_line' id='line_1_55' title="bbox 2130 2651 3764 2725; baseline 0 -17"><span class='ocrx_word' id='word_1_329' title='bbox 2130 2657 2387 2725; x_wconf 89' lang='lat' dir='ltr'>speraret</span> <span class='ocrx_word' id='word_1_330' title='bbox 2416 2652 2486 2706; x_wconf 92' lang='lat' dir='ltr'>de</span> <span class='ocrx_word' id='word_1_331' title='bbox 2515 2652 2698 2717; x_wconf 90' lang='lat' dir='ltr'>venia,</span> <span class='ocrx_word' id='word_1_332' title='bbox 2731 2651 3024 2706; x_wconf 87' lang='lat' dir='ltr'>arbitrans</span> <span class='ocrx_word' id='word_1_333' title='bbox 3080 2666 3194 2704; x_wconf 87' lang='lat' dir='ltr'>non</span> <span class='ocrx_word' id='word_1_334' title='bbox 3246 2667 3432 2722; x_wconf 89' lang='lat' dir='ltr'>usque</span> <span class='ocrx_word' id='word_1_335' title='bbox 3466 2651 3537 2707; x_wconf 88' lang='lat' dir='ltr'>ad</span> <span class='ocrx_word' id='word_1_336' title='bbox 3570 2652 3764 2725; x_wconf 89' lang='lat' dir='ltr'>ipsum</span> 
     </span>
    </p>
   </div>
   <div class='ocr_carea' id='block_1_56' title="bbox 2130 2737 3374 2813">
    <p class='ocr_par' dir='ltr' id='par_1_56' title="bbox 2130 2737 3374 2813">
     <span class='ocr_line' id='line_1_56' title="bbox 2130 2737 3374 2813; baseline -0.001 -18"><span class='ocrx_word' id='word_1_337' title='bbox 2130 2739 2545 2813; x_wconf 86' lang='lat' dir='ltr'>redemptionis</span> <span class='ocrx_word' id='word_1_338' title='bbox 2577 2739 2825 2811; x_wconf 88' lang='lat' dir='ltr'>pretium</span> <span class='ocrx_word' id='word_1_339' title='bbox 2858 2755 3028 2810; x_wconf 90' lang='lat' dir='ltr'>posse</span> <span class='ocrx_word' id='word_1_340' title='bbox 3058 2737 3374 2810; x_wconf 75' lang='lat' dir='ltr'>pervenire.</span> 
     </span>
    </p>
   </div>
   <div class='ocr_carea' id='block_1_57' title="bbox 2128 2827 2974 2900">
    <p class='ocr_par' dir='ltr' id='par_1_57' title="bbox 2128 2827 2974 2900">
     <span class='ocr_line' id='line_1_57' title="bbox 2128 2827 2974 2900; baseline -0.005 -15"><span class='ocrx_word' id='word_1_341' title='bbox 2128 2833 2162 2885; x_wconf 94' lang='lat'>8</span> <span class='ocrx_word' id='word_1_342' title='bbox 2269 2830 2334 2885; x_wconf 86' lang='lat' dir='ltr'>Et</span> <span class='ocrx_word' id='word_1_343' title='bbox 2365 2831 2475 2900; x_wconf 85' lang='lat' dir='ltr'>ipse</span> <span class='ocrx_word' id='word_1_344' title='bbox 2503 2827 2733 2883; x_wconf 82' lang='lat' dir='ltr'>redimet</span> <span class='ocrx_word' id='word_1_345' title='bbox 2756 2828 2925 2883; x_wconf 80' lang='lat' dir='ltr'>Israel</span> <span class='ocrx_word' id='word_1_346' title='bbox 2955 2846 2974 2881; x_wconf 94' lang='lat'><em>:</em></span> 
     </span>
    </p>
   </div>
   <div class='ocr_carea' id='block_1_58' title="bbox 2270 2916 3201 2988">
    <p class='ocr_par' dir='ltr' id='par_1_58' title="bbox 2270 2916 3201 2988">
     <span class='ocr_line' id='line_1_58' title="bbox 2270 2916 3201 2988; baseline -0.006 -15"><span class='ocrx_word' id='word_1_347' title='bbox 2270 2920 2354 2973; x_wconf 67' lang='lat' dir='ltr'>Ea:</span> <span class='ocrx_word' id='word_1_348' title='bbox 2379 2918 2628 2974; x_wconf 82' lang='lat' dir='ltr'>omnibus</span> <span class='ocrx_word' id='word_1_349' title='bbox 2658 2916 3038 2988; x_wconf 80' lang='lat' dir='ltr'>iniquitatibus</span> <span class='ocrx_word' id='word_1_350' title='bbox 3066 2916 3201 2987; x_wconf 80' lang='lat' dir='ltr'>ejus.</span> 
     </span>
    </p>
   </div>
   <div class='ocr_carea' id='block_1_59' title="bbox 2200 3002 3769 3077">
    <p class='ocr_par' dir='ltr' id='par_1_59' title="bbox 2200 3002 3769 3077">
     <span class='ocr_line' id='line_1_59' title="bbox 2200 3002 3769 3077; baseline -0.001 -16"><span class='ocrx_word' id='word_1_351' title='bbox 2200 3012 2239 3061; x_wconf 83' lang='grc' dir='ltr'>Ο</span> <span class='ocrx_word' id='word_1_352' title='bbox 2270 3005 2535 3063; x_wconf 84' lang='lat' dir='ltr'>Redemit</span> <span class='ocrx_word' id='word_1_353' title='bbox 2561 3004 2757 3075; x_wconf 88' lang='lat' dir='ltr'>itaque</span> <span class='ocrx_word' id='word_1_354' title='bbox 2792 3003 2963 3059; x_wconf 82' lang='lat' dir='ltr'>Israel</span> <span class='ocrx_word' id='word_1_355' title='bbox 2991 3022 3003 3059; x_wconf 92' lang='lat'><strong>:</strong></span> <span class='ocrx_word' id='word_1_356' title='bbox 3037 3002 3320 3075; x_wconf 87' lang='lat' dir='ltr'>sanguine</span> <span class='ocrx_word' id='word_1_357' title='bbox 3361 3003 3633 3075; x_wconf 90' lang='lat' dir='ltr'>pretioso,</span> <span class='ocrx_word' id='word_1_358' title='bbox 3667 3004 3769 3077; x_wconf 91' lang='lat' dir='ltr'>qui</span> 
     </span>
    </p>
   </div>
   <div class='ocr_carea' id='block_1_60' title="bbox 2131 3090 3771 3166">
    <p class='ocr_par' dir='ltr' id='par_1_60' title="bbox 2131 3090 3771 3166">
     <span class='ocr_line' id='line_1_60' title="bbox 2131 3090 3771 3166; baseline -0.001 -16"><span class='ocrx_word' id='word_1_359' title='bbox 2131 3096 2400 3166; x_wconf 90' lang='lat' dir='ltr'>puriﬁcat</span> <span class='ocrx_word' id='word_1_360' title='bbox 2417 3110 2530 3149; x_wconf 90' lang='lat' dir='ltr'>non</span> <span class='ocrx_word' id='word_1_361' title='bbox 2553 3092 2943 3163; x_wconf 83' lang='lat' dir='ltr'>cruontat,qui</span> <span class='ocrx_word' id='word_1_362' title='bbox 2964 3109 3076 3146; x_wconf 91' lang='lat' dir='ltr'>non</span> <span class='ocrx_word' id='word_1_363' title='bbox 3097 3090 3352 3146; x_wconf 86' lang='lat' dir='ltr'>maculat</span> <span class='ocrx_word' id='word_1_364' title='bbox 3368 3091 3467 3146; x_wconf 88' lang='lat' dir='ltr'>sed</span> <span class='ocrx_word' id='word_1_365' title='bbox 3489 3093 3771 3148; x_wconf 90' lang='lat' dir='ltr'>emundat</span> 
     </span>
    </p>
   </div>
   <div class='ocr_carea' id='block_1_61' title="bbox 448 3178 3770 3256">
    <p class='ocr_par' dir='ltr' id='par_1_61' title="bbox 448 3178 3770 3256">
     <span class='ocr_line' id='line_1_61' title="bbox 448 3178 3770 3256; baseline 0 -21"><span class='ocrx_word' id='word_1_366' title='bbox 448 3178 491 3235; x_wconf 87' lang='lat' dir='ltr'>H</span> <span class='ocrx_word' id='word_1_367' title='bbox 529 3180 651 3237; x_wconf 90' lang='lat' dir='ltr'>Non</span> <span class='ocrx_word' id='word_1_368' title='bbox 700 3182 799 3237; x_wconf 90' lang='lat' dir='ltr'>hic</span> <span class='ocrx_word' id='word_1_369' title='bbox 850 3182 1146 3239; x_wconf 85' lang='lat' dir='ltr'>carnalem</span> <span class='ocrx_word' id='word_1_370' title='bbox 1194 3200 1396 3238; x_wconf 88' lang='lat' dir='ltr'>aurem</span> <span class='ocrx_word' id='word_1_371' title='bbox 1446 3183 1726 3255; x_wconf 88' lang='lat' dir='ltr'>propheta</span> <span class='ocrx_word' id='word_1_372' title='bbox 1768 3184 2022 3256; x_wconf 87' lang='lat' dir='ltr'>postulat</span> <span class='ocrx_word' id='word_1_373' title='bbox 2059 3248 2092 3256; x_wconf 76' lang='lat'>_</span> <span class='ocrx_word' id='word_1_374' title='bbox 2132 3184 2203 3239; x_wconf 91' lang='lat' dir='ltr'>ab</span> <span class='ocrx_word' id='word_1_375' title='bbox 2236 3183 2510 3239; x_wconf 89' lang='lat' dir='ltr'>omnibus</span> <span class='ocrx_word' id='word_1_376' title='bbox 2540 3179 2804 3236; x_wconf 88' lang='lat' dir='ltr'>maculis.</span> <span class='ocrx_word' id='word_1_377' title='bbox 2837 3180 2947 3233; x_wconf 89' lang='lat' dir='ltr'>Sed</span> <span class='ocrx_word' id='word_1_378' title='bbox 2980 3196 3111 3234; x_wconf 90' lang='lat' dir='ltr'>cum</span> <span class='ocrx_word' id='word_1_379' title='bbox 3146 3178 3287 3232; x_wconf 86' lang='lat' dir='ltr'>dicit</span> <span class='ocrx_word' id='word_1_380' title='bbox 3315 3179 3482 3250; x_wconf 89' lang='lat' dir='ltr'>ipse:</span> <span class='ocrx_word' id='word_1_381' title='bbox 3517 3181 3770 3237; x_wconf 89' lang='lat' dir='ltr'>ostendit</span> 
     </span>
    </p>
   </div>
   <div class='ocr_carea' id='block_1_62' title="bbox 320 3248 3767 3345">
    <p class='ocr_par' dir='ltr' id='par_1_62' title="bbox 320 3248 3767 3345">
     <span class='ocr_line' id='line_1_62' title="bbox 320 3248 3767 3345; baseline 0.001 -23"><span class='ocrx_word' id='word_1_382' title='bbox 320 3260 325 3293; x_wconf 62' lang='grc' dir='ltr'>ί</span> <span class='ocrx_word' id='word_1_383' title='bbox 381 3267 582 3337; x_wconf 88' lang='lat' dir='ltr'>(sciens</span> <span class='ocrx_word' id='word_1_384' title='bbox 609 3269 796 3327; x_wconf 90' lang='lat' dir='ltr'>Deum</span> <span class='ocrx_word' id='word_1_385' title='bbox 826 3270 1239 3343; x_wconf 88' lang='lat' dir='ltr'>incorporeum</span> <span class='ocrx_word' id='word_1_386' title='bbox 1270 3248 1575 3341; x_wconf 43' lang='lat' dir='ltr'>esse),-sed</span> <span class='ocrx_word' id='word_1_387' title='bbox 1605 3248 2022 3345; x_wconf 77' lang='lat' dir='ltr'>virtutem,qua</span> <span class='ocrx_word' id='word_1_388' title='bbox 2051 3248 2093 3315; x_wconf 67' lang='grc' dir='ltr'>(ἶ</span> <span class='ocrx_word' id='word_1_389' title='bbox 2133 3276 2342 3345; x_wconf 80' lang='lat' dir='ltr'>praeter</span> <span class='ocrx_word' id='word_1_390' title='bbox 2369 3270 2562 3341; x_wconf 89' lang='lat' dir='ltr'>ipsum</span> <span class='ocrx_word' id='word_1_391' title='bbox 2592 3267 2870 3323; x_wconf 73' lang='lat' dir='ltr'>evadendi</span> <span class='ocrx_word' id='word_1_392' title='bbox 2898 3248 3422 3339; x_wconf 80' lang='lat' dir='ltr'>impossibilitatem</span> <span class='ocrx_word' id='word_1_393' title='bbox 3456 3282 3469 3321; x_wconf 90' lang='lat'><strong>:</strong></span> <span class='ocrx_word' id='word_1_394' title='bbox 3502 3270 3560 3323; x_wconf 90' lang='lat' dir='ltr'>et</span> <span class='ocrx_word' id='word_1_395' title='bbox 3586 3267 3767 3325; x_wconf 90' lang='lat' dir='ltr'>alium</span> 
     </span>
    </p>
   </div>
   <div class='ocr_carea' id='block_1_63' title="bbox 382 3358 1455 3433">
    <p class='ocr_par' dir='ltr' id='par_1_63' title="bbox 382 3358 1455 3433">
     <span class='ocr_line' id='line_1_63' title="bbox 382 3358 1455 3433; baseline 0.005 -24"><span class='ocrx_word' id='word_1_396' title='bbox 382 3371 511 3413; x_wconf 90' lang='lat' dir='ltr'>suos</span> <span class='ocrx_word' id='word_1_397' title='bbox 540 3358 815 3414; x_wconf 85' lang='lat' dir='ltr'>exaudire</span> <span class='ocrx_word' id='word_1_398' title='bbox 842 3359 1143 3433; x_wconf 83' lang='lat' dir='ltr'>dignatur,</span> <span class='ocrx_word' id='word_1_399' title='bbox 1177 3359 1455 3431; x_wconf 85' lang='lat' dir='ltr'>exposcit.</span> 
     </span>
    </p>
   </div>
   <div class='ocr_carea' id='block_1_64' title="bbox 378 3446 1640 3521">
    <p class='ocr_par' dir='ltr' id='par_1_64' title="bbox 378 3446 1640 3521">
     <span class='ocr_line' id='line_1_64' title="bbox 378 3446 1640 3521; baseline 0.005 -24"><span class='ocrx_word' id='word_1_400' title='bbox 378 3448 405 3497; x_wconf 84' lang='lat'><strong>3</strong></span> <span class='ocrx_word' id='word_1_401' title='bbox 508 3446 568 3502; x_wconf 86' lang='lat' dir='ltr'>Si</span> <span class='ocrx_word' id='word_1_402' title='bbox 594 3447 925 3518; x_wconf 83' lang='lat' dir='ltr'>iniquitates</span> <span class='ocrx_word' id='word_1_403' title='bbox 949 3449 1337 3521; x_wconf 84' lang='lat' dir='ltr'>observaveris,</span> <span class='ocrx_word' id='word_1_404' title='bbox 1368 3449 1596 3504; x_wconf 83' lang='lat' dir='ltr'>Domine</span> <span class='ocrx_word' id='word_1_405' title='bbox 1626 3464 1640 3503; x_wconf 89' lang='lat'><strong>:</strong></span> 
     </span>
    </p>
   </div>
   <div class='ocr_carea' id='block_1_65' title="bbox 508 3534 1290 3606">
    <p class='ocr_par' dir='ltr' id='par_1_65' title="bbox 508 3534 1290 3606">
     <span class='ocr_line' id='line_1_65' title="bbox 508 3534 1290 3606; baseline 0.001 -17"><span class='ocrx_word' id='word_1_406' title='bbox 508 3534 758 3604; x_wconf 80' lang='lat' dir='ltr'>Domine,</span> <span class='ocrx_word' id='word_1_407' title='bbox 792 3537 923 3606; x_wconf 85' lang='lat' dir='ltr'>quis</span> <span class='ocrx_word' id='word_1_408' title='bbox 951 3537 1290 3592; x_wconf 75' lang='lat' dir='ltr'>sustinebit?</span> 
     </span>
    </p>
   </div>
   <div class='ocr_carea' id='block_1_66' title="bbox 440 3615 2020 3699">
    <p class='ocr_par' dir='ltr' id='par_1_66' title="bbox 440 3615 2020 3699">
     <span class='ocr_line' id='line_1_66' title="bbox 440 3615 2020 3699; baseline 0.004 -24"><span class='ocrx_word' id='word_1_409' title='bbox 440 3621 479 3675; x_wconf 87' lang='lat' dir='ltr'>C</span> <span class='ocrx_word' id='word_1_410' title='bbox 509 3615 891 3694; x_wconf 86' lang='lat' dir='ltr'>lniquitatem</span> <span class='ocrx_word' id='word_1_411' title='bbox 923 3624 1046 3678; x_wconf 90' lang='lat' dir='ltr'>vult</span> <span class='ocrx_word' id='word_1_412' title='bbox 1075 3623 1318 3696; x_wconf 86' lang='lat' dir='ltr'>intelligi</span> <span class='ocrx_word' id='word_1_413' title='bbox 1342 3641 1513 3680; x_wconf 89' lang='lat' dir='ltr'>omne</span> <span class='ocrx_word' id='word_1_414' title='bbox 1535 3627 2020 3699; x_wconf 89' lang='lat' dir='ltr'>peccatum,quod</span> 
     </span>
    </p>
   </div>
   <div class='ocr_carea' id='block_1_67' title="bbox 320 3708 2019 3786">
    <p class='ocr_par' dir='ltr' id='par_1_67' title="bbox 320 3708 2019 3786">
     <span class='ocr_line' id='line_1_67' title="bbox 320 3708 2019 3786; baseline 0.005 -24"><span class='ocrx_word' id='word_1_415' title='bbox 320 3708 327 3741; x_wconf 77' lang='grc' dir='ltr'>ί</span> <span class='ocrx_word' id='word_1_416' title='bbox 375 3713 555 3779; x_wconf 86' lang='lat' dir='ltr'>potest</span> <span class='ocrx_word' id='word_1_417' title='bbox 600 3710 806 3785; x_wconf 87' lang='lat' dir='ltr'>aliqua</span> <span class='ocrx_word' id='word_1_418' title='bbox 855 3712 1143 3784; x_wconf 88' lang='lat' dir='ltr'>pravitate</span> <span class='ocrx_word' id='word_1_419' title='bbox 1192 3714 1526 3769; x_wconf 90' lang='lat' dir='ltr'>committi:</span> <span class='ocrx_word' id='word_1_420' title='bbox 1563 3714 1832 3786; x_wconf 91' lang='lat' dir='ltr'>iniquum</span> <span class='ocrx_word' id='word_1_421' title='bbox 1864 3715 2019 3771; x_wconf 90' lang='lat' dir='ltr'>enim</span> 
     </span>
    </p>
   </div>
   <div class='ocr_carea' id='block_1_68' title="bbox 372 3800 2022 3875">
    <p class='ocr_par' dir='ltr' id='par_1_68' title="bbox 372 3800 2022 3875">
     <span class='ocr_line' id='line_1_68' title="bbox 372 3800 2022 3875; baseline 0.005 -25"><span class='ocrx_word' id='word_1_422' title='bbox 372 3801 473 3863; x_wconf 89' lang='lat' dir='ltr'>est,</span> <span class='ocrx_word' id='word_1_423' title='bbox 506 3800 661 3870; x_wconf 90' lang='lat' dir='ltr'>quod</span> <span class='ocrx_word' id='word_1_424' title='bbox 702 3801 946 3872; x_wconf 90' lang='lat' dir='ltr'>justum</span> <span class='ocrx_word' id='word_1_425' title='bbox 997 3818 1112 3856; x_wconf 90' lang='lat' dir='ltr'>non</span> <span class='ocrx_word' id='word_1_426' title='bbox 1162 3806 1268 3856; x_wconf 89' lang='lat' dir='ltr'>est.</span> <span class='ocrx_word' id='word_1_427' title='bbox 1299 3801 1516 3857; x_wconf 88' lang='lat' dir='ltr'>Videns</span> <span class='ocrx_word' id='word_1_428' title='bbox 1564 3819 1700 3874; x_wconf 89' lang='lat' dir='ltr'>ergo</span> <span class='ocrx_word' id='word_1_429' title='bbox 1740 3804 2022 3875; x_wconf 89' lang='lat' dir='ltr'>propheta</span> 
     </span>
    </p>
   </div>
   <div class='ocr_carea' id='block_1_69' title="bbox 320 3882 2017 3962">
    <p class='ocr_par' dir='ltr' id='par_1_69' title="bbox 320 3882 2017 3962">
     <span class='ocr_line' id='line_1_69' title="bbox 320 3882 2017 3962; baseline 0.005 -24"><span class='ocrx_word' id='word_1_430' title='bbox 320 3882 327 3921; x_wconf 70' lang='grc'><strong><em>⁵</em></strong></span> <span class='ocrx_word' id='word_1_431' title='bbox 374 3884 592 3942; x_wconf 91' lang='lat' dir='ltr'>nullum</span> <span class='ocrx_word' id='word_1_432' title='bbox 623 3904 777 3959; x_wconf 88' lang='lat' dir='ltr'>esse,</span> <span class='ocrx_word' id='word_1_433' title='bbox 814 3889 921 3961; x_wconf 91' lang='lat' dir='ltr'>qui</span> <span class='ocrx_word' id='word_1_434' title='bbox 971 3906 1088 3944; x_wconf 91' lang='lat' dir='ltr'>non</span> <span class='ocrx_word' id='word_1_435' title='bbox 1136 3895 1237 3945; x_wconf 89' lang='lat' dir='ltr'>aut</span> <span class='ocrx_word' id='word_1_436' title='bbox 1278 3890 1729 3962; x_wconf 86' lang='lat' dir='ltr'>cogitationibus</span> <span class='ocrx_word' id='word_1_437' title='bbox 1762 3892 2017 3958; x_wconf 86' lang='lat' dir='ltr'>excedat,</span> 
     </span>
    </p>
   </div>
   <div class='ocr_carea' id='block_1_70' title="bbox 370 3976 2018 4049">
    <p class='ocr_par' dir='ltr' id='par_1_70' title="bbox 370 3976 2018 4049">
     <span class='ocr_line' id='line_1_70' title="bbox 370 3976 2018 4049; baseline 0.005 -22"><span class='ocrx_word' id='word_1_438' title='bbox 370 3976 465 4028; x_wconf 81' lang='lat' dir='ltr'>aut</span> <span class='ocrx_word' id='word_1_439' title='bbox 490 3989 674 4031; x_wconf 90' lang='lat' dir='ltr'>vacuo</span> <span class='ocrx_word' id='word_1_440' title='bbox 696 3993 976 4033; x_wconf 86' lang='lat' dir='ltr'>sermone</span> <span class='ocrx_word' id='word_1_441' title='bbox 1002 3977 1324 4049; x_wconf 90' lang='lat' dir='ltr'>delinquat,</span> <span class='ocrx_word' id='word_1_442' title='bbox 1355 3983 1457 4033; x_wconf 89' lang='lat' dir='ltr'>aut</span> <span class='ocrx_word' id='word_1_443' title='bbox 1488 3978 1646 4033; x_wconf 89' lang='lat' dir='ltr'>inani</span> <span class='ocrx_word' id='word_1_444' title='bbox 1679 3983 1810 4034; x_wconf 87' lang='lat' dir='ltr'>actu</span> <span class='ocrx_word' id='word_1_445' title='bbox 1849 3997 2018 4036; x_wconf 89' lang='lat' dir='ltr'>oceu-</span> 
     </span>
    </p>
   </div>
   <div class='ocr_carea' id='block_1_71' title="bbox 320 4063 2016 4141">
    <p class='ocr_par' dir='ltr' id='par_1_71' title="bbox 320 4063 2016 4141">
     <span class='ocr_line' id='line_1_71' title="bbox 320 4063 2016 4141; baseline 0.005 -27"><span class='ocrx_word' id='word_1_446' title='bbox 320 4064 325 4099; x_wconf 72' lang='grc' dir='ltr'><strong>ε</strong></span> <span class='ocrx_word' id='word_1_447' title='bbox 369 4064 532 4129; x_wconf 89' lang='lat' dir='ltr'>petur</span> <span class='ocrx_word' id='word_1_448' title='bbox 575 4078 589 4117; x_wconf 91' lang='lat'><strong>:</strong></span> <span class='ocrx_word' id='word_1_449' title='bbox 641 4063 791 4120; x_wconf 90' lang='lat' dir='ltr'>dicit</span> <span class='ocrx_word' id='word_1_450' title='bbox 834 4065 1084 4141; x_wconf 74' lang='lat' dir='ltr'>justitia:</span> <span class='ocrx_word' id='word_1_451' title='bbox 1114 4065 1301 4137; x_wconf 89' lang='lat' dir='ltr'>ipsius</span> <span class='ocrx_word' id='word_1_452' title='bbox 1332 4065 1657 4122; x_wconf 87' lang='lat' dir='ltr'>humanum</span> <span class='ocrx_word' id='word_1_453' title='bbox 1690 4084 1875 4140; x_wconf 89' lang='lat' dir='ltr'>genus</span> <span class='ocrx_word' id='word_1_454' title='bbox 1905 4086 2016 4123; x_wconf 90' lang='lat' dir='ltr'>non</span> 
     </span>
    </p>
   </div>
   <div class='ocr_carea' id='block_1_72' title="bbox 320 4146 2019 4226">
    <p class='ocr_par' dir='ltr' id='par_1_72' title="bbox 320 4146 2019 4226">
     <span class='ocr_line' id='line_1_72' title="bbox 320 4146 2019 4226; baseline 0.006 -24"><span class='ocrx_word' id='word_1_455' title='bbox 320 4152 323 4189; x_wconf 58' lang='grc' dir='ltr'><strong>ι</strong></span> <span class='ocrx_word' id='word_1_456' title='bbox 368 4149 775 4219; x_wconf 78' lang='lat' dir='ltr'>sufﬁcere,nisi</span> <span class='ocrx_word' id='word_1_457' title='bbox 805 4146 1221 4209; x_wconf 66' lang='lat' dir='ltr'>misericordiae</span> <span class='ocrx_word' id='word_1_458' title='bbox 1251 4158 1485 4226; x_wconf 73' lang='lat' dir='ltr'>praestet</span> <span class='ocrx_word' id='word_1_459' title='bbox 1505 4154 1785 4211; x_wconf 83' lang='lat' dir='ltr'>auxilium</span> <span class='ocrx_word' id='word_1_460' title='bbox 1811 4173 1822 4211; x_wconf 91' lang='lat'>:</span> <span class='ocrx_word' id='word_1_461' title='bbox 1851 4173 2019 4213; x_wconf 90' lang='lat' dir='ltr'>nemo</span> 
     </span>
    </p>
   </div>
   <div class='ocr_carea' id='block_1_73' title="bbox 369 4237 1768 4315">
    <p class='ocr_par' dir='ltr' id='par_1_73' title="bbox 369 4237 1768 4315">
     <span class='ocr_line' id='line_1_73' title="bbox 369 4237 1768 4315; baseline 0.005 -25"><span class='ocrx_word' id='word_1_462' title='bbox 369 4237 515 4293; x_wconf 89' lang='lat' dir='ltr'>enim</span> <span class='ocrx_word' id='word_1_463' title='bbox 545 4239 737 4296; x_wconf 89' lang='lat' dir='ltr'>solam</span> <span class='ocrx_word' id='word_1_464' title='bbox 770 4241 878 4298; x_wconf 86' lang='lat' dir='ltr'>Dei</span> <span class='ocrx_word' id='word_1_465' title='bbox 903 4241 1201 4314; x_wconf 88' lang='lat' dir='ltr'>justitiam</span> <span class='ocrx_word' id='word_1_466' title='bbox 1234 4242 1520 4299; x_wconf 89' lang='lat' dir='ltr'>sustinere</span> <span class='ocrx_word' id='word_1_467' title='bbox 1551 4248 1768 4315; x_wconf 89' lang='lat' dir='ltr'>posset.</span> 
     </span>
    </p>
   </div>
   <div class='ocr_carea' id='block_1_74' title="bbox 368 4326 1427 4402">
    <p class='ocr_par' dir='ltr' id='par_1_74' title="bbox 368 4326 1427 4402">
     <span class='ocr_line' id='line_1_74' title="bbox 368 4326 1427 4402; baseline 0.005 -22"><span class='ocrx_word' id='word_1_468' title='bbox 368 4326 398 4380; x_wconf 75' lang='grc'><strong>4</strong></span> <span class='ocrx_word' id='word_1_469' title='bbox 503 4330 656 4401; x_wconf 82' lang='lat' dir='ltr'>Quia</span> <span class='ocrx_word' id='word_1_470' title='bbox 684 4330 843 4402; x_wconf 87' lang='lat' dir='ltr'>apud</span> <span class='ocrx_word' id='word_1_471' title='bbox 869 4338 923 4386; x_wconf 89' lang='lat' dir='ltr'>te</span> <span class='ocrx_word' id='word_1_472' title='bbox 943 4332 1271 4402; x_wconf 83' lang='lat' dir='ltr'>propitiatio</span> <span class='ocrx_word' id='word_1_473' title='bbox 1300 4335 1381 4387; x_wconf 84' lang='lat' dir='ltr'>est</span> <span class='ocrx_word' id='word_1_474' title='bbox 1414 4348 1427 4385; x_wconf 92' lang='lat'><strong>:</strong></span> 
     </span>
    </p>
   </div>
   <div class='ocr_carea' id='block_1_75' title="bbox 498 4417 1847 4491">
    <p class='ocr_par' dir='ltr' id='par_1_75' title="bbox 498 4417 1847 4491">
     <span class='ocr_line' id='line_1_75' title="bbox 498 4417 1847 4491; baseline 0.003 -20"><span class='ocrx_word' id='word_1_475' title='bbox 498 4417 564 4472; x_wconf 84' lang='lat' dir='ltr'>Et</span> <span class='ocrx_word' id='word_1_476' title='bbox 584 4426 821 4491; x_wconf 85' lang='lat' dir='ltr'>propter</span> <span class='ocrx_word' id='word_1_477' title='bbox 852 4419 1026 4490; x_wconf 82' lang='lat' dir='ltr'>legem</span> <span class='ocrx_word' id='word_1_478' title='bbox 1055 4427 1208 4474; x_wconf 87' lang='lat' dir='ltr'>tuam</span> <span class='ocrx_word' id='word_1_479' title='bbox 1230 4421 1471 4475; x_wconf 82' lang='lat' dir='ltr'>sustinui</span> <span class='ocrx_word' id='word_1_480' title='bbox 1494 4427 1562 4485; x_wconf 77' lang='lat' dir='ltr'>te,</span> <span class='ocrx_word' id='word_1_481' title='bbox 1600 4422 1847 4476; x_wconf 85' lang='lat' dir='ltr'>Domine.</span> 
     </span>
    </p>
   </div>
   <div class='ocr_carea' id='block_1_76' title="bbox 320 4503 2020 4579">
    <p class='ocr_par' dir='ltr' id='par_1_76' title="bbox 320 4503 2020 4579">
     <span class='ocr_line' id='line_1_76' title="bbox 320 4503 2020 4579; baseline 0.005 -22"><span class='ocrx_word' id='word_1_482' title='bbox 320 4510 321 4515; x_wconf 78' lang='lat'>‘</span> <span class='ocrx_word' id='word_1_483' title='bbox 431 4503 470 4558; x_wconf 91' lang='lat' dir='ltr'>C</span> <span class='ocrx_word' id='word_1_484' title='bbox 494 4504 760 4562; x_wconf 87' lang='lat' dir='ltr'>Territus</span> <span class='ocrx_word' id='word_1_485' title='bbox 795 4506 986 4579; x_wconf 87' lang='lat' dir='ltr'>igitur</span> <span class='ocrx_word' id='word_1_486' title='bbox 1008 4507 1247 4578; x_wconf 89' lang='lat' dir='ltr'>justitia</span> <span class='ocrx_word' id='word_1_487' title='bbox 1295 4506 1417 4574; x_wconf 90' lang='lat' dir='ltr'>Dei,</span> <span class='ocrx_word' id='word_1_488' title='bbox 1451 4508 1523 4563; x_wconf 91' lang='lat' dir='ltr'>ad</span> <span class='ocrx_word' id='word_1_489' title='bbox 1570 4512 1875 4579; x_wconf 89' lang='lat' dir='ltr'>patronam</span> <span class='ocrx_word' id='word_1_490' title='bbox 1917 4509 2020 4565; x_wconf 83' lang='lat' dir='ltr'>mi-</span> 
     </span>
    </p>
   </div>
   <div class='ocr_carea' id='block_1_77' title="bbox 364 4580 3616 4671">
    <p class='ocr_par' dir='ltr' id='par_1_77' title="bbox 364 4580 3616 4671">
     <span class='ocr_line' id='line_1_77' title="bbox 364 4580 3616 4671; baseline -0.001 -27"><span class='ocrx_word' id='word_1_491' title='bbox 364 4592 739 4651; x_wconf 87' lang='lat' dir='ltr'>sericordiam</span> <span class='ocrx_word' id='word_1_492' title='bbox 773 4580 1067 4651; x_wconf 86' lang='lat' dir='ltr'>convolat.</span> <span class='ocrx_word' id='word_1_493' title='bbox 1103 4596 1228 4651; x_wconf 91' lang='lat' dir='ltr'>Non</span> <span class='ocrx_word' id='word_1_494' title='bbox 1255 4601 1344 4652; x_wconf 89' lang='lat' dir='ltr'>est</span> <span class='ocrx_word' id='word_1_495' title='bbox 1371 4596 1527 4652; x_wconf 90' lang='lat' dir='ltr'>enim</span> <span class='ocrx_word' id='word_1_496' title='bbox 1560 4596 1619 4651; x_wconf 90' lang='lat' dir='ltr'>in</span> <span class='ocrx_word' id='word_1_497' title='bbox 1666 4597 1884 4653; x_wconf 78' lang='lat' dir='ltr'>nostris</span> <span class='ocrx_word' id='word_1_498' title='bbox 1915 4615 2009 4653; x_wconf 86' lang='lat' dir='ltr'>ac-</span> <span class='ocrx_word' id='word_1_499' title='bbox 2041 4607 2086 4671; x_wconf 78' lang='grc' dir='ltr'>Ι)</span> <span class='ocrx_word' id='word_1_500' title='bbox 2119 4580 2300 4662; x_wconf 86' lang='lat' dir='ltr'>mino,</span> <span class='ocrx_word' id='word_1_501' title='bbox 2332 4599 2618 4666; x_wconf 90' lang='lat' dir='ltr'>quatenus</span> <span class='ocrx_word' id='word_1_502' title='bbox 2648 4588 2842 4645; x_wconf 84' lang='lat' dir='ltr'>saeculi</span> <span class='ocrx_word' id='word_1_503' title='bbox 2869 4589 3108 4643; x_wconf 89' lang='lat' dir='ltr'>adversa</span> <span class='ocrx_word' id='word_1_504' title='bbox 3138 4587 3324 4643; x_wconf 86' lang='lat' dir='ltr'>valeat</span> <span class='ocrx_word' id='word_1_505' title='bbox 3351 4586 3616 4643; x_wconf 86' lang='lat' dir='ltr'>tolerare.</span> 
     </span>
    </p>
   </div>
   <div class='ocr_carea' id='block_1_78' title="bbox 362 4676 2014 4757">
    <p class='ocr_par' dir='ltr' id='par_1_78' title="bbox 362 4676 2014 4757">
     <span class='ocr_line' id='line_1_78' title="bbox 362 4676 2014 4757; baseline 0.005 -24"><span class='ocrx_word' id='word_1_506' title='bbox 362 4676 510 4737; x_wconf 85' lang='lat' dir='ltr'>tibus</span> <span class='ocrx_word' id='word_1_507' title='bbox 542 4686 605 4737; x_wconf 92' lang='lat' dir='ltr'>ut</span> <span class='ocrx_word' id='word_1_508' title='bbox 638 4700 987 4740; x_wconf 87' lang='lat' dir='ltr'>mereamur</span> <span class='ocrx_word' id='word_1_509' title='bbox 1015 4682 1260 4752; x_wconf 87' lang='lat' dir='ltr'>absolvi,</span> <span class='ocrx_word' id='word_1_510' title='bbox 1292 4684 1392 4740; x_wconf 92' lang='lat' dir='ltr'>sed</span> <span class='ocrx_word' id='word_1_511' title='bbox 1435 4683 1622 4755; x_wconf 91' lang='lat' dir='ltr'>ipsius</span> <span class='ocrx_word' id='word_1_512' title='bbox 1655 4685 2014 4757; x_wconf 89' lang='lat' dir='ltr'>propitiatio-</span> 
     </span>
    </p>
   </div>
   <div class='ocr_carea' id='block_1_79' title="bbox 362 4767 2015 4846">
    <p class='ocr_par' dir='ltr' id='par_1_79' title="bbox 362 4767 2015 4846">
     <span class='ocr_line' id='line_1_79' title="bbox 362 4767 2015 4846; baseline 0.006 -26"><span class='ocrx_word' id='word_1_513' title='bbox 362 4767 447 4822; x_wconf 88' lang='lat' dir='ltr'>nis</span> <span class='ocrx_word' id='word_1_514' title='bbox 475 4774 583 4837; x_wconf 86' lang='lat' dir='ltr'>est,</span> <span class='ocrx_word' id='word_1_515' title='bbox 618 4775 686 4826; x_wconf 89' lang='lat' dir='ltr'>ut</span> <span class='ocrx_word' id='word_1_516' title='bbox 709 4772 1095 4827; x_wconf 87' lang='lat' dir='ltr'>conﬁtentem</span> <span class='ocrx_word' id='word_1_517' title='bbox 1127 4788 1290 4828; x_wconf 89' lang='lat' dir='ltr'>reum</span> <span class='ocrx_word' id='word_1_518' title='bbox 1319 4772 1568 4828; x_wconf 90' lang='lat' dir='ltr'>liberare</span> <span class='ocrx_word' id='word_1_519' title='bbox 1588 4773 2015 4846; x_wconf 67' lang='lat' dir='ltr'>dignetur.Haac</span> 
     </span>
    </p>
   </div>
   <div class='ocr_carea' id='block_1_80' title="bbox 361 4859 2015 4940">
    <p class='ocr_par' dir='ltr' id='par_1_80' title="bbox 361 4859 2015 4940">
     <span class='ocr_line' id='line_1_80' title="bbox 361 4859 2015 4940; baseline 0.005 -30"><span class='ocrx_word' id='word_1_520' title='bbox 361 4860 443 4911; x_wconf 85' lang='lat' dir='ltr'>est</span> <span class='ocrx_word' id='word_1_521' title='bbox 469 4861 666 4916; x_wconf 90' lang='lat' dir='ltr'>autem</span> <span class='ocrx_word' id='word_1_522' title='bbox 692 4859 890 4940; x_wconf 84' lang='lat' dir='ltr'>lex,id</span> <span class='ocrx_word' id='word_1_523' title='bbox 923 4865 1031 4927; x_wconf 91' lang='lat' dir='ltr'>est,</span> <span class='ocrx_word' id='word_1_524' title='bbox 1064 4861 1395 4934; x_wconf 84' lang='lat' dir='ltr'>evangelica</span> <span class='ocrx_word' id='word_1_525' title='bbox 1434 4861 1645 4932; x_wconf 90' lang='lat' dir='ltr'>jussio,</span> <span class='ocrx_word' id='word_1_526' title='bbox 1696 4878 1798 4933; x_wconf 88' lang='lat' dir='ltr'>per</span> <span class='ocrx_word' id='word_1_527' title='bbox 1836 4879 2015 4935; x_wconf 90' lang='lat' dir='ltr'>quam</span> 
     </span>
    </p>
   </div>
   <div class='ocr_carea' id='block_1_81' title="bbox 360 4945 2016 5015">
    <p class='ocr_par' dir='ltr' id='par_1_81' title="bbox 360 4945 2016 5015">
     <span class='ocr_line' id='line_1_81' title="bbox 360 4945 2016 5015; baseline 0.005 -17"><span class='ocrx_word' id='word_1_528' title='bbox 360 4959 416 4999; x_wconf 84' lang='lat' dir='ltr'>se</span> <span class='ocrx_word' id='word_1_529' title='bbox 435 4945 568 5015; x_wconf 88' lang='lat' dir='ltr'>jure</span> <span class='ocrx_word' id='word_1_530' title='bbox 599 4948 892 5005; x_wconf 85' lang='lat' dir='ltr'>credebat</span> <span class='ocrx_word' id='word_1_531' title='bbox 922 4964 1049 5005; x_wconf 89' lang='lat' dir='ltr'>esse</span> <span class='ocrx_word' id='word_1_532' title='bbox 1079 4948 1446 5005; x_wconf 88' lang='lat' dir='ltr'>salvandum.</span> <span class='ocrx_word' id='word_1_533' title='bbox 1480 4948 1771 5005; x_wconf 87' lang='lat' dir='ltr'>Sustinuit</span> <span class='ocrx_word' id='word_1_534' title='bbox 1803 4967 1816 5005; x_wconf 88' lang='lat'><strong>:</strong></span> <span class='ocrx_word' id='word_1_535' title='bbox 1858 4950 2016 5007; x_wconf 91' lang='lat' dir='ltr'>indi-</span> 
     </span>
    </p>
   </div>
   <div class='ocr_carea' id='block_1_82' title="bbox 359 5033 2015 5110">
    <p class='ocr_par' dir='ltr' id='par_1_82' title="bbox 359 5033 2015 5110">
     <span class='ocr_line' id='line_1_82' title="bbox 359 5033 2015 5110; baseline 0.005 -24"><span class='ocrx_word' id='word_1_536' title='bbox 359 5036 444 5087; x_wconf 82' lang='lat' dir='ltr'>cat</span> <span class='ocrx_word' id='word_1_537' title='bbox 479 5033 859 5105; x_wconf 84' lang='lat' dir='ltr'>charitatem,</span> <span class='ocrx_word' id='word_1_538' title='bbox 905 5053 1032 5109; x_wconf 83' lang='lat' dir='ltr'>quae</span> <span class='ocrx_word' id='word_1_539' title='bbox 1082 5041 1267 5093; x_wconf 89' lang='lat' dir='ltr'>totam</span> <span class='ocrx_word' id='word_1_540' title='bbox 1316 5036 1586 5104; x_wconf 88' lang='lat' dir='ltr'>sustinet,</span> <span class='ocrx_word' id='word_1_541' title='bbox 1632 5041 1690 5093; x_wconf 88' lang='lat' dir='ltr'>et</span> <span class='ocrx_word' id='word_1_542' title='bbox 1730 5038 2015 5110; x_wconf 89' lang='lat' dir='ltr'>perfectos</span> 
     </span>
    </p>
   </div>
   <div class='ocr_carea' id='block_1_83' title="bbox 358 5120 2013 5183">
    <p class='ocr_par' dir='ltr' id='par_1_83' title="bbox 358 5120 2013 5183">
     <span class='ocr_line' id='line_1_83' title="bbox 358 5120 2013 5183; baseline 0.005 -11"><span class='ocrx_word' id='word_1_543' title='bbox 358 5120 525 5177; x_wconf 87' lang='lat' dir='ltr'>efﬁcit</span> <span class='ocrx_word' id='word_1_544' title='bbox 551 5122 960 5181; x_wconf 87' lang='lat' dir='ltr'>Christianos.</span> <span class='ocrx_word' id='word_1_545' title='bbox 994 5125 1097 5182; x_wconf 85' lang='lat' dir='ltr'>Vel</span> <span class='ocrx_word' id='word_1_546' title='bbox 1129 5125 1221 5181; x_wconf 84' lang='lat' dir='ltr'>lex</span> <span class='ocrx_word' id='word_1_547' title='bbox 1249 5129 1350 5181; x_wconf 89' lang='lat' dir='ltr'>tua</span> <span class='ocrx_word' id='word_1_548' title='bbox 1396 5141 1409 5180; x_wconf 90' lang='lat'><strong>:</strong></span> <span class='ocrx_word' id='word_1_549' title='bbox 1460 5123 1551 5180; x_wconf 78' lang='lat' dir='ltr'>lex</span> <span class='ocrx_word' id='word_1_550' title='bbox 1580 5129 1668 5181; x_wconf 89' lang='lat' dir='ltr'>est</span> <span class='ocrx_word' id='word_1_551' title='bbox 1698 5125 2013 5183; x_wconf 90' lang='lat' dir='ltr'>miserendi</span> 
     </span>
    </p>
   </div>
   <div class='ocr_carea' id='block_1_84' title="bbox 358 5209 798 5279">
    <p class='ocr_par' dir='ltr' id='par_1_84' title="bbox 358 5209 798 5279">
     <span class='ocr_line' id='line_1_84' title="bbox 358 5209 798 5279; baseline 0.014 -17"><span class='ocrx_word' id='word_1_552' title='bbox 358 5209 798 5279; x_wconf 72' lang='lat' dir='ltr'>paenitentibus.</span> 
     </span>
    </p>
   </div>
   <div class='ocr_carea' id='block_1_85' title="bbox 356 5296 1625 5374">
    <p class='ocr_par' dir='ltr' id='par_1_85' title="bbox 356 5296 1625 5374">
     <span class='ocr_line' id='line_1_85' title="bbox 356 5296 1625 5374; baseline 0.001 -20"><span class='ocrx_word' id='word_1_553' title='bbox 356 5296 390 5348; x_wconf 88' lang='lat'>5</span> <span class='ocrx_word' id='word_1_554' title='bbox 488 5299 771 5357; x_wconf 84' lang='lat' dir='ltr'>Sustinuit</span> <span class='ocrx_word' id='word_1_555' title='bbox 803 5303 1006 5358; x_wconf 87' lang='lat' dir='ltr'>anima</span> <span class='ocrx_word' id='word_1_556' title='bbox 1034 5319 1157 5360; x_wconf 83' lang='lat' dir='ltr'>mea</span> <span class='ocrx_word' id='word_1_557' title='bbox 1187 5304 1247 5358; x_wconf 88' lang='lat' dir='ltr'>in</span> <span class='ocrx_word' id='word_1_558' title='bbox 1275 5302 1432 5358; x_wconf 85' lang='lat' dir='ltr'>verbo</span> <span class='ocrx_word' id='word_1_559' title='bbox 1460 5302 1576 5374; x_wconf 85' lang='lat' dir='ltr'>ejus</span> <span class='ocrx_word' id='word_1_560' title='bbox 1606 5317 1625 5355; x_wconf 91' lang='lat'><em>:</em></span> 
     </span>
    </p>
   </div>
   <div class='ocr_carea' id='block_1_86' title="bbox 489 5387 1498 5459">
    <p class='ocr_par' dir='ltr' id='par_1_86' title="bbox 489 5387 1498 5459">
     <span class='ocr_line' id='line_1_86' title="bbox 489 5387 1498 5459; baseline 0.002 -18"><span class='ocrx_word' id='word_1_561' title='bbox 489 5387 746 5459; x_wconf 85' lang='lat' dir='ltr'>Speravit</span> <span class='ocrx_word' id='word_1_562' title='bbox 774 5407 852 5446; x_wconf 90' lang='lat' dir='ltr'>an</span> <span class='ocrx_word' id='word_1_563' title='bbox 863 5392 982 5446; x_wconf 88' lang='lat' dir='ltr'>ima</span> <span class='ocrx_word' id='word_1_564' title='bbox 1009 5408 1132 5447; x_wconf 85' lang='lat' dir='ltr'>mea</span> <span class='ocrx_word' id='word_1_565' title='bbox 1162 5394 1218 5447; x_wconf 82' lang='lat' dir='ltr'>in</span> <span class='ocrx_word' id='word_1_566' title='bbox 1250 5392 1498 5447; x_wconf 87' lang='lat' dir='ltr'>Domino.</span> 
     </span>
    </p>
   </div>
   <div class='ocr_carea' id='block_1_87' title="bbox 421 5466 2012 5550">
    <p class='ocr_par' dir='ltr' id='par_1_87' title="bbox 421 5466 2012 5550">
     <span class='ocr_line' id='line_1_87' title="bbox 421 5466 2012 5550; baseline 0.004 -22"><span class='ocrx_word' id='word_1_567' title='bbox 421 5471 460 5527; x_wconf 77' lang='grc' dir='ltr'>Ο</span> <span class='ocrx_word' id='word_1_568' title='bbox 488 5475 791 5534; x_wconf 88' lang='lat' dir='ltr'>Sustinuit</span> <span class='ocrx_word' id='word_1_569' title='bbox 824 5477 1033 5536; x_wconf 89' lang='lat' dir='ltr'>anima</span> <span class='ocrx_word' id='word_1_570' title='bbox 1063 5497 1193 5536; x_wconf 89' lang='lat' dir='ltr'>mea</span> <span class='ocrx_word' id='word_1_571' title='bbox 1241 5480 1297 5534; x_wconf 89' lang='lat' dir='ltr'>in</span> <span class='ocrx_word' id='word_1_572' title='bbox 1345 5478 1516 5534; x_wconf 87' lang='lat' dir='ltr'>verbo</span> <span class='ocrx_word' id='word_1_573' title='bbox 1549 5479 1678 5549; x_wconf 85' lang='lat' dir='ltr'>ejus</span> <span class='ocrx_word' id='word_1_574' title='bbox 1713 5466 1898 5550; x_wconf 13' lang='lat' dir='ltr'>:iquia</span> <span class='ocrx_word' id='word_1_575' title='bbox 1929 5479 2012 5535; x_wconf 90' lang='lat' dir='ltr'>in-</span> 
     </span>
    </p>
   </div>
   <div class='ocr_carea' id='block_1_88' title="bbox 357 5562 2008 5625">
    <p class='ocr_par' dir='ltr' id='par_1_88' title="bbox 357 5562 2008 5625">
     <span class='ocr_line' id='line_1_88' title="bbox 357 5562 2008 5625; baseline 0.008 -16"><span class='ocrx_word' id='word_1_576' title='bbox 357 5562 746 5622; x_wconf 82' lang='lat' dir='ltr'>carnationem</span> <span class='ocrx_word' id='word_1_577' title='bbox 786 5566 1026 5623; x_wconf 89' lang='lat' dir='ltr'>Domini</span> <span class='ocrx_word' id='word_1_578' title='bbox 1057 5569 1329 5625; x_wconf 82' lang='lat' dir='ltr'>credebat</span> <span class='ocrx_word' id='word_1_579' title='bbox 1357 5582 1485 5624; x_wconf 88' lang='lat' dir='ltr'>esse</span> <span class='ocrx_word' id='word_1_580' title='bbox 1509 5568 2008 5623; x_wconf 86' lang='lat' dir='ltr'>venturam.Chri-</span> 
     </span>
    </p>
   </div>
   <div class='ocr_carea' id='block_1_89' title="bbox 357 5650 2006 5726">
    <p class='ocr_par' dir='ltr' id='par_1_89' title="bbox 357 5650 2006 5726">
     <span class='ocr_line' id='line_1_89' title="bbox 357 5650 2006 5726; baseline 0.008 -27"><span class='ocrx_word' id='word_1_581' title='bbox 357 5650 476 5705; x_wconf 86' lang='lat' dir='ltr'>slus</span> <span class='ocrx_word' id='word_1_582' title='bbox 502 5652 659 5710; x_wconf 89' lang='lat' dir='ltr'>enim</span> <span class='ocrx_word' id='word_1_583' title='bbox 690 5655 957 5712; x_wconf 87' lang='lat' dir='ltr'>verbum</span> <span class='ocrx_word' id='word_1_584' title='bbox 986 5655 1145 5712; x_wconf 88' lang='lat' dir='ltr'>istud</span> <span class='ocrx_word' id='word_1_585' title='bbox 1194 5658 1301 5721; x_wconf 90' lang='lat' dir='ltr'>est,</span> <span class='ocrx_word' id='word_1_586' title='bbox 1336 5655 1488 5726; x_wconf 90' lang='lat' dir='ltr'>quod</span> <span class='ocrx_word' id='word_1_587' title='bbox 1533 5655 1872 5712; x_wconf 88' lang='lat' dir='ltr'>sustinendo</span> <span class='ocrx_word' id='word_1_588' title='bbox 1914 5656 2006 5712; x_wconf 92' lang='lat' dir='ltr'>in-</span> 
     </span>
    </p>
   </div>
   <div class='ocr_carea' id='block_1_90' title="bbox 2131 3350 3121 3431">
    <p class='ocr_par' dir='ltr' id='par_1_90' title="bbox 2131 3350 3121 3431">
     <span class='ocr_line' id='line_1_90' title="bbox 2131 3350 3121 3431; baseline -0.006 -16"><span class='ocrx_word' id='word_1_589' title='bbox 2131 3350 2359 3417; x_wconf 80' lang='lat' dir='ltr'>uullum</span> <span class='ocrx_word' id='word_1_590' title='bbox 2391 3356 2649 3431; x_wconf 91' lang='lat' dir='ltr'>potuisse</span> <span class='ocrx_word' id='word_1_591' title='bbox 2680 3373 2785 3412; x_wconf 90' lang='lat' dir='ltr'>nos</span> <span class='ocrx_word' id='word_1_592' title='bbox 2818 3355 3121 3411; x_wconf 89' lang='lat' dir='ltr'>redimere.</span> 
     </span>
    </p>
   </div>
   <div class='ocr_carea' id='block_1_91' title="bbox 2589 3476 3315 3518">
    <p class='ocr_par' dir='ltr' id='par_1_91' title="bbox 2589 3476 3315 3518">
     <span class='ocr_line' id='line_1_91' title="bbox 2589 3476 3315 3518; baseline -0.006 0"><span class='ocrx_word' id='word_1_593' title='bbox 2589 3477 2792 3518; x_wconf 78' lang='lat' dir='ltr'>ORATIO</span> <span class='ocrx_word' id='word_1_594' title='bbox 2830 3477 2899 3516; x_wconf 78' lang='lat' dir='ltr'><strong>EX</strong></span> <span class='ocrx_word' id='word_1_595' title='bbox 2937 3477 3089 3515; x_wconf 76' lang='lat' dir='ltr'>PSAL.</span> <span class='ocrx_word' id='word_1_596' title='bbox 3131 3476 3315 3516; x_wconf 85' lang='lat' dir='ltr'><strong>CXXIX.</strong></span> 
     </span>
    </p>
   </div>
   <div class='ocr_carea' id='block_1_92' title="bbox 2201 3564 3767 3638">
    <p class='ocr_par' dir='ltr' id='par_1_92' title="bbox 2201 3564 3767 3638">
     <span class='ocr_line' id='line_1_92' title="bbox 2201 3564 3767 3638; baseline -0.002 -12"><span class='ocrx_word' id='word_1_597' title='bbox 2201 3571 2510 3626; x_wconf 86' lang='lat' dir='ltr'>Intendant</span> <span class='ocrx_word' id='word_1_598' title='bbox 2539 3582 2899 3638; x_wconf 73' lang='lat' dir='ltr'>quaesumus,</span> <span class='ocrx_word' id='word_1_599' title='bbox 2928 3564 3427 3637; x_wconf 89' lang='lat' dir='ltr'>Domine,pietatis</span> <span class='ocrx_word' id='word_1_600' title='bbox 3454 3569 3564 3621; x_wconf 76' lang='lat' dir='ltr'>tuae</span> <span class='ocrx_word' id='word_1_601' title='bbox 3597 3583 3767 3623; x_wconf 89' lang='lat' dir='ltr'>aures</span> 
     </span>
    </p>
   </div>
   <div class='ocr_carea' id='block_1_93' title="bbox 2130 3653 3769 3727">
    <p class='ocr_par' dir='ltr' id='par_1_93' title="bbox 2130 3653 3769 3727">
     <span class='ocr_line' id='line_1_93' title="bbox 2130 3653 3769 3727; baseline -0.003 -11"><span class='ocrx_word' id='word_1_602' title='bbox 2130 3660 2188 3716; x_wconf 90' lang='lat' dir='ltr'>in</span> <span class='ocrx_word' id='word_1_603' title='bbox 2220 3660 2512 3715; x_wconf 90' lang='lat' dir='ltr'>orationes</span> <span class='ocrx_word' id='word_1_604' title='bbox 2542 3654 3042 3727; x_wconf 88' lang='lat' dir='ltr'>supplicum,quia</span> <span class='ocrx_word' id='word_1_605' title='bbox 3066 3654 3218 3726; x_wconf 89' lang='lat' dir='ltr'>apud</span> <span class='ocrx_word' id='word_1_606' title='bbox 3242 3658 3297 3708; x_wconf 88' lang='lat' dir='ltr'>te</span> <span class='ocrx_word' id='word_1_607' title='bbox 3324 3653 3657 3726; x_wconf 90' lang='lat' dir='ltr'>propitiatio</span> <span class='ocrx_word' id='word_1_608' title='bbox 3679 3661 3769 3712; x_wconf 91' lang='lat' dir='ltr'>est</span> 
     </span>
    </p>
   </div>
   <div class='ocr_carea' id='block_1_94' title="bbox 2129 3741 3762 3821">
    <p class='ocr_par' dir='ltr' id='par_1_94' title="bbox 2129 3741 3762 3821">
     <span class='ocr_line' id='line_1_94' title="bbox 2129 3741 3762 3821; baseline -0.002 -17"><span class='ocrx_word' id='word_1_609' title='bbox 2129 3752 2498 3821; x_wconf 89' lang='lat' dir='ltr'>peccatorum</span> <span class='ocrx_word' id='word_1_610' title='bbox 2533 3762 2545 3799; x_wconf 92' lang='lat'><strong>:</strong></span> <span class='ocrx_word' id='word_1_611' title='bbox 2578 3749 2642 3799; x_wconf 88' lang='lat' dir='ltr'>ut</span> <span class='ocrx_word' id='word_1_612' title='bbox 2672 3760 2787 3799; x_wconf 90' lang='lat' dir='ltr'>non</span> <span class='ocrx_word' id='word_1_613' title='bbox 2813 3743 3081 3798; x_wconf 88' lang='lat' dir='ltr'>observes</span> <span class='ocrx_word' id='word_1_614' title='bbox 3130 3741 3469 3814; x_wconf 83' lang='lat' dir='ltr'>iniquitates</span> <span class='ocrx_word' id='word_1_615' title='bbox 3509 3747 3762 3813; x_wconf 88' lang='lat' dir='ltr'>nostras,</span> 
     </span>
    </p>
   </div>
   <div class='ocr_carea' id='block_1_95' title="bbox 2128 3828 3807 3907">
    <p class='ocr_par' dir='ltr' id='par_1_95' title="bbox 2128 3828 3807 3907">
     <span class='ocr_line' id='line_1_95' title="bbox 2128 3828 3807 3907; baseline -0.003 -14"><span class='ocrx_word' id='word_1_616' title='bbox 2128 3838 2228 3894; x_wconf 91' lang='lat' dir='ltr'>sed</span> <span class='ocrx_word' id='word_1_617' title='bbox 2260 3834 2563 3907; x_wconf 86' lang='lat' dir='ltr'>impertias</span> <span class='ocrx_word' id='word_1_618' title='bbox 2594 3831 2761 3887; x_wconf 91' lang='lat' dir='ltr'>nobis</span> <span class='ocrx_word' id='word_1_619' title='bbox 2791 3828 3222 3886; x_wconf 85' lang='lat' dir='ltr'>misericordias</span> <span class='ocrx_word' id='word_1_620' title='bbox 3252 3834 3406 3886; x_wconf 89' lang='lat' dir='ltr'>tuas.</span> <span class='ocrx_word' id='word_1_621' title='bbox 3439 3835 3546 3887; x_wconf 90' lang='lat' dir='ltr'>Per</span> <span class='ocrx_word' id='word_1_622' title='bbox 3572 3834 3767 3889; x_wconf 91' lang='lat' dir='ltr'>Domi-</span> <span class='ocrx_word' id='word_1_623' title='bbox 3788 3890 3807 3907; x_wconf 48' lang='lat' dir='ltr'><strong><em>r</em></strong></span> 
     </span>
    </p>
   </div>
   <div class='ocr_carea' id='block_1_96' title="bbox 2128 3908 3802 3984">
    <p class='ocr_par' dir='ltr' id='par_1_96' title="bbox 2128 3908 3802 3984">
     <span class='ocr_line' id='line_1_96' title="bbox 2128 3908 3802 3984; baseline -0.01 -3"><span class='ocrx_word' id='word_1_624' title='bbox 2128 3941 2269 3981; x_wconf 90' lang='lat' dir='ltr'>num</span> <span class='ocrx_word' id='word_1_625' title='bbox 2293 3926 2558 3979; x_wconf 85' lang='lat' dir='ltr'>nostrum</span> <span class='ocrx_word' id='word_1_626' title='bbox 2588 3920 2813 3984; x_wconf 89' lang='lat' dir='ltr'>Jcsum,</span> <span class='ocrx_word' id='word_1_627' title='bbox 2838 3924 2947 3974; x_wconf 91' lang='lat' dir='ltr'>etc.</span> <span class='ocrx_word' id='word_1_628' title='bbox 3538 3912 3543 3915; x_wconf 70' lang='grc'><strong>⁷</strong></span> <span class='ocrx_word' id='word_1_629' title='bbox 3796 3908 3802 3917; x_wconf 87' lang='grc'><em>’</em></span> 
     </span>
    </p>
   </div>
   <div class='ocr_carea' id='block_1_97' title="bbox 2668 4031 3232 4088">
    <p class='ocr_par' dir='ltr' id='par_1_97' title="bbox 2668 4031 3232 4088">
     <span class='ocr_line' id='line_1_97' title="bbox 2668 4031 3232 4088; baseline 0 -1"><span class='ocrx_word' id='word_1_630' title='bbox 2668 4038 2793 4087; x_wconf 86' lang='lat' dir='ltr'>PSA</span> <span class='ocrx_word' id='word_1_631' title='bbox 2802 4032 2994 4088; x_wconf 88' lang='lat' dir='ltr'>LMUS</span> <span class='ocrx_word' id='word_1_632' title='bbox 3033 4031 3232 4087; x_wconf 86' lang='lat' dir='ltr'>CXXX.</span> 
     </span>
    </p>
   </div>
   <div class='ocr_carea' id='block_1_98' title="bbox 2555 4137 3346 4177">
    <p class='ocr_par' dir='ltr' id='par_1_98' title="bbox 2555 4137 3346 4177">
     <span class='ocr_line' id='line_1_98' title="bbox 2555 4137 3346 4177; baseline -0.004 0"><span class='ocrx_word' id='word_1_633' title='bbox 2555 4137 2952 4177; x_wconf 74' lang='lat' dir='ltr'>ARGUMENTUM</span> <span class='ocrx_word' id='word_1_634' title='bbox 2992 4138 3141 4176; x_wconf 80' lang='lat' dir='ltr'>PSAL.</span> <span class='ocrx_word' id='word_1_635' title='bbox 3185 4137 3346 4175; x_wconf 76' lang='lat' dir='ltr'><strong>CXXX.</strong></span> 
     </span>
    </p>
   </div>
   <div class='ocr_carea' id='block_1_99' title="bbox 2196 4233 3764 4313">
    <p class='ocr_par' dir='ltr' id='par_1_99' title="bbox 2196 4233 3764 4313">
     <span class='ocr_line' id='line_1_99' title="bbox 2196 4233 3764 4313; baseline -0.004 -15"><span class='ocrx_word' id='word_1_636' title='bbox 2196 4244 2238 4299; x_wconf 89' lang='lat' dir='ltr'>C</span> <span class='ocrx_word' id='word_1_637' title='bbox 2250 4238 2523 4313; x_wconf 83' lang='lat' dir='ltr'>Exemplo</span> <span class='ocrx_word' id='word_1_638' title='bbox 2537 4255 2643 4293; x_wconf 90' lang='lat' dir='ltr'>suo</span> <span class='ocrx_word' id='word_1_639' title='bbox 2660 4235 2942 4309; x_wconf 87' lang='lat' dir='ltr'>propheta</span> <span class='ocrx_word' id='word_1_640' title='bbox 2962 4233 3353 4291; x_wconf 87' lang='lat' dir='ltr'>humilitatem</span> <span class='ocrx_word' id='word_1_641' title='bbox 3367 4234 3764 4291; x_wconf 89' lang='lat' dir='ltr'>Christianum</span> 
     </span>
    </p>
   </div>
   <div class='ocr_carea' id='block_1_100' title="bbox 2106 4321 3764 4406">
    <p class='ocr_par' dir='ltr' id='par_1_100' title="bbox 2106 4321 3764 4406">
     <span class='ocr_line' id='line_1_100' title="bbox 2106 4321 3764 4406; baseline -0.007 -18"><span class='ocrx_word' id='word_1_642' title='bbox 2106 4330 2406 4406; x_wconf 54' lang='lat' dir='ltr'>,populum</span> <span class='ocrx_word' id='word_1_643' title='bbox 2436 4328 2672 4389; x_wconf 90' lang='lat' dir='ltr'>docens,</span> <span class='ocrx_word' id='word_1_644' title='bbox 2704 4339 2934 4395; x_wconf 73' lang='lat' dir='ltr'>pmnam</span> <span class='ocrx_word' id='word_1_645' title='bbox 2967 4323 3019 4379; x_wconf 91' lang='lat' dir='ltr'>ei</span> <span class='ocrx_word' id='word_1_646' title='bbox 3044 4321 3453 4394; x_wconf 85' lang='lat' dir='ltr'>gravissimam</span> <span class='ocrx_word' id='word_1_647' title='bbox 3496 4322 3682 4394; x_wconf 91' lang='lat' dir='ltr'>ponit,</span> <span class='ocrx_word' id='word_1_648' title='bbox 3715 4323 3764 4379; x_wconf 89' lang='lat' dir='ltr'>si</span> 
     </span>
    </p>
   </div>
   <div class='ocr_carea' id='block_1_101' title="bbox 2126 4409 3762 4477">
    <p class='ocr_par' dir='ltr' id='par_1_101' title="bbox 2126 4409 3762 4477">
     <span class='ocr_line' id='line_1_101' title="bbox 2126 4409 3762 4477; baseline -0.007 0"><span class='ocrx_word' id='word_1_649' title='bbox 2126 4419 2402 4477; x_wconf 86' lang='lat' dir='ltr'>mandata</span> <span class='ocrx_word' id='word_1_650' title='bbox 2432 4413 2658 4471; x_wconf 88' lang='lat' dir='ltr'>Domini</span> <span class='ocrx_word' id='word_1_651' title='bbox 2688 4430 2803 4468; x_wconf 90' lang='lat' dir='ltr'>non</span> <span class='ocrx_word' id='word_1_652' title='bbox 2834 4428 2967 4466; x_wconf 88' lang='lat' dir='ltr'>cum</span> <span class='ocrx_word' id='word_1_653' title='bbox 3000 4427 3235 4466; x_wconf 89' lang='lat' dir='ltr'>summa</span> <span class='ocrx_word' id='word_1_654' title='bbox 3263 4409 3594 4466; x_wconf 86' lang='lat' dir='ltr'>humilitate</span> <span class='ocrx_word' id='word_1_655' title='bbox 3626 4427 3762 4466; x_wconf 90' lang='lat' dir='ltr'>sus-</span> 
     </span>
    </p>
   </div>
   <div class='ocr_carea' id='block_1_102' title="bbox 2125 4498 3764 4581">
    <p class='ocr_par' dir='ltr' id='par_1_102' title="bbox 2125 4498 3764 4581">
     <span class='ocr_line' id='line_1_102' title="bbox 2125 4498 3764 4581; baseline -0.007 -15"><span class='ocrx_word' id='word_1_656' title='bbox 2125 4508 2340 4581; x_wconf 89' lang='lat' dir='ltr'>ceperit</span> <span class='ocrx_word' id='word_1_657' title='bbox 2362 4504 2768 4573; x_wconf 89' lang='lat' dir='ltr'>:hortaturque</span> <span class='ocrx_word' id='word_1_658' title='bbox 2791 4498 3059 4555; x_wconf 87' lang='lat' dir='ltr'>Israelem</span> <span class='ocrx_word' id='word_1_659' title='bbox 3076 4498 3299 4571; x_wconf 87' lang='lat' dir='ltr'>jugiter</span> <span class='ocrx_word' id='word_1_660' title='bbox 3319 4498 3633 4577; x_wconf 81' lang='lat' dir='ltr'>sperarein</span> <span class='ocrx_word' id='word_1_661' title='bbox 3658 4499 3764 4554; x_wconf 91' lang='lat' dir='ltr'>Do-</span> 
     </span>
    </p>
   </div>
   <div class='ocr_carea' id='block_1_103' title="bbox 2560 4675 3322 4744">
    <p class='ocr_par' dir='ltr' id='par_1_103' title="bbox 2560 4675 3322 4744">
     <span class='ocr_line' id='line_1_103' title="bbox 2560 4675 3322 4744; baseline -0.005 -10"><span class='ocrx_word' id='word_1_662' title='bbox 2560 4679 2672 4734; x_wconf 88' lang='lat' dir='ltr'>TT.</span> <span class='ocrx_word' id='word_1_663' title='bbox 2710 4678 3003 4733; x_wconf 84' lang='lat' dir='ltr'>Canticum</span> <span class='ocrx_word' id='word_1_664' title='bbox 3032 4675 3322 4744; x_wconf 85' lang='lat' dir='ltr'>graduum,</span> 
     </span>
    </p>
   </div>
   <div class='ocr_carea' id='block_1_104' title="bbox 2194 4762 3764 4839">
    <p class='ocr_par' dir='ltr' id='par_1_104' title="bbox 2194 4762 3764 4839">
     <span class='ocr_line' id='line_1_104' title="bbox 2194 4762 3764 4839; baseline -0.008 -9"><span class='ocrx_word' id='word_1_665' title='bbox 2194 4776 2235 4831; x_wconf 90' lang='lat' dir='ltr'>C</span> <span class='ocrx_word' id='word_1_666' title='bbox 2265 4774 2446 4829; x_wconf 86' lang='lat' dir='ltr'>Totus</span> <span class='ocrx_word' id='word_1_667' title='bbox 2477 4768 2572 4824; x_wconf 90' lang='lat' dir='ltr'>hic</span> <span class='ocrx_word' id='word_1_668' title='bbox 2602 4765 2864 4839; x_wconf 89' lang='lat' dir='ltr'>psalmus</span> <span class='ocrx_word' id='word_1_669' title='bbox 2896 4766 2967 4820; x_wconf 91' lang='lat' dir='ltr'>de</span> <span class='ocrx_word' id='word_1_670' title='bbox 3000 4762 3446 4820; x_wconf 89' lang='lat' dir='ltr'>mansuetudine</span> <span class='ocrx_word' id='word_1_671' title='bbox 3466 4767 3639 4835; x_wconf 85' lang='lat' dir='ltr'>atque</span> <span class='ocrx_word' id='word_1_672' title='bbox 3660 4763 3764 4818; x_wconf 87' lang='lat' dir='ltr'>hu-</span> 
     </span>
    </p>
   </div>
   <div class='ocr_carea' id='block_1_105' title="bbox 2123 4850 3761 4925">
    <p class='ocr_par' dir='ltr' id='par_1_105' title="bbox 2123 4850 3761 4925">
     <span class='ocr_line' id='line_1_105' title="bbox 2123 4850 3761 4925; baseline -0.01 -5"><span class='ocrx_word' id='word_1_673' title='bbox 2123 4862 2370 4921; x_wconf 86' lang='lat' dir='ltr'>militate</span> <span class='ocrx_word' id='word_1_674' title='bbox 2401 4860 2669 4913; x_wconf 86' lang='lat' dir='ltr'>cantatur</span> <span class='ocrx_word' id='word_1_675' title='bbox 2700 4872 2712 4909; x_wconf 86' lang='lat'><strong>:</strong></span> <span class='ocrx_word' id='word_1_676' title='bbox 2745 4870 2927 4925; x_wconf 90' lang='lat' dir='ltr'>eoque</span> <span class='ocrx_word' id='word_1_677' title='bbox 2954 4854 3111 4918; x_wconf 88' lang='lat' dir='ltr'>ﬁt,ut</span> <span class='ocrx_word' id='word_1_678' title='bbox 3139 4868 3285 4925; x_wconf 89' lang='lat' dir='ltr'>quos</span> <span class='ocrx_word' id='word_1_679' title='bbox 3315 4850 3479 4907; x_wconf 90' lang='lat' dir='ltr'>labor</span> <span class='ocrx_word' id='word_1_680' title='bbox 3501 4851 3761 4923; x_wconf 65' lang='lat' dir='ltr'>prtemis-</span> 
     </span>
    </p>
   </div>
   <div class='ocr_carea' id='block_1_106' title="bbox 2125 4939 3763 5014">
    <p class='ocr_par' dir='ltr' id='par_1_106' title="bbox 2125 4939 3763 5014">
     <span class='ocr_line' id='line_1_106' title="bbox 2125 4939 3763 5014; baseline -0.008 -6"><span class='ocrx_word' id='word_1_681' title='bbox 2125 4970 2200 5008; x_wconf 75' lang='lat' dir='ltr'>sae</span> <span class='ocrx_word' id='word_1_682' title='bbox 2232 4943 2611 5006; x_wconf 81' lang='lat' dir='ltr'>confessionis</span> <span class='ocrx_word' id='word_1_683' title='bbox 2641 4941 3171 5009; x_wconf 86' lang='lat' dir='ltr'>afﬂxerat,dulcedo</span> <span class='ocrx_word' id='word_1_684' title='bbox 3202 4939 3465 5014; x_wconf 69' lang='lat' dir='ltr'>gloriosa:</span> <span class='ocrx_word' id='word_1_685' title='bbox 3509 4939 3763 4996; x_wconf 89' lang='lat' dir='ltr'>devotio-</span> 
     </span>
    </p>
   </div>
   <div class='ocr_carea' id='block_1_107' title="bbox 2125 5034 2485 5095">
    <p class='ocr_par' dir='ltr' id='par_1_107' title="bbox 2125 5034 2485 5095">
     <span class='ocr_line' id='line_1_107' title="bbox 2125 5034 2485 5095; baseline -0.019 0"><span class='ocrx_word' id='word_1_686' title='bbox 2125 5040 2217 5095; x_wconf 92' lang='lat' dir='ltr'>nis</span> <span class='ocrx_word' id='word_1_687' title='bbox 2248 5034 2485 5094; x_wconf 89' lang='lat' dir='ltr'>reﬁciat.</span> 
     </span>
    </p>
   </div>
   <div class='ocr_carea' id='block_1_108' title="bbox 2122 5119 3459 5187">
    <p class='ocr_par' dir='ltr' id='par_1_108' title="bbox 2122 5119 3459 5187">
     <span class='ocr_line' id='line_1_108' title="bbox 2122 5119 3459 5187; baseline -0.009 -4"><span class='ocrx_word' id='word_1_688' title='bbox 2122 5132 2159 5183; x_wconf 89' lang='lat'>2</span> <span class='ocrx_word' id='word_1_689' title='bbox 2265 5124 2507 5187; x_wconf 84' lang='lat' dir='ltr'>Domine,</span> <span class='ocrx_word' id='word_1_690' title='bbox 2536 5137 2647 5177; x_wconf 86' lang='lat' dir='ltr'>non</span> <span class='ocrx_word' id='word_1_691' title='bbox 2675 5123 2754 5174; x_wconf 87' lang='lat' dir='ltr'>est</span> <span class='ocrx_word' id='word_1_692' title='bbox 2779 5119 3083 5175; x_wconf 71' lang='lat' dir='ltr'>exaltatum</span> <span class='ocrx_word' id='word_1_693' title='bbox 3110 5135 3203 5175; x_wconf 91' lang='lat' dir='ltr'>cor</span> <span class='ocrx_word' id='word_1_694' title='bbox 3228 5133 3410 5173; x_wconf 86' lang='lat' dir='ltr'>meum</span> <span class='ocrx_word' id='word_1_695' title='bbox 3438 5135 3459 5171; x_wconf 84' lang='lat'><em>:</em></span> 
     </span>
    </p>
   </div>
   <div class='ocr_carea' id='block_1_109' title="bbox 2266 5208 3086 5284">
    <p class='ocr_par' dir='ltr' id='par_1_109' title="bbox 2266 5208 3086 5284">
     <span class='ocr_line' id='line_1_109' title="bbox 2266 5208 3086 5284; baseline -0.011 -14"><span class='ocrx_word' id='word_1_696' title='bbox 2266 5216 2444 5284; x_wconf 87' lang='lat' dir='ltr'>Neque</span> <span class='ocrx_word' id='word_1_697' title='bbox 2469 5209 2603 5265; x_wconf 87' lang='lat' dir='ltr'>elati</span> <span class='ocrx_word' id='word_1_698' title='bbox 2628 5211 2758 5263; x_wconf 82' lang='lat' dir='ltr'>sunt</span> <span class='ocrx_word' id='word_1_699' title='bbox 2786 5208 2931 5263; x_wconf 87' lang='lat' dir='ltr'>oculi</span> <span class='ocrx_word' id='word_1_700' title='bbox 2959 5209 3086 5263; x_wconf 87' lang='lat' dir='ltr'>mei.</span> 
     </span>
    </p>
   </div>
   <div class='ocr_carea' id='block_1_110' title="bbox 2193 5294 3757 5369">
    <p class='ocr_par' dir='ltr' id='par_1_110' title="bbox 2193 5294 3757 5369">
     <span class='ocr_line' id='line_1_110' title="bbox 2193 5294 3757 5369; baseline -0.006 -9"><span class='ocrx_word' id='word_1_701' title='bbox 2193 5304 2235 5360; x_wconf 76' lang='grc' dir='ltr'>Ο</span> <span class='ocrx_word' id='word_1_702' title='bbox 2255 5300 2471 5358; x_wconf 87' lang='lat' dir='ltr'>Taliter</span> <span class='ocrx_word' id='word_1_703' title='bbox 2489 5296 2582 5351; x_wconf 92' lang='lat' dir='ltr'>hic</span> <span class='ocrx_word' id='word_1_704' title='bbox 2604 5294 3008 5368; x_wconf 82' lang='lat' dir='ltr'>hypotheticus</span> <span class='ocrx_word' id='word_1_705' title='bbox 3030 5294 3405 5369; x_wconf 83' lang='lat' dir='ltr'>syllogismus</span> <span class='ocrx_word' id='word_1_706' title='bbox 3427 5294 3722 5351; x_wconf 86' lang='lat' dir='ltr'>enascitur</span> <span class='ocrx_word' id='word_1_707' title='bbox 3745 5312 3757 5350; x_wconf 89' lang='lat'><strong>:</strong></span> 
     </span>
    </p>
   </div>
   <div class='ocr_carea' id='block_1_111' title="bbox 2123 5383 3762 5453">
    <p class='ocr_par' dir='ltr' id='par_1_111' title="bbox 2123 5383 3762 5453">
     <span class='ocr_line' id='line_1_111' title="bbox 2123 5383 3762 5453; baseline -0.007 -3"><span class='ocrx_word' id='word_1_708' title='bbox 2123 5398 2212 5450; x_wconf 88' lang='lat' dir='ltr'>est</span> <span class='ocrx_word' id='word_1_709' title='bbox 2242 5391 2397 5447; x_wconf 90' lang='lat' dir='ltr'>enim</span> <span class='ocrx_word' id='word_1_710' title='bbox 2428 5383 2714 5452; x_wconf 88' lang='lat' dir='ltr'>sensus,si</span> <span class='ocrx_word' id='word_1_711' title='bbox 2744 5400 2859 5439; x_wconf 92' lang='lat' dir='ltr'>non</span> <span class='ocrx_word' id='word_1_712' title='bbox 2890 5383 3202 5439; x_wconf 88' lang='lat' dir='ltr'>exaltatum</span> <span class='ocrx_word' id='word_1_713' title='bbox 3229 5400 3326 5439; x_wconf 89' lang='lat' dir='ltr'>cor</span> <span class='ocrx_word' id='word_1_714' title='bbox 3349 5397 3762 5453; x_wconf 89' lang='lat' dir='ltr'>meum,neque</span> 
     </span>
    </p>
   </div>
   <div class='ocr_carea' id='block_1_112' title="bbox 2119 5469 3762 5542">
    <p class='ocr_par' dir='ltr' id='par_1_112' title="bbox 2119 5469 3762 5542">
     <span class='ocr_line' id='line_1_112' title="bbox 2119 5469 3762 5542; baseline -0.009 -5"><span class='ocrx_word' id='word_1_715' title='bbox 2119 5479 2251 5537; x_wconf 88' lang='lat' dir='ltr'>elati</span> <span class='ocrx_word' id='word_1_716' title='bbox 2284 5480 2421 5534; x_wconf 90' lang='lat' dir='ltr'>sunt</span> <span class='ocrx_word' id='word_1_717' title='bbox 2449 5470 2597 5528; x_wconf 89' lang='lat' dir='ltr'>oculi</span> <span class='ocrx_word' id='word_1_718' title='bbox 2629 5469 2741 5527; x_wconf 89' lang='lat' dir='ltr'>mei</span> <span class='ocrx_word' id='word_1_719' title='bbox 2794 5487 2806 5525; x_wconf 93' lang='lat'>:</span> <span class='ocrx_word' id='word_1_720' title='bbox 2854 5487 2888 5526; x_wconf 88' lang='lat' dir='ltr'>a</span> <span class='ocrx_word' id='word_1_721' title='bbox 2932 5471 3206 5542; x_wconf 86' lang='lat' dir='ltr'>superbia</span> <span class='ocrx_word' id='word_1_722' title='bbox 3248 5471 3516 5527; x_wconf 89' lang='lat' dir='ltr'>videlicet</span> <span class='ocrx_word' id='word_1_723' title='bbox 3554 5469 3762 5524; x_wconf 88' lang='lat' dir='ltr'>reddor</span> 
     </span>
    </p>
   </div>
   <div class='ocr_carea' id='block_1_113' title="bbox 2120 5559 3759 5626">
    <p class='ocr_par' dir='ltr' id='par_1_113' title="bbox 2120 5559 3759 5626">
     <span class='ocr_line' id='line_1_113' title="bbox 2120 5559 3759 5626; baseline -0.011 0"><span class='ocrx_word' id='word_1_724' title='bbox 2120 5565 2674 5626; x_wconf 87' lang='lat' dir='ltr'>alienus.Aattamen</span> <span class='ocrx_word' id='word_1_725' title='bbox 2710 5576 2825 5614; x_wconf 92' lang='lat' dir='ltr'>non</span> <span class='ocrx_word' id='word_1_726' title='bbox 2856 5563 2945 5615; x_wconf 89' lang='lat' dir='ltr'>est</span> <span class='ocrx_word' id='word_1_727' title='bbox 2974 5559 3289 5615; x_wconf 77' lang='lat' dir='ltr'>exaltatum</span> <span class='ocrx_word' id='word_1_728' title='bbox 3312 5575 3410 5614; x_wconf 92' lang='lat' dir='ltr'>cor</span> <span class='ocrx_word' id='word_1_729' title='bbox 3440 5571 3759 5621; x_wconf 82' lang='lat' dir='ltr'>meum,ne-</span> 
     </span>
    </p>
   </div>
   <div class='ocr_carea' id='block_1_114' title="bbox 2118 5642 3757 5730">
    <p class='ocr_par' dir='ltr' id='par_1_114' title="bbox 2118 5642 3757 5730">
     <span class='ocr_line' id='line_1_114' title="bbox 2118 5642 3757 5730; baseline -0.012 -15"><span class='ocrx_word' id='word_1_730' title='bbox 2118 5674 2230 5730; x_wconf 91' lang='lat' dir='ltr'>que</span> <span class='ocrx_word' id='word_1_731' title='bbox 2251 5653 2400 5712; x_wconf 87' lang='lat' dir='ltr'>oculi</span> <span class='ocrx_word' id='word_1_732' title='bbox 2424 5649 2557 5708; x_wconf 87' lang='lat' dir='ltr'>elati</span> <span class='ocrx_word' id='word_1_733' title='bbox 2580 5649 2788 5704; x_wconf 88' lang='lat' dir='ltr'>sunt.A</span> <span class='ocrx_word' id='word_1_734' title='bbox 2810 5648 3084 5721; x_wconf 87' lang='lat' dir='ltr'>superbia</span> <span class='ocrx_word' id='word_1_735' title='bbox 3103 5647 3282 5721; x_wconf 90' lang='lat' dir='ltr'>igitur</span> <span class='ocrx_word' id='word_1_736' title='bbox 3297 5646 3507 5703; x_wconf 89' lang='lat' dir='ltr'>reddor</span> <span class='ocrx_word' id='word_1_737' title='bbox 3529 5642 3757 5699; x_wconf 86' lang='lat' dir='ltr'>alienus</span> 
     </span>
    </p>
   </div>
  </div>
