3878 6424
298 447 419 511 ιτθ

1225 442 1287 502 S.
1321 438 1716 502 BllUNO‘llS
1761 433 2386 500 HERBIPOLENSIS
2429 433 2802 499 EPISGOPI.

3616 437 3718 500 uo

297 580 368 638 Et
396 579 481 636 sic
512 594 648 636 cum
678 574 966 652 prapheta
996 578 1171 650 negat
1197 575 1271 632 de
1303 591 1365 632 se
1395 571 1622 642 vitiosa,
1644 571 1961 629 confitetur
1988 566 2046 637 Α
2077 571 2102 626 1
2216 570 2486 628 Memento
2517 569 2773 636 Domine,
2804 568 3012 628 David:

301 668 541 727 omnino
570 667 887 724 laudanda.

298 779 336 832 2
443 781 628 849 Neque
651 775 934 832 ambulavi
962 775 1020 830 in
1051 775 1271 842 magnis

444 867 627 938 Neque
655 867 714 920 in
743 864 1096 920 mirabilibus
1122 877 1286 934 super
1317 877 1422 917 me.

372 955 414 1012 C
445 953 776 1012 Ambulavit
805 953 1028 1009 Pilatus
1057 951 1116 1008 in
1152 949 1509 1024 magnis,qui
1535 948 1683 1004 dixit
1703 948 1956 1019 Christo,

300 1044 492 1101 nescis
505 1043 642 1117 quia
654 1047 998 1116 potestatem
1013 1041 1200 1098 habeo
1213 1039 1546 1096 dimittendi
1563 1042 1954 1106 te(Joan.xlx):

302 1133 611 1189 ambulant
637 1132 699 1188 in
731 1130 1106 1188 mirabilibus
1135 1130 1238 1202 qui
1269 1129 1342 1184 de
1369 1127 1734 1183 virlitutibus
1755 1143 1902 1198 quas
1925 1143 1958 1182 a

298 1223 412 1280 Deo
443 1224 790 1294 acceperunt
819 1219 1166 1292 gloriantur,
1199 1222 1305 1274 aut
1334 1215 1621 1274 miracula
1662 1219 1954 1289 quierunt,

297 1327 414 1368 non
441 1311 622 1368 vitam
656 1307 1098 1366 miraculosam.

293 1419 329 1475 3
435 1419 499 1476 Si
525 1434 635 1476 non
664 1417 954 1473 humiliter
981 1415 1281 1472 sentiebam
1315 1431 1329 1470 :

435 1508 538 1566 Sed
567 1508 811 1564 exaltari
839 1507 1090 1562 animam
1109 1519 1308 1560 meam.

317 1601 405 1652 ιϐ
435 1597 580 1653 Dicit
627 1613 692 1653 se
738 1613 852 1651 non
907 1594 1160 1666 superbe
1206 1592 1536 1664 Scripturas
1583 1590 1952 1660 meditatum,

296 1691 494 1743 monet
521 1703 657 1758 ergo
691 1684 974 1758 prOpbela
999 1681 1228 1738 divinas
1258 1679 1590 1753 Scripturas
1612 1677 1864 1752 simplici
1888 1695 1954 1735 ac

294 1793 442 1850 puro
473 1775 644 1832 corde
674 1774 746 1830 ab
779 1789 1133 1845 unoquoque
1159 1787 1288 1827 esse
1318 1769 1686 1825 meditandas
1713 1787 1724 1824 :
1753 1784 1867 1824 non
1891 1773 1956 1824 ut

292 1863 490 1922 Ariani
522 1867 582 1920 et
612 1861 1056 1919 ManichmiJstc
1087 1876 1224 1931 ergo
1247 1875 1308 1914 se
1330 1857 1470 1914 dicit
1498 1856 1806 1913 humiliter
1829 1875 1955 1913 sen-

295 1954 538 2022 sisse,ut
565 1951 884 2026 Apostolus
913 1949 1029 2006 ait:
1056 1948 1180 2006 Noli
1204 1948 1387 2005 altum
1413 1963 1616 2020 sapere
1665 1947 1766 2003 sed
1811 1947 1954 2004 time
1981 1941 2036 2010 B

296 2043 467 2116 (Rom.
499 2038 1038 2114 xi).Negat,iterum
1069 2037 1382 2094 cxaltatam
1416 2035 1675 2092 animam
1715 2035 1788 2091 ad
1827 2034 1949 2093 cul-

295 2147 430 2189 men
461 2129 880 2204 superhize,sed
910 2144 1026 2184 non
1054 2131 1230 2200 negat
1259 2125 1540 2182 clevatam
1575 2125 1645 2180 ad
1679 2123 1954 2198 praedica-

294 2223 483 2279 tiones
515 2219 762 2277 divinas.
799 2221 860 2274 In
895 2217 1015 2274 illis
1069 2216 1225 2274 enim
1260 2217 1437 2272 rebus
1468 2214 1727 2272 animam
1760 2213 1952 2271 levare

294 2311 382 2367 fas
412 2314 502 2368 est
532 2309 686 2366 unde
717 2307 936 2365 caelesti
957 2324 1104 2380 pane
1126 2304 1505 2380 paseatur:in
1541 2303 1655 2360 illis
1681 2303 1952 2377 superbis

291 2397 785 2474 exquisitionibus
817 2414 933 2454 non
965 2395 1120 2464 licet,
1154 2394 1254 2451 ubi
1287 2411 1448 2451 mors
1478 2392 1784 2467 reperitur.

293 2507 326 2562 4
434 2507 585 2563 Sicut
615 2505 922 2561 ablactatus
951 2512 1030 2560 est
1059 2519 1227 2575 supra
1255 2510 1432 2558 matre
1458 2519 1557 2556 sua
1590 2518 1608 2554 :

433 2597 512 2652 Ita
541 2595 832 2651 retributio
864 2594 926 2649 in
955 2593 1150 2647 anima
1178 2607 1321 2646 mea.

282 2674 296 2688 ⁵
362 2687 402 2737 C
432 2680 718 2738 Ablactati
749 2681 1029 2737 dicuntur
1051 2678 1150 2751 qui
1183 2681 1324 2735 sunt
1344 2695 1378 2732 a
1399 2678 1546 2734 lacte
1573 2677 1952 2750 prohibiti.Et

293 2769 502 2826 merito
532 2768 666 2825 talis
687 2772 774 2825 est
797 2767 950 2824 facta
969 2765 1494 2839 comparatio,quia
1519 2765 1673 2822 sicut
1693 2765 1751 2822 in
1763 2767 1950 2823 iantes

291 2859 473 2916 ubera
486 2861 751 2914 materna
763 2857 1089 2931 sugunt,ila
1102 2854 1302 2911 ﬁdeles
1327 2854 1550 2928 parvuli
1574 2854 1950 2929 simplicitate

293 2946 611 3020 Scriptum
632 2945 840 3002 divina:
862 2944 1414 3013 nntriuutur,donoc
1446 2949 1846 3018 praaparentur
1874 2945 1946 3002 ad

292 3035 548 3094 solidum
582 3035 910 3093 cibum.Est
938 3035 1078 3091 ordo
1111 3038 1304 3090 autem
1344 3035 1654 3090 verborum
1705 3033 1860 3102 talis,
1897 3035 1947 3091 si

293 3143 408 3183 non
432 3123 736 3182 humiliter
751 3124 1074 3182 sentiebam
1103 3123 1254 3181 sicut
1275 3123 1600 3180 ablactatus
1624 3125 1733 3180 sub
1761 3129 1947 3181 matre

291 3215 528 3287 sua,sed
557 3214 800 3272 exaltavi
833 3213 1090 3271 animam
1123 3229 1316 3270 meam
1339 3216 1508 3270 :tunc
1540 3212 1616 3269 ita
1635 3213 1942 3282 retribues,

287 3305 346 3362 id
379 3308 469 3362 est
501 3305 549 3362 si
581 3321 686 3379 ego
719 3309 773 3361 te
802 3304 1151 3377 presumpsi
1175 3306 1714 3373 contemnere,tune
1739 3301 1944 3360 merito
1974 3315 2020 3386 ο

285 3394 534 3452 videatis
565 3410 657 3450 me
687 3394 956 3466 ahjicere.

284 3500 322 3555 5
429 3501 618 3571 Speret
651 3500 823 3556 Israel
852 3501 909 3554 in
945 3501 1185 3554 Domino
1217 3513 1230 3554 :

432 3590 526 3643 Ea:
553 3589 652 3645 hoc
679 3603 827 3642 nunc
855 3591 909 3643 et
941 3603 1110 3659 usque
1139 3588 1200 3642 in
1223 3587 1512 3644 saeculum.

359 3676 402 3732 C
422 3675 600 3732 Docet
620 3675 906 3748 propheta
931 3692 1416 3747 unumquemque
1438 3674 1790 3744 ﬁdelium,ut
1812 3693 1946 3733 con-

289 3762 592 3823 fidentiam
646 3781 816 3820 suam
867 3781 1097 3837 semper
1126 3763 1186 3820 in
1232 3763 1542 3820 Dominum
1576 3770 1776 3836 ponat,
1806 3765 1948 3823 dicit

287 3853 542 3924 enim,cx
574 3853 685 3911 hoc
715 3852 957 3921 nunc,id
985 3857 1134 3921 est,a
1165 3853 1438 3926 prarsenti
1471 3857 1730 3926 tempore
1755 3871 1946 3928 usque

287 3944 358 4002 ad
390 3942 773 4000 aeternitatem
810 3943 1068 4000 futuram
1097 3959 1109 3998 :
1137 3960 1272 3999 cum
1308 3961 1492 4000 unum
1516 3942 1794 4001 saeculum
1837 3945 1947 4002 erit

285 4039 343 4091 et
388 4031 732 4091 vicissitudo
783 4037 1115 4106 temporum
1167 4033 1228 4088 in
1273 4033 1559 4090 unitatem
1601 4039 1943 4108 perpetuam

286 4123 635 4181 mutabitur.
1577 4127 1592 4140 '

758 4247 964 4288 ORATIO
1001 4248 1073 4286 EX
1113 4247 1273 4288 PSAL.
1315 4247 1478 4288 CXXX.

353 4338 435 4395 Nc
465 4336 771 4410 permittas
802 4354 909 4394 nos
935 4337 1178 4395 exaltari
1204 4337 1266 4394 in
1285 4337 1579 4410 superbiis
1605 4339 1801 4397 saeculi
1826 4357 1947 4397 om-

283 4427 555 4501 nipotens
588 4426 757 4484 Pater
788 4443 802 4483 :
839 4427 942 4484 sed
976 4426 1076 4500 qui
1110 4427 1272 4484 mitis
1304 4444 1367 4484 es
1391 4431 1449 4484 et
1477 4427 1721 4484 humilis
1771 4431 1944 4486 corde

281 4518 492 4586 (Matth.
524 4515 625 4589 ιι),
659 4521 824 4590 pater
853 4516 1114 4590 [pariter]
1141 4517 1285 4573 doce
1314 4533 1422 4573 nos
1466 4516 1794 4574 humilibus
1835 4519 1942 4576 tibi

281 4605 513 4678 placitis
540 4604 1005 4673 consentire.Qui
1030 4605 1177 4662 vivis
1205 4609 1262 4662 et
1287 4623 1520 4680 regnas,
1551 4606 1727 4675 Deus,
1758 4611 1868 4665 elc.

810 4722 1139 4780 PSALMUS
1178 4721 1414 4779 CXXXI.

693 4827 1100 4868 ARGUMENTUM
1142 4829 1298 4868 PSAL.
1339 4828 1526 4868 CXXXI.

351 4927 393 4983 C
412 4926 511 4985 llic
535 4926 802 5001 psalmus
826 4925 1250 4987 lncarnationis
1271 4925 1586 4983 Dominicae
1608 4925 1940 4987 sacramen-

279 5019 343 5074 ta
370 5015 650 5072 describit
682 5032 696 5070 :
729 5015 902 5086 cujus
934 5015 1218 5071 adventus
1259 5015 1580 5073 Ecclesium
1611 5017 1938 5092 benedicat,

279 5103 612 5164 sacerdotes
672 5101 978 5175 gloriﬁcet,
1011 5102 1282 5160 inimicos
1339 5105 1686 5176 confundat,
1725 5112 1782 5164 et
1837 5126 1937 5166 su-

279 5207 385 5264 per
411 5189 609 5262 ipsum
639 5189 1012 5248 Dominicum
1061 5191 1264 5249 ﬂoreat
1303 5194 1688 5253 sanctiﬁcatio
1721 5201 1939 5256 aeterna

272 5276 536 5350 justitia.

731 5365 846 5422 T'I‘.
882 5369 1166 5426 Canticum
1196 5371 1491 5440 graduum.

353 5470 396 5528 C
414 5470 560 5526 Cum
583 5469 928 5542 proyhetam
946 5473 1146 5529 omnia
1162 5477 1386 5532 cantica
1402 5480 1693 5550 graduum
1715 5483 1786 5538 ad
1815 5501 1942 5557 pro-

281 5563 511 5617 vectum
543 5559 666 5632 spei
707 5557 968 5617 celsioris
1014 5563 1308 5618 evexerint
1339 5581 1352 5620 :
1385 5565 1544 5624 istud
1576 5575 1773 5628 tamen
1803 5589 1940 5629 eum

283 5647 638 5706 omnimodis
688 5644 952 5716 elevavit,
983 5651 1115 5721 quia
1162 5649 1580 5714 incarnationis
1628 5660 1940 5717 Dominica:

281 5739 652 5796 sacramenta
673 5733 968 5793 describit.
1085 5733 1092 5738 ’

2213 662 2276 716 Et
2301 662 2485 718 omnis
2513 659 2956 716 mamuetudiuis
2983 657 3122 730 ejus.

2140 749 2182 805 C
2213 750 2502 806 Memento
2531 748 2691 804 enim
2715 747 2800 803 illi
2822 746 3038 803 dicitur
3057 764 3128 803 ex
3146 746 3410 804 humano
3441 749 3725 822 καθηδκηὶ

2070 838 2218 895 nihil
2249 838 2568 911 aliquando
2600 836 2791 910 potuit
2819 835 3102 906 oblivisci,
3135 835 3230 893 cui
3269 853 3446 894 omne
3477 839 3730 910 prseteri-

2067 931 2194 983 tum
2228 933 2284 984 et
2307 928 2572 983 futurum
2598 941 2854 1000 prasens
2879 923 3096 982 est.llle
3121 929 3320 982 autem
3340 926 3522 981 David
3555 943 3728 983 manu

2069 1017 2235 1074 fortis
2265 1021 2322 1072 et
2351 1013 2758 1073 desiderabilis
2787 1019 2877 1070 est
2907 1011 3193 1070 Dominus
3221 1011 3596 1070 Christus.Et
3615 1032 3732 1072 om-

2068 1106 2163 1162 nis
2193 1104 2676 1163 mansuetudinis
2705 1103 2834 1176 ejus
2858 1120 2872 1160 :
2895 1121 3000 1177 per
3027 1101 3181 1176 quod
3203 1101 3390 1160 virtus
3420 1103 3729 1162 immensa:

2066 1195 2363 1268 patientiae
2387 1195 2518 1267 ejus
2548 1192 2899 1250 ostenditur.

2063 1287 2099 1340 2
2207 1284 2362 1340 Sicut
2378 1284 2597 1357 iuravit
2620 1283 2852 1339 Domino
2882 1299 2901 1337 :

2215 1375 2404 1430 Votum
2433 1374 2578 1430 vovit
2610 1373 2719 1430 Deo
2746 1369 2927 1428 Iacob.

2135 1463 2178 1519 C
2205 1461 2436 1519 Juravit
2463 1459 2768 1526 Dominus,
2802 1459 3023 1516 scilicet
3045 1458 3332 1529 Christus,
3365 1460 3422 1516 id
3450 1464 3562 1530 est,
3587 1462 3726 1534 jure

2063 1553 2251 1608 oravit
2276 1551 2602 1608 secundum
2633 1547 3046 1624 etymologiam
3103 1564 3118 1604 :
3158 1547 3268 1605 hoc
3315 1553 3409 1606 est
3436 1550 3726 1607 veraciter

2065 1641 2351 1713 ﬁrmeque
2400 1638 2690 1712 promisit,
2721 1637 2994 1711 promisit
3017 1650 3153 1693 vero
3183 1651 3247 1693 se
3273 1637 3722 1711 redempturum

2062 1727 2389 1784 humanum
2421 1729 2794 1801 genus.Quos
2824 1723 3100 1794 ostendit,
3121 1725 3358 1798 quando
3388 1729 3558 1784 Petro
3589 1727 3673 1782 ait
3707 1743 3721 1782 :

2065 1818 2231 1874 Mitte
2261 1817 2524 1891 gladium
2556 1821 2725 1873 tuum
2756 1814 2816 1872 in
2844 1814 3035 1871 locum
3069 1811 3522 1872 suum.Calioem
3541 1831 3722 1888 quem

2065 1907 2227 1963 dedit
2257 1907 2401 1963 mihi
2436 1906 2744 1975 Pater,non
2775 1903 2976 1961 bibam
3007 1902 3206 1960 illum?
3225 1905 3404 1975 (Joan.
3434 1908 3626 1975 xvm.)
3653 1906 3726 1962 Et

2064 1995 2172 2052 hoc
2219 1995 2374 2052 idem
2426 1995 2582 2068 quod
2633 1992 2924 2068 promisit,
2951 1991 3167 2049 dicitur
3211 1993 3436 2050 vovisse
3468 2009 3483 2050 :
3515 1997 3721 2050 votum

2063 2084 2260 2158 itaque
2287 2083 2414 2142 Filii
2448 2083 2650 2152 fuit,ut
2679 2100 2782 2156 per
2812 2081 3129 2138 adventum
3150 2080 3570 2140 incarnationis
3589 2084 3722 2156 ejus

2063 2173 2465 2231 reconciliaret
2510 2171 2662 2229 Patri
2711 2188 2899 2245 genus
2945 2170 3276 2228 humanum
3309 2189 3324 2228 :
3357 2171 3466 2229 hoc
3516 2175 3718 2230 tmen

2060 2268 2263 2321 votum
2295 2280 2410 2320 non
2439 2268 2530 2320 est
2555 2279 2591 2318 a
2620 2262 2788 2317 Patre
2832 2264 2892 2318 ct
2936 2259 3156 2333 Spiritu
3203 2265 3404 2320 aucto
3433 2261 3717 2333 divisum,

2061 2353 2200 2427 quia
2229 2370 2431 2410 eorum
2462 2352 2572 2408 hoc
2604 2367 2792 2409 unum
2823 2353 2915 2408 est
2941 2356 3163 2408 votum.

2061 2445 2096 2499 3
2204 2443 2268 2499 Si
2295 2445 2558 2500 introiero
2589 2443 2647 2498 in
2681 2441 3101 2498 tabernaculum
3127 2439 3319 2497 domus
3347 2456 3487 2498 mea?

2202 2535 2267 2589 Si
2291 2531 2582 2590 ascendere
2611 2533 2668 2588 in
2702 2531 2903 2587 lectum
2931 2531 3095 2588 strati
3122 2531 3252 2586 mei.

2131 2627 2172 2678 C
2201 2620 2671 2680 Tabernaculum
2689 2619 2831 2676 dicit
2845 2618 3142 2678 cmlestem
3165 2618 3720 2688 habitationem,ubi

2060 2717 2193 2786 post
2219 2711 2706 2770 resurrectionem
2715 2713 3050 2783 ,assumpta
3061 2724 3238 2766 carne
3248 2707 3579 2766 videntibus
3589 2726 3728 2784 apo-

2060 2800 2228 2858 stolis
2257 2800 2540 2858 ascendit.
2576 2800 2787 2856 Lectus
2833 2797 3045 2873 ipsius,
3087 2801 3177 2854 est
3223 2797 3456 2870 requies
3501 2797 3718 2856 intelli-

2059 2886 2885 2965 genda,beatissimte,scilicet
2913 2885 3208 2960 passionis
3240 2887 3673 2946 consummatio
3701 2907 3714 2945 :

2058 2979 2199 3052 quia
2229 2982 2640 3036 consummata
2669 2976 2946 3050 passione
2975 2974 3207 3048 requies
3236 2979 3380 3032 erat.
3421 2974 3718 3034 Pwmittit

2057 3069 2214 3126 enim
2243 3085 2306 3126 se
2335 3067 2604 3125 Christus
2632 3083 2752 3124 non
2787 3081 3174 3124 assensurum
3230 3063 3292 3120 in
3339 3063 3578 3133 celum,
3605 3083 3714 3123 nec

2056 3159 2216 3216 carni
2246 3177 2366 3216 sua
2398 3156 2656 3230 requiem
2691 3155 2854 3214 illam
2879 3154 3370 3226 daturum,donec
3395 3171 3526 3228 qua
3557 3155 3712 3213 Patri

2056 3247 2330 3323 promisit
2357 3245 2710 3320 impleverit.

2057 3339 2090 3394 4
2198 3337 2260 3394 Si
2287 3337 2480 3394 dedero
2506 3351 2760 3392 somnum
2786 3333 2958 3392 oculis
2985 3334 3123 3390 meis
3147 3351 3168 3390 :

2191 3429 2268 3483 Et
2292 3426 2574 3500 palpebris
2603 3425 2742 3481 meis
2772 3423 3242 3480 dominationem.

2124 3516 2166 3573 C
2195 3516 2452 3573 Somnus
2481 3513 2592 3570 iste
2620 3511 3037 3586 intelligendus
3067 3515 3160 3568 est
3187 3511 3417 3586 requies
3446 3511 3656 3570 mortis
3692 3529 3706 3568 :

2052 3605 2193 3678 quia
2220 3604 2496 3663 triduana
2523 3606 2755 3660 tantum
2784 3600 3132 3675 pensatione
3167 3605 3480 3676 susceptus
3515 3605 3626 3668 est,
3659 3605 3718 3658 at

2054 3693 2278 3752 nullam
2309 3692 2536 3767 corpori
2564 3690 2997 3764 corruptionem
3045 3688 3248 3746 intulit
3285 3690 3388 3748 sed
3431 3689 3714 3764 quietem.

2051 3783 2348 3857 Palpebrae
2381 3801 2416 3840 a
2446 3780 2743 3856 palpando
2773 3780 2940 3837 dictae
2963 3783 3132 3836 sunt:
3153 3796 3282 3852 qua
3311 3779 3425 3836 nisi
3458 3777 3716 3838 tremula

2053 3873 2310 3946 quadam
2341 3871 2691 3930 remissione
2723 3868 3068 3944 quieverint,
3085 3885 3332 3927 somnus
3362 3868 3564 3926 oculos
3591 3883 3714 3928 non

2053 3967 2245 4037 potest
2274 3962 2535 4020 introire.
2568 3961 2640 4018 Et
2668 3959 2825 4016 idem
2857 3957 2991 4017 aliis
3019 3957 3216 4016 verbis
3243 3957 3560 4031 repetitum
3607 3974 3708 4016 se-

2054 4052 2256 4125 quitur
2287 4067 2301 4108 :
2335 4049 2616 4124 quoniam
2646 4063 2846 4106 revera
2865 4051 3134 4120 tempora
3168 4045 3380 4120 capitis
3419 4046 3714 4104 nostrive-

2053 4141 2254 4214 quiem
2301 4141 2517 4198 habere
2563 4156 2685 4196 non
2732 4139 3004 4212 possunt,
3037 4135 3276 4208 quando
3305 4135 3460 4194 oculi
3489 4135 3714 4194 crebris

2054 4230 2315 4288 motibus
2344 4227 2546 4304 agitati
2575 4226 2818 4302 vigilum
2849 4230 3194 4284 noscuntur.

2049 4321 2088 4378 6
2211 4326 2267 4386 υ-ξ·
2311 4322 2378 4376 Et
2420 4317 2665 4392 requiem
2710 4316 3044 4389 temporibus
3081 4316 3220 4372 meis
3258 4317 3274 4382 ζ
3314 4332 3333 4370 :
3362 4312 3530 4375 donec
3561 4316 3713 4372 inve-

2265 4411 2425 4466 niam
2453 4409 2632 4466 locum
2656 4407 2886 4464 Domino

2197 4497 2632 4556 Tabernaculum
2653 4497 2758 4552 Deo
2781 4495 2974 4554 Jaeob.

2123 4587 2173 4646 Il
2201 4589 2316 4644 Nec
2345 4585 2610 4661 requiem
2641 4601 2704 4643 se
2735 4581 3104 4657 temporibus
3117 4581 3351 4639 dedisse
3380 4579 3714 4655 proﬁtetur,

1970 4695 2019 4762 Β
2052 4677 2403 4752 priusquam
2427 4675 2488 4733 in
2517 4673 2759 4734 homine
2779 4673 3026 4748 dignum
3048 4671 3300 4729 Domino
3319 4669 3475 4728 Patri
3491 4668 3716 4741 locum,

2049 4767 2140 4825 vel
2169 4765 2439 4824 Ecclesiae
2460 4761 2976 4839 congregationem
3005 4762 3373 4818 construeret
3389 4774 3500 4817 sua
3519 4773 3717 4817 rosur-

2049 4853 2322 4912 rectione.
2355 4853 2397 4910 C
2425 4852 2575 4918 Quia
2615 4851 2780 4910 locus
2833 4851 2963 4925 ejus
2993 4853 3083 4906 est
3114 4845 3563 4906 tabernaculum
3602 4862 3714 4920 pe-

2047 4943 2224 5004 ctoris
2253 4941 2588 5011 Christiani,
2620 4945 2679 4999 et
2708 4940 2858 4998 atria
2899 4937 3170 4996 Ecclesiae
3223 4935 3538 5003 catholica,
3575 4952 3710 5009 quas

2047 5032 2146 5090 ille
2176 5037 2460 5105 tanquam
2490 5029 2705 5088 coelum
2731 5044 2966 5103 semper
2993 5024 3310 5084 inhabitat.
3338 5025 3410 5083 Et
3459 5022 3590 5096 ipso
3616 5021 3706 5080 in-

2045 5121 2227 5192 venit,
2261 5119 2362 5195 qui
2387 5119 2658 5194 quinsivit
2699 5135 2864 5175 ovem
2915 5115 3206 5191 perditam
3252 5131 3266 5171 :
3312 5115 3438 5188 ipse
3462 5111 3708 5186 reperit,

2047 5212 2147 5286 qui
2196 5209 2522 5269 construxit
2580 5205 3024 5266 tabernaculum
3059 5203 3171 5262 sibi
3210 5221 3280 5261 ex
3325 5200 3502 5264 nobis
3541 5205 3603 5258 et
3649 5201 3710 5258 in

2052 5301 2243 5360 nobis.

2049 5394 2086 5450 6
2193 5392 2324 5448 Ecce
2353 5388 2667 5446 audivimus
2693 5404 2816 5446 eam
2847 5389 2904 5443 in
2937 5384 3183 5460 Ephrata
3215 5401 3232 5438 :

2193 5481 2514 5538 Invenimus
2541 5495 2665 5536 eam
2689 5479 2752 5534 in
2779 5476 2989 5549 campis
3011 5474 3192 5531 silvae.

2121 5576 2162 5628 C
2189 5570 2537 5628 Audivimus
2565 5585 2696 5625 eam
2726 5565 2948 5624 scilicet
2973 5561 3426 5638 promissionem
3457 5555 3709 5628 implen-

2049 5661 2187 5720 dam
2215 5659 2475 5734 Ephrata
2505 5655 2634 5730 ipsa
2661 5660 2754 5714 est
2791 5652 3134 5712 Bethlehem
3167 5667 3182 5704 :
3213 5647 3367 5704 unde
3410 5644 3713 5734 evidenter

2049 5752 2292 5824 apparet
2339 5745 2608 5806 auditum
2654 5745 2858 5816 fuisse,
2886 5741 3254 5802 nasciturum
3282 5733 3601 5793 Dominum
3646 5735 3709 5792 in
