3878 6448
117 448 232 514 481
1374 451 1755 515 ΙΞΧΡΟΞΙΊῚ(

1947 456 2339 518 \LMllltUﬂ.
3428 473 3547 532 482

120 578 461 647 Betlehem,
500 580 753 636 Michaaa
783 580 1067 655 propheta
1095 581 1323 671 dicente
1367 600 1381 638 :
1428 583 1496 638 Et
1539 588 1597 639 tu
1633 585 1771 641 Beth
1829 588 1883 655 Α
1916 586 2147 654 Christi,
2171 589 2791 666 apostolietaliipositi
2816 600 3149 671 suntsuper
3164 600 3360 657 sedem
3381 602 3543 658 Chri-

119 666 315 723 lebem
350 667 633 741 Ephrata
662 686 1032 745 nequaquam
1059 686 1122 726 es
1154 670 1437 739 minima;
1472 687 1540 727 ex
1571 677 1625 728 te
1647 673 1802 729 enim
1915 676 1986 730 sti
2019 676 2119 748 qui
2152 677 2386 734 fuerunt
2417 680 2609 737 factus
2650 666 3074 755 praedicationis
3111 686 3342 753 Christi,
3373 692 3542 746 verbo

119 755 274 811 exiet
305 755 754 848 dux-Christus
784 757 978 831 (Mich.
1010 758 1096 848 ν)ἶ
1139 756 1340 848 Campi
1392 759 1547 848 silvae
1580 777 1603 848 :7
1629 762 1804 818 corda
1909 762 2067 819 illius
2099 762 2298 837 geniti.
2333 767 2440 823 Per
2468 768 2645 824 David
2678 771 2856 844 igitur
2883 772 3148 829 Christus
3179 772 3547 848 intelligitur,

120 848 265 907 sunt
294 842 610 919 gentium,
636 860 765 916 qua:
788 860 856 899 ex
881 844 1134 916 peccatis
1165 846 1330 918 prius
1360 845 1725 903 silvestribus
1747 854 1805 904 et
1910 851 2002 906 cui
2036 852 2203 910 Pater
2233 853 2341 909 hoc
2362 855 2603 928 juravit,
2636 859 2691 914 id
2712 842 2834 928 cst,
2869 862 3111 919 ﬁrmiter
3157 842 3425 936 promisit
3455 842 3543 925 se;

120 932 403 993 dumosis
437 931 673 987 cubilia
721 933 959 988 fuerunt
1004 934 1356 1003 daemonum,
1409 951 1563 991 nunc
1609 937 1801 1010 campi

120 1021 471 1081 vocitantur
508 1020 763 1078 Domino
810 1019 1034 1077 colente
1081 1028 1138 1077 et
1178 1021 1554 1096 exsti’rpante.
1600 1023 1799 1101 Campi

121 1127 157 1167 a
184 1109 531 1185 capacitate
566 1114 627 1164 et
658 1109 852 1182 spatio
881 1109 1095 1165 diffuso
1125 1109 1264 1166 dicti
1290 1116 1446 1167 sunt.

117 1200 155 1252 7
227 1198 614 1255 lntroibimus
644 1198 707 1253 in
737 1199 1154 1253 tabernaculum
1182 1200 1299 1271 ejus
1328 1218 1347 1254 :

262 1284 655 1342 Adorabimus
686 1286 745 1340 in
776 1286 888 1341 loco
916 1285 1013 1341 ubi
1038 1290 1303 1342 steterunt
1324 1288 1483 1358 pedes
1509 1289 1644 1359 ejus.

122 1375 188 1431 li.
220 1374 346 1430 Nos
378 1373 780 1429 introibimus
810 1373 869 1429 in
900 1374 1340 1431 tabernaculum
1389 1376 1489 1431 Dei
1522 1393 1536 1432 :
1588 1376 1689 1449 qui
1738 1377 1797 1432 in

122 1462 493 1521 educatione
536 1461 815 1519 Ecclesia:
844 1478 947 1534 per
987 1462 1303 1523 Dominum
1352 1480 1793 1538 congregemur.

121 1551 165 1607 C
188 1551 377 1611 Pedes
409 1549 767 1623 signiﬁcant
790 1550 1159 1623 evangelioas
1176 1552 1476 1623 jussiones
1500 1569 1513 1607 :
1540 1552 1617 1608 ibi
1639 1553 1794 1610 enim

123 1642 420 1699 steterunt
448 1638 643 1711 pedes
676 1639 827 1709 eius,
861 1639 960 1694 ubi
988 1639 1129 1696 ﬁdei.
1176 1640 1395 1697 veritas
1432 1640 1797 1713 dignoscitur

123 1744 250 1789 esse
281 1728 545 1787 fundata
570 1742 584 1782 :
613 1730 776 1785 stant
796 1726 954 1785 enim
978 1727 1208 1787 Domini
1228 1728 1405 1800 pedes
1427 1733 1644 1785 eterna
1661 1729 1796 1786 soli-

127 1819 303 1873 ditate
332 1815 619 1872 veritatis
646 1815 765 1870 fixi.
799 1816 843 1871 Η
879 1815 961 1871 lbi
987 1832 1124 1889 ergo
1149 1817 1631 1886 adorabimus,ibi
1664 1834 1795 1891 apo-

127 1904 341 1959 stolica
367 1902 835 1976 praedicationes
861 1904 1199 1972 audiuntur,
1215 1922 1341 1976 quae
1363 1910 1692 1961 sustentant
1711 1909 1794 1961 to-

127 2009 250 2049 tum
279 2008 513 2065 corpus
539 1990 817 2048 Ecclesizn
851 2008 865 2048 :
907 1991 1070 2049 locus
1117 1993 1313 2065 itaque
1361 1993 1489 2059 iste,
1543 1993 1798 2050 Ecclesia

128 2087 231 2137 est.

130 2174 175 2223 8.
267 2169 471 2240 Surge,
506 2168 769 2234 Domine,
802 2169 861 2224 in
892 2170 1131 2242 requiem
1163 2172 1313 2229 tuam
1345 2186 1359 2226 :

265 2260 342 2314 Tu
371 2266 425 2314 et
456 2274 597 2317 arca
631 2256 1116 2319 sanctificationis
1146 2265 1277 2316 tuas.

196 2347 239 2402 ll
271 2347 315 2403 C
344 2347 563 2419 Surge,
604 2344 872 2411 Domine,
903 2345 959 2400 id
991 2351 1079 2403 est
1108 2346 1182 2401 ab
1206 2346 1406 2402 inferis
1429 2352 1709 2403 revertere
1734 2348 1789 2403 in

130 2436 361 2491 deitatis
410 2438 528 2490 tua;
582 2433 1012 2495 beatitudinem
1061 2434 1502 2506 sempiternam.
1535 2435 1575 2488 C
1604 2437 1789 2491 Tuam

129 2524 253 2579 dico
276 2539 460 2596 quam
495 2521 613 2578 tibi
648 2526 750 2576 tua
780 2523 1061 2592 majestas
1091 2523 1380 2577 attribuit.
1414 2522 1498 2577 Tu
1530 2528 1588 2579 et
1633 2541 1786 2591 arca,

130 2612 232 2667 hoc
261 2617 353 2667 est
382 2611 864 2681 Ecclesia.quam
887 2610 1249 2666 sanctificare
1266 2610 1542 2686 dignatus
1563 2629 1643 2667 es.
1659 2612 1788 2667 ldeo

130 2717 254 2756 vero
284 2699 588 2776 Propheta
620 2701 691 2753 ad
725 2697 1025 2755 Christum
1058 2698 1239 2753 dicit:
1274 2716 1468 2772 surge,
1502 2700 1641 2772 quia
1661 2700 1787 2770 jam

132 2789 333 2861 spiritu
368 2786 649 2861 praevidit
674 2786 876 2847 omnia
904 2786 1147 2859 impleta
1174 2788 1234 2842 in
1260 2788 1788 2861 prmdestinatione,

133 2893 252 2949 qua:
281 2875 566 2952 superius
604 2874 880 2931 Christus
911 2874 1199 2947 promisit.
1230 2875 1275 2930 H
1305 2875 1478 2941 Quasi
1522 2875 1737 2932 diceret
1771 2894 1785 2932 :

126 2966 247 3036 jam
276 2965 524 3040 explesti
552 2966 993 3043 juramentum,
1030 2963 1332 3020 reddidisti
1378 2967 1597 3029 votum,
1630 2964 1785 3020 inve-

135 3053 264 3113 nisti
292 3052 490 3111 locum
526 3057 674 3122 Deo,
698 3051 826 3122 jam
861 3051 1183 3125 produxisti
1213 3067 1281 3107 ex
1312 3051 1488 3111 latere
1536 3056 1636 3107 tuo
1682 3053 1785 3107 Ec-

135 3140 401 3211 clesiam;
434 3156 699 3215 exsurge
731 3155 907 3207 nunc,
937 3144 1221 3196 revertere
1255 3140 1313 3195 in
1345 3139 1785 3196 tabernaculum

134 3232 186 3283 ct
213 3229 473 3303 requiem
505 3233 706 3289 tuam.

131 3317 165 3369 9
263 3317 582 3379 Sacerdotes
620 3317 708 3370 lui
738 3312 1044 3371 induantur
1061 3315 1285 3388 justitia
1312 3331 1333 3370 :

261 3406 327 3464 Et
350 3406 536 3464 sancti
563 3404 661 3461 tui
686 3403 986 3463 exsultent.

196 3493 610 3559 HSacerdotes
633 3490 734 3547 Dei
773 3491 1359 3563 induanturjustitia,
1388 3496 1451 3549 ut
1481 3492 1657 3550 lorica
1678 3493 1780 3565 ju-

132 3580 291 3636 stitiaa
322 3581 538 3641 muniti
572 3579 798 3652 (Ephes.
828 3579 929 3649 γι),
963 3595 1078 3635 non
1109 3580 1447 3635 sancientur
1490 3598 1525 3636 a
1564 3581 1779 3652 jaculis

133 3667 363 3726 inimici.
396 3669 439 3727 C
472 3669 541 3725 Et
568 3666 766 3724 sancti
801 3667 885 3721 tui
915 3667 1205 3722 exsultent
1241 3668 1341 3739 qui
1391 3662 1687 3725 Christum
1717 3669 1778 3725 in
1830 3720 1839 3727 .

133 3756 411 3829 baptismo
443 3757 802 3815 induerunt.
834 3758 879 3809 A
922 3754 1047 3821 Vel,
1098 3770 1301 3811 omnes
1349 3758 1555 3825 sancti,
1588 3774 1777 3814 sacer-

131 3845 285 3902 dotes
311 3846 452 3902 dicti
485 3850 665 3912 suntl
696 3844 875 3918 regali
906 3844 1004 3903 ille
1038 3844 1360 3900 sacerdotio
1392 3845 1523 3902 fidei
1555 3850 1613 3901 et
1640 3845 1777 3901 cha-

133 3934 313 3991 ritatis
340 3934 629 3991 decorati.

135 4022 194 4075 10
260 4024 490 4097 Propter
518 4020 701 4079 David
730 4036 952 4077 seruum
979 4029 1137 4078 tuum
1168 4037 1187 4075 :

260 4112 376 4168 Non
404 4119 629 4169 avertas
654 4110 860 4182 faciem
889 4108 1095 4165 Christi
1123 4110 1226 4165 tui.

196 4197 239 4253 ii
268 4199 510 4271 Propter
534 4198 710 4255 illum
747 4196 849 4271 qui
898 4211 967 4253 ex
1018 4195 1242 4255 semine
1290 4195 1468 4253 David
1527 4197 1775 4254 formam

135 4285 387 4343 servilem
419 4286 717 4359 suscepit,
745 4301 864 4347 non
897 4289 1193 4341 avertatur
1230 4282 1466 4342 claritas
1515 4285 1775 4361 imiginis

136 4377 237 4429 tum
252 4392 284 4437 a
300 4376 542 4446 sanctis,
575 4375 641 4432 in
667 4374 888 4445 quibus
908 4373 1198 4430 inhabitet
1216 4372 1505 4440 Christus,
1529 4375 1629 4431 sed
1654 4374 1777 4431 illu-

137 4461 302 4519 minet
350 4480 470 4522 eos.
518 4465 564 4519 A
597 4463 642 4518 C
671 4461 777 4516 Vel
829 4462 976 4535 petit
1004 4461 1294 4534 Propheta
1318 4465 1384 4518 ut
1412 4477 1446 4516 a
1473 4467 1643 4534 gente
1670 4462 1772 4519 Ju-

135 4548 374 4608 dseorum
404 4569 523 4609 non
554 4554 787 4609 avertat
818 4550 1022 4606 faciem
1054 4566 1245 4616 suam,
1271 4554 1506 4624 propter
1525 4555 1771 4608 mortem

133 4636 346 4697 Christi.
378 4640 677 4699 Exaudite
700 4642 792 4697 est
820 4638 1025 4704 oratio,
1054 4637 1195 4711 quia
1242 4637 1411 4695 multi
1470 4638 1542 4695 de
1600 4645 1773 4713 gente
1803 4658 1852 4725 ι)

134 4723 223 4781 illa
249 4727 387 4791 salvi
418 4734 564 4791 sunt
596 4728 738 4802 (Act.
768 4728 909 4798 xxx),
944 4732 1009 4784 ut
1037 4724 1282 4799 apostoli
1311 4731 1368 4782 et
1397 4727 1495 4782 alii
1528 4728 1718 4784 multi.

138 4812 190 4867 11
258 4816 468 4874 Iuravit
496 4818 770 4873 Dominus
799 4815 970 4873 David
999 4817 1280 4870 veritatem
1308 4822 1359 4870 et
1388 4831 1499 4871 nou
1537 4818 1775 4887 frustra-

328 4907 479 4965 bitur
498 4923 630 4967 eum
660 4922 681 4961 :

260 4992 328 5053 De
353 4996 547 5065 ﬂuctu
572 4994 788 5051 ventris
816 4995 901 5049 tui
920 5008 1127 5066 ponam
1154 5008 1319 5066 super
1344 4993 1522 5053 sedem
1545 5001 1717 5052 tuam.

137 5074 328 5142 CQuid
354 5082 512 5138 enim
546 5081 788 5139 ﬁrmius
826 5084 1018 5154 potest
1058 5079 1174 5137 dici
1205 5096 1382 5153 quam
1413 5083 1647 5153 quando
1675 5081 1772 5140 ille

133 5161 273 5230 jurat
293 5182 393 5239 per
415 5184 593 5241 quem
610 5169 872 5241 juratur.
890 5166 992 5223 Ille
1013 5166 1301 5240 promittit
1323 5167 1421 5240 qui
1446 5183 1559 5222 non
1582 5172 1774 5242 potest

141 5249 265 5307 falli.
296 5242 599 5315 Frustrare
630 5259 723 5312 est
755 5255 816 5310 in
849 5253 1087 5313 irritum
1128 5255 1418 5328 promissa
1463 5256 1767 5325 deducere,

140 5339 277 5408 quod
293 5341 383 5401 hic
405 5343 616 5400 merito
638 5345 892 5417 denegat
912 5358 1084 5416 posse
1104 5341 1330 5399 evenire
1350 5342 1447 5398 ubi
1465 5343 1627 5401 locus
1642 5361 1770 5403 esse

142 5423 434 5501 deceptioni
467 5448 585 5492 non
620 5430 834 5505 potuit.
866 5431 1111 5488 Fructus
1141 5434 1230 5486 est
1248 5432 1768 5497 ventris,doctrina

141 5509 329 5575 Christi
360 5518 638 5588 caelestis,
661 5520 737 5577 de
766 5534 885 5590 qua
902 5517 1154 5591 populus
1177 5517 1539 5578 Christianus
1560 5524 1649 5577 est
1668 5536 1764 5593 ge-

146 5608 371 5669 neratus,
403 5607 618 5665 sedens
649 5621 834 5679 super
864 5606 1065 5664 sedem
1093 5605 1242 5676 ejus,
1276 5607 1509 5678 quando
1549 5606 1766 5664 similia

1910 940 2167 997 cundum
2192 941 2637 1000 humanitatem.

1910 1054 1977 1111 12
2049 1056 2110 1111 Si
2134 1057 2491 1114 custodierint
2510 1060 2620 1130 ﬁlii
2647 1061 2748 1125 tui,
2781 1064 3146 1120 testamentrm
3172 1082 3353 1124 meum
3381 1087 3402 1125 :

2048 1146 2114 1199 Et
2143 1148 2451 1203 testimonia
2478 1165 2599 1205 mea
2626 1150 2745 1205 haec
2772 1166 2898 1222 qua:
2923 1152 3114 1210 docebo
3140 1170 3250 1210 eos.

1977 1232 2019 1286 C
2052 1232 2271 1288 Dicitur
2298 1235 2474 1290 etiam
2505 1240 2561 1292 ct
2587 1235 2695 1292 hoc
2712 1238 2783 1293 de
2803 1240 3080 1309 apostolis
3097 1246 3152 1297 et
3172 1242 3538 1315 Christianis,

1907 1317 2007 1390 qui
2036 1318 2143 1374 filii
2162 1319 2262 1376 Dei
2287 1320 2400 1377 dici
2422 1328 2760 1379 meruerunt
2782 1325 3113 1400 integritate
3135 1330 3348 1398 ﬁdei,si
3374 1337 3542 1391 testa-

1907 1412 2166 1463 mentum
2200 1408 2296 1465 Dei
2328 1427 2679 1484 omnemquc
2708 1414 3029 1471 doctrinam
3065 1435 3207 1490 pura
3237 1420 3540 1480 devotione

1904 1496 2253 1551 custodiant.
2277 1498 2485 1555 Sedere
2516 1517 2745 1572 semper
2768 1502 2825 1557 in
2857 1504 3187 1562 ccclestibus
3212 1512 3270 1563 et
3298 1513 3540 1568 aeterna—

1903 1580 2053 1649 liter,
2087 1583 2193 1641 hoc
2222 1588 2311 1640 est
2336 1603 2522 1658 usque
2570 1588 2629 1643 in
2682 1589 2980 1657 szcculum,
3012 1593 3229 1650 scilicet
3275 1596 3537 1655 futurum

1904 1668 1962 1725 in
1996 1670 2159 1739 ccclo,
2194 1673 2362 1743 cujus
2393 1691 2508 1731 non
2538 1675 2646 1731 erit
2675 1677 2827 1733 linis.

1903 1785 1971 1841 i3
2042 1787 2107 1842 Et
2130 1787 2240 1858 filii
2267 1804 2455 1844 eorum
2479 1806 2645 1862 usque
2674 1792 2733 1846 in
2760 1795 3038 1850 secutum:

2042 1875 2313 1932 Sedebant
2336 1894 2497 1949 super
2523 1880 2700 1935 sedem
2727 1888 2896 1937 tuam.

1826 1947 1870 2017 Β
1971 1961 2038 2017 Η.
2070 1963 2366 2020 Scdebunt
2393 1947 2450 2021 et
2471 1965 2573 2020 filii
2596 1969 2799 2035 nostri,
2828 1970 2935 2025 hoc
2960 1975 3049 2027 est
3072 1977 3540 2033 rememorahun-

1902 2054 1998 2104 tur
2021 2067 2195 2123 opera
2225 2054 2396 2119 bona,
2429 2070 2555 2125 qua:
2587 2057 2660 2112 ob
2690 2073 2950 2115 amorem
2981 2061 3138 2118 illius
3168 2065 3389 2136 operati
3438 2083 3533 2121 su-

1903 2154 2036 2194 mus
2065 2140 2122 2194 in
2154 2147 2465 2213 conspectu
2502 2144 2649 2215 ejus.

1904 2253 1969 2308 14
2041 2257 2315 2324 Quoniam
2344 2257 2505 2328 elegit
2530 2259 2794 2315 Dominus
2820 2262 2951 2317 Sion
2988 2281 3000 2319 :

2041 2343 2214 2412 Elegit
2239 2360 2359 2400 eam
2388 2346 2446 2399 in
2472 2346 2866 2404 habitationem
2892 2353 3021 2406 sibi.

1968 2431 2029 2485 P.
2063 2432 2222 2499 Sion,
2256 2438 2458 2489 sancta
2487 2435 2760 2503 Ecclesia,
2788 2436 2847 2493 in
2883 2438 3009 2511 ipsa
3037 2441 3192 2497 enim
3221 2444 3533 2517 requiescit

1898 2517 2201 2587 Dominus,
2234 2520 2289 2574 id
2320 2527 2426 2589 est,
2461 2521 2521 2577 in
2551 2524 2824 2580 cordibus
2854 2526 3167 2586 electorum
3201 2535 3528 2599 suorum,id

1896 2611 2003 2673 est,
2038 2607 2094 2661 in
2126 2609 2343 2664 sanctis
2386 2610 2716 2681 animabus,
2770 2617 3149 2674 sacramentis
3199 2620 3532 2680 cwlestibus

1896 2695 2291 2753 sanctiﬁcatis.

1899 2812 1965 2865 15
2038 2816 2172 2867 llaec
2201 2814 2412 2884 requies
2442 2830 2561 2870 mea
2590 2816 2650 2870 in
2677 2818 2937 2874 saeculum
2962 2826 3017 2887 ἐι
3058 2824 3251 2878 saeculi
3316 2830 3330 2888 ζ
3375 2838 3395 2885 :

2034 2902 2133 2956 llic
2159 2900 2413 2957 habitabo
2443 2906 2703 2974 quoniam
2728 2906 2872 2975 elegi
2896 2925 3032 2968 eam.

1965 2987 2006 3043 C
2040 2988 2169 3060 Ipsa
2197 2994 2284 3044 est
2304 2990 2459 3045 enim
2482 2992 2711 3063 requies
2734 2995 3042 3052 Dominum
3066 2996 3259 3070 ipsum
3282 3001 3531 3073 speciale

1894 3076 2335 3133 tabernaculum
2359 3078 2416 3133 in
2438 3078 2726 3152 religiosis
2756 3081 3059 3140 hominum
3089 3088 3419 3157 pectoribus
3438 3089 3527 3147 in-

1893 3164 2100 3234 sidere,
2134 3170 2189 3221 ct
2219 3166 2304 3221 sic
2335 3166 2551 3239 ubique
2580 3185 2726 3237 esse,
2762 3174 2827 3226 ut
2880 3171 2939 3227 in
2983 3172 3077 3231 his
3132 3173 3361 3233 dicatur
3413 3179 3527 3236 im-

1893 3270 2134 3310 mensus
2162 3259 2219 3309 et
2250 3254 2852 3329 incomprehensibilis
2880 3259 3161 3318 habitare.

1896 3370 1962 3425 16
2040 3368 2266 3425 Viduam
2294 3370 2411 3441 ejus
2438 3370 2752 3429 benedicens
2783 3374 3092 3431 benedicam
3120 3396 3139 3433 :

2022 3460 2293 3529 Pauperes
2319 3459 2437 3531 ejus
2463 3462 2720 3516 saturabo
2744 3464 3000 3532 panibus.

1957 3548 2003 3600 Α
2037 3546 2153 3601 Vox
2183 3548 2367 3602 Patris
2400 3548 2471 3604 de
2534 3548 2675 3605 Filio
2729 3567 2857 3620 suo,
2916 3552 3151 3609 viduam
3211 3556 3358 3626 ejus,
3409 3563 3519 3616 etc.

1886 3636 1930 3688 A
1961 3634 2001 3688 C
2034 3634 2219 3689 Vidua
2248 3635 2458 3691 Christi
2491 3636 2705 3692 dicitur
2732 3638 3140 3713 Ecclesia,quze
3170 3644 3333 3701 omni
3358 3648 3519 3702 auxi-

1887 3721 1963 3777 lio
1995 3724 2290 3779 mundano
2324 3724 2623 3791 destituta,
2650 3726 2834 3783 solam
2866 3744 3030 3799 spem
3056 3747 3223 3787 suam
3252 3735 3416 3804 ponit
3462 3736 3519 3791 in

1886 3810 2152 3867 Domino.
2186 3815 2369 3878 Quam
2398 3814 2745 3870 benedicens
2779 3815 3068 3873 beuedicit
3095 3820 3198 3891 qui
3215 3822 3347 3894 jugi
3391 3840 3518 3879 eam

1886 3899 2285 3956 benedictione
2312 3901 2655 3958 sanctiﬁcat.
2707 3902 2926 3959 Revera
2976 3922 3260 3979 pauperes
3308 3910 3519 3967 Christi

1884 3986 2101 4045 ccelesti
2133 4005 2280 4059 pane
2309 3989 2959 4061 saginantur,quoniam
2985 3993 3040 4047 in
3070 3996 3386 4052 mundanis
3421 4016 3519 4055 co-

1884 4066 1996 4138 piis
2027 4084 2259 4138 semper
2283 4068 2657 4133 esuriunt,de
2686 4069 2902 4140 quibus
2930 4071 3163 4128 dicitur.
3194 4074 3355 4130 Beati
3382 4094 3518 4149 pau-

1883 4173 2050 4228 peres
2079 4154 2287 4228 spiritu
2318 4155 2525 4226 (Matth.
2564 4156 2642 4227 v).

1884 4273 1953 4327 17
2023 4270 2332 4327 Sacerdotes
2361 4270 2479 4341 ejus
2509 4270 2734 4327 induam
2760 4272 2997 4328 salutari
3019 4292 3039 4328 :

2024 4363 2089 4416 Et
2115 4361 2294 4417 sancti
2319 4359 2438 4427 ejus
2465 4361 2832 4417 exsultatione
2859 4363 3203 4421 exultabant.

1951 4448 2341 4504 CSacerdotes
2354 4447 2451 4503 Dei
2470 4448 3516 4525 induuntursalutari,quandoDomi-

1882 4554 2020 4592 num
2035 4536 2391 4593 Salvatorem
2412 4553 2648 4591 summa
2684 4536 2815 4593 ﬁdei
2848 4538 3178 4611 integritate
3207 4544 3515 4615 recipiunt,

1881 4630 1939 4681 et
1967 4625 2154 4698 ipsius
2185 4625 2587 4680 misericordia
2614 4626 2755 4681 vesti
2766 4631 2960 4682 untur.
2997 4629 3395 4688 Exsultatione
3423 4649 3517 4689 ex.

1880 4712 2201 4781 sultabunt,
2222 4716 2562 4784 perpetuam
2593 4712 2855 4771 laetitiam
2887 4715 3009 4771 vult
3030 4716 3360 4790 significare
3382 4737 3515 4776 san-

1882 4806 2107 4858 ctorum
2119 4843 2131 4856 .

1882 4906 1950 4963 18
2021 4907 2143 4962 Illic
2167 4904 2463 4977 producam
2491 4920 2661 4961 cornu
2688 4909 2859 4964 Dacia
2889 4927 2908 4965 :

2026 4996 2225 5050 Paravi
2253 4995 2529 5050 lucernam
2564 4995 2773 5053 Christo
2802 5014 2937 5054 meo.

1949 5083 1991 5139 C
2024 5082 2307 5149 Illic,cum
2340 5081 2685 5149 dicitur,illa
2710 5085 3088 5143 beatitudinis
3118 5089 3349 5162 requies
3369 5090 3517 5148 desi-

1878 5176 2111 5244 gnatur,
2142 5171 2213 5226 de
2242 5186 2359 5240 qua
2389 5168 2661 5242 superius
2691 5171 2835 5228 dixit
2866 5189 2878 5203 ·
2912 5174 3041 5230 Ηωο
3080 5177 3310 5250 requies
3362 5195 3512 5248 mea,

1878 5264 1985 5316 etc.
2020 5259 2208 5315 Cornu
2236 5258 2434 5325 David,
2469 5257 2745 5316 fortitudo
2772 5264 3074 5333 potestatis
3097 5265 3309 5322 Christi
3338 5267 3395 5321 in
3418 5267 3515 5324 illa

1869 5346 2228 5419 judicatione
2259 5346 2635 5401 monstranda
2678 5353 2786 5414 est,
2819 5349 2917 5405 ubi
2975 5352 3048 5408 ab
3108 5352 3236 5425 ipso
3294 5354 3513 5411 sanctis

1874 5439 2090 5492 aeterna
2118 5434 2358 5507 praemia
2384 5435 2803 5491 conceduntur.
2833 5437 3035 5495 Paravi
3089 5440 3408 5507 lucernam,
3441 5440 3508 5509 Η,

1871 5524 1916 5577 Α
1946 5523 1987 5578 C
2017 5523 2073 5577 id
2104 5528 2193 5579 est
2220 5522 2504 5578 Joannem
2535 5522 2970 5595 Baptistam,vel
2994 5527 3122 5598 ejus
3147 5527 3344 5582 lumen
3367 5542 3509 5598 pras«

1871 5611 2197 5678 dicutionis,
2232 5610 2454 5665 scilicet
2482 5609 2725 5669 Joannis
2758 5613 3046 5688 Baptistae,
3080 5613 3180 5686 qui
3221 5614 3330 5669 fuit
3375 5626 3509 5669 vera

145 5691 391 5751 mandata
414 5695 577 5755 illius
608 5696 819 5755 decere
846 5694 1149 5773 probatur.
1170 5697 1544 5754 Successores
1564 5694 1762 5773 itaque
1868 5697 2108 5758 lucerna
2136 5698 2350 5757 Christi
2382 5698 2558 5774 (Ioan.
2589 5703 2666 5775 γ).
