3878 6426
352 495 468 558 49ῗῖ

356 631 422 684 19
494 629 758 686 Inimicos
786 626 902 699 ejus
935 626 1162 681 induam
1189 630 1505 698 confusione
1533 646 1555 682 .·

491 721 667 789 Super
692 717 868 787 ipsum
898 719 1086 770 autem
1113 717 1416 786 ecfﬂorebit
1467 717 1831 787 sanctiﬁcatio
1858 731 2001 772 mea.

421 808 464 860 C
508 807 671 860 Sicut
719 804 1052 860 sacerdotes
1100 804 1200 860 Dei
1250 804 1580 860 induuntur
1626 803 1889 870 salutari,
1923 805 2004 860 ita

347 894 569 952 inimici
601 893 868 966 ejus,hoc
893 899 982 948 est
1013 893 1268 948 haeretici
1291 894 1378 948 vel
1403 893 1728 966 pagani,vel
1753 893 2001 966 quicun-

349 1002 463 1058 que
493 989 694 1040 contra
714 983 844 1054 ejus
873 981 1143 1038 instituta
1162 983 1451 1047 vixerunt,
1473 983 1835 1038 confusionis
1855 981 2003 1037 vela-

349 1075 506 1130 mine
535 1072 840 1137 vestintur,
873 1071 1108 1144 quando
1136 1069 1218 1126 illi
1252 1071 1502 1126 audiunt
1535 1089 1548 1127 :
1583 1071 1810 1136 Venite,
1831 1072 2002 1126 bene-

348 1163 487 1219 dicti
514 1181 527 1231 ;
553 1162 650 1218 isti
684 1167 880 1216 autem
915 1178 928 1216 :
958 1161 1039 1216 Ite
1071 1159 1131 1216 in
1162 1159 1360 1231 ignem
1393 1160 2003 1215 aeternumEt'ﬂorebit

347 1256 538 1308 autem
564 1249 814 1314 dixit.ad
834 1249 1274 1321 exprimendam
1294 1250 1715 1304 sanetiﬂcatem
1736 1248 2000 1320 gloriosa:

343 1339 760 1396 incarnationis
785 1357 798 1406 ;
823 1338 1020 1395 ﬂoruit
1047 1338 1202 1395 enim
1230 1339 1287 1393 in
1315 1337 1544 1393 Christo
1576 1342 1816 1410 paterna
1846 1355 1999 1393 sem-

341 1448 442 1504 per
466 1428 874 1495 sanctificatio,
907 1421 1192 1500 quidquid
1223 1427 1342 1500 egit
1371 1426 1457 1483 vel
1486 1426 1772 1500 quidquid
1800 1432 1998 1499 pertu-

341 1519 428 1576 lit.

803 1624 1010 1662 ΟΒΑἹῚΟ
1049 1624 1119 1661 EX
1159 1623 1316 1661 PSAL.
1355 1623 1544 1662 CXXXI.

413 1699 477 1754 In
507 1697 668 1753 omni
701 1697 970 1765 ingressu
1007 1703 1229 1765 nostro,
1257 1712 1482 1751 memor
1511 1702 1636 1751 esto
1669 1695 2002 1760 nostri,0m-

342 1789 615 1859 nipotens
646 1785 818 1852 Deus,
849 1785 1023 1840 indue
1054 1801 1158 1840 nos
1189 1783 1530 1840 sacerdotali
1557 1785 1894 1854 justitia,ut
1915 1785 2020 1839 in--

341 1875 474 1932 duci
507 1891 842 1931 mereamur
867 1874 926 1929 in
958 1873 1332 1929 tabernacula
1363 1874 1738 1946 sempiterna.
1758 1874 1863 1930 Per
1892 1874 1999 1930 Do-

340 1965 570 2021 minam
604 1968 870 2020 nostrum
900 1962 1102 2018 Jesuin
1138 1961 1460 2028 Christum,
1493 1967 1603 2018 etc.

850 2094 1182 2151 PSALMUS
1222 2095 1478 2150 CXXXII.

746 2200 1144 2242 ARGUMENTUX
1184 2200 1325 2240 PSAL
1371 2201 1579 2241 CXXXII.

406 2288 448 2343 C
491 2287 624 2344 Post
654 2284 1033 2360 praecedentis
1072 2282 1283 2356 psalmi
1315 2282 1805 2357 gloriosissimam
1848 2301 1992 2356 prae-

334 2377 707 2443 dicationem,
735 2373 1019 2446 Propheta
1049 2373 1278 2428 beatam
1313 2373 1587 2446 praedicat
1613 2371 1994 2442 unitatem,ut

333 2468 430 2541 qui
455 2484 517 2522 sc
546 2465 875 2521 Christiana
898 2462 1176 2535 religione
1200 2461 1612 2534 constringunt
1636 2463 1691 2518 in
1719 2480 1836 2518 una
1861 2462 1995 2518 cha-

332 2556 524 2614 ritatis
555 2551 957 2612 convenientia
988 2557 1376 2625 perseverent.

776 2660 889 2716 TT.
923 2659 1211 2716 Canticum
1239 2657 1534 2730 graduum.

333 2774 359 2830 1
474 2774 616 2827 Ecce
643 2785 808 2842 quam
838 2769 1039 2822 bonum
1066 2774 1117 2821 et
1147 2783 1311 2838 quam
1329 2765 1640 2838 jucundum
1669 2783 1688 2819 :

462 2849 738 2916 :Habitare
766 2858 968 2929 fratres
1000 2858 1056 2911 in
1090 2872 1286 2910 unum.

402 2950 448 3007 Η
481 2949 584 3006 Ilic
615 2949 734 3004 duo
764 2946 980 3020 posuit,
1015 2946 1256 3011 bonum,
1289 2943 1511 3001 scilicet
1539 2948 1597 3000 et
1629 2944 1987 3016 jucundum,

331 3045 407 3107 et,
439 3037 595 3111 quod
629 3035 742 3092 sibi
783 3035 1090 3091 videbatur
1115 3051 1244 3089 esse
1291 3032 1674 3102 contrarium,
1707 3050 1824 3090 uno
1867 3050 1988 3090 ser-

329 3146 500 3185 mone
532 3123 858 3198 conjunxit,
872 3140 1005 3179 cum
1039 3123 1385 3196 martyrium
1411 3123 1490 3179 sit
1519 3124 1735 3179 bonum
1765 3123 1991 3195 nonju-

326 3219 586 3275 cundum
618 3234 632 3284 ;
663 3214 933 3287 voluptas
972 3213 1242 3285 jucunda
1276 3231 1390 3268 non
1438 3213 1612 3270 bona.
1646 3213 1688 3268 C
1731 3213 1987 3270 Dicenda

325 3312 520 3366 autem
555 3307 763 3362 fratres
795 3303 854 3359 in
889 3320 1096 3369 unum,
1117 3302 1410 3375 significat
1443 3319 1556 3357 non
1589 3301 1855 3358 carnales
1879 3302 1990 3358 fra-

1263 498 1325 555 S.
1374 493 1771 556 BRUNONIS
1818 493 2438 559 HERBIPOLENSIS
2484 498 2858 560 EPISCOPI.

2024 1998 2074 2066 B

3650 498 3766 558 484

2029 628 2085 696 Α
2116 629 2147 682 4
2260 632 2540 702 Quoniam
2558 631 2678 686 illic
2705 629 2988 686 mandavit
3013 632 3280 686 Dominus
3308 630 3723 688 bmedictionem
3745 648 3766 686 :

2131 777 2140 784 ,
2269 725 2327 784 ή-
2353 719 2419 774 Et
2451 736 2464 774 :
2499 721 2672 774 vitam
2699 736 2870 792 usque
2901 721 2962 775 in
2989 719 3272 776 secutum.

2182 808 2223 861 C
2254 805 2396 874 Illic,
2427 807 2647 863 scilicet
2675 808 2734 864 in
2767 808 2929 868 Sion.
2963 808 3019 864 id
3078 813 3167 864 est
3219 808 3278 864 in
3331 806 3614 874 Ecclesia,
3642 825 3772 882 quae

2113 894 2358 952 fratrum
2389 897 2744 953 adunatione
2775 897 3061 954 consistit.
3095 897 3391 954 Mandavit
3420 897 3778 954 benedictio-

2111 1001 2268 1049 nem,
2298 984 2406 1040 boe
2435 990 2524 1041 cst
2553 987 2716 1042 misit
2743 986 3119 1052 Salvatorem,
3151 987 3250 1059 qui
3284 987 3650 1043 credentium
3680 992 3780 1044 est

2110 1073 2226 1127 vita
2258 1079 2315 1130 et
2342 1074 2610 1131 beatitudo
2642 1081 2942 1149 perpetua.
2971 1077 3012 1132 C
3043 1075 3236 1140 Nulla,
3267 1092 3385 1131 non
3426 1074 3772 1132 discordan-

2110 1161 2268 1217 tibus
2298 1163 2625 1218 benedictio
2659 1163 3116 1236 przestaturdllic
3147 1179 3283 1237 ergo
3323 1163 3424 1219 ubi
3457 1165 3776 1221 concordia

2108 1255 2198 1306 est
2227 1251 2557 1308 benedictio
2587 1253 2687 1309 Dei
2718 1253 3050 1308 mandatur.

2565 1385 2764 1425 οιυτιο
2803 1385 2870 1425 ει
2911 1385 3069 1425 Ρελι..
3110 1385 3316 1426 CXXXII.

2177 1484 2448 1551 Infunde,
2470 1483 2739 1553 Domine,
2771 1484 2829 1540 in
2862 1484 3180 1542 Ecclesiam
3211 1485 3768 1553 tuam,eharitatem

2108 1577 2318 1628 nostrae
2350 1573 2731 1630 fraternitatis
2762 1577 2820 1629 et
2849 1574 3031 1648 pacis,
3066 1580 3149 1641 ut,
3183 1591 3310 1630 rore
3341 1577 3632 1648 unguenti
3653 1576 3774 1648 spi-

2106 1661 2292 1718 ritalis
2335 1661 2581 1735 aspersi,
2614 1662 3037 1720 benedictionis
3085 1666 3198 1719 tum
3239 1664 3432 1736 gratia
3471 1665 3770 1737 jucunde-

2107 1767 2260 1808 mur.
2297 1751 2403 1808 Per
2428 1751 2743 1809 Dominum
2775 1757 3044 1809 nostrum
3074 1753 3281 1810 Jesum
3307 1752 3766 1822 Christum,etc.

2609 1894 2940 1953 PSALMUS
2978 1895 3258 1952 CXXXIII.

2497 2018 2898 2060 ABGUMINTUM
2939 2017 3096 2060 PLAL.
3140 2020 3363 2061 CXXXIII.

2175 2126 2218 2182 C
2249 2128 2380 2184 Post
2414 2131 2632 2183 mutuas
2661 2126 2989 2184 dilectionis
3038 2127 3281 2196 monita,
3340 2145 3502 2184 nunc
3559 2146 3762 2188 conse-

2104 2223 2353 2289 quenter
2381 2216 2592 2272 suadet
2619 2219 2683 2271 ut
2715 2215 2847 2271 felix
2877 2216 3155 2272 adunatio
3197 2216 3257 2272 in
3299 2213 3509 2274 laudes
3529 2219 3766 2277 Domini

2104 2303 2559 2375 ﬂagrantissimo
2589 2302 2895 2360 charitatis
2925 2302 3120 2360 studio
3149 2305 3492 2360 concitetur.

2557 2411 2675 2467 TT.
2709 2410 2995 2466 Canticum
3022 2410 3311 2482 graduum.

2103 2502 2129 2556 1
2245 2502 2375 2556 Ecce
2417 2505 2474 2568 αξ-
2499 2515 2647 2556 nunc
2713 2505 2729 2566 ζ
2773 2499 3040 2556 bcndirite
3065 2501 3334 2556 Domino:

2244 2590 2440 2646 Omnes
2468 2590 2614 2646 servi
2640 2590 2863 2645 Domini
2892 2605 2906 2644 :
3003 2663 3014 2668 κ

2170 2678 2212 2734 C
2243 2678 2406 2746 Ecce,
2439 2678 2664 2735 dictum
2695 2681 2805 2745 est,
2840 2682 2905 2734 ut
2935 2679 3111 2734 rebus
3139 2678 3328 2735 cerdis
3357 2683 3537 2752 atque
3566 2683 3759 2754 perfe-

2099 2767 2208 2822 ctis
2235 2784 2348 2822 non
2382 2766 2573 2824 solum
2607 2767 2938 2833 sermo,sed
2965 2767 3140 2823 etiam
3159 2767 3489 2826 articularis
3521 2775 3762 2842 presta-

2100 2861 2262 2912 retur
2288 2856 2568 2913 ostensio.
2600 2857 2735 2923 Sed,
2785 2873 2963 2924 nunc,
3014 2856 3237 2913 dictum
3284 2861 3395 2924 est,
3447 2858 3506 2915 id
3552 2863 3646 2916 est
3691 2860 3756 2916 in

2097 2950 2313 3002 aeterna
2342 2945 2552 3020 patria,
2567 2944 2726 3018 quia,
2746 2949 2831 3001 tot
2859 2945 3142 3016 gradibus
3171 2944 3447 3014 ascensis,
3470 2945 3636 3003 solus
3655 2945 3756 3003 ille

2095 3034 2323 3092 laudari
2355 3034 2579 3102 debuit,
2611 3033 2956 3091 mirabiliter
2971 3033 3072 3106 qui
3091 3034 3754 3093 tantaconeessit.Tunc

2095 3124 2254 3181 enim
2310 3124 2521 3194 majori
2579 3122 2776 3180 studio
2833 3121 3239 3195 prmdicandus
3296 3128 3384 3179 est
3439 3123 3754 3194 Dominus,

2096 3212 2331 3285 quando
2365 3212 2501 3268 facit
2531 3229 2641 3268 sua
2671 3211 2940 3284 largitate
2992 3228 3250 3268 securos.
3302 3210 3426 3278 Vel,
3487 3230 3645 3270 nunc
3692 3215 3754 3270 id

2095 3307 2208 3367 est.
2240 3302 2298 3357 in
2331 3301 2597 3374 praesenti
2631 3301 2768 3369 vita,
2803 3299 2904 3356 ubi
2952 3300 3308 3356 exercendus
3353 3307 3441 3357 est
3488 3301 3751 3370 animus,

324 3402 464 3465 tres,
493 3396 593 3452 sed
621 3412 722 3450 eos
751 3392 848 3466 qui
884 3391 1014 3447 fidei
1044 3373 1321 3447 societate
1351 3391 1464 3446 sub
1495 3407 1613 3446 uno
1645 3395 1808 3464 patre
1840 3394 1982 3446 sunt
2011 3373 2054 3440 (ἶ
2093 3397 2156 3448 ut
2187 3391 2247 3447 in
2281 3373 2474 3447 futuro
2515 3389 2748 3446 internis
2798 3389 3074 3446 laudibus
3132 3395 3464 3462 occupetur.
3500 3393 3756 3448 Benedi-

324 3481 877 3555 coustituti,quibus
907 3485 997 3536 est
1028 3497 1128 3536 cor
1157 3497 1344 3535 unum
1375 3483 1433 3535 et
1463 3479 1661 3535 anima
1691 3495 1810 3536 una
1842 3480 1981 3550 (Act.

325 3592 426 3630 IV).

325 3592 382 3630 ιγ
414 3617 426 3630 .

323 3667 361 3719 2
387 3576 402 3648 )
467 3663 625 3718 Sicut
650 3667 988 3729 unguentum
1019 3660 1075 3715 in
1104 3659 1279 3730 capite
1308 3660 1331 3714 i

473 3749 623 3820 Quod
651 3747 924 3805 descendit
953 3749 1009 3802 in
1044 3747 1286 3814 barbam,
1318 3747 1545 3803 barbam
1576 3747 1776 3802 Aaron.

399 3840 441 3895 C
474 3839 849 3912 Unguentum
883 3835 941 3891 in
973 3835 1184 3908 capite,
1209 3842 1296 3892 est
1327 3836 1582 3909 Spiritus
1610 3835 1980 3908 sanctus,qui

327 3927 629 3986 descendit
660 3942 842 4000 supra
871 3924 1167 3981 Christum
1202 3925 1260 3980 in
1289 3925 1550 3998 baptimo
1581 3925 1640 3981 in
1673 3925 1865 3998 specie
1896 3941 1984 3981 co-

326 4019 544 4076 lumba:
579 4017 786 4074 (Matth.
821 4015 904 4086 ιιι)
933 4033 946 4082 ;
978 4013 1076 4087 qui
1108 4019 1196 4070 est
1238 4020 1413 4088 caput
1470 4015 1732 4088 corporis
1786 4014 1986 4071 Eccle-

326 4113 447 4166 size.
482 4106 644 4173 Quod
676 4105 978 4162 descendit
1014 4105 1069 4160 in
1116 4104 1382 4173 barbam,
1414 4104 1471 4160 id
1519 4109 1609 4160 est
1656 4105 1811 4161 idem
1860 4103 1985 4177 ipse

326 4197 583 4273 Spiritus
614 4195 672 4251 in
703 4193 1022 4268 apostolos,
1057 4193 1156 4265 qui
1189 4193 1370 4250 barba
1423 4194 1568 4250 bene
1624 4193 1765 4250 dicti
1822 4199 1982 4263 sunt,

325 4286 606 4360 quoniam
633 4284 882 4340 viriliter
903 4282 1000 4338 fixi
1033 4284 1142 4339 sub
1173 4283 1400 4340 Christo
1440 4300 1548 4339 suo
1593 4283 1782 4357 capite
1829 4283 1987 4340 velut

324 4376 509 4434 barba
541 4377 928 4449 perseverant.
963 4372 1205 4428 Addidit
1233 4373 1423 4429 Aaron
1455 4371 1555 4445 qui
1587 4371 1802 4430 Christi
1853 4390 1983 4446 spe-

325 4466 472 4522 ciem
506 4464 774 4538 gestabat
806 4463 861 4518 in
897 4480 1004 4518 suo
1035 4462 1383 4529 sacerdotio,
1415 4465 1480 4516 ut
1518 4478 1634 4516 non
1665 4463 1984 4534 cuiuscun-

325 4573 440 4630 que
472 4553 730 4611 hominis
759 4553 1026 4615 barbam.
1063 4551 1162 4608 sed
1196 4549 1412 4606 Christi
1444 4548 1820 4623 intelligeres.

323 4647 359 4701 3
470 4644 629 4717 Quod
657 4640 907 4698 decendit
935 4645 993 4695 tn
1025 4655 1122 4694 ora
1155 4639 1460 4694 vestimenti
1485 4640 1604 4711 ejus
1635 4658 1652 4694 :

465 4733 620 4789 Sicut
652 4748 739 4786 ros
769 4732 1026 4816 Heruteu,
1046 4728 1144 4816 qui
1161 4726 1437 4816 descendit
1558 4733 1795 4785 montem
1826 4732 1978 4790 Sion.
2012 4748 2061 4816 Ι)

395 4822 438 4876 C
464 4821 572 4876 Per
602 4835 764 4874 oram
796 4814 1126 4871 vestimenti
1161 4813 1259 4870 Dei
1293 4814 1661 4888 signiﬁcatur
1706 4817 1980 4888 Ecclesia,

325 4909 386 4966 In
436 4909 608 4979 cujus
663 4921 764 4962 ora
810 4902 1112 4958 descendit
1140 4903 1338 4960 unctio
1368 4903 1500 4974 ista,
1535 4906 1674 4979 quia
1705 4924 1892 4982 usque
1922 4910 1982 4966 in

325 4999 504 5052 finem
539 4991 733 5049 saeculi
769 4991 1070 5048 descendit
1099 4993 1355 5068 Spiritus
1387 5000 1626 5052 sanctus
1659 5015 1836 5071 super
1863 5016 1985 5056 eam

326 5083 385 5138 in
418 5082 730 5152 baptismo,
755 5097 979 5154 suaque
1011 5081 1384 5139 miseratione
1407 5085 1756 5142 sanctificat.
1781 5086 1827 5142 Η
1851 5089 1987 5146 Iler-

328 5187 487 5237 mon,
523 5169 826 5224 Hebraeum
861 5187 1071 5227 nomen
1104 5175 1193 5228 est
1223 5173 1443 5230 montis
1474 5171 1626 5230 ultra
1667 5174 1982 5233 Jordanem

328 5257 571 5312 ﬂuvium
603 5259 989 5327 constituti,et
1020 5259 1438 5334 interpretatur
1467 5264 1983 5338 anathema,signi-

327 5345 581 5416 ﬁcatque
611 5347 892 5418 populum
910 5348 1245 5405 Judaaorum
1269 5367 1303 5406 a
1325 5351 1442 5406 Deo
1465 5354 1836 5424 reprobatum
1869 5353 1984 5412 Ros

326 5433 603 5499 Harmon,
627 5433 821 5492 divina
841 5436 1296 5510 Scriptura,quae
1330 5439 1494 5510 prius
1524 5440 1741 5496 Judaeis
1764 5443 1986 5500 credita

325 5525 436 5591 est,
467 5525 526 5576 et
551 5526 751 5592 postea
781 5524 852 5579 ad
886 5529 1144 5579 montem
1178 5525 1341 5592 Sion,
1382 5527 1439 5581 id
1489 5533 1576 5583 est
1625 5529 1840 5586 Christi
1878 5533 1982 5587 Ec-

328 5607 589 5674 clesium,
623 5612 1004 5678 transcendit,
1038 5615 1081 5666 A
1113 5612 1199 5668 vel
1235 5613 1378 5669 fides
1409 5621 1465 5670 et
1494 5617 1683 5688 gratia
1713 5618 1981 5688 Dei.Ros,

326 5699 438 5756 iste
468 5702 557 5752 est
590 5714 624 5753 a
650 5699 852 5755 Judzea
879 5700 938 5754 in
972 5704 1174 5771 gentes
1216 5700 1596 5768 descendens,
1645 5721 1773 5776 quae
1826 5725 1982 5766 nunc

327 5785 706 5866 speculantur
735 5789 848 5846 ﬂde
880 5788 1088 5856 Deum,
1121 5791 1180 5844 et
1207 5787 1337 5844 ideo
1367 5787 1502 5847 Sion
1536 5797 1694 5851 sunt.

2091 3480 2222 3547 cite,
2255 3478 2314 3535 id
2340 3483 2452 3546 est,
2486 3477 2741 3545 laudate,
2773 3478 2914 3551 quia
2968 3495 3076 3535 nos
3133 3477 3298 3534 illum
3352 3478 3751 3537 benedicendo

2090 3568 2426 3636 laudamus,
2458 3567 2555 3625 ille
2587 3585 2693 3624 nos
2717 3567 3115 3624 benedicendo
3148 3567 3492 3624 sanctificat.
3515 3567 3560 3625 H
3583 3569 3750 3626 Servi

2093 3657 2322 3714 Domini
2355 3660 2496 3713 sunt
2513 3656 2730 3730 quibus
2759 3656 2847 3712 ira
2865 3673 2981 3712 non
3003 3656 3493 3730 imperat,quibus
3509 3663 3754 3730 peccata

2094 3764 2208 3804 non
2243 3751 2508 3820 regnant,
2539 3745 2756 3819 quibus
2789 3763 2904 3801 non
2936 3745 3318 3804 dominantur
3346 3745 3502 3802 vitia.

2091 3841 2126 3892 2
2235 3836 2346 3902 Qui
2371 3837 2530 3892 statis
2561 3837 2620 3891 in
2648 3835 2804 3892 domo
2835 3835 3057 3891 Domini
3089 3851 3102 3890 :

2251 3931 2308 3991 σέ-
2335 3925 2394 3982 In
2422 3926 2582 3982 atriis
2611 3924 2802 3980 domus
2830 3925 2930 3979 Dei
2958 3924 3132 3978 nostri
3199 3929 3249 3994 ξ.

2165 4014 2206 4069 C
2239 4013 2323 4070 Illi
2363 4017 2522 4070 stant
2551 4014 2610 4068 in
2642 4013 2816 4068 domo
2849 4011 3099 4082 Domini,
3131 4030 3382 4086 quorum
3413 4010 3648 4068 animus
3691 4012 3756 4070 in

2093 4102 2372 4177 religione
2403 4102 2501 4159 Dei
2535 4102 2704 4158 ﬁrmo
2736 4101 2980 4174 vestigio
3013 4107 3362 4175 perseverat.
3395 4101 3645 4172 Atrium,
3665 4108 3756 4159 est

2093 4193 2398 4266 ingressus
2430 4190 2754 4248 mansionis
2786 4189 3126 4263 significans
3156 4208 3254 4247 eos
3276 4190 3375 4264 qui
3409 4197 3756 4248 meruerunt

2093 4299 2243 4350 esse,
2277 4281 2361 4337 vel
2393 4282 2450 4336 in
2477 4280 2868 4354 penetralibus,
2893 4280 3020 4352 jam
3048 4285 3188 4336 sunt
3216 4279 3304 4336 vel
3362 4279 3420 4335 in
3477 4280 3754 4354 ingressu

2093 4376 2309 4428 sancta:
2341 4370 2442 4427 Dei
2472 4369 2741 4426 Ecclesia:
2768 4367 2869 4425 Dei
2902 4369 3106 4437 nostri,
3141 4369 3196 4426 id
3242 4373 3352 4437 est,
3406 4386 3520 4426 non
3572 4387 3751 4443 quem

2092 4459 2392 4535 gentilitas
2423 4458 2583 4528 colit,
2615 4459 2716 4515 sed
2748 4473 2923 4531 quem
2955 4475 3090 4514 vera
3119 4457 3320 4532 religio
3351 4458 3686 4516 conﬁtetur.

2092 4552 2126 4605 3
2235 4551 2299 4606 In
2325 4549 2568 4605 noctibus
2597 4548 2846 4604 extollite
2869 4565 3067 4604 manus
3100 4557 3300 4605 vestras
3332 4549 3388 4604 in
3419 4555 3607 4603 sancta
3640 4565 3654 4604 :

2238 4642 2312 4696 Et
2344 4637 2644 4695 benedicite
2669 4638 2915 4694 Domino.

2163 4727 2206 4784 C
2235 4728 2296 4783 In
2331 4726 2600 4784 noctibus
2631 4725 2926 4799 significat
2956 4725 3273 4784 terminum
3306 4725 3476 4784 istius
3519 4726 3752 4795 mundi,

2092 4821 2327 4889 tempus
2349 4816 2505 4888 quod
2530 4833 2762 4890 semper
2780 4814 3261 4872 tribulationibus
3283 4815 3649 4872 obscuratur.
3665 4814 3754 4871 Ibi

2092 4906 2252 4963 enim
2284 4904 2540 4961 levanda;
2562 4909 2704 4962 sunt
2726 4921 2939 4962 manus
2960 4903 3060 4961 ubi
3084 4909 3340 4962 meretur
3359 4903 3513 4962 bona
3545 4921 3750 4976 opera-

2091 4996 2173 5052 tio
2217 4993 2502 5050 auxilium
2534 4994 2788 5050 Domini.
2818 4993 2963 5050 Cum
2995 4993 3156 5063 dicit,
3189 4992 3464 5062 extollitc,
3503 4991 3616 5048 hoc
3662 4997 3756 5050 est

2093 5083 2335 5141 uberius
2365 5083 2796 5157 eleemosynam
2827 5088 2884 5139 et
2913 5083 3068 5140 bona
3097 5101 3273 5158 opera
3301 5082 3490 5140 facite.
3511 5081 3756 5139 Addidit

2091 5193 2246 5241 vero,
2269 5173 2328 5229 in
2353 5177 2575 5241 sancta,
2600 5171 2824 5230 scilicet
2844 5171 3122 5244 Ecclesia,
3139 5173 3225 5230 vel
3251 5172 3307 5228 in
3336 5176 3556 5237 sancto,
3589 5171 3750 5228 scili-

2092 5268 2183 5320 cet
2213 5263 2465 5332 Christo,
2499 5267 2562 5318 ut
2593 5263 2653 5318 in
2679 5261 2918 5319 Hebraeo
2949 5266 3058 5330 est,
3090 5261 3176 5318 vel
3208 5261 3268 5318 in
3299 5265 3500 5319 sancta
3551 5275 3749 5332 opera,

2093 5370 2220 5426 quae
2252 5351 2446 5408 solum
2475 5352 2531 5407 in
2564 5350 2824 5408 Ecclesia
2856 5355 3060 5408 sancta
3089 5355 3246 5407 sunt.
3282 5347 3444 5406 Illam
3472 5348 3629 5405 enim
3655 5363 3750 5405 so-

2092 5441 2212 5498 lam
2241 5440 2657 5497 eleemosinam
2687 5439 2958 5496 Christus
2989 5439 3220 5512 accipit,
3255 5454 3433 5510 quam
3462 5439 3588 5510 ejus
3641 5453 3750 5493 no-

2094 5531 2274 5599 mine,
2308 5530 2366 5584 id
2400 5533 2508 5594 est,
2543 5529 2600 5584 in
2630 5533 2832 5584 sancta
2862 5526 3119 5583 Ecclesia
3152 5525 3339 5582 fidelis
3381 5525 3750 5582 Christianus

2092 5617 2622 5683 obtulerit.Sed,ne
2653 5618 2786 5689 quis
2819 5617 2928 5673 sibi
2962 5615 3182 5688 aliquid
3217 5618 3534 5688 arrogaret,
3553 5613 3750 5670 Domi-

2091 5726 2234 5765 num
2266 5707 2408 5762 dicit
2439 5722 2568 5763 esse
2599 5705 3085 5773 benedicendum,
3114 5703 3254 5777 quia
3284 5703 3410 5776 ipse
3431 5702 3533 5760 dat
3561 5707 3619 5763 et
3636 5703 3752 5763 ani-

2092 5813 2252 5856 mam
2283 5793 2743 5868 misericordem,
2776 5799 2833 5855 et
2859 5793 3252 5856 substantiam
3282 5789 3620 5872 largiorem.
