3878 6426
298 452 415 510 487

304 582 372 637 10
447 580 552 648 Qui
575 576 845 651 percussit
875 579 1054 645 gentes
1083 573 1285 629 multas
1317 586 1331 624 :

443 669 510 723 Et
540 665 736 722 occidit
766 680 912 735 reges
941 665 1127 735 fortes.

373 756 415 812 C
445 756 682 821 Gentes,
714 753 856 810 dicit
897 758 1160 809 catervas
1205 751 1506 806 vitiorum.
1540 746 1657 802 Has
1707 741 1958 817 percuti-

302 863 460 914 mus,
489 843 723 918 quando
755 841 1151 899 satisfactione
1184 857 1286 912 per
1317 835 1718 912 paenitentiam
1758 831 1958 888 vulne-

303 951 536 1002 ramus;
571 933 724 1006 quod
760 931 917 988 enim
948 936 1038 986 est
1064 929 1182 986 illis
1212 925 1626 993 vulnus,nohis
1659 922 1820 979 salus
1849 925 1957 977 est.

304 1025 491 1096 Reges
522 1020 972 1093 fortes,spiritus
1003 1019 1342 1076 immundos
1372 1015 1536 1082 dicit,
1568 1030 1717 1086 quos
1749 1011 1961 1068 occidit

303 1113 612 1178 Dominus,
639 1128 774 1166 cum
806 1127 912 1166 nos
947 1109 1194 1165 mundat
1225 1125 1260 1164 a
1288 1105 1539 1173 delictis,
1572 1108 1630 1158 et
1660 1101 1792 1158 illos
1823 1099 1960 1157 facit

304 1220 338 1260 a
367 1201 538 1258 nobis
566 1205 894 1257 extraneos.

305 1311 364 1366 11
443 1309 623 1366 Sehon
676 1323 859 1380 regem
907 1306 1356 1362 Amorrha’oram
1401 1311 1452 1359 et
1500 1301 1574 1372 Og
1621 1316 1800 1369 regem
1851 1301 1956 1354 Ba-

512 1417 616 1455 εαη
655 1414 667 1454 Ζ

442 1489 510 1544 Et
541 1488 726 1544 omnia
757 1503 929 1557 regna
960 1485 1242 1541 Chanaan.

371 1576 414 1634 C
425 1576 618 1634 Sehon
630 1573 1282 1646 interpretaturtentatio
1297 1570 1602 1635 oculorum;
1614 1565 1955 1631 Amorrhmi,

300 1667 686 1722 amaricantes.
709 1665 856 1719 Vere
887 1680 1088 1718 amara
1119 1665 1259 1717 sunt
1287 1659 1580 1731 vitia,qu:n
1611 1673 1718 1712 nos
1749 1655 1822 1710 ab
1855 1653 1958 1710 illa

301 1753 668 1810 beatitudine
689 1751 1130 1824 jucundissima
1147 1747 1600 1806 deducuntliazc
1625 1745 1844 1802 habent
1875 1760 1958 1798 re-

302 1860 438 1916 gem
467 1841 790 1910 diabolum,
824 1841 924 1914 qui
958 1844 1046 1896 est
1079 1837 1321 1895 tentatio
1359 1836 1686 1901 oculorum,
1719 1832 1955 1906 quando

304 1948 366 1988 se
396 1931 780 1987 transformat
808 1929 867 1985 in
899 1927 1178 2002 angelum
1207 1927 1357 1984 lucis
1388 1927 1459 1998 (ll
1483 1925 1605 1981 Cor.
1628 1923 1728 1994 χι),
1760 1927 1825 1977 ut
1855 1938 1958 1994 per
1985 1939 2034 2006 Β

303 2021 560 2094 speciem
589 2018 727 2076 boni
767 2020 1006 2075 devotos
1054 2017 1328 2090 decipiat.
1356 2015 1474 2072 Ista
1521 2013 1676 2070 Deus
1723 2010 1956 2082 occidit,

303 2111 538 2182 quando
569 2127 674 2166 nos
705 2126 739 2165 a
769 2107 977 2164 talium
1020 2107 1296 2164 servitute
1327 2105 1660 2162 liberaverit.
1692 2103 1798 2173 0g.
1834 2116 1957 2156 con-

301 2201 514 2268 clusio,-
544 2198 756 2266 Basun,
790 2198 1040 2269 confusio
1088 2195 1528 2268 interpretatur.
1574 2191 1776 2248 Merito
1819 2205 1956 2260 ergo

301 2288 663 2355 confusionis
687 2306 784 2344 rex
810 2286 1109 2342 conclusio
1136 2280 1783 2359 perhibetur.Diabolus
1799 2278 1955 2335 enim

301 2377 470 2434 nobis
499 2377 789 2433 conclusit
819 2393 1062 2447 regnum
1094 2373 1346 2439 cmleste,
1371 2379 1428 2428 ct
1460 2373 1518 2427 in
1550 2369 1956 2427 confusionem

301 2468 530 2539 dejecit.
564 2467 609 2521 Η
649 2466 948 2532 Chanaan,
993 2466 1282 2522 commotio
1328 2462 1765 2534 interpretatur,
1819 2455 1960 2528 quia

302 2555 518 2612 diaboli
549 2555 650 2610 illa
691 2572 870 2627 regna
919 2571 1290 2610 commovent
1339 2568 1447 2607 nos
1497 2568 1532 2606 a
1579 2549 1717 2605 Deo.
1750 2547 1792 2602 C
1820 2549 1956 2613 Quae

302 2643 399 2700 ille
428 2642 658 2710 occidit,
691 2643 790 2716 qui
835 2659 1067 2698 crucem
1119 2659 1222 2714 pro
1274 2640 1542 2696 omnium
1593 2638 1782 2694 salute
1825 2654 1958 2693 sus-

304 2732 474 2806 cepit.

307 2839 376 2894 12
445 2838 509 2893 Et
537 2837 686 2893 dedit
718 2846 926 2894 terram
953 2853 1144 2893 eorum
1174 2835 1552 2894 hereditatem
1583 2853 1604 2891 :

448 2925 842 2983 Hereditatem
871 2927 1044 2982 Israel
1063 2927 1266 2998 populo
1292 2941 1391 2982 suo
1422 2943 1442 2980 :

378 3025 420 3080 C
440 3025 638 3090 Terra,
654 3023 756 3079 illa
769 3029 857 3079 est
873 3041 1050 3096 quam
1065 3024 1193 3079 sine
1215 3023 1394 3078 dubio
1406 3020 1724 3078 Christiani
1743 3025 1961 3076 eterna

306 3133 445 3188 pace
476 3112 862 3186 possidebunt
889 3113 950 3168 in
980 3113 1400 3169 hzereditatem.
1419 3112 1550 3168 Ideo
1580 3110 1762 3177 addit,
1782 3111 1962 3166 heare-

304 3205 552 3261 ditatem
580 3203 752 3260 lsrael
779 3203 996 3276 populo
1021 3204 1270 3270 suo;ista
1299 3219 1435 3275 ergo
1449 3200 1756 3257 hmreditas
1772 3200 1957 3256 beati-

303 3293 531 3350 tudinis
555 3298 644 3350 cst
672 3293 802 3366 ipsa
849 3293 1229 3366 perpetuitas.
1262 3293 1307 3348 Η
1357 3291 1416 3348 in
1467 3308 1644 3364 quam
1693 3307 1801 3346 nos
1850 3307 1958 3346 sua
1987 3312 2032 3380 ε

303 3383 495 3457 gratia
520 3381 742 3439 ascivit.

305 3491 382 3546 13
444 3489 674 3546 Domine
696 3505 895 3546 nomen
925 3496 1082 3544 tuum
1111 3491 1170 3544 in
1199 3497 1468 3545 wternum
1500 3506 1522 3544 :

446 3578 700 3644 Domine,
731 3578 1051 3632 memoriale
1078 3585 1234 3632 tuum
1266 3578 1325 3632 in
1368 3577 1718 3646 generatione
1761 3585 1813 3632 et
1867 3592 1956 3646 ge-

517 3665 876 3720 iterationem.

377 3755 420 3810 C
449 3754 728 3808 Precatur
751 3769 912 3824 ergo,
943 3757 1010 3808 ut
1041 3753 1297 3808 humano
1348 3752 1545 3825 generi
1587 3769 1801 3809 nomen
1831 3754 1960 3824 ejus

306 3857 542 3914 semper
587 3840 796 3896 debeat
843 3858 1182 3913 permanere
1231 3848 1522 3915 quatenus
1576 3843 1649 3898 ab
1706 3842 1959 3898 adventu

305 3930 524 3987 Christi
554 3945 742 4002 usque
772 3929 843 3985 ad
877 3931 1054 3985 linem
1089 3931 1282 3986 sazculi
1326 3947 1559 4002 semper
1602 3929 1716 3986 dici
1746 3935 1804 3986 et
1831 3947 1959 3988 esse

305 4020 559 4076 debeant
584 4017 920 4076 Christiani.
953 4019 998 4076 ll
1030 4017 1154 4088 Vel,
1187 4019 1286 4076 illo
1317 4019 1554 4081 nomine
1585 4019 1644 4075 in
1675 4025 1960 4076 aeternum

305 4114 706 4183 permanente,
737 4107 848 4164 hoc
879 4109 1050 4165 nobis
1088 4109 1168 4166 sit
1218 4110 1530 4166 hereditas
1576 4109 1957 4183 sempiterna.

306 4198 347 4254 C
373 4197 708 4255 Memoriale
738 4197 839 4254 Dei
869 4203 957 4254 est
987 4198 1273 4272 quidquid
1304 4199 1362 4254 in
1387 4199 1707 4272 Scripturis
1738 4199 1960 4256 sanctis

303 4287 694 4344 commotione
767 4285 1160 4344 saluberrima
1232 4289 1588 4345 continetur.
1664 4286 1960 4344 Szeculum

302 4375 501 4434 muli
529 4375 823 4450 signiﬁcat
853 4376 1008 4433 diem
1041 4378 1496 4452 sempiternum;
1531 4377 1630 4434 ubi
1661 4377 1819 4434 enim
1851 4393 1960 4433 nos

300 4464 611 4536 habemus,
663 4465 1035 4538 generatione
1082 4472 1140 4524 et
1187 4468 1583 4540 generatione,
1627 4465 1958 4524 Cassiodori

301 4553 608 4612 translatio
637 4553 898 4622 habet,in
931 4556 1207 4612 smculum
1242 4556 1460 4614 seaculi.
1489 4556 1536 4612 H
1568 4555 1694 4627 Vel,
1724 4572 1962 4630 genera-

301 4643 457 4700 tione
467 4648 524 4700 et
536 4645 1206 4716 generatione,scilicetJ
1215 4645 1516 4702 udmorum
1533 4650 1591 4702 et
1605 4645 1962 4702 Christiano-

300 4750 456 4805 rum,
475 4738 562 4799 nt,
580 4735 737 4807 quod
753 4733 898 4804 legis
911 4735 1120 4791 umbra
1135 4735 1547 4809 prmtiguravit,
1571 4734 1629 4790 in
1644 4733 1959 4807 Evangelia

299 4827 672 4895 agnoscatur.
705 4825 750 4878 Α
779 4822 904 4889 Vel,
938 4823 996 4878 in
1030 4823 1140 4880 hoc
1171 4823 1383 4880 saeculo
1411 4827 1469 4880 et
1499 4823 1716 4880 futuro.

304 4930 377 4983 1t
445 4931 593 5000 Quia
612 4931 892 5003 judicabit
921 4933 1192 4988 Dominus
1216 4931 1482 5004 populum
1503 4946 1669 4986 suum
1697 4947 1715 4984 :

443 5019 510 5074 Et
538 5021 600 5074 in
625 5035 796 5076 servis
825 5019 942 5074 suis
969 5018 1366 5092 deprecabitur.

372 5113 415 5168 C
441 5113 826 5187 Judicabit,id
849 5119 938 5171 est
956 5116 1262 5173 damnabit
1277 5115 1565 5174 Dominus
1584 5116 1819 5173 Judzeos
1837 5132 1954 5172 non

303 5199 770 5274 crcdcntes,quia
801 5202 1117 5260 noluerunt
1145 5221 1276 5261 esse
1307 5204 1681 5277 ipsius,quos
1712 5205 1784 5262 de
1815 5221 1960 5261 cun-

303 5286 419 5342 ctis
444 5286 618 5360 elegit
647 5289 988 5345 nationibus
1017 5293 1088 5347 ad
1125 5292 1650 5364 possidendum.Et
1680 5294 1741 5349 in
1773 5294 1956 5351 servis

303 5375 450 5441 suis,
478 5374 537 5431 id
567 5382 656 5432 cst
684 5376 981 5445 ﬁdelibus,
1013 5380 1231 5450 quibus
1255 5379 1479 5437 dictum
1510 5383 1741 5449 est.Qui
1773 5383 1959 5440 credit

298 5463 362 5520 in
390 5479 505 5531 me,
539 5480 656 5520 non
695 5464 1085 5536 judicabitur,
1117 5467 1222 5521 sed
1273 5469 1486 5524 transit
1528 5471 1599 5525 de
1648 5476 1836 5526 morte
1881 5473 1956 5528 ad

301 5551 480 5608 vitam
513 5552 700 5622 (Joan.
732 5551 916 5622 x1).In
949 5549 1066 5607 illis
1093 5553 1524 5625 deprecahitur,
1547 5558 1604 5613 id
1637 5564 1727 5614 est
1761 5560 1956 5632 propi-

298 5637 563 5709 tiabitur,
597 5641 815 5714 quibus
846 5643 1064 5694 aeterna
1093 5640 1386 5710 promissa
1433 5643 1552 5702 dat.
1587 5647 1671 5704 Ab
1703 5647 1821 5704 illis
1854 5650 1952 5705 de-

301 5731 576 5811 precatur
605 5744 756 5811 quos
785 5732 844 5786 et
872 5725 1130 5785 exaudit.

1215 441 1280 497 ς.
1329 434 1727 498 BRUNONIS
1775 429 2396 493 IlEltBlPOLENSlS
2440 427 2820 489 EPISCOPI.

1985 562 2045 631 Α
2075 563 2143 617 15
2215 560 2529 617 Simularra
2558 559 2806 630 gentium
2836 563 3129 626 argentum
3153 561 3204 611 et
3231 569 3451 611 aurum
3491 569 3511 610 :

1989 4689 2036 4753 D

3617 416 3722 478 488

2215 650 2393 724 Opera
2421 666 2690 705 manuum
2716 647 3021 704 hominum.

2141 739 2184 796 C
2215 739 2610 812 Designantur
2641 740 2836 794 autem
2858 735 2955 790 hic
2967 732 3290 791 simulacra
3303 747 3414 804 per
3429 730 3576 786 illud
3591 730 3729 787 unde

2072 829 2298 896 sunt,id
2332 833 2421 883 est
2453 843 2663 882 aurum
2687 829 2744 881 et
2768 819 3735 897 argentum,metallorum,scilicet

2069 919 2351 993 qualitate
2383 916 2734 983 formata,ad
2763 915 3093 971 irrisionem
3111 909 3732 986 gentium.Beneenim

2068 1009 2318 1081 gentiles
2343 1007 2682 1076 irridentur,
2713 1022 2846 1060 cum
2879 1007 3092 1077 putant
3121 1002 3264 1057 deos
3317 1005 3469 1056 suos
3517 997 3728 1054 homini

2068 1103 2344 1172 praestare
2374 1096 2531 1170 quod
2576 1095 2818 1167 capiunt
2843 1093 2917 1149 ab
2947 1091 3203 1156 homine,
3235 1089 3479 1145 scilicet
3507 1103 3727 1154 aurum,

2067 1192 2402 1261 argentum,
2435 1190 2546 1242 etc.
2569 1183 2780 1241 Melius
2811 1183 2968 1238 enim
2993 1179 3379 1237 consulerent
3410 1177 3530 1235 sibi
3557 1176 3732 1232 homi-

2067 1294 2191 1344 nes,
2226 1293 2295 1332 ea
2318 1278 2694 1347 frangentes;
2727 1277 2870 1328 tunc
2899 1271 3058 1327 enim
3102 1269 3329 1342 aliquid
3384 1271 3653 1340 prosunt,
3683 1265 3727 1322 si

2067 1367 2141 1423 ad
2168 1366 2448 1439 pecunias
2469 1362 2753 1420 translata
2777 1358 3338 1418 descendunt.Unde
3355 1357 3519 1414 Deus
3539 1371 3729 1412 eorum

2066 1472 2182 1510 non
2231 1451 2466 1510 exaudit
2511 1450 2756 1523 integer,
2791 1449 2890 1506 sed
2937 1449 3176 1521 praestat
3203 1443 3415 1519 potius
3457 1440 3730 1498 imminu-

2064 1549 2181 1599 tus.

2066 1635 2132 1689 16
2205 1633 2272 1689 0s
2301 1631 2500 1687 habent
2525 1638 2577 1687 et
2607 1645 2713 1685 non
2749 1629 3039 1700 loquentur
3068 1643 3088 1680 :

2209 1720 2400 1777 Oculos
2431 1720 2634 1776 habent
2662 1725 2712 1775 et
2741 1733 2850 1774 non
2882 1716 3160 1772 videbunt.

2133 1811 2175 1867 C
2205 1809 2351 1877 Quid
2385 1809 2621 1882 prodest
2651 1825 2717 1863 os
2749 1805 2903 1878 quod
2929 1800 3514 1876 nonloquitur?quid
3537 1795 3730 1854 oculus

2063 1899 2164 1974 qui
2195 1917 2311 1956 non
2337 1897 2530 1954 videt?
2561 1894 2857 1952 Vocabula
2886 1893 3042 1950 enim
3074 1897 3217 1950 sunt
3245 1907 3426 1960 vana,
3461 1905 3581 1946 non
3611 1886 3726 1942 offl-

2067 1989 2157 2046 cia
2187 1988 2513 2062 profutura.

2067 2080 2132 2134 17
2212 2080 2385 2134 Aures
2417 2076 2616 2132 habent
2644 2083 2694 2130 et
2721 2089 2834 2130 non
2863 2071 3090 2128 audient
3119 2089 3140 2126 :

2209 2167 2392 2238 Neque
2416 2166 2566 2222 enim
2598 2172 2676 2220 est
2701 2163 2935 2234 spiritus
2966 2161 3028 2216 in
3057 2175 3150 2216 ore
3189 2161 3466 2231 ipsorum.

2137 2255 2180 2311 C
2211 2255 2358 2320 Quid
2386 2254 2626 2327 prodest
2656 2251 2818 2308 auris
2850 2266 2978 2324 quo:
3007 2266 3122 2305 non
3154 2246 3368 2304 audit?
3392 2243 3540 2318 quid
3569 2255 3730 2298 nares

2068 2363 2196 2418 qua:
2228 2361 2343 2400 non
2375 2342 2672 2399 odorant?
2702 2340 2944 2396 nomina
2971 2354 3122 2395 vana
3167 2337 3295 2393 sine
3351 2335 3560 2402 rebus,
3593 2345 3725 2404 pra:-

2067 2417 2328 2507 sumptio
2358 2433 2598 2488 caduca.
2632 2433 2765 2496 Quae
2798 2428 3020 2484 utilitas
3051 2443 3264 2483 manus
3292 2441 3431 2498 qua:
3464 2439 3583 2478 non
3611 2417 3724 2507 palf

2068 2529 2168 2597 pat
2181 2505 2379 2595 ?'quid
2414 2538 2517 2594 pes
2547 2520 2647 2592 qui
2683 2535 2798 2575 non
2826 2516 3133 2574 movetur?
3163 2514 3303 2588 quid
3339 2517 3556 2587 guttur
3581 2505 3726 2580 quod

2068 2630 2184 2669 non
2215 2611 2424 2668 sonat?
2449 2609 2621 2666 noxia
2649 2612 2793 2664 sunt
2821 2605 3226 2672 deliramenta,
3245 2620 3370 2659 non
3399 2601 3614 2658 veritas
3641 2597 3727 2650 fir—

2069 2700 2436 2758 ma.Abunde
2467 2697 2625 2756 enim
2653 2696 2921 2770 gentium
2951 2692 3272 2751 simulacra
3298 2691 3510 2748 derisa
3534 2689 3685 2744 sunt.

2070 2810 2136 2865 18
2209 2809 2430 2866 Similes
2457 2807 2574 2862 illis
2601 2807 2740 2878 [iant
2767 2805 2864 2877 qui
2891 2804 3108 2875 faciunt
3135 2817 3200 2857 ea
3234 2817 3248 2857 :

2207 2904 2264 2966 σξ-
2309 2900 2372 2953 Et
2416 2903 2431 2963 ζ
2472 2909 2656 2952 omnes
2685 2895 2784 2966 qui
2808 2891 3088 2964 conﬁdunt
3119 2891 3174 2946 in
3205 2890 3300 2946 eis.

2138 2988 2181 3044 C
2212 2987 2467 3060 Dignum
2499 2989 2588 3041 est
2618 2983 2775 3040 enim
2808 2987 2874 3038 ut
2906 2983 3142 3037 careant
3175 2976 3410 3036 collatis
3459 2971 3720 3031 sensibus

2068 3077 2168 3150 qui
2201 3077 2341 3132 deos
2371 3076 2704 3131 insensatos
2735 3071 2975 3128 sibimet
3015 3069 3350 3125 effecerunt.
3387 3067 3460 3122 Et
3508 3064 3719 3118 intuere

2068 3166 2348 3240 quoniam
2380 3163 2758 3219 fabricatores
2797 3166 2856 3216 et
2883 3159 3138 3215 cultores
3184 3171 3395 3213 omnes
3441 3151 3716 3208 idolorum

2068 3239 2187 3312 una
2217 3251 2631 3326 complectitur
2651 3245 3202 3316 damnatione,dum
3219 3241 3499 3316 dicit,qui
3513 3239 3720 3296 faciunt

2069 3351 2127 3402 et
2147 3344 2248 3417 qui
2280 3342 2584 3398 confidunt
2611 3337 2672 3395 in
2702 3338 2808 3394 eis.

2071 3454 2140 3510 19
2209 3453 2409 3508 Domus
2438 3446 2611 3504 Israel
2645 3445 2949 3502 benedictio
2979 3443 3206 3499 Domino
3232 3458 3252 3495 :

2211 3541 2410 3596 Domus
2442 3539 2642 3602 Aaron,
2672 3533 2972 3591 benedicitc
2999 3533 3249 3587 Domino.

2139 3631 2182 3686 C
2211 3629 2499 3685 Admonet
2527 3625 2621 3680 hic
2652 3628 2720 3680 ut
2749 3639 2882 3679 vero
2931 3619 3178 3678 Domino
3225 3617 3482 3675 debeant
3529 3625 3714 3687 perso-

2070 3735 2210 3777 nare
2239 3717 2443 3773 laudes
2474 3709 2873 3771 ﬁdelium.Per
2902 3707 3300 3776 lsrael,omnis
3322 3706 3531 3778 justus
3547 3696 3716 3772 signi-

2069 3811 2280 3865 ﬁcatur
2329 3804 2428 3879 qui
2481 3802 2680 3860 divina
2727 3796 3218 3871 contemplatione
3265 3794 3614 3869 gratulatur.
3658 3786 3713 3840 In

2069 3902 2282 3967 Aaron,
2311 3893 2643 3950 sacerdotes
2672 3889 2860 3947 sancti
2893 3888 3321 3962 signiﬁcantur.

2067 4008 2139 4062 20
2210 4005 2410 4060 Domus
2439 4001 2568 4058 Levi
2597 3997 2895 4055 benedicite
2920 3996 3152 4066 Domino
3182 4012 3202 4050 .-

2213 4094 2331 4167 Qui
2360 4091 2564 4148 timetis
2593 4088 2906 4151 Dominum,
2939 4083 3233 4140 benedicite
3260 4082 3512 4138 Domino.

2139 4185 2182 4241 c
2212 4155 2274 4239 in
2306 4180 2439 4237 Levi
2489 4178 2688 4245 etiam,
2723 4173 2913 4233 sancti
2946 4170 3223 4238 ministri,
3255 4169 3313 4226 id
3362 4175 3454 4226 est
3493 4155 3710 4245 diaconi

2069 4273 2510 4346 significantur;
2542 4265 2615 4322 ad
2650 4243 3141 4340 postremum,qui
3164 4259 3411 4316 Domino
3443 4257 3505 4314 in
3537 4243 3712 4346 quali-

2070 4337 2168 4420 bet
2205 4337 3058 4418 conversatione-famulantur.
3091 4349 3186 4406 Sic
3234 4347 3428 4405 omnis
3469 4337 3710 4419 populus

2069 4453 2186 4510 Deo
2208 4452 2452 4507 devotus
2477 4461 2582 4522 per
2608 4443 2868 4500 diversas
2891 4445 3086 4515 partes
3103 4438 3288 4496 Deum
3319 4436 3563 4494 laudare
3583 4443 3713 4503 pra:-

2069 4541 2306 4615 cipitur.

2067 4634 2132 4688 21
2209 4628 2533 4688 Benedictus
2561 4624 2826 4682 Dominus
2855 4637 2926 4678 ex
2951 4621 3086 4678 Sion
3115 4628 3166 4676 ρ

2211 4721 2320 4788 Qui
2347 4717 2562 4774 habitat
2589 4717 2652 4770 in
2680 4711 3042 4769 Hierusalem.

2139 4810 2182 4865 C
2211 4781 2563 4864 Denedictus
2591 4801 2898 4868 Dominus,
2932 4799 2990 4856 id
3039 4802 3130 4856 est
3177 4795 3466 4862 Christus,
3499 4786 3596 4865 qui
3625 4781 3707 4840 est

2067 4896 2292 4966 Sion;id
2325 4899 2414 4951 est
2440 4910 2610 4949 suam
2640 4890 2960 4947 Ecclesium
2991 4893 3196 4945 sancta
3227 4882 3622 4942 incarnatione
3640 4869 3709 4966 vi-

2068 4958 2286 5044 sitavit.
2307 4984 2438 5058 Ipse
2467 4986 2559 5038 est
2589 4979 2691 5053 qui
2721 4979 2950 5036 habitat
2977 4977 3039 5033 in
3069 4973 3454 5040 Hierusalem,
3477 4984 3599 5044 qua:
3627 4958 3704 5058 di:

2065 5091 2369 5133 versorum
2403 5075 2744 5128 sanctorum
2775 5066 3230 5142 congregatione
3259 5060 3631 5121 construitur,
3655 5048 3708 5103 et

2069 5165 2226 5239 regis
2255 5163 2346 5222 sui
2377 5159 2707 5236 praesentia,
2739 5157 3014 5214 felicitate
3043 5155 3274 5212 laatatur
3300 5157 3531 5210 aeterna.

2528 5282 2734 5324 ORATIO
2772 5281 2843 5320 ax
2883 5280 3040 5320 PSAL.
3069 5276 3292 5318 CXXXIV.

2136 5375 2452 5435 Suavitatis
2483 5373 2706 5430 eximite
2751 5371 2907 5427 Deus
2957 5385 3135 5442 quam
3184 5365 3378 5424 omnis
3425 5369 3576 5422 terra
3609 5363 3702 5426 pro

2066 5465 2397 5526 dulcedinis
2422 5462 2784 5536 benignitate
2814 5458 3108 5517 collaudat
3127 5471 3404 5530 rogamus
3435 5442 3704 5538 ut,ablu‘t.0

2066 5576 2100 5615 a
2131 5556 2299 5614 nobis
2329 5571 2490 5611 vana:
2521 5532 2964 5624 superstitionis
3003 5563 3216 5613 errore,
3249 5545 3368 5602 tuis
3415 5532 3704 5600 voluntati-

2063 5648 2176 5703 hue
2209 5649 2642 5701 connectuntur.
2694 5641 2802 5700 Per
2850 5637 3170 5696 Dominum
3219 5636 3488 5692 nostrum
3516 5627 3707 5687 ,ἰοεοω

2064 5734 2381 5798 Christum.
2417 5737 2528 5792 etc.
