3878 6450
169 428 295 493 489

730 567 1054 624 PSALMUS
1094 572 1345 627 CXXXV.

612 688 1012 731 ARGUMENTUM
1052 692 1207 733 PSAL.
1251 694 1449 735 CXXXV.

237 812 279 864 C
296 792 833 882 'Magnificentiam
858 817 1081 873 Domini
1110 818 1400 891 Propheta
1425 821 1728 878 declarans
1750 824 1854 880 mi-

165 899 378 954 racula
400 900 592 955 refert
613 918 747 973 quae
775 903 972 958 fecerit
1000 904 1057 959 in
1080 906 1323 979 Egypto
1346 913 1403 963 et
1431 915 1604 981 gente
1622 911 1850 967 Judan-

166 1003 325 1055 rum,
352 987 842 1045 misericordiam
875 993 1002 1063 ejus
1048 996 1265 1067 sapius
1312 997 1481 1051 nobis
1526 998 1848 1067 inculcans,

164 1074 329 1150 quia,
354 1074 532 1133 illius
556 1080 651 1131 est
684 1078 1104 1147 misericordia,
1130 1099 1303 1138 omne
1325 1084 1479 1155 quod
1510 1102 1848 1156 possumus,

164 1166 221 1218 et
251 1161 608 1233 clementia,
645 1182 821 1222 omne
853 1169 1007 1241 quod
1036 1168 1308 1226 vivimus.

826 1273 941 1329 TT.
972 1275 1231 1331 Alleluia.

231 1358 274 1411 (ἶ.
308 1355 615 1412 Mirabilis
646 1358 935 1429 psalmus,
960 1365 1017 1416 ct
1047 1361 1231 1418 nimia
1255 1365 1465 1422 virtute
1495 1367 1841 1439 profundus.

162 1445 345 1516 Cujus
378 1444 548 1500 enim
585 1446 825 1503 virtutis
856 1448 950 1515 sit,
986 1449 1043 1504 in
1075 1450 1555 1524 Paralipomenon
1587 1457 1845 1512 ostendi-

161 1539 275 1597 tur,
317 1532 418 1589 ubi
455 1532 543 1589 ait
580 1552 594 1589 :
628 1538 774 1590 Cum
816 1537 1129 1608 cmpissent
1178 1539 1360 1595 Deum
1408 1540 1649 1599 laudare
1677 1548 1733 1599 et
1763 1544 1844 1599 di-

162 1639 289 1678 cere
317 1640 331 1677 :
355 1622 754 1679 Conﬁtemini
787 1623 1051 1692 Domino,
1076 1631 1209 1694 etc.,
1241 1628 1594 1701 implebatur
1631 1632 1842 1688 domus

161 1712 315 1766 nube
346 1714 405 1765 et
438 1710 732 1783 caligine,
758 1711 842 1768 ita
873 1714 1026 1785 quod
1072 1731 1175 1771 nec
1219 1718 1549 1775 sacerdotes
1579 1724 1843 1790 poterant

160 1806 314 1856 stare
345 1804 406 1855 et
437 1799 797 1856 ministrare
828 1807 1063 1874 propter
1083 1803 1419 1877 caliginem;
1455 1807 1842 1879 compleverat

160 1889 314 1944 enim
348 1886 549 1960 gloria
586 1887 821 1943 Domini
861 1889 1101 1946 domum
1142 1892 1241 1948 Dei
1280 1894 1352 1961 (11
1377 1895 1565 1951 Paral.
1590 1896 1664 1967 v).
1692 1897 1837 1954 Nam

166 1976 299 2032 licet
330 1976 388 2031 in
404 1976 706 2032 omnibus
728 1976 995 2049 psalmis,
1020 1978 1066 2034 si
1098 1996 1239 2051 pure
1260 1986 1590 2050 cantantur,
1618 1990 1837 2041 certum

162 2065 239 2120 sit
265 2065 477 2121 adesse
511 2065 788 2121 divinam
834 2068 1226 2137 praesentiam,
1257 2069 1366 2125 hoc
1411 2074 1606 2128 tamen
1646 2074 1836 2146 magis

172 2152 432 2209 creditur
456 2152 628 2225 quod
658 2152 808 2226 legis
836 2155 1177 2212 auctoritate
1201 2157 1487 2215 ﬁrmatur.

194 2242 219 2296 1
301 2242 677 2313 Conﬁtemini
697 2242 931 2298 Domino
960 2246 1223 2315 quoniam
1255 2247 1424 2302 bonus
1453 2265 1473 2302 :

296 2331 595 2400 Quoniam
626 2331 685 2385 in
716 2338 993 2387 aeternum
1019 2333 1395 2391 misericordia
1425 2335 1559 2407 ejus.

232 2417 273 2473 C
304 2417 719 2483 Conﬁtemini,
753 2422 876 2473 tam
921 2420 1210 2478 confessio
1257 2428 1626 2494 peccatorum
1657 2442 1834 2498 quam

161 2502 355 2561 laudis
388 2505 778 2578 intelligitur.
813 2506 963 2574 Quod
999 2524 1132 2563 vero
1168 2508 1586 2579 misericordia,
1619 2512 1675 2568 in
1708 2515 1835 2570 sin-

163 2594 315 2665 gulis
353 2594 638 2650 versibus
689 2594 991 2665 repetitur,
1024 2595 1131 2651 hoc
1184 2597 1421 2666 indicat,
1455 2601 1591 2671 quia
1638 2603 1836 2658 omnia

162 2698 284 2754 quae
314 2681 636 2747 dicuntur,
661 2697 732 2736 ex
765 2681 1165 2740 misericordia
1209 2685 1305 2741 Dei
1346 2688 1684 2757 procedunt,
1709 2690 1834 2746 sine

146 2788 276 2842 qua
306 2787 415 2827 nec
447 2786 587 2827 esse
620 2786 729 2825 nec
760 2770 950 2826 valere
980 2788 1316 2844 possumus.
1341 2775 1703 2848 Quapropter
1729 2796 1832 2834 nec

164 2859 232 2914 ab
263 2875 362 2915 ore
411 2863 631 2915 nostro
662 2858 840 2914 debet
870 2875 975 2915 nec
1005 2876 1039 2915 a
1069 2862 1239 2917 corde
1286 2862 1603 2933 discedere,
1629 2872 1828 2937 quate-

164 2964 271 3003 nus
301 2951 356 3004 ct
382 2948 517 3020 ipsa
548 2946 839 3019 dignetur
866 2964 973 3002 nos
996 2948 1126 3021 jugi
1156 2948 1402 3007 tuitione
1446 2968 1692 3010 servare.
1729 2956 1832 3012 Bo-

163 3052 291 3104 nus,
313 3052 451 3093 vero
483 3034 738 3101 dicitur,
763 3034 1038 3106 quoniam
1091 3035 1294 3094 laudes
1344 3056 1482 3095 suas
1514 3041 1831 3100 clementer

164 3122 342 3190 audit,
362 3127 423 3180 et
452 3121 946 3195 supplicantibus
986 3124 1301 3183 miseratus
1330 3127 1610 3201 indulget.
1631 3131 1826 3201 Addit,

162 3213 216 3267 in
246 3216 531 3269 aternum
566 3210 981 3268 misericordia
1009 3214 1158 3285 ejus,
1183 3215 1323 3286 quia
1365 3215 1457 3271 hic
1499 3224 1733 3290 prmstat
1763 3226 1828 3275 ut

166 3306 403 3370 recreet;
439 3300 659 3374 parcit,
696 3302 762 3354 ut
792 3301 1070 3373 corrigat;
1105 3306 1157 3357 et
1191 3301 1247 3356 in
1283 3304 1477 3361 futuro
1504 3307 1823 3366 misericor-
1852 3296 1896 3362 C

164 3390 311 3445 diam
347 3389 580 3455 tribuit,
612 3391 684 3443 ut
715 3392 971 3443 coronet.

192 3480 228 3532 2
300 3478 664 3549 Conﬁtemini
692 3476 805 3531 Deo
831 3476 1055 3532 deorum
1085 3495 1105 3533 :

301 3566 577 3634 Quoniam
610 3568 675 3620 in
704 3572 977 3622 aeternum
1004 3566 1379 3623 misericordia
1404 3570 1539 3640 ejus.

230 3657 269 3707 C
298 3658 450 3711 Deus
481 3652 584 3710 ille
617 3654 867 3709 deorum
900 3657 1013 3719 est,
1040 3654 1131 3709 cui
1180 3656 1378 3712 nullus
1423 3659 1636 3716 similis
1666 3660 1826 3717 inve-

169 3740 338 3798 nitur.
372 3743 441 3798 Et
472 3758 594 3797 non
623 3743 823 3810 potest
854 3740 1008 3796 Deus
1038 3742 1301 3809 deorum,
1335 3746 1447 3801 nisi
1481 3748 1606 3804 sola
1633 3749 1827 3805 Trini-

167 3835 251 3885 tas
281 3834 513 3899 sancta,
545 3828 906 3900 nuncupari.
1273 3873 1280 3879 .

198 3920 230 3972 3
301 3918 663 3991 Conﬁtemini
688 3918 921 3974 Domino
952 3919 1303 3976 Dominarum
1334 3941 1352 3976 :

303 4008 583 4075 Quoniam
616 4008 680 4063 in
704 4012 998 4076 aeternum,
1030 4011 1138 4063 etc.

234 4097 272 4151 (ἶ
302 4096 591 4153 Dominus
616 4094 1007 4152 Dominorum
1040 4096 1135 4153 ille
1166 4096 1329 4154 solus
1358 4102 1465 4166 est,
1493 4101 1585 4156 cui
1620 4107 1830 4159 cuncta

169 4183 525 4241 deserviunt.
552 4185 692 4257 Ipse
722 4187 812 4239 est
839 4183 1019 4240 etiam
1046 4189 1286 4241 sanctus
1317 4193 1673 4257 sanctorum,
1707 4191 1831 4263 ipse

174 4287 267 4327 rex
295 4289 498 4345 regum
532 4277 594 4328 et
624 4270 896 4327 omnium
930 4277 1307 4345 potestatum.

201 4358 230 4413 4
302 4361 406 4429 Qui
432 4360 902 4433 facit-mirabilia
932 4377 1135 4431 magna
1163 4364 1310 4419 solus
1336 4382 1359 4417 .-

305 4450 609 4518 Quoniam.

235 4537 282 4591 A
304 4537 345 4593 C
366 4539 474 4594 Per
502 4539 656 4595 istos
684 4553 893 4593 omnes
924 4555 1149 4604 versus,
1176 4555 1361 4611 usque
1392 4540 1450 4596 in
1484 4542 1664 4600 ﬁnem
1692 4544 1829 4600 sub-

174 4624 523 4683 audiendum
557 4630 652 4684 est
687 4643 700 4682 :
735 4626 1120 4695 conﬁtemini,
1155 4631 1216 4683 ut
1248 4628 1417 4684 nobis
1449 4628 1618 4702 plena
1648 4633 1832 4704 possit

175 4718 429 4771 constare
456 4715 778 4772 sententia.
802 4715 954 4771 Dicit
987 4716 1185 4788 itaque
1212 4715 1401 4772 solum
1432 4718 1596 4775 illum
1626 4720 1829 4778 fecisse

174 4799 478 4871 mirabilia,
503 4802 680 4877 quasi
710 4807 771 4858 et
797 4819 913 4859 non
946 4819 1051 4875 per
1078 4802 1333 4876 Angelos
1360 4809 1417 4860 et
1441 4806 1734 4878 apostolos
1755 4810 1833 4865 fe-

177 4888 307 4945 cerit
335 4890 659 4961 mirabilia,
687 4890 801 4957 sed.
823 4890 918 4947 hic
948 4898 1236 4947 memorat
1280 4894 1391 4949 ista
1432 4895 1723 4952 mirabilia
1750 4898 1829 4954 fe-

176 4974 315 5032 cisse
345 4978 562 5044 solum,
586 4980 827 5052 quando
859 4981 1031 5035 verbo
1081 4997 1188 5037 suo
1218 4981 1582 5039 conditiones
1634 5002 1827 5042 rerum

177 5061 479 5124 fabricasse
530 5073 923 5135 monstratur,
947 5085 1098 5141 quas
1146 5066 1271 5125 sine
1323 5070 1649 5128 ministerio
1697 5074 1831 5130 fecit

179 5157 464 5224 creaturas,
494 5155 659 5211 unde
689 5154 964 5227 sequitur
994 5173 1008 5211 :
1044 5155 1153 5221 Qui
1186 5154 1339 5225 fecit,
1368 5163 1479 5213 etc.

211 5237 246 5291 5
312 5243 427 5313 Qui
445 5242 585 5313 feeit
610 5244 780 5300 caelos
813 5244 873 5298 in
904 5243 1189 5299 intellectu
1219 5261 1238 5297 :

306 5328 578 5395 Quoniam
588 5374 600 5387 .

243 5412 282 5468 Ο
308 5414 369 5471 In
400 5416 707 5475 intellectu
739 5434 878 5491 ergo
927 5417 1106 5475 caelos
1137 5418 1291 5486 fecit,
1317 5420 1456 5489 quia
1487 5421 1648 5478 nulla
1692 5441 1827 5481 con-

182 5496 413 5572 fusione,
435 5504 605 5561 nulla
626 5505 1089 5571 inordinatione,
1109 5505 1269 5561 nulla
1284 5505 1638 5566 informilate
1652 5514 1827 5569 creati

186 5594 329 5658 sont,
359 5593 460 5649 sed
508 5593 779 5651 distincti
837 5599 1013 5667 atque
1071 5594 1398 5666 compositi,
1429 5594 1488 5650 in
1543 5600 1831 5673 sapientia

184 5681 446 5741 creatoris
476 5682 571 5741 sui
606 5681 835 5759 peracti
868 5686 1030 5739 sunt.

484 5809 769 5895 Parnm.3
811 5805 1043 5874 CXLII.

1445 443 1865 508 EXPOSITIO
1910 445 2417 513 PSALMORUM.

1886 580 1939 645 Α
2003 580 2037 631 6
2109 582 2220 649 Qui
2246 582 2487 651 ﬁrmavit
2515 594 2715 641 terram
2742 606 2905 661 super
2934 610 3144 664 aquas:

3485 471 3609 532 199

2108 668 2394 734 Quoniam.

2033 754 2074 809 C
2104 755 2380 812 Firmavit
2422 763 2635 817 terram
2686 781 2863 837 super
2920 785 3124 840 aquas,
3180 772 3399 830 scilicet
3453 778 3603 834 sacri

1961 841 2350 934 baptismatis.
2410 849 2587 905 Terra
2642 858 2861 922 nostra,
2918 856 3025 912 hoc
3082 864 3171 913 est
3226 877 3439 934 corpus
3499 883 3602 921 no-

1960 933 2170 997 strum,
2203 933 2476 1002 reficitur,
2518 938 2658 994 dum
2706 942 3024 1000 stabilitate
3067 933 3365 1019 religionis
3413 952 3605 1011 ﬁrma-

1958 1021 2072 1072 tur.
2107 1018 2235 1075 Sive
2265 1022 2336 1110 ad
2390 1022 2666 1094 litteram,
2702 1046 2878 1101 super
2933 1048 3136 1105 aquas,
3184 1018 3243 1091 id
3297 1044 3389 1094 est
3434 1041 3605 1110 juxta

1957 1122 2161 1177 aquas.
2210 1109 2311 1164 Vel
2365 1110 2561 1180 etiam,
2620 1118 2976 1189 superiorem
3036 1123 3207 1194 aquis
3267 1142 3383 1182 una
3437 1109 3602 1201 parte

1957 1209 2070 1249 8D].

1988 1284 2025 1335 7
2099 1283 2205 1351 Qui
2228 1286 2358 1355 fecit
2387 1287 2691 1346 luminaria
2718 1309 2914 1366 magna
2948 1312 2962 1351 :

2097 1371 2381 1439 Quoniam.

2024 1458 2063 1512 C
2084 1459 2201 1515 Etsi
2235 1462 2306 1515 ad
2337 1460 2586 1520 litteram
2619 1468 2690 1521 de
2717 1470 2890 1526 astris
2916 1488 3114 1530 verum
3137 1476 3233 1544 sit,
3254 1478 3595 1549 spiritaliter

1952 1548 2145 1601 tamen
2180 1565 2393 1620 magna
2422 1550 2733 1610 luminaria
2762 1556 2919 1626 fecit,
2948 1576 3081 1615 cum
3108 1565 3355 1635 Angelos
3385 1585 3450 1623 ac
3484 1570 3591 1625 Po-

1952 1636 2209 1701 testates,
2235 1637 2522 1707 Thronos,
2564 1640 2998 1701 Dominationes
3025 1652 3272 1707 creavit:
3312 1671 3438 1725 quae
3478 1662 3591 1729 pie-

1950 1723 2066 1775 tate
2098 1724 2469 1781 sanctissima
2498 1728 2712 1785 cmlesti
2744 1730 2964 1789 lumine
2995 1736 3295 1794 irradiant.

1983 1826 2017 1880 8
2090 1827 2265 1884 Solem
2298 1831 2355 1885 in
2384 1839 2699 1902 potestatem
2726 1835 2841 1892 diei
2865 1853 2878 1893 :

2095 1915 2381 1983 Quoniam.

2021 2003 2350 2097 CPotestas
2402 2007 2512 2063 diei
2550 2027 2581 2097 7:
2632 2015 2721 2066 est
2777 2014 3058 2073 adventus
3113 2016 3272 2090 solis,
3303 2024 3435 2092 quia
3487 2042 3590 2097 per

1950 2106 2083 2145 eum
2118 2092 2390 2149 omnibus
2437 2096 2765 2154 declaratur
2790 2101 3036 2159 visibilis
3078 2110 3359 2165 creatura.
3394 2092 3587 2170 Potest

1948 2178 2104 2235 etde
2135 2180 2362 2237 Christo
2420 2183 2554 2252 dici,
2589 2186 2687 2257 qui
2742 2187 3036 2247 illuminat
3091 2197 3376 2253 mentium
3431 2204 3587 2257 tene-

1946 2265 2101 2323 bras.

1981 2356 2015 2409 8
2086 2358 2297 2412 Lunam
2325 2366 2376 2413 et
2403 2360 2586 2417 stellas
2617 2364 2675 2418 in
2701 2371 3015 2435 potestatem
3044 2374 3215 2428 noctis
3248 2391 3262 2430 :

2084 2448 2380 2514 Quoniam.

2014 2531 2055 2585 C
2086 2533 2330 2622 Lunam,
2358 2535 2669 2594 Ecclesiam
2700 2540 2980 2601 debemus
3019 2547 3279 2620 accipere
3307 2565 3324 2608 :
3356 2550 3577 2622 stellas,

1942 2618 2071 2689 ejus
2098 2620 2355 2677 diversos
2387 2624 2710 2689 ordines,ut
2740 2634 2876 2684 sunt
2916 2618 3199 2706 episcopi,
3229 2618 3578 2711 presbyteri,

1942 2705 2166 2763 diaconi
2207 2726 2218 2764 :
2253 2709 2351 2781 qui
2384 2711 2541 2766 velut
2592 2715 2770 2770 stellae
2811 2717 3027 2774 scelesti
3078 2705 3581 2783 noscunturvcon;

1937 2796 2264 2852 versatione
2296 2799 2542 2855 radiare.
2572 2803 2678 2867 Qui
2710 2803 2767 2859 in
2799 2812 3143 2877 potestatem
3174 2813 3381 2881 noctis,
3406 2815 3462 2870 id
3493 2821 3581 2871 est

1938 2882 2109 2939 istius
2141 2886 2335 2972 saeculi
2366 2887 2484 2942 dati
2515 2894 2692 2946 sunt:
2718 2897 2783 2948 ut
2811 2910 2917 2966 per
2952 2911 3050 2953 eos
3080 2898 3398 2972 caliginosa
3428 2904 3580 2960 relu-

1939 2974 2105 3024 ceant
2134 2971 2307 3027 corda
2337 2974 2695 3032 mortalium.

1940 3074 2007 3128 10
2081 3074 2188 3143 Qui
2200 3080 2469 3147 percussit
2489 3081 2774 3154 .Egyptum
2803 3103 2927 3141 cum
2951 3091 3333 3164 primogenilis
3351 3112 3535 3155 eorum
3559 3115 3572 3154 :

2080 3164 2366 3232 Quoniam.

2006 3250 2047 3307 C
2076 3253 2360 3343 Quoniam
2390 3254 2632 3343 historia
2670 3264 2805 3317 nota
2846 3268 2952 3332 est,
2975 3265 3278 3325 videamus
3306 3273 3447 3343 quid
3479 3274 3575 3332 hic

1936 3341 2119 3411 possit
2148 3341 2526 3413 spiritualiter
2556 3346 2819 3422 intelligi.
2845 3349 3135 3410 Percussit
3162 3341 3426 3417 Christus
3457 3363 3577 3434 pri-

1933 3427 2133 3484 mitiva
2162 3430 2384 3503 .‘Egypti
2412 3449 2423 3487 :
2453 3436 2686 3505 quando
2716 3437 2889 3495 istius
2919 3442 3113 3497 saeculi
3136 3445 3434 3505 damnavit
3453 3427 3573 3523 glo-

1932 3517 2102 3585 riam,
2127 3535 2253 3589 quae
2291 3521 2605 3591 putabatur
2633 3541 2759 3581 esse
2790 3529 3095 3602 praecipua.
3128 3533 3273 3591 Nam
3312 3517 3485 3594 luxus
3514 3544 3572 3596 et

1934 3606 2208 3679 superbia
2237 3624 2302 3663 ac
2333 3610 2592 3678 avaritia,
2617 3614 2785 3684 quasi
2827 3616 3123 3689 primitiva
3152 3628 3292 3679 sunt
3318 3628 3523 3683 mundi
3558 3647 3572 3685 :

1933 3694 2061 3766 ipsa
2090 3694 2243 3750 erim
2278 3696 2465 3768 primo
2495 3706 2732 3771 generat
2768 3705 3062 3776 pessimus
3098 3716 3315 3781 venter,
3335 3718 3391 3769 et
3423 3715 3577 3773 velut

1935 3782 2141 3838 charos
2173 3784 2322 3840 ﬁlios
2353 3786 2742 3862 amplectitur,
2771 3793 2911 3848 dum
2958 3812 3149 3853 rerum
3199 3799 3446 3859 istarum
3477 3821 3576 3860 cu-

1937 3870 2177 3944 piditate
2206 3873 2555 3945 gratulatur.
2580 3877 2710 3933 Hazc
2741 3884 3029 3951 percussit
3060 3886 3201 3941 dum
3225 3889 3541 3948 damnavit.

1939 3978 2001 4035 11
2080 3978 2187 4047 Qui
2207 3979 2398 4036 eduxit
2425 3982 2594 4037 Israel
2623 3983 2690 4039 de
2719 3985 2892 4042 medio
2923 4003 3110 4045 eorum
3140 4009 3154 4049 :

2082 4068 2368 4135 Quoniam.

2007 4154 2049 4209 Ο
2075 4158 2183 4210 Per
2212 4155 2471 4210 medium
2503 4158 2659 4212 enim
2692 4159 3090 4232 zEgyptiorum
3124 4166 3323 4223 eduxit
3355 4168 3530 4228 Israel
3564 4192 3578 4230 :

1941 4243 2175 4315 quando
2207 4247 2439 4298 sanctos
2470 4260 2608 4300 suos
2639 4263 2673 4300 a
2702 4253 3137 4308 conversatione
3170 4252 3431 4313 liberavit
3461 4277 3584 4331 pes-

1941 4332 2245 4399 simorum,
2278 4335 2333 4385 et
2364 4348 2397 4386 a
2426 4333 2628 4387 mundi
2677 4334 2849 4391 istius
2880 4340 3174 4397 teterrima
3222 4342 3579 4405 habitatione

1940 4417 1998 4475 in
2032 4418 2221 4474 lucem
2253 4434 2371 4474 suae
2399 4420 2657 4476 veritatis
2683 4423 2938 4482 adducit.

1942 4527 2010 4581 12
2080 4526 2142 4581 In
2172 4542 2337 4581 manu
2362 4529 2573 4598 potenti
2598 4536 2648 4583 et
2680 4529 2901 4588 brachio
2924 4536 3152 4590 excelso.

2080 4616 2373 4684 Quoniam.

2007 4702 2049 4757 C
2079 4702 2286 4759 Manus
2331 4701 2540 4758 fortis:
2587 4702 2656 4758 ad
2710 4705 3059 4765 invicibilem
3110 4712 3358 4783 pertinet
3410 4718 3582 4775 actio-

1940 4808 2094 4847 nem.
2132 4789 2439 4846 Brachium
2472 4790 2762 4849 excelsum
2799 4814 2812 4850 :
2845 4798 2917 4851 ad
2958 4799 3441 4871 omnipotentiam
3472 4806 3581 4862 Do-

1940 4878 2081 4935 mini
2112 4878 2492 4951 singularem,
2516 4895 2642 4950 quae
2665 4898 2896 4956 semper
2924 4886 3291 4947 demonstrat
3316 4894 3582 4953 omnium

1937 4983 2133 5023 rerum
2165 4970 2480 5022 auctorem.

1940 5073 2006 5129 13
2080 5072 2186 5141 Qui
2210 5072 2397 5127 divisit
2424 5089 2579 5128 mare
2609 5076 2850 5133 Rubrum
2879 5081 2937 5134 in
2966 5080 3280 5140 divisiones.

2082 5161 2368 5227 Quoniam.

2006 5249 2047 5304 C
2078 5248 2341 5304 Rubrum
2376 5263 2533 5303 mare
2559 5266 2571 5303 :
2593 5256 2683 5306 est
2728 5253 2903 5310 istius
2933 5257 3130 5313 saeculi
3159 5259 3440 5331 permista
3476 5277 3581 5333 pro

1938 5335 2197 5392 funditas
2248 5352 2262 5390 :
2314 5348 2490 5405 quam
2541 5336 2744 5392 multis
2792 5340 3178 5400 divisionibus
3234 5345 3578 5413 transimus,

1937 5416 2171 5496 quando
2201 5421 2462 5477 conversi
2492 5422 2562 5476 ad
2596 5428 2811 5482 terram
2841 5429 3159 5491 viventium
3194 5433 3539 5487 festinamus
3564 5450 3577 5485 :

1936 5511 2083 5569 alter
2110 5510 2266 5566 enim
2298 5526 2399 5581 per
2427 5508 2845 5584 eleemosynas,
2867 5518 3007 5572 alter
3048 5534 3150 5589 per
3177 5520 3424 5575 assiduas
3463 5532 3584 5572 ora-

1937 5602 2129 5665 tiones,
2158 5598 2300 5653 alter
2342 5612 2442 5668 per
2482 5598 2882 5671 virginitatem,
2915 5605 3057 5660 alter
3107 5622 3208 5678 per
3260 5606 3583 5662 charitatem

1938 5687 2143 5749 transit
2172 5685 2243 5743 ad
2276 5688 2481 5744 Deum.

3192 5810 3268 5872 16
