3878 6408
254 415 368 478 491

261 549 329 605 14
400 555 458 616 σξη
495 553 572 604 Et
615 553 630 612 ξ
663 549 856 605 eduxit
885 548 1052 604 Israel
1077 565 1176 621 per
1203 549 1443 604 medium
1471 550 1586 619 ejus
1621 565 1633 604 :

401 641 699 710 Quoniam.

329 728 372 784 Ο
404 728 467 784 Et
501 728 708 784 eduxit
737 727 916 784 Israel
943 746 955 784 :
983 727 1262 801 quoniam
1293 726 1402 782 iste
1422 724 1748 781 versiculus
1769 741 1927 797 repe-

261 817 406 873 titus
439 821 553 884 est,
583 816 871 890 expositio
901 817 1176 890 superius
1205 816 1363 871 dicta
1391 815 1666 871 sufficiat.

264 905 336 962 45
407 907 474 962 Et
501 909 742 963 excussit
765 908 1142 973 Pharaonem,
1174 915 1223 962 et
1254 905 1514 960 virtutem
1546 905 1664 976 ejus
1695 905 1754 958 in
1784 901 1932 956 mari

482 996 665 1052 Rubro
692 1015 706 1052 :

411 1088 715 1157 Quoniam.

342 1174 384 1230 C
412 1175 482 1230 Et
511 1173 767 1230 excussit
795 1173 1180 1242 Pharaonem,
1208 1175 1264 1231 id
1311 1180 1420 1242 est,
1452 1170 1749 1229 diabolum
1797 1185 1932 1224 cum

272 1262 564 1319 ministris
597 1262 742 1330 suis,
774 1262 833 1318 in
879 1263 1039 1320 fonte
1088 1264 1322 1333 salutis,
1357 1265 1414 1319 id
1466 1267 1555 1318 est
1601 1257 1881 1333 baptismi
1914 1273 1928 1312 :

272 1352 371 1408 ubi
401 1368 501 1408 eos
534 1369 651 1408 suae
684 1353 953 1424 potentiae
983 1353 1196 1410 virtute
1243 1356 1518 1409 removet.
1544 1349 1812 1406 Excussit
1839 1364 1938 1402 au'

271 1445 388 1498 tem
417 1440 565 1496 dixit
595 1440 726 1513 (hoc
769 1446 859 1496 est
907 1441 1077 1513 quasi
1127 1442 1426 1515 pulverem
1473 1439 1737 1514 projccit)
1769 1441 1835 1493 ut
1864 1437 1934 1492 de

270 1528 564 1586 celeritate
594 1533 651 1584 et
677 1529 954 1584 virtutem
984 1530 1309 1586 divinitatis
1340 1529 1691 1594 ostenderet,
1715 1530 1772 1581 et
1802 1525 1934 1581 illos

270 1624 534 1675 terrenas
565 1618 768 1674 sordes
795 1635 922 1674 esse
954 1623 1330 1676 monstraret.

274 1709 340 1764 16
411 1709 524 1778 Qui
555 1708 873 1765 transduxit
898 1711 1163 1781 populum
1191 1727 1354 1765 suum
1381 1725 1482 1781 per
1507 1707 1773 1764 desertum
1810 1722 1823 1760 :

416 1797 706 1866 Quoniam.

1171 418 1234 476 S.
1281 415 1680 476 BRUNONIS
1725 411 2352 475 HERBIPOLENSIS
2398 414 2780 476 EPISCOPI.

1952 550 2005 615 Α
2037 545 2172 602 lllos
2205 545 2363 607 enim
2393 552 2725 620 sequestrat
2747 566 2761 604 :
2783 548 2887 622 qui
2907 548 3283 621 jussionibus
3313 550 3442 621 ejus
3465 550 3688 606 restite-

3574 417 3690 478 492

2035 639 2193 701 runt,
2227 633 2347 690 sive
2376 635 2632 705 Judzeos,
2665 637 2789 694 sive
2815 637 3200 700 Christianos.

2031 725 2102 779 23
2178 725 2329 796 Quia
2360 726 2417 778 in
2449 725 2769 783 humilitate
2797 734 2984 784 nostra
3009 744 3217 785 memor
3243 729 3356 800 fuit
3379 730 3559 784 nostri
3586 746 3606 784 :

2177 815 2472 884 Quoniam.

2107 905 2148 956 C
2179 901 2308 975 Ipse
2340 902 2497 960 enim
2528 903 2794 962 Christus
2826 906 3180 962 monstravit
3211 905 3382 962 nobis
3413 911 3473 963 et
3500 905 3695 963 humi-

2037 987 2222 1046 litatis
2271 991 2446 1058 viam,
2477 996 2534 1048 et
2567 993 2861 1066 patientiae
2911 992 3700 1069 disciplinam.0uapropter

2038 1077 2101 1134 in
2145 1077 2477 1137 humilitate
2527 1083 2854 1154 positorum
2904 1099 3132 1140 memor
3176 1083 3288 1140 fuit
3317 1101 3332 1139 :
3366 1085 3604 1158 quando
3631 1084 3700 1142 in

2039 1169 2294 1226 adventu
2354 1187 2461 1227 suo
2510 1187 2610 1227 eos
2658 1171 2892 1246 proprio
2942 1189 3149 1230 cruore
3199 1172 3483 1230 liberavit.
3532 1174 3698 1230 Tunc

2041 1273 2276 1330 quoque
2315 1256 2493 1315 latius
2524 1259 2698 1332 cmpit
2743 1261 3063 1319 desiderari
3107 1261 3436 1330 humilitas,
3459 1263 3700 1336 quando

2042 1364 2172 1403 eam
2203 1347 2263 1402 in
2295 1364 2358 1404 se
2387 1348 2674 1406 Dominus
2701 1349 2967 1406 Salvator
2991 1351 3268 1410 ostendit.

2040 1436 2112 1490 24
2185 1438 2250 1492 Et
2277 1437 2508 1494 redemit
2531 1455 2627 1496 nos
2656 1439 2725 1494 ab
2754 1441 3001 1496 inimicis
3027 1442 3228 1497 nostris
3256 1458 3277 1496 :

2188 1527 2477 1594 Quoniam.

2118 1613 2160 1669 (Ξ
2195 1614 2463 1672 Redemit
2489 1616 2649 1672 enim
2675 1634 2784 1674 nos
2809 1635 2844 1674 a
2873 1618 3124 1674 diversis
3157 1617 3410 1690 injuriis,
3434 1617 3507 1674 de
3537 1623 3706 1691 pote-

2043 1709 2193 1760 state
2225 1703 2463 1774 diaboli,
2487 1707 2724 1779 quando
2755 1705 2943 1780 alapis
2972 1723 3180 1775 caesus,
3207 1706 3705 1780 flagellatus,ver~

2044 1791 2283 1848 beratus
2312 1799 2403 1848 est
2435 1799 2494 1850 et
2520 1795 2873 1868 sanguinem
2904 1796 2966 1852 in
2997 1797 3252 1870 pretium
3281 1793 3460 1852 dedit.

343 1887 384 1943 C
412 1885 689 1942 Desertus
720 1886 876 1942 enim
909 1887 1122 1944 dicilur
1143 1887 1404 1944 mundus
1430 1904 1443 1942 :
1473 1884 1573 1958 qui
1603 1883 1802 1940 divina
1820 1880 1935 1938 ele-
1964 1925 2014 1991 Β
2043 1883 2116 1936 25
2190 1881 2298 1950 Qui
2323 1883 2418 1939 dat
2445 1901 2622 1940 escam
2650 1887 2806 1942 omni
2832 1887 2992 1942 carni
3018 1904 3038 1942 :

567 1975 578 1986 .
661 1980 670 1991 .
787 1976 811 1991 ..
851 1976 884 1991 ..
986 1981 996 1991 .
1165 1977 1196 1991 ..
1310 1977 1318 1986 .
1555 1979 1566 1991 .
1627 1990 1642 1991 η
1699 1971 1822 1991 μμ
1863 1969 1930 1991 ,λ

271 1976 462 2032 ctione
494 1975 752 2048 privatus
783 1976 916 2043 fuit,
947 1981 1003 2034 et
1034 1977 1241 2034 merito
1274 1977 1358 2031 sic
1406 1979 1666 2039 vocatur,
1691 1971 1833 2044 quia
1860 1969 1932 2028 ad

273 2082 337 2121 se
389 2064 720 2122 venientem
778 2083 897 2122 non
954 2065 1173 2139 recepit
1231 2070 1553 2123 auctorem.
1588 2061 1676 2118 Illi
1730 2077 1868 2132 ergo
1899 2075 1935 2116 a

274 2153 504 2211 Christo
535 2170 636 2226 per
680 2171 815 2212 eum
853 2156 1337 2221 transducuntur,
1366 2153 1468 2226 qui
1499 2151 1669 2208 illaesi
1700 2167 1733 2206 a
1763 2147 1936 2208 malis

274 2245 403 2316 ejus
437 2247 868 2316 pertranseunt.

277 2335 344 2390 17
421 2334 526 2402 Qui
550 2335 821 2404 percussit
850 2350 999 2405 reges
1028 2351 1252 2407 magnos
1285 2351 1298 2390 :

419 2424 692 2491 Quoniam
721 2425 781 2478 in.
805 2432 1099 2480 aeternum.

345 2511 388 2568 Ο
419 2512 718 2569 Percussit
743 2529 910 2586 reges
941 2529 1188 2584 magnos
1223 2530 1236 2568 :
1269 2510 1505 2583 quando
1537 2509 1596 2564 in
1628 2506 1799 2564 corde
1830 2521 1934 2562 no-

275 2605 396 2656 stro
426 2599 680 2656 cmlestis
725 2601 990 2656 medicus
1040 2601 1224 2672 impia
1271 2598 1562 2654 desideria
1611 2595 1930 2653 exstinxit:

274 2694 416 2745 tunc
446 2687 606 2743 enim
637 2705 744 2744 nos
772 2687 1046 2755 vivimus,
1071 2689 1212 2744 dum
1236 2687 1337 2743 illa
1367 2686 1735 2742 moriuntur:
1759 2685 1936 2740 Econ-

275 2776 458 2834 trario
491 2793 728 2833 necesse
757 2781 846 2834 est
877 2795 984 2834 nos
1013 2778 1415 2845 succumbere,
1442 2776 1488 2832 si
1519 2773 1818 2846 contingat
1836 2772 1940 2830 illa

279 2881 579 2940 superare.

280 2957 350 3011 18
422 2956 489 3012 Et
515 2955 712 3011 occidit
737 2973 888 3029 reges
917 2958 1082 3028 fortes
1117 2974 1130 3012 :

425 3045 694 3114 Quoniam
725 3048 785 3102 in
812 3055 1104 3104 wtemum.

351 3139 392 3190 C
420 3135 607 3207 Reges
637 3135 813 3191 fortes
861 3136 1077 3191 occidit
1109 3153 1121 3191 :
1155 3134 1390 3207 quando
1423 3151 1456 3189 a
1487 3133 1655 3189 nobis
1703 3131 1939 3206 expellit

2188 1971 2478 2039 Quoniam.

2113 2063 2153 2114 C
2183 2060 2292 2116 Dat
2320 2078 2516 2118 escam
2547 2062 2709 2119 carni
2739 2081 2752 2120 :
2776 2079 2911 2119 cum
2954 2080 3095 2126 suos
3137 2063 3337 2121 ﬁdeles
3373 2080 3621 2138 corpore
3646 2071 3708 2122 et

2042 2149 2329 2223 sanguine
2360 2168 2467 2208 suo
2499 2153 2769 2225 saginare
2798 2157 2856 2211 et
2880 2154 3094 2211 satiare
3123 2154 3420 2228 dignatur.
3442 2154 3503 2210 Si
3525 2155 3706 2210 etiam

2043 2241 2116 2296 ad
2149 2239 2403 2296 litteram
2423 2241 2742 2315 intelligas,
2765 2259 2875 2300 sua
2895 2242 3298 2302 misericordia
3316 2243 3521 2302 omnia
3546 2248 3708 2300 tenet

2043 2334 2101 2384 et
2125 2329 2299 2385 cibat.

2043 2419 2114 2472 26
2189 2420 2537 2490 Conﬁtemini
2562 2423 2669 2477 Deo
2695 2421 2818 2476 orati
2845 2439 2864 2475 :

2187 2508 2461 2576 Quoniam
2491 2511 2552 2564 in
2574 2517 2867 2566 arta-num.

2114 2594 2157 2650 C
2187 2596 2559 2654 Confitemini
2593 2599 2709 2654 Deo
2739 2597 2891 2667 cmli,
2923 2597 2981 2653 id
3012 2604 3103 2654 est
3139 2597 3367 2654 debitas
3395 2599 3447 2654 ei
3479 2598 3710 2658 reddite

2043 2683 2270 2752 laudes,
2302 2687 2402 2758 qui
2454 2703 2560 2744 nos
2585 2703 2620 2742 a
2647 2686 2895 2744 terrenis
2946 2687 3021 2744 ad
3069 2685 3328 2744 cmlestia
3371 2693 3705 2744 commuta-

2044 2773 2147 2830 vit.

2045 2865 2115 2918 27
2185 2871 2242 2932 σξη
2291 2865 2636 2937 Conﬁtemini
2663 2868 2900 2924 Domino
2928 2866 3324 2923 dominorum:

2191 2956 2460 3023 Quoniam
2517 2960 2532 3020 ζ

2117 3043 2160 3098 C
2191 3043 2476 3100 Memorat
2531 3045 2745 3102 iterum
2785 3044 2844 3101 in
2895 3045 3030 3114 line,
3058 3061 3162 3119 per
3215 3044 3410 3118 ipsum
3467 3060 3706 3102 versum

2047 3148 2223 3204 quem
2255 3133 2314 3188 in
2343 3133 2533 3206 capite
2565 3135 2784 3207 posuit,
2815 3151 2943 3192 esse
2982 3135 3382 3192 conﬁtendum
3411 3151 3425 3190 :
3457 3149 3532 3190 ne
3555 3133 3704 3206 quid

280 3225 587 3293 dmmonia,
613 3224 980 3282 immissione
1001 3225 1160 3282 varia
1180 3223 1823 3298 grassantiazquorum
1846 3239 1940 3277 νο-
1992 3297 1999 3298 7
2048 3226 2258 3294 praeter
2298 3223 2428 3294 ejus
2486 3223 2720 3281 laudem
2767 3229 2826 3282 et
2873 3223 3336 3282 misericordiam
3385 3223 3480 3297 agi
3530 3239 3705 3296 posse

281 3313 478 3371 luntas
513 3312 668 3371 mala
696 3318 836 3370 tunc
880 3297 1292 3387 exstinguitur,
1317 3313 1366 3368 si
1417 3311 1680 3368 ﬁdelium
1729 3310 1938 3368 animae
1970 3297 2014 3365 C
2047 3311 2398 3368 crederetur.

281 3404 354 3462 ab
385 3419 588 3460 eorum
619 3407 905 3477 potestate
935 3402 1239 3459 tollantur.

282 3492 352 3547 19
422 3493 563 3548 Seon
593 3507 776 3562 regem
805 3491 1240 3548 Amorrha’orum
1268 3510 1286 3547 :

425 3580 716 3648 Quoniam.

351 3668 392 3724 C
421 3668 572 3724 Seon
603 3667 843 3740 quidem
889 3668 1306 3740 interpretatur
1339 3667 1578 3724 tcntatio
1608 3665 1934 3736 oculorum,

279 3756 402 3816 sive
446 3757 621 3813 arbor
671 3756 1056 3812 infructuosa.
1106 3756 1499 3824 Amorrhams,
1551 3755 1935 3822 exacerbatio,

279 3862 406 3918 qua:
430 3845 629 3902 omnia
647 3845 920 3901 videntur
943 3847 1014 3900 ad
1043 3844 1343 3902 diabolum
1365 3844 1673 3919 pertinere.
1698 3845 1827 3919 Ipse
1849 3851 1940 3903 est

278 3934 438 3991 enim
469 3935 642 3990 arbor
672 3934 1058 4001 infructuosa,
1093 3935 1218 4007 ipse
1268 3939 1357 3991 est
1405 3934 1789 3990 exacerbatio.
1824 3935 1936 3992 Sed

275 4023 398 4080 hinc
426 4023 486 4080 in
517 4023 690 4080 nobis
711 4023 998 4080 Dominus
1020 4024 1250 4089 occidit,
1274 4025 1509 4098 quando
1542 4042 1648 4080 nos
1671 4023 1741 4080 ad
1773 4024 1938 4081 insti-

158 4111 164 4115 ’
273 4117 403 4170 tuta
434 4131 543 4176 sua
573 4130 805 4170 morum
841 4115 1150 4170 sanctitate
1181 4113 1537 4187 perduxerit.

271 4204 345 4258 20
416 4203 482 4260 Et
524 4203 622 4275 Og,
655 4219 836 4274 regem
868 4205 1072 4260 Basan.

419 4292 710 4361 Quoniam.

341 4380 382 4436 C
407 4381 528 4454 0g:
555 4380 854 4438 conclusio
881 4399 981 4438 seu
1011 4399 1359 4440 coacervans
1383 4383 1829 4456 interpretatum
1852 4383 1934 4438 di-

269 4470 441 4526 citur.
474 4471 664 4528 Basan
699 4490 712 4528 :
747 4467 1033 4541 confusio,
1057 4477 1114 4530 et
1143 4471 1445 4530 diabolum
1479 4473 1791 4548 signiﬁcat.
1821 4473 1928 4540 Qui

268 4565 421 4616 recte
475 4561 741 4618 conlusio
797 4563 1014 4620 dicitur
1059 4581 1072 4619 :
1126 4563 1407 4636 quoniam
1462 4581 1601 4618 suos
1649 4579 1930 4638 sequaces

267 4650 596 4719 confundit,
623 4656 680 4707 et
712 4651 837 4725 ipse
869 4653 928 4707 in
951 4651 1178 4725 judicio
1199 4652 1294 4708 Dei
1318 4653 1390 4708 de
1417 4652 1778 4708 beatitudine
1808 4651 1925 4708 dis-
1959 4673 2008 4738 Β

267 4739 418 4794 cedit
440 4741 723 4796 confusus
749 4760 761 4796 :
785 4741 913 4814 ipse
945 4758 1178 4814 quoque
1210 4745 1445 4814 peccata
1475 4745 1678 4799 nostra
1706 4757 1930 4797 coacer-

261 4833 358 4884 vat
391 4833 455 4884 ut
483 4834 738 4899 accuset,
771 4837 829 4886 et
854 4829 1011 4886 viam
1061 4830 1134 4885 ad
1180 4830 1363 4886 Deum
1414 4830 1709 4886 concludit
1740 4848 1812 4886 ne
1840 4829 1922 4886 vi-

263 4917 493 4973 deatur.

259 5007 323 5060 21
401 5011 457 5070 ἐς
494 5006 558 5061 Et
585 5005 732 5060 dedit
759 5013 960 5060 terram
988 5021 1176 5061 eorum
1205 5007 1578 5064 hereditatem
1613 5014 1626 5072 ζ
1671 5025 1690 5064 :

407 5092 696 5158 Quoniam.

331 5183 372 5234 C
401 5179 547 5233 Data
575 5185 664 5234 est
699 5183 849 5236 terra
889 5180 991 5237 illa
1033 5186 1258 5238 aeterna:
1290 5185 1673 5242 beatitudinis
1704 5186 1920 5259 populo

262 5264 614 5334 Christiano,
642 5284 768 5338 qua:
817 5271 1010 5324 fuerat
1039 5271 1299 5336 pollicita
1345 5274 1585 5330 Judwis.
1609 5274 1730 5330 Illis
1761 5276 1916 5331 enim

259 5353 320 5407 in
353 5370 462 5408 sua
495 5353 802 5425 iniquitate
835 5358 1129 5428 projectis,
1159 5361 1379 5416 sanctis
1405 5379 1470 5416 ac
1502 5362 1774 5419 fidelibus
1794 5381 1922 5436 pro-

262 5441 447 5496 missa
477 5439 840 5500 hereditatis
871 5445 1111 5514 praemia
1139 5449 1538 5504 conferuntur.

257 5531 330 5582 22
403 5528 784 5586 Ha’reditatem
812 5531 984 5585 Israel
1012 5547 1164 5588 servo
1193 5550 1288 5589 suo
1317 5554 1338 5588 .-

401 5617 694 5682 Quoniam.

328 5706 368 5764 C
397 5703 542 5762 Cum
575 5703 714 5764 dicit
744 5721 910 5764 servo
947 5721 1074 5780 suo,
1099 5705 1158 5764 id
1189 5712 1278 5766 est
1307 5710 1634 5772 Christiano
1674 5717 1912 5792 populo.

2521 3420 2724 3460 ORATIO
2755 3420 2821 3460 EX
2849 3420 3000 3460 Ρειι..
3031 3420 3234 3459 (λων.

2114 3489 2338 3547 Memor
2363 3490 2752 3549 humanitatis
2775 3497 2984 3549 nostris
3008 3493 3304 3561 miserere,
3326 3490 3702 3564 omnipotens

2044 3579 2227 3650 Deus;
2263 3585 2328 3636 ut
2348 3581 2449 3655 qui
2479 3582 2779 3655 quondam
2810 3581 3076 3656 patribus
3105 3583 3326 3638 nostris
3347 3588 3562 3637 terram
3592 3581 3699 3637 ad-

2042 3671 2434 3727 versariorum
2467 3671 2526 3726 in
2553 3671 2951 3728 haereditatem
2983 3671 3212 3727 donasti
3247 3688 3262 3726 :
3291 3687 3398 3726 nos
3429 3688 3460 3725 a
3493 3685 3702 3742 pecca-

2045 3757 2120 3814 tis
2149 3757 2365 3816 liberos
2394 3777 2529 3816 cum
2550 3766 2652 3817 tua
2681 3759 3016 3816 haereditate
3038 3760 3350 3816 constitue.
3379 3759 3487 3816 Per
3504 3757 3708 3814 Domi-

2047 3864 2189 3903 num
2223 3853 2490 3905 nostrum
2516 3849 2744 3917 Jesum,
2777 3853 2886 3904 etc.

2546 3937 2875 3995 PSALMUS
2913 3937 3198 3995 CXXXVI.

2444 4042 2849 4084 ARGUMENTUM
2881 4043 3040 4083 PSAL.
3071 4045 3274 4084 CXXXVI
3283 4071 3296 4084 .

2117 4116 2158 4171 Β
2189 4116 2522 4190 Tripliciter
2562 4116 2656 4172 hic
2704 4115 2972 4189 psalmus
3024 4115 3272 4191 intelligi
3325 4121 3518 4191 potest
3570 4134 3584 4171 :
3633 4116 3710 4172 de

2043 4206 2376 4279 captivitate
2403 4205 2649 4262 Judaica
2679 4205 2737 4262 in
2763 4205 3054 4279 Babylone
3079 4224 3092 4263 :
3117 4210 3176 4262 et
3195 4206 3267 4263 de
3297 4204 3710 4280 peccatoribus

2042 4296 2116 4352 ab
2149 4295 2402 4352 Ecclesia
2431 4295 2633 4367 ejectis
2667 4313 2680 4350 :
2713 4300 2771 4351 et
2798 4296 2870 4351 de
2918 4312 2989 4354 ea
3035 4296 3340 4368 ejectione,
3364 4309 3481 4368 qua
3523 4293 3706 4368 primi

2041 4383 2228 4441 nostri
2259 4389 2534 4456 parentes
2563 4384 2635 4440 de
2667 4382 2943 4456 paradiso
2971 4382 3198 4456 expulsi
3229 4388 3390 4441 sunt.
3653 4378 3656 4382 ’

2493 4473 2608 4529 ΤΤ.
2639 4477 2696 4539 ἐς
2730 4471 2906 4528 David
2931 4473 3180 4546 psalmus
3223 4479 3238 4540 ζ

2076 4565 2102 4619 1
2180 4563 2357 4636 Super
2381 4565 2619 4634 ﬂumina
2648 4561 2949 4634 Babyloni:
2995 4562 3116 4618 illic
3159 4562 3398 4621 sedimus
3437 4566 3494 4618 et
3536 4563 3699 4632 ﬂevi-

2253 4667 2424 4710 mus:

2179 4743 2321 4798 Dum
2344 4741 2760 4798 reoordaremur
2785 4740 2940 4798 Sion.

2105 4831 2152 4887 H
2185 4830 2480 4903 Babylon:
2513 4829 2780 4886 conlusio
2825 4829 3269 4903 interpretatur,
3295 4834 3355 4889 et
3397 4825 3700 4903 signiﬁcat

2033 4924 2380 4994 praesentem
2431 4919 2742 4976 mundum.
2777 4911 3022 4976 Flumen
3064 4936 3078 4976 :
3124 4919 3420 4993 signiﬁcat
3470 4934 3698 4974 unum-

2033 5025 2330 5083 quemque
2359 5008 2671 5082 pulchrum
2703 5009 2776 5065 ad
2806 5008 3036 5078 horam,
3063 5009 3235 5081 cujus
3264 5009 3373 5066 ﬂos
3400 5005 3554 5064 sicut
3581 5011 3696 5064 ttu-

2031 5115 2166 5156 men
2196 5098 2426 5158 transit.
2459 5097 2500 5154 C
2529 5103 2719 5172 Supra
2761 5098 3011 5176 ﬂumina
3055 5097 3264 5154 sedent
3309 5096 3510 5154 ﬁdeles
3537 5112 3552 5153 :
3585 5095 3692 5170 qui

2029 5188 2427 5263 captivitatem
2466 5188 2526 5245 in
2569 5187 2680 5244 hoc
2738 5189 2962 5244 mundo
3017 5187 3347 5260 patiuntur,
3377 5191 3436 5244 et
3491 5184 3690 5258 suspi-

2028 5284 2226 5334 rantes
2248 5277 2537 5335 desiderio
2559 5277 2758 5351 patriae
2780 5275 3038 5334 cmlestis
3052 5267 3437 5345 Hierusalem,
3451 5291 3686 5334 amaras

2027 5365 2320 5441 lacrymas
2348 5367 2623 5422 fundunt.

2062 5460 2098 5510 2
2159 5440 2234 5512 DIn
2259 5455 2524 5512 salicibus
2555 5458 2612 5511 in
2628 5440 2821 5512 "medio
2847 5455 2964 5527 ejus
2993 5471 3009 5510 :

2168 5546 2560 5618 Suspendimus
2587 5561 2800 5616 organa
2826 5549 3038 5600 nostra.

2096 5635 2142 5691 Η
2175 5635 2330 5693 Salix
2359 5639 2448 5691 est
2475 5634 2704 5707 lignum
2728 5635 3182 5700 infructuosum,
3204 5636 3262 5688 et
3281 5631 3503 5688 dicitur
3525 5633 3686 5705 quod

2024 5722 2074 5780 si
2101 5725 2234 5798 quis
2255 5741 2325 5783 ex
2343 5721 2445 5781 illa
2465 5723 2712 5802 accipiat
2731 5711 3156 5804 potionem'aut
3175 5721 3512 5794 manducet,
3529 5717 3692 5784 ﬁlios
