3878 6418
140 446 268 515 m

1399 451 1806 516 EXPOSI’I‘IO
1824 494 1830 499 ο
1848 451 2359 519 PSALMORUM.

3454 455 3579 526 498

141 580 277 640 luit.
304 581 608 657 Cognovit
636 599 798 654 eum,
822 581 878 641 id
922 585 1011 641 est
1052 581 1327 654 ostendit,
1362 585 1597 657 quando
1626 584 1771 642 dixit
1804 602 1818 642 :
1849 585 1907 654 Α
1934 589 2264 657 contuetur,
2295 589 2493 648 omnia
2523 594 2804 665 penetrat.
2837 593 2883 649 A
2909 589 3011 649 Vel
3051 592 3336 667 paznitens
3368 591 3575 668 quaerit

144 672 249 729 Hic
273 677 370 727 est
392 671 586 728 Filius
608 689 781 729 meus
801 672 1047 729 dilectus
1069 673 1128 728 in
1150 690 1267 745 quo
1296 673 1438 730 mihi
1463 674 1822 747 cemplacui:

144 761 353 833 ipsum
388 761 600 816 audite
650 761 870 830 (Matth.
902 765 1044 831 xm).
1070 761 1223 818 Bene
1271 766 1467 817 autem
1516 762 1824 835 appellata,

144 849 361 916 sessio,
398 866 568 905 mors
597 854 693 906 est
718 850 1053 918 Salvateris,
1081 850 1139 905 in
1177 866 1294 922 qua
1340 866 1455 905 non
1502 868 1690 922 pmna,
1723 852 1825 907 sed

144 938 390 1010 requies
444 938 583 994 fuit.
616 939 666 994 A
696 938 821 1007 Vel,
860 938 1121 1012 probasti
1172 954 1285 1005 me,
1321 938 1380 994 in
1431 938 1736 1011 passione:
1768 944 1825 996 et

145 1025 508 1101 cognovisti,
532 1026 595 1081 id
618 1030 712 1082 est
740 1027 1039 1099 cognitum
1061 1026 1269 1093 fecisti,
1293 1026 1354 1082 in
1384 1027 1822 1084 resurrectione.

147 1114 385 1187 Repetit
417 1114 585 1169 enim
619 1114 679 1169 in
714 1131 830 1186 quo
874 1113 1172 1187 cognitum
1206 1130 1340 1169 eum
1372 1114 1591 1181 fecerit,
1613 1114 1672 1170 in
1703 1132 1824 1171 ses-

146 1203 315 1259 sione
348 1201 611 1269 scilicet,
638 1202 698 1258 id
731 1205 821 1258 est
851 1201 1297 1275 passione,quia
1325 1202 1533 1258 sedens
1555 1219 1617 1258 se
1637 1202 1827 1259 humi-

144 1291 273 1359 liat,
299 1296 360 1346 et
390 1290 675 1347 Christus
732 1289 1064 1346 humiliavit
1102 1307 1165 1346 se
1204 1307 1391 1362 usque
1448 1290 1520 1346 ad
1578 1295 1824 1347 mortem

146 1380 365 1447 crucis,
392 1384 455 1435 et
488 1378 551 1434 in
578 1378 1008 1435 resurrectione
1042 1382 1243 1434 notum
1261 1378 1535 1434 omnibus
1568 1379 1721 1444 fecit,
1744 1380 1825 1436 ita

148 1468 443 1541 probavit,
480 1467 544 1522 id
598 1471 692 1523 est
738 1468 1054 1541 probatum
1106 1466 1362 1523 ostendit
1415 1471 1472 1523 et
1527 1467 1823 1540 cognitum

148 1558 368 1613 Filium
402 1573 594 1612 suum
629 1559 801 1629 pater
829 1560 1098 1611 aeternus.

179 1651 214 1701 2
287 1645 642 1704 Intellexisti
667 1646 1016 1716 cogitationes
1040 1660 1189 1701 meas
1217 1644 1284 1699 de
1312 1644 1466 1715 longe
1495 1663 1514 1699 :

285 1734 570 1791 Semitam
599 1749 784 1789 meam
800 1742 853 1789 et
876 1733 1190 1805 funiculum
1209 1749 1391 1788 meum
1409 1734 1769 1804 investigasti.

212 1823 256 1879 C
278 1825 326 1879 A
353 1821 564 1895 longe,
593 1820 693 1877 hic
726 1837 843 1877 non
874 1820 1089 1888 locum,
1114 1821 1219 1877 sed
1248 1825 1481 1892 tempus
1508 1820 1819 1892 signiﬁcat,

150 1913 288 1985 quia
314 1928 440 1967 non
473 1908 681 1966 solum
714 1910 869 1965 facta
897 1912 1099 1966 nostra
1129 1908 1424 1981 praevidet,
1447 1926 1647 1964 verum
1670 1910 1823 1981 cogi-
1860 1944 1906 2008 Β

147 1999 401 2056 tationes
433 2001 710 2068 nostras,
740 2002 1058 2068 antequam
1100 2014 1207 2052 nes
1239 1997 1347 2068 ipsi
1397 1997 1824 2065 existimamus,

151 2088 439 2161 agnoscit.
465 2084 715 2142 Semitas
751 2084 1043 2157 pertinent
1072 2084 1147 2140 ad
1190 2084 1396 2141 tacitas
1427 2084 1825 2155 cogitationes,

157 2175 463 2234 funiculus
495 2174 577 2230 ad
600 2174 775 2245 justa
793 2171 1041 2244 judicia.

148 2334 157 2339 ξ
182 2268 219 2321 3
288 2267 355 2321 Et
385 2279 589 2321 omnes
618 2263 741 2318 vias
771 2278 920 2317 meas
946 2260 1259 2333 praevidisti
1287 2279 1305 2315 :

292 2353 439 2422 Quia
468 2367 592 2407 non
619 2356 703 2405 est
729 2364 906 2405 sermo
937 2350 995 2405 in
1028 2349 1224 2418 lingua
1251 2364 1391 2405 mea.

146 2512 149 2513 ν
220 2443 262 2497 C
286 2441 409 2497 Via:
442 2440 521 2497 ad
556 2442 732 2495 actus
757 2437 1045 2511 pertinent
1077 2436 1396 2494 humanos.
1422 2436 1679 2493 Prsevisae
1700 2455 1830 2493 vere

151 2549 212 2587 ai
308 2532 457 2588 sunt
487 2527 602 2583 via:
634 2526 789 2599 ejus,
841 2524 899 2581 id
953 2528 1042 2581 est
1087 2540 1281 2600 opera,
1311 2529 1377 2580 ut
1422 2533 1472 2580 et
1512 2528 1831 2599 prephctata

153 2622 308 2690 longe
334 2627 472 2675 ante
520 2623 837 2672 noscantur
866 2614 1076 2670 Christi
1121 2629 1303 2686 opera,
1339 2613 1491 2668 sicut
1519 2614 1589 2669 de
1617 2614 1829 2670 Christi

154 2706 613 2765 mansuetudine
664 2704 849 2760 Isaias
888 2702 1031 2758 dixit
1064 2721 1077 2758 :
1109 2702 1269 2757 Sicut
1299 2702 1422 2758 ovis
1467 2703 1539 2757 ad
1589 2702 1828 2759 occisio-

153 2814 281 2853 nem
314 2797 542 2851 ductus
581 2797 691 2860 est,
722 2796 832 2848 etc.
858 2794 986 2860 (Isa.
1013 2791 1150 2862 LIII).
1176 2790 1300 2845 Non
1342 2794 1433 2845 est
1474 2807 1685 2858 sermo,
1718 2792 1832 2847 uti-

153 2903 259 2960 que
290 2882 603 2949 falsitatis,
629 2881 773 2955 quia
816 2894 1120 2952 nunquam
1173 2880 1284 2935 sub
1337 2878 1536 2951 aliqua
1581 2879 1831 2937 falsitate

154 2974 381 3031 locutus
416 2976 511 3029 est
544 2969 848 3027 Christus.

186 3064 218 3119 4
288 3067 446 3128 Ecce,
479 3059 725 3116 Domine
751 3064 807 3124 ἦ·
845 3066 908 3113 tu
947 3064 961 3123 ;
1001 3058 1301 3128 cognovisti
1324 3058 1508 3111 omnia
1538 3058 1832 3113 novissima

368 3159 423 3207 et
452 3149 701 3220 antiqua
728 3164 750 3201 .-

289 3249 345 3307 σξ-
385 3240 463 3295 Tu
506 3244 523 3305 ζ
559 3234 835 3309 formasti
860 3250 946 3291 me
967 3242 1021 3290 et
1045 3235 1282 3306 posuisti
1306 3248 1471 3305 super
1495 3249 1583 3288 me
1606 3249 1833 3288 manum

366 3336 547 3385 tuam.

228 3419 268 3475 C
298 3417 449 3487 Quod
494 3414 649 3471 dicit
703 3410 1024 3485 cognovisti
1075 3410 1273 3466 omnia
1327 3408 1664 3474 novissima,
1718 3409 1828 3465 hoc

161 3506 409 3578 pertinet
431 3505 504 3560 ad
552 3500 1028 3557 incarnationem
1050 3497 1258 3570 ipsius,
1301 3514 1429 3570 qua:
1451 3498 1602 3554 facta
1624 3501 1713 3554 est
1733 3514 1830 3552 ne-

159 3592 415 3649 vissimis
475 3587 859 3663 temporibus
889 3586 1030 3655 (Gal.
1067 3586 1174 3657 iv);
1216 3589 1282 3641 ut
1336 3584 1553 3641 Paulus
1611 3585 1711 3641 ait.
1764 3586 1830 3641 Et

157 3679 450 3737 Jehannes
481 3679 570 3734 ait
602 3694 617 3732 :
667 3673 881 3743 Filieli,
911 3673 1232 3730 novissima
1280 3672 1425 3743 hera
1470 3677 1561 3729 est
1589 3673 1638 3743 (1
1660 3677 1825 3732 Joan.

162 3769 240 3837 ιι).
272 3768 555 3841 Antiqua,
588 3766 651 3820 id
685 3767 778 3819 est
806 3767 1043 3830 aeterna,
1078 3779 1207 3834 qua;
1249 3778 1351 3817 nec
1382 3760 1548 3816 initio
1580 3778 1683 3817 nec
1717 3763 1828 3817 ﬁne

160 3856 535 3914 clauduntur.
561 3851 860 3911 Fermasti
902 3867 1017 3917 me,
1059 3849 1373 3923 signiﬁcat,
1407 3850 1683 3921 genuisti.
1715 3850 1826 3905 Pe-

163 3947 276 4002 suit
296 3947 470 4002 Pater
493 3958 751 4000 manum
776 3957 957 4014 super
976 3956 1132 4005 eum,
1159 3955 1291 3994 eum
1325 3937 1384 3993 in
1407 3938 1534 4010 ipse
1554 3938 1827 3994 virtutem

164 4052 275 4091 suae
307 4032 650 4107 maiestatis
684 4029 963 4086 ostendit.

194 4125 229 4179 5
299 4122 584 4179 lirabilis
614 4122 773 4193 facta
800 4125 877 4174 est
904 4118 1135 4173 scientia
1164 4122 1257 4171 tua
1285 4130 1354 4171 ea:
1380 4130 1467 4171 me
1491 4134 1510 4169 :

299 4213 635 4284 Confortuta
659 4214 743 4264 est
768 4215 819 4263 et
848 4222 956 4263 non
984 4213 1171 4279 potero
1200 4203 1271 4259 ad
1297 4218 1438 4258 eam.

232 4300 272 4355 C
294 4300 561 4357 Scientia
603 4294 803 4352 Patris
832 4298 944 4363 est,
965 4310 1095 4366 quae
1126 4308 1231 4364 per
1266 4290 1565 4347 Christum
1616 4290 1832 4364 ubique

171 4392 451 4445 terrarum
484 4386 814 4461 praedicata
841 4387 950 4440 est.
974 4384 1109 4449 Quae
1132 4383 1222 4435 est
1242 4379 1393 4435 facta
1422 4377 1709 4435 mirabilis
1730 4395 1832 4452 per

167 4475 479 4545 Christum,
504 4477 656 4532 dum
691 4470 1005 4545 terrigenis
1042 4470 1413 4526 sacramenta
1461 4484 1637 4523 sacra:
1684 4466 1832 4540 legis

168 4571 390 4623 narrata
420 4568 593 4621 sunt.
617 4562 739 4618 Nec
768 4565 972 4634 potero
1002 4559 1073 4614 ad
1107 4573 1257 4623 eam,
1280 4572 1349 4612 ex
1377 4554 1745 4612 humanitate
1774 4560 1832 4611 et

168 4654 487 4724 inﬁrmitate
540 4650 745 4709 carnis
788 4648 1072 4721 loquitur,
1098 4650 1164 4702 ut
1195 4645 1253 4700 in
1300 4642 1414 4700 alio
1462 4643 1588 4700 lece
1623 4661 1636 4701 ε
1664 4645 1832 4700 Pater
1858 4662 1908 4729 D

168 4744 346 4814 major
373 4760 467 4799 me
499 4745 599 4799 est
627 4741 811 4811 (Joan.
842 4739 958 4806 xw)
982 4753 995 4791 :
1023 4740 1087 4792 ut
1114 4734 1191 4791 sit
1220 4750 1430 4790 sensus
1454 4752 1467 4789 :
1496 4734 1826 4790 Humanam

170 4834 452 4899 naturam,
491 4845 683 4904 quam
730 4824 1056 4897 assumpsi,
1085 4822 1292 4880 divinae
1340 4822 1683 4878 substantia:
1727 4821 1831 4877 ad-

171 4935 390 4991 aequare
409 4937 530 4975 non
555 4931 828 4991 possum.
852 4914 899 4969 Α
921 4911 1025 4969 Vel
1048 4910 1354 4986 pmnitens,
1382 4910 1631 4983 peccatis
1651 4910 1776 4965 suis
1798 4926 1832 4965 a

174 5005 358 5064 divina
403 5002 913 5078 contemplatione
945 5002 1225 5074 dejectus,
1260 4998 1420 5055 illam
1460 4998 1604 5054 dicit
1652 5015 1831 5072 supra

176 5110 331 5150 suam
364 5094 754 5170 fragilitatem
797 5090 1208 5154 cenfertatam,
1240 5087 1702 5161 mirabiliterque
1729 5104 1830 5145 ex-

177 5180 401 5240 celsam.

206 5271 240 5324 ὕ
307 5276 431 5344 Quo
461 5272 553 5327 ibo
584 5286 623 5327 a
652 5268 860 5342 spiritu
885 5274 976 5323 tuo
1011 5284 1024 5321 :

306 5361 369 5417 Et
391 5376 499 5435 quo
527 5377 567 5415 a
595 5359 748 5431 facie
780 5364 875 5411 tua
904 5355 1171 5427 fugiam?

242 5448 281 5502 C
306 5448 590 5515 Dicende,
617 5462 740 5519 que
770 5443 867 5499 ibo
893 5460 907 5498 :
932 5439 1231 5514 signiﬁcat
1261 5442 1528 5495 naturam
1563 5438 1837 5494 humani-

182 5535 307 5591 tatis
334 5553 449 5593 non
474 5553 547 5593 ex
571 5552 639 5592 se
663 5533 883 5589 habere
903 5545 1021 5603 quo
1045 5525 1248 5599 fugiat,
1272 5542 1407 5583 cum
1440 5525 1682 5597 spiritus
1703 5543 1836 5582 san-

184 5626 298 5678 ctus
328 5625 548 5697 ubique
597 5622 682 5679 sit
728 5624 909 5677 totus.
940 5614 1141 5673 Facies
1189 5619 1382 5670 autem
1410 5630 1422 5667 :
1447 5613 1836 5670 substantiam

185 5708 398 5773 deitatis
436 5712 771 5788 signiﬁcat,
797 5724 925 5780 qua
956 5702 1158 5762 omnia
1185 5701 1611 5776 complectitur,
1644 5702 1841 5759 omnia

1851 3301 1896 3368 C

1933 674 2149 743 locum,
2184 695 2299 750 quo
2330 679 2513 754 fugiat
2544 683 2614 738 ab
2646 682 2731 738 ira
2762 682 2883 739 Dei.

1969 769 1999 820 7
2073 765 2136 823 Si
2163 768 2446 825 ascendere
2478 772 2535 825 in
2564 772 2776 837 caelum,
2813 776 2872 826 tu
2905 772 3023 826 illic
3052 788 3107 827 es
3139 788 3152 826 :

2073 855 2135 911 Si
2160 856 2475 914 descendere
2504 860 2563 914 in
2592 861 2891 931 infernum,
2919 860 3065 915 ades.

2003 943 2043 997 C
2063 944 2155 999 Ait
2185 950 2379 1001 autem
2409 963 2511 1018 per
2542 948 2596 1002 id
2644 948 2795 1019 quod
2844 948 3018 1003 homo
3049 951 3135 1002 est
3164 964 3175 1001 :
3206 947 3575 1005 siascendero

1933 1030 1991 1086 in
2024 1031 2253 1097 emtum,
2279 1036 2342 1087 tu
2372 1034 2489 1089 illic
2519 1051 2602 1097 es,
2635 1036 2861 1091 scilibet
2893 1036 2991 1091 ubi
3023 1040 3145 1091 erat
3174 1036 3243 1091 ad
3279 1037 3574 1093 dexteram
3666 1070 3675 1077 ο

1934 1119 2119 1175 Patris
2147 1120 2537 1177 collocandus.
2562 1123 2869 1178 Descendit
2900 1141 3132 1196 quoque
3158 1123 3217 1178 in
3251 1123 3572 1195 infernum,

1931 1223 2065 1263 cum
2097 1209 2349 1281 disrupit
2376 1210 2731 1266 infernerum
2764 1212 2909 1278 loca,
2932 1217 2987 1267 et
3018 1212 3323 1284 piissimus
3355 1214 3575 1269 redem-

1932 1301 2063 1368 ptor
2101 1296 2357 1352 humano
2406 1300 2600 1369 generi
2647 1300 2936 1355 subvenit.
2970 1301 3140 1365 Ades,
3162 1301 3439 1372 quoniam
3472 1301 3576 1356 tri-

1931 1384 2127 1438 duana
2155 1384 2444 1440 celeritate
2472 1388 2740 1441 surrexit.
2765 1390 2809 1442 Α
2830 1387 2929 1443 Vel
2954 1388 3241 1458 pcnnitens
3270 1389 3371 1455 ait,
3394 1388 3444 1444 si
3474 1406 3572 1445 su-

1932 1472 2192 1543 perbiere
2222 1488 2315 1528 me
2343 1473 2643 1541 extollens,
2666 1474 2747 1529 ibi
2770 1492 2861 1531 me
2883 1476 3087 1547 punis;
3111 1481 3167 1531 et
3187 1477 3233 1531 si
3257 1475 3315 1530 in
3340 1477 3577 1548 profun-

1933 1560 2074 1615 dum
2097 1565 2466 1631 peccatorum
2498 1563 2870 1632 descendere,
2893 1569 2948 1618 et
2978 1564 3058 1618 ibi
3089 1564 3369 1619 vindicas.

1967 1650 2000 1702 8
2073 1649 2135 1702 Si
2160 1665 2435 1719 sumpsero
2459 1666 2669 1721 pennas
2694 1658 2748 1717 σξη
2787 1667 2935 1706 meas
2996 1657 3009 1715 ξ
3043 1652 3286 1707 diluculo
3314 1669 3333 1705 :

2070 1743 2126 1801 ἐς
2162 1737 2227 1791 Et
2259 1754 2271 1792 :
2304 1738 2618 1793 habitavere
2648 1741 2705 1793 in
2739 1741 2999 1795 extremis
3028 1741 3220 1793 maris.

2004 1828 2044 1879 C
2076 1824 2300 1879 Pennas
2332 1842 2490 1891 suas,
2514 1826 2654 1880 dicit
2685 1826 3033 1881 celeritatem
3065 1826 3271 1881 divina:
3300 1829 3572 1899 majesta-

1934 1912 2033 1978 tis,
2059 1912 2335 1984 quoniam
2367 1917 2636 1969 sanctum
2676 1930 2888 1987 corpus
2930 1915 2999 1969 ad
3032 1930 3286 1986 superna
3312 1914 3571 1970 elevavit.

1938 2002 2084 2057 Dum
2117 2017 2350 2073 quoque
2378 2002 2540 2068 dicit,
2562 2018 2745 2068 meas,
2769 2002 3025 2073 intelligo
3054 2002 3295 2075 gloriam
3329 2003 3573 2074 propria:

1934 2090 2258 2161 potestatis,
2286 2089 2425 2161 quia
2453 2090 2686 2161 propria
2714 2094 3000 2162 potestate
3029 2090 3233 2158 deitas,
3258 2108 3373 2145 non
3406 2107 3576 2162 ange-

1936 2177 2047 2233 lice
2073 2177 2360 2247 adjutorie
2382 2177 2805 2233 humanitatem
2828 2178 2900 2233 ad
2923 2179 3215 2233 dexteram
3244 2178 3429 2233 Patris
3458 2177 3573 2232 cel-

1936 2263 2163 2321 locavit.
2191 2267 2302 2321 llas
2332 2282 2554 2337 pennas
2580 2281 2713 2320 cum
2746 2270 3076 2336 sumpserat
3103 2265 3359 2320 diluculo
3389 2281 3579 2321 resur-

1938 2352 2229 2419 rectionis,
2264 2359 2319 2408 et
2355 2353 2641 2409 habitavit
2688 2354 2746 2408 in
2792 2353 3067 2408 extremis
3115 2353 3313 2419 maris,
3345 2353 3451 2408 hoc
3489 2356 3579 2408 est

1938 2458 2117 2512 supra
2143 2440 2312 2496 istius
2344 2440 2537 2495 saeculi
2570 2440 3001 2513 amplissimum
3032 2443 3205 2496 ﬁnem
3237 2457 3447 2495 manus
3478 2456 3575 2511 pa-

1939 2534 2103 2584 terna
2149 2530 2404 2583 deduxit.
2435 2530 2481 2582 A
2531 2529 2654 2597 Vel,
2688 2547 2912 2601 pennae,
2953 2530 3067 2583 duo
3112 2534 3394 2600 przecepta
3440 2531 3579 2582 sunt

1939 2617 2259 2681 charitatis,
2294 2617 2508 2688 quibus
2552 2634 2721 2672 mane
2752 2636 2785 2672 a
2816 2618 3065 2688 peccatis
3109 2634 3355 2687 surgens
3387 2615 3574 2687 ι)ωηί-

1938 2710 2067 2760 tens
2099 2705 2321 2759 habitat
2369 2705 2425 2759 in
2466 2706 2737 2760 extremis
2768 2704 2983 2769 szeculi,
3016 2705 3071 2758 id
3120 2711 3208 2760 est
3256 2705 3313 2759 in
3360 2702 3572 2775 gaudio

1938 2794 2176 2849 caelesti.
2201 2793 2360 2857 Quod
2387 2798 2517 2864 post
2538 2794 2712 2849 ﬁnem
2739 2794 2917 2864 hujus
2941 2793 3064 2848 vita:
3090 2794 3280 2862 datur,
3302 2797 3358 2849 et
3378 2797 3571 2849 tamen

1930 2882 2056 2952 jam
2087 2882 2146 2937 in
2177 2898 2242 2937 ee
2274 2897 2375 2953 spe
2407 2881 2725 2937 habitatur.

1972 2971 2008 3023 9
2078 2972 2291 3025 Etenim
2322 2971 2441 3025 illic
2466 2986 2661 3025 manus
2691 2978 2784 3025 tua
2812 2969 3030 3026 deducet
3056 2986 3141 3025 me
3171 2987 3186 3026 :

2080 3059 2144 3113 Et
2170 3059 2367 3114 tenebit
2395 3074 2480 3112 me
2507 3057 2729 3114 dextera
2757 3066 2870 3114 tua.

2009 3150 2048 3201 Ο
2076 3146 2323 3202 Deduxit
2348 3145 2644 3202 Christum
2674 3151 2915 3219 paterna
2945 3162 3175 3214 manus,
3199 3145 3299 3218 qui
3325 3149 3414 3201 est
3443 3147 3577 3202 dex-

1941 3236 2064 3290 tera
2092 3234 2301 3299 Patris,
2332 3233 2431 3305 qui
2480 3237 2845 3306 assumptum
2891 3232 3315 3290 humanitatem
3364 3238 3422 3289 et
3466 3234 3579 3290 sibi

1936 3321 2161 3377 unitam
2193 3338 2293 3393 per
2325 3326 2539 3378 aeterna
2574 3321 2785 3378 saecula
2814 3320 3151 3378 continebit.

1940 3412 2006 3466 10
2076 3412 2141 3465 Et
2170 3410 2311 3475 diri,
2343 3411 2599 3467 Forsitan
2627 3410 2859 3467 tenebrae
2886 3409 3278 3466 conculcabunt
3307 3426 3390 3465 me
3421 3427 3438 3469 :

2077 3500 2143 3553 Et
2172 3515 2283 3553 no.1:
2310 3499 2650 3554 illuminatio
2682 3516 2802 3554 mea
2835 3500 2894 3554 in
2923 3499 3134 3554 deliciis
3163 3500 3318 3554 meis.

2008 3586 2050 3642 C
2076 3587 2187 3642 Iste
2215 3603 2417 3641 versus
2447 3587 2556 3641 sub
2587 3586 2773 3643 ironia
2802 3587 3275 3659 pronuntiandus
3304 3591 3413 3655 est,
3443 3604 3578 3659 que-

1940 3676 2109 3730 modo
2141 3675 2296 3731 enim
2340 3692 2473 3730 cum
2518 3675 2766 3732 tenebra
2797 3675 3135 3731 cenculcare
3184 3680 3450 3747 poterant
3476 3677 3579 3748 qui

1938 3767 2026 3818 est
2054 3762 2153 3818 lux
2174 3763 2419 3818 mundi?
2448 3764 2547 3818 sed
2575 3763 2666 3818 ille
2687 3764 2880 3835 potius
2904 3764 3172 3819 tenebras
3197 3763 3576 3834 conculcavit,

1938 3867 2071 3906 cum
2090 3851 2405 3906 caecitatem
2429 3851 2601 3923 primi
2616 3851 2873 3907 heminis
2894 3850 3021 3907 luce
3038 3870 3154 3906 sua:
3170 3850 3579 3907 misericordia

1939 3939 2241 4010 reparavit.
2264 3940 2404 4005 Nox,
2446 3938 2739 4011 signiﬁcat
2786 3938 2997 3995 inferni
3044 3938 3388 4007 claustrum,
3422 3942 3579 4010 quod

1938 4032 2088 4083 certe
2114 4026 2481 4092 illuminavit,
2506 4044 2637 4082 cum
2670 4031 3013 4098 potestatem
3047 4025 3258 4081 diaboli
3290 4026 3576 4083 contrivit.

1939 4113 2187 4181 Delicizn,
2213 4114 2551 4187 paradisum
2583 4114 2893 4187 signiﬁcat,
2920 4115 2991 4169 ad
3019 4130 3192 4185 quem
3220 4115 3431 4170 animae
3451 4131 3581 4170 san-

1939 4207 2165 4259 ctorum
2196 4206 2503 4274 praestante
2525 4203 2772 4259 Domine
2803 4219 3037 4258 reversae
3067 4206 3224 4257 sunt.
3253 4203 3300 4257 Α
3326 4201 3427 4257 Vel
3457 4219 3579 4275 pa:-

1940 4290 2177 4347 nitentis
2211 4291 2383 4346 verba
2413 4295 2568 4356 sunt,
2593 4306 2627 4345 a
2656 4290 2981 4347 tenebrosis
3010 4289 3238 4346 actibus
3270 4288 3422 4346 male
3450 4306 3580 4347 sua-

1941 4379 2204 4436 dentium
2236 4378 2432 4434 seduci
2466 4378 2748 4434 timentis.

1941 4469 2003 4524 11
2078 4474 2133 4534 {-a
2176 4468 2316 4535 Quia
2359 4473 2372 4532 ζ
2416 4468 2654 4523 tenebrae
2698 4483 2807 4523 non
2855 4465 3286 4523 obscurabuntur
3316 4482 3353 4522 a
3396 4469 3494 4524 te:
3526 4472 3580 4524 et

2149 4556 2257 4612 dea:
2283 4557 2424 4610 sicut
2450 4555 2563 4610 dies
2590 4554 2998 4610 illuminabitur
3032 4572 3045 4610 :

2080 4647 2229 4700 Sicut
2260 4644 2491 4700 tcncbmz
2516 4642 2653 4714 ejus,
2689 4645 2767 4698 ita
2795 4648 2847 4697 et
2877 4644 3060 4699 lumen
3087 4644 3222 4714 ejus.

2009 4734 2051 4790 C
2079 4733 2266 4789 Causa
2295 4730 2559 4787 redditur
2586 4746 2692 4787 cur
2720 4749 2830 4787 nox
2862 4732 2937 4788 sit
2970 4730 3323 4787 illuminatie
3353 4730 3413 4787 in
3443 4730 3580 4787 deli-

1939 4822 2064 4880 ciis.
2095 4821 2388 4877 Tenebras
2418 4818 2557 4875 dicit
2605 4820 2850 4892 mystica
2894 4824 2948 4875 et
3001 4821 3289 4892 profunda
3336 4836 3580 4893 qumque

1938 4910 2265 4965 divinarum
2297 4908 2747 4980 Scripturarum.
2774 4925 2900 4980 qua:
2934 4926 3049 4964 non
3087 4909 3578 4977 obscurabuntur,

1940 5000 2039 5055 sed
2083 4996 2491 5053 illuminantur
2519 5013 2552 5051 a
2583 4996 2847 5063 Domino,
2881 5001 2936 5052 et
2981 5014 3106 5069 qua:
3152 4998 3380 5059 fuerant
3410 4999 3579 5069 quasi

1942 5106 2072 5156 nex,
2106 5086 2216 5142 sub
2248 5085 2494 5157 mystica
2532 5084 2927 5157 complexione
2976 5086 3388 5158 prophetarum
3422 5090 3580 5141 tene-

1938 5176 2114 5253 brosa
2159 5173 2331 5241 dicta,
2356 5173 2413 5227 in
2461 5172 2706 5228 adventu
2759 5173 2986 5230 Domini
3038 5179 3373 5247 patuerunt.
3422 5173 3583 5229 Sicut

1945 5264 2195 5319 tenebrae
2226 5262 2374 5333 ejus,
2400 5260 2480 5314 ita
2500 5265 2555 5314 et
2585 5260 2782 5318 lumen
2813 5264 3117 5336 ejus,quia
3144 5263 3202 5319 in
3228 5268 3475 5334 utroque
3492 5277 3584 5315 ve-

1946 5353 2088 5408 ritas
2117 5351 2245 5418 fuit,
2270 5366 2367 5405 seu
2393 5366 2523 5403 cum
2551 5350 2819 5422 obscura,
2843 5350 2961 5409 sive
2990 5369 3123 5407 cum
3156 5351 3485 5407 illuminata
3502 5348 3582 5401 vi-

1946 5442 2235 5496 derentur.
2259 5440 2303 5493 A
2328 5436 2428 5491 Vel
2460 5438 2746 5508 pmnitens
2777 5441 2858 5495 ait
2890 5459 2902 5497 :
2936 5441 3184 5496 tenebrae
3215 5440 3579 5510 peccatorum

1947 5547 2060 5585 non
2093 5528 2417 5584 redduntur
2446 5542 2478 5580 a
2508 5529 2563 5579 te
2596 5527 2780 5598 magis
2802 5530 3083 5594 obscurae,
3107 5529 3205 5583 sed
3236 5544 3270 5581 a
3301 5541 3410 5585 me,
3438 5522 3577 5574 dum

1949 5621 2245 5690 peccatum
2269 5629 2475 5669 excusa
2487 5631 2542 5668 rc
2564 5613 2720 5682 velo;
2745 5620 2807 5672 tu
2827 5634 2979 5682 vero,
3005 5615 3052 5670 si
3075 5614 3375 5671 confessus
3397 5609 3584 5674 fuere;

1947 5702 2248 5760 illuminas
2279 5704 2504 5755 noctem
2535 5705 2593 5756 et
2622 5703 2910 5758 tenebras.
