3878 6410
308 449 430 510 899

312 582 382 640 12
457 579 596 650 Quia
622 582 688 635 tu
712 575 997 650 possedisti
1025 592 1176 634 renes
1205 593 1346 634 meos
1379 595 1392 634 :

456 669 760 740 Suscepisti
787 683 873 722 me
901 667 970 722 (le
999 675 1151 723 utero
1181 669 1380 723 matris
1410 683 1566 724 111cm.

392 759 434 814 C
457 758 646 813 Renes
671 755 964 829 signiﬁcat
984 755 1386 813 fortitudinem
1411 756 1794 830 corporalem,
1821 756 1977 812 unde

318 847 528 904 merito
555 845 696 902 dicit
717 861 884 902 renes
907 862 1046 901 suos
1067 862 1196 901 esse
1218 863 1251 901 a
1277 847 1444 902 Patre
1477 864 1800 918 possessos,
1828 862 1974 919 quo-

321 936 482 994 niam
513 933 763 991 caelestis
796 934 1045 1005 justitice
1091 934 1365 990 ﬁrmitate
1393 936 1742 1001 consistens,
1777 951 1974 1007 pecca-

319 1028 448 1082 tum
481 1022 703 1096 fragilis
733 1021 991 1094 corporis
1030 1021 1338 1095 ignoravit.
1376 1027 1451 1077 [)e
1483 1027 1647 1079 utero
1677 1040 1811 1079 vero
1853 1040 1976 1078 ma-

320 1113 450 1180 tris,
477 1113 534 1169 id
581 1115 668 1168 cst
699 1112 770 1167 de
799 1110 1118 1186 Synagogre
1153 1110 1309 1178 sinu,
1339 1110 1480 1166 dicit
1527 1129 1588 1166 se
1635 1117 1976 1185 susceptum

322 1220 358 1260 a
387 1201 599 1258 deitate
629 1200 836 1268 Patris,
861 1216 987 1274 quae
1019 1201 1080 1256 in
1111 1217 1176 1256 eo
1197 1217 1334 1256 cum
1366 1201 1531 1256 Patre
1551 1217 1668 1256 una
1695 1204 1805 1256 est.
1831 1201 1975 1256 Nam

323 1292 372 1348 si
406 1292 476 1349 de
521 1289 789 1364 virginali
845 1295 1007 1346 utero
1068 1289 1210 1346 velis
1268 1289 1552 1362 accipere,
1613 1307 1728 1345 non
1787 1290 1978 1346 solum

323 1381 558 1455 quando
589 1385 679 1436 est
709 1380 780 1437 de
825 1378 1159 1435 castissime
1219 1383 1384 1434 utero
1443 1394 1736 1450 egressus,
1770 1379 1893 1445 sed,
1925 1384 1982 1435 et

320 1470 558 1544 quando
585 1468 805 1542 Spiritu
834 1473 1035 1524 saneto
1062 1472 1379 1540 conceptus
1411 1473 1556 1533 est,a
1582 1469 1824 1524 Domino
1856 1485 1983 1541 pro-

321 1561 496 1616 batur
525 1561 893 1631 assumptus.
924 1559 970 1614 A
999 1556 1103 1612 Vel
1139 1558 1311 1612 verba
1340 1557 1678 1628 paenitentis
1710 1563 1870 1613 sunt.

325 1649 392 1704 13
468 1647 774 1718 Conﬁtebor
802 1646 906 1703 tibi
933 1648 1063 1719 quia
1105 1647 1430 1702 terribiliter
1467 1648 1852 1718 magniﬁcatus
1878 1665 1933 1704 es
1968 1665 1980 1703 :

539 1737 831 1792 mirabilia
861 1751 1028 1807 opera
1057 1739 1152 1791 tua
1186 1753 1198 1790 :

467 1827 544 1882 Et
574 1826 765 1881 anima
795 1839 916 1880 mea
948 1828 1228 1893 cognoscet
1259 1826 1448 1880 nimis.

397 1917 438 1972 C
454 1912 824 1972 Terribiliter
842 1911 998 1969 enim
1018 1912 1432 1985 magniﬁcatus
1449 1918 1537 1969 est
1556 1914 1984 1987 Pater,quando
2013 1956 2063 2023 Β

412 2021 436 2023 μ
459 2021 472 2023 -
497 2021 510 2023 Α
531 2003 643 2023 ςεη
665 2019 681 2023 _
707 2001 1088 2023 n1._:-i:.-__-
1114 2003 1346 2023 ,μων-ς,
1550 2002 1646 2023 λείη
1831 2021 1866 2023 μ
1944 2011 1954 2023 .

327 2004 386 2062 in
410 2003 688 2077 passione
706 2001 920 2063 Christi
941 2007 1098 2058 terra
1114 2003 1371 2071 tremuit,
1387 2020 1525 2058 saxa
1541 2002 1805 2076 disrupta
1825 2011 1982 2073 sunt,

328 2093 598 2168 sepulcra
617 2095 950 2165 patuerunt.
966 2091 1328 2164 Necesseque
1343 2092 1450 2148 fuit
1468 2092 1632 2148 illum
1654 2093 1982 2150 mirabilem

327 2197 881 2257 cognoscere,quem
902 2185 1196 2238 tantorum
1215 2181 1629 2237 beneﬁciorum
1650 2183 1984 2254 piissimum

327 2272 664 2345 largitorem
689 2269 1185 2326 cernebatChristi
1210 2269 1674 2327 humanitasNeI
1699 2272 1986 2344 paenitens

329 2361 470 2418 dicit
499 2358 556 2416 in
591 2359 965 2416 conversione
997 2363 1369 2432 peccatorum
1415 2361 1600 2416 Deum
1653 2361 1990 2417 terribiliter

330 2449 694 2523 magniﬁcari
740 2453 797 2505 et
841 2447 1206 2505 mirabiliter.
1240 2450 1306 2505 Et
1341 2456 1655 2522 sequentes
1683 2467 1887 2507 versus
1918 2452 1989 2507 dc

328 2539 646 2614 pwnitente
676 2554 963 2611 exponere
987 2537 1165 2594 vales.
1713 2612 1718 2617 ε

334 2631 400 2686 14
473 2633 596 2688 Non
623 2636 702 2686 est
731 2628 1038 2685 occulatum
1086 2643 1144 2684 os
1193 2644 1374 2684 meum
1403 2645 1438 2683 a
1466 2636 1516 2685 te
1545 2629 1685 2702 quod
1723 2631 1903 2701 fecisti
1929 2631 1990 2686 in

547 2719 755 2775 occulto
789 2735 802 2774 :

475 2813 546 2866 Et
566 2807 879 2864 substantia
904 2822 1027 2862 mea
1058 2807 1120 2861 in
1149 2806 1508 2876 inferioribus
1537 2815 1720 2864 terrte.

403 2897 446 2954 C
472 2899 580 2955 Per
609 2914 674 2954 os
706 2895 864 2953 enim
897 2895 1193 2966 signiﬁcat
1225 2900 1594 2951 sacramenta
1623 2896 1838 2963 divina,
1863 2913 1990 2967 qua:

332 2991 467 3046 ante
497 2987 814 3044 adventum
861 2985 1117 3053 Domini,
1142 2983 1372 3041 occulta
1418 2985 1674 3055 fuerunt,
1705 2991 1771 3043 ut
1801 2987 1991 3060 bapti-

334 3095 527 3134 smum
553 3094 805 3145 sacrum,
827 3079 881 3131 ct
910 3091 1124 3148 corpus
1149 3079 1205 3131 et
1225 3075 1470 3147 sanguis
1489 3075 1741 3145 Domini,
1767 3094 1894 3150 qua:
1922 3094 1988 3134 co

331 3167 596 3224 veniente
628 3166 986 3222 claruerunt.
1021 3163 1301 3220 lnferiora
1351 3169 1537 3232 terrae,
1569 3165 1804 3221 fuerunt
1851 3184 1990 3239 gen-

332 3257 482 3314 tium
521 3255 782 3312 culturas.
819 3255 928 3310 Sed
958 3253 1106 3327 ipsis
1137 3255 1288 3311 facta
1338 3258 1427 3309 est
1476 3260 1612 3310 nota
1659 3256 1993 3312 substantia

332 3345 648 3404 Salvatoris
679 3345 802 3411 Dei,
823 3344 1079 3416 quando,
1103 3343 1164 3399 in
1196 3343 1325 3416 ipso
1354 3342 1746 3416 intelligentes
1777 3343 1989 3401 divini-
2020 3329 2064 3400 C

334 3440 534 3504 tatem,
559 3452 696 3492 eum
728 3433 951 3489 devotis
983 3432 1283 3489 mentibus
1323 3449 1426 3504 per
1476 3433 1854 3505 apostolicam
1885 3435 1988 3490 do-

331 3524 582 3580 ctrinam
614 3517 800 3580 Deum
849 3538 978 3577 esse
1010 3521 1404 3578 crediderunt.
1439 3523 1614 3578 Terra
1648 3523 1859 3595 .itaque
1885 3523 1990 3579 hu-

332 3629 577 3669 manum
609 3628 796 3684 genus
828 3614 935 3678 est,
960 3610 1130 3681 cujus
1181 3614 1376 3681 partes
1425 3611 1777 3684 superiores,
1803 3612 1984 3668 Judaei

331 3702 570 3759 fuerunt
601 3705 754 3756 recte
779 3698 1068 3754 credendo
1114 3703 1248 3754 ante
1278 3698 1490 3755 Christi
1525 3699 1904 3768 nativitatem,
1933 3707 1990 3758 et

331 3794 531 3864 partes
559 3790 688 3861 ejus
721 3787 1042 3855 inferiores,
1065 3793 1268 3860 gentes
1311 3792 1557 3845 terrram
1591 3790 1902 3847 adorantes
1933 3797 1990 3847 et

332 3879 577 3954 lapides.
611 3881 744 3946 Quae
776 3894 934 3933 nunc
964 3877 1077 3934 ﬁde
1109 3879 1269 3934 factae
1301 3883 1439 3934 sunt
1466 3879 1820 3952 superiores.

331 3971 400 4026 15
469 3969 848 4042 Imperfectum
872 3983 1054 4023 meum
1082 3967 1338 4024 viderunt
1369 3968 1517 4024 oculi
1534 3969 1619 4024 tui
1644 3985 1657 4024 :
1681 3976 1731 4025 et
1761 3971 1816 4025 in
1847 3970 1988 4029 libro

544 4063 637 4115 tuo
665 4073 852 4115 omnes
879 4056 1191 4113 scribentur
1218 4074 1231 4113 :

468 4148 594 4204 Dies
615 4147 1005 4220 formabuntur
1033 4154 1085 4202 et
1115 4162 1272 4202 nemo
1304 4147 1364 4201 in
1394 4147 1492 4202 eis.

397 4243 438 4292 (3
467 4237 640 4304 Dixit,
659 4254 728 4293 ex
771 4253 1022 4310 persona
1053 4235 1344 4302 Ecclesiae,
1372 4252 1546 4291 suum
1577 4235 1982 4310 imperfectum

329 4327 556 4384 Patrem
580 4325 818 4392 vidisse,
840 4326 979 4398 quia
998 4324 1100 4382 illa
1121 4342 1310 4397 usque
1330 4325 1403 4380 ad
1429 4325 1604 4380 ﬁnem
1632 4326 1829 4382 saeculi
1853 4345 1986 4384 con-

329 4417 669 4491 gregabitur
697 4421 753 4472 et
782 4414 1136 4488 perficietur,
1161 4415 1262 4471 sed
1306 4413 1494 4470 deitas
1534 4413 1647 4470 ista
1667 4416 1795 4485 jam
1839 4415 1986 4472 vidit

326 4523 454 4578 quae
476 4505 668 4562 adhuc
687 4504 883 4562 futura
905 4507 1042 4576 post.
1060 4502 1254 4575 longis
1273 4500 1637 4574 temporibus
1655 4510 1979 4561 servantur.

325 4597 394 4652 Et
424 4596 484 4650 in
517 4594 663 4651 libro
694 4593 1045 4660 scribentur,
1071 4590 1172 4662 qui
1211 4594 1427 4645 {eterna
1455 4589 1734 4648 felicitate
1763 4596 1978 4665 gaude-

1231 443 1295 504 S.
1341 444 1736 507 BRUNONIS
1781 445 2404 508 HERBIPOLENSIS
2449 444 2826 507 EPISCOPI.

3623 431 3722 508 300

1999 579 2048 646 Α
2085 579 2152 634 17
2223 579 2591 635 Dinumerubo
2621 596 2708 634 eos
2746 587 2797 634 ct
2834 593 2996 652 super
3022 595 3268 636 arenam
3297 579 3721 653 multiplicabim-

2299 677 2392 724 tur
2422 687 2436 725 :

2227 759 2534 814 Exsurrea'i
2561 763 2612 814 et
2637 758 2817 814 adhuc
2840 775 2961 814 sum
2994 766 3202 814 tecum.

2158 847 2198 902 C
2228 850 2416 902 Arena
2448 848 2650 915 maris,
2677 847 2974 920 signiﬁcat
2993 848 3244 904 Judazos
3277 847 3732 922 propteraridita-

2087 941 2200 991 tem
2229 937 2389 1004 ﬁdei;
2415 954 2591 992 arena
2607 937 2762 991 enim
2782 940 2870 992 est
2885 937 3042 992 dicta
3063 938 3144 992 ab
3167 937 3455 1003 ariditate,
3477 938 3731 1010 promittit

2085 1041 2224 1097 ergo
2244 1025 2508 1082 Christus
2539 1043 2600 1081 se
2635 1027 3155 1082 dinumeraturum
3193 1027 3484 1100 populum
3507 1025 3728 1096 ﬁdelem,

2088 1115 2186 1187 qui
2208 1115 2575 1169 numerosior
2592 1113 3068 1187 populoJudaico
3089 1115 3728 1178 invenitur.Exsurrexi,

2089 1221 2124 1261 a
2153 1205 2500 1276 pensatione
2537 1203 2929 1260 dormitionis.
2965 1204 3181 1260 Adhuc
3227 1209 3426 1260 tecum
3458 1221 3602 1272 sum,
3631 1221 3729 1260 non

2091 1293 2244 1366 quod
2269 1293 2584 1366 aliquando
2606 1292 2822 1366 abipso
2843 1293 3204 1349 dividendus
3226 1293 3326 1363 sit,
3343 1294 3446 1349 sed
3465 1295 3562 1366 qui
3584 1294 3732 1349 modo

2090 1383 2260 1439 nobis
2317 1388 2404 1438 est
2462 1381 2791 1450 invisibilis,
2826 1383 2898 1438 ad
2948 1383 3260 1439 dexteram
3321 1384 3509 1439 Patris
3545 1382 3598 1438 in
3639 1400 3732 1437 cm-

2090 1472 2337 1528 lestihus
2369 1473 2653 1539 residens,
2688 1471 2964 1527 omnibus
3004 1477 3222 1544 postea
3277 1473 3552 1546 gentibus
3580 1489 3732 1544 appa-

2092 1561 2262 1618 rebit.

2096 1652 2163 1710 18
2236 1653 2298 1708 Si
2325 1651 2582 1708 occideris
2612 1651 2752 1706 Deus
2779 1658 3088 1723 peccatores
3126 1669 3140 1707 :

2241 1742 2358 1797 Viri
2385 1741 2721 1810 sanguinum
2753 1739 3021 1796 declinato
3044 1758 3079 1796 a
3113 1757 3226 1797 me.

2098 1831 2164 1887 19
2239 1832 2375 1900 Quia
2405 1829 2594 1886 dicitis
2623 1831 2679 1884 in
2711 1831 3036 1900 cogitatione
3067 1847 3082 1885 :

2239 1921 2528 1992 Accipient
2560 1921 2617 1975 in
2650 1921 2889 1976 vanitate
2915 1922 3168 1976 civitates
3189 1937 3344 1976 suas.

2166 2010 2208 2066 Ο
2228 2009 2453 2066 Occidit
2471 2009 2624 2064 Deus
2646 2013 3030 2081 peccatorem,
3054 2025 3200 2066 cum
3226 2010 3481 2067 moritur
3507 2011 3731 2081 peccato,

2096 2104 2161 2154 ut
2191 2097 2343 2155 vivat
2373 2098 2489 2154 Deo
2524 2116 2538 2154 :
2572 2102 2637 2153 ut
2671 2097 2885 2154 Paulus
2913 2099 2995 2152 ait
3027 2115 3040 2154 :
3075 2099 3355 2155 Mortuus
3383 2115 3512 2154 sum
3541 2095 3662 2169 legi,
3683 2098 3734 2149 ut

2095 2187 2282 2243 vivam
2332 2187 2564 2242 Christo
2595 2187 2741 2258 (Gal.
2774 2187 2856 2258 ιι).
2882 2186 3002 2243 Viri
3049 2187 3445 2261 sanguinum,
3476 2189 3608 2242 sunt
3649 2181 3731 2256 qui

2095 2275 2407 2333 carnaliter
2435 2277 2654 2342 vivunt,
2678 2280 2738 2332 et
2765 2292 2892 2348 qua:
2931 2281 3070 2332 sunt
3105 2277 3426 2352 sanguinis
3459 2277 3729 2348 peragunt,

2098 2366 2316 2440 quibus
2346 2366 2564 2420 dicitur
2590 2383 2602 2421 :
2634 2363 2924 2421 Declinate
2951 2383 2986 2421 a
3016 2383 3132 2422 me.
3156 2369 3203 2422 A
3232 2368 3275 2423 Ο
3296 2366 3542 2422 Videtur
3565 2367 3730 2418 autem

2098 2456 2182 2512 sic
2235 2455 2498 2510 connecti
2555 2455 2865 2510 verborum
2920 2455 3106 2512 ordo:
3144 2456 3205 2512 Si
3269 2453 3550 2511 occideris
3601 2451 3731 2506 Deus

2099 2549 2448 2618 peccatores,
2483 2543 2770 2616 accipient
2813 2543 2872 2598 in
2911 2542 3172 2601 vanitate
3223 2543 3488 2600 civitates
3533 2537 3730 2604 suas,C

2097 2633 2152 2689 id
2187 2638 2294 2702 cst,
2326 2634 2378 2689 si
2411 2637 2728 2705 peccatores
2758 2648 2792 2688 a
2821 2631 2994 2688 malis
3023 2632 3489 2705 cogitationibus
3518 2629 3572 2684 in
3601 2628 3729 2682 bona

2097 2723 2298 2780 studia
2328 2722 2667 2790 transferas,
2692 2721 2914 2795 priores
2937 2722 3407 2779 consuetudines
3427 2723 3483 2776 et
3507 2717 3727 2791 peccata,

2100 2813 2157 2868 in
2181 2813 2398 2885 quibus
2420 2811 2786 2879 habitabant,
2807 2811 2864 2866 in
2886 2828 3036 2866 vano
3058 2811 3376 2884 accipient,
3395 2810 3448 2864 id
3473 2811 3558 2864 est
3575 2817 3726 2860 vanas

2100 2905 2397 2975 respuant,
2424 2906 2483 2958 et
2523 2900 2720 2956 dicent
2748 2899 2842 2956 his
2875 2900 2974 2974 qui
3007 2900 3204 2958 adhuc
3255 2900 3316 2956 in
3363 2898 3481 2954 illis
3508 2893 3658 2951 vanis
3683 2893 3728 2945 et

2099 2991 2272 3049 malis
2323 2994 2704 3064 permanent:
2733 2989 3029 3046 Declinate
3077 3007 3112 3045 a
3164 3005 3282 3058 me,
3309 2988 3450 3062 quia
3475 2982 3654 3041 dicitis
3679 2980 3725 3034 in

2099 3077 2574 3154 cogitationibus,
2597 3078 2653 3135 id
2685 3083 2776 3134 est
2816 3077 3129 3152 loquimini
3160 3080 3224 3135 in
3258 3081 3458 3134 mente
3504 3077 3559 3130 et
3597 3085 3729 3126 mur-

2099 3171 2349 3226 muratis
2366 3167 2699 3234 contrailla,
2716 3185 2842 3239 qua:
2863 3168 3028 3224 vobis
3049 3168 3315 3242 Spiritus
3340 3163 3522 3223 sancti
3545 3162 3726 3216 virtute

2099 3260 2411 3333 praedicata
2440 3261 2597 3325 sunt,
2622 3257 2868 3330 ideoque
2895 3257 3034 3330 quia
3064 3257 3152 3314 sic
3175 3252 3490 3330 loquimini
3519 3253 3572 3307 in
3603 3244 3728 3320 cogi-

2103 3348 2319 3405 tatione
2349 3351 2551 3404 contra
2572 3347 2778 3418 Deum,
2803 3345 3088 3404 declinato
3108 3364 3145 3404 a
3171 3364 3287 3404 me.
3312 3351 3352 3402 C
3372 3342 3516 3412 Quia
3533 3335 3723 3402 dicitis,

2097 3438 2151 3494 id
2186 3442 2275 3494 est
2304 3441 2507 3493 contra
2537 3435 2639 3491 illa
2682 3437 3070 3493 murmuratis
3101 3453 3234 3509 quae
3264 3435 3476 3492 virtute
3505 3424 3726 3502 Spiritus

2099 3527 2288 3584 sancti
2318 3525 2484 3582 vobis
2515 3526 2829 3598 praedicata
2860 3531 3019 3582 sunt.

2096 3620 2168 3672 20
2240 3618 2428 3674 Nonne
2453 3615 2554 3694 gui
2581 3615 2812 3672 oderunt
2835 3623 2906 3683 te,
2938 3616 3188 3682 Domine,
3221 3614 3445 3674 oderam
3475 3627 3488 3666 :

2240 3708 2306 3761 Et
2329 3721 2494 3777 super
2523 3705 2779 3762 inimicos
2809 3712 2926 3761 tuos
2959 3706 3342 3760 tabescebam?

2167 3799 2207 3850 C
2235 3794 2440 3850 Merito
2472 3797 2703 3849 nostros
2751 3793 3116 3851 adversarios
3157 3793 3446 3866 jubemur
3487 3784 3723 3856 diligere,

2097 3901 2246 3957 quos
2277 3900 2383 3939 nos
2413 3886 2614 3938 nostro
2633 3879 2770 3937 vitio
2802 3882 3090 3956 contingit
3131 3882 3458 3945 ott‘endere;
3490 3872 3583 3931 Dei
3612 3880 3724 3957 vero

2096 3953 2342 4038 inimici,
2375 3971 2610 4044 quando
2641 3971 2921 4027 obstinati
2953 3953 3111 4040 sunt,
3151 3963 3502 4044 competenti
3530 3965 3581 4018 et
3607 3953 3724 4044 reli-

2095 4063 2262 4137 giosa
2304 4059 2699 4117 exsecratione
2741 4060 3120 4130 damnantur,
3177 4058 3458 4134 quoniam
3501 4065 3626 4108 cum
3666 4041 3726 4137 ab

2096 4135 2224 4225 ipso
2246 4150 2426 4207 creati
2445 4148 2582 4215 sint,
2609 4149 2840 4221 ipsique
2866 4150 3116 4206 debeant
3146 4166 3323 4206 omne
3345 4143 3498 4220 quod
3527 4135 3722 4225 vivunt.

2095 4224 2203 4298 suo
2227 4245 2422 4296 tamen
2445 4242 2820 4295 contumaces
2837 4239 3168 4296 redduntur
3185 4234 3428 4302 auctori,
3449 4231 3571 4287 ideo
3582 4224 3720 4298 jusle

2091 4330 2243 4388 tales
2272 4327 2546 4385 horrendi
2591 4333 2750 4394 sunt,
2782 4327 2881 4400 qui
2929 4333 2987 4383 et
3032 4345 3279 4385 suorum
3334 4317 3717 4406 beneﬁciorum

2097 4435 2385 4478 memores
2409 4433 2526 4473 non
2549 4398 2812 4474 fuerunt;
2831 4417 3172 4486 'l‘abescere,
3198 4417 3308 4474 hoc
3333 4411 3566 4470 verbum

2092 4510 2250 4567 cium
2282 4511 2370 4564 est
2418 4506 2628 4581 magni-
2651 4505 2890 4573 doloris,
2915 4509 3216 4564 tabescere
3260 4503 3413 4563 enim
3446 4497 3570 4554 illos
3597 4489 3718 4581 dici:

2092 4615 2246 4666 mus,
2271 4598 2370 4670 qui
2395 4569 2553 4653 euris
2566 4597 2630 4668 ju
2639 4595 2813 4669 gibus
2839 4569 3201 4669 afﬂiguntur,
3217 4599 3276 4653 et
3297 4607 3440 4668 pene
3462 4594 3635 4656 usque
3653 4569 3715 4629 ad

323 4686 490 4742 bunt.
524 4684 658 4740 Dies
709 4682 1098 4774 formabutur,
1133 4679 1192 4774 id
1223 4682 1332 4774 est.
1351 4678 1538 4774 sancti
1592 4679 1650 4734 in
1703 4688 1982 4774 perpetua
2013 4707 2058 4774 Ι)
2089 4687 2394 4744 interitum
2427 4685 2558 4740 vitae
2591 4701 2832 4757 corpore
2863 4685 3168 4742 deﬁciente
3200 4678 3555 4758 perveniunt.

322 4771 620 4831 felicitate.
649 4771 831 4828 Nemo
862 4769 920 4824 in
953 4769 1058 4835 eis,
1083 4765 1558 4822 subaudiendum
1577 4773 1682 4835 est,
1708 4769 1982 4830 informa-

321 4865 501 4932 bitur,
524 4863 581 4918 id
615 4866 705 4918 est
735 4856 1006 4914 informis
1035 4859 1091 4910 et
1121 4856 1494 4911 del'ectuosus
1525 4856 1636 4914 erit
1662 4858 1720 4915 in
1762 4861 1979 4918 ccclesti

321 4953 530 5026 patria,
553 4950 696 5024 quia
725 4943 920 5002 omnis
950 4945 1265 5002 inﬁrmitas
1295 4945 1489 5002 carnis
1523 4957 1872 5024 consumpta
1891 4953 1978 5009 di-

320 5041 590 5114 speribit.

323 5131 393 5186 16
463 5128 600 5184 Mihi
643 5131 823 5180 autem
879 5126 1047 5180 nimis
1098 5125 1452 5196 honoriﬁcati
1503 5135 1632 5184 sunt
1677 5133 1848 5188 amici
1873 5135 1976 5201 tui,

539 5220 690 5270 Deus
727 5231 740 5269 :

461 5304 640 5360 Nimis
667 5301 1006 5375 confortatus
1035 5309 1114 5361 est
1139 5306 1485 5377 principatus
1514 5323 1720 5364 eorum.

389 5391 434 5448 C
461 5391 716 5458 Amicos,
750 5391 889 5447 dicit
931 5398 1164 5450 sanctos
1211 5392 1527 5466 apostolos.
1562 5395 1770 5465 Nimis,
1807 5399 1972 5458 valde

320 5480 632 5553 signiﬁcat.
657 5480 1030 5536 Conferta‘tus
1053 5487 1138 5538 est
1163 5483 1530 5554 principatus
1551 5500 1774 5554 eorum,
1796 5505 1971 5560 quem

319 5574 631 5640 praestante
651 5567 899 5624 Domino
931 5576 1312 5642 perceperunt
1345 5570 1640 5628 intantum
1669 5579 1732 5629 ut
1761 5576 1971 5634 arietes

313 5673 563 5731 gregum
589 5663 646 5714 et
675 5655 972 5730 principes
1005 5658 1260 5715 ﬁdelium
1294 5659 1613 5718 meruerint
1633 5679 1761 5720 esse
1791 5684 1972 5740 popu-

321 5744 532 5806 lorum.

2089 4780 2155 4836 21
2235 4778 2481 4848 Perfecto
2507 4775 2627 4830 odio
2656 4775 2876 4830 oderam
2908 4775 3033 4832 illos
3067 4792 3080 4831 :

2233 4866 2456 4922 Inimici
2477 4865 2620 4937 facti
2645 4871 2778 4920 sunt
2803 4866 2960 4921 mihi.

2162 4957 2204 5012 C
2247 4930 2574 5012 Perfectum
2631 4957 2720 5010 est
2775 4953 2998 5023 odium,
3048 4953 3318 5012 homines
3375 4943 3620 5016 diligere,
3665 4930 3711 5023 cl»

2090 5063 2293 5105 eorum
2326 5044 2467 5099 vitia
2496 5059 2729 5116 semper
2747 5043 2929 5114 odire,
2953 5045 3154 5102 odium
3177 5043 3390 5118 quippe
3411 5034 3618 5126 dictum
3636 5020 3712 5126 αἰξί

2089 5137 2258 5212 quasi
2293 5133 2412 5192 oris
2445 5133 2778 5206 repudium.
2805 5134 3080 5192 Inimicos
3106 5135 3288 5192 factos
3319 5107 3710 5212 etiamsibid‘l-

2087 5197 2188 5295 (iit,
2222 5225 2322 5298 qui
2354 5221 2930 5296 contrariipaternis
2970 5223 3342 5296 jussionibus
3374 5197 3705 5298 exstiterim!

2085 5320 2150 5372 ut
2174 5293 2510 5371 Vos-tenderet
2539 5293 2826 5368 unitatem
2853 5293 2988 5368 suae-
3005 5309 3327 5369 divinitatis
3345 5317 3473 5364 cum
3504 5293 3671 5352 Patre-

2083 5408 2154 5461 22
2227 5403 2405 5460 Proba
2433 5418 2538 5467 me,
2575 5406 2735 5467 Deus,
2771 5409 2822 5457 ct
2843 5403 2976 5458 scito
3005 5419 3098 5458 eor
3124 5417 3308 5459 nicum
3332 5414 3345 5455 :

2173 5489 2180 5496 ’
2227 5497 2508 5560 Interroga
2539 5508 2625 5546 ine
2652 5495 2705 5546 et
2735 5507 2990 5561 cognosce
3015 5494 3237 5548 semitas
3255 5499 3426 5545 meas.
3528 5562 3539 5568 _
3575 5557 3590 5568 ο
3618 5553 3627 5563 .

2154 5584 2195 5639 C
2227 5583 2412 5638 Proba
2464 5597 2576 5651 me,
2609 5579 2764 5634 istud
2819 5598 2988 5637 nemo
3041 5587 3228 5654 potest
3259 5579 3460 5640 dicere,
3489 5557 3590 5622 nisi
3615 5549 3698 5654 illo

2083 5673 2243 5730 solus
2266 5671 2366 5744 qui
2390 5675 2626 5744 peccatu
2656 5687 2770 5725 non
2803 5672 2939 5726 fecit
2965 5652 3253 5728 Christus.
3286 5666 3438 5726 Scito
3467 5652 3698 5744 (ξοηίῐυξδ

2082 5766 2137 5818 te
2159 5741 2561 5833 derelinquere
2584 5759 2642 5814 in
2675 5761 3079 5832 persecutione
3101 5778 3218 5818 non
3240 5754 3390 5818 novi.
3412 5741 3696 5808 Interroga!
