3878 6438
197 436 321 503 ωε

1462 451 1873 517 EXPUSl'i‘iO
1915 452 2423 524 PSALMORUM.

3522 475 3640 538 503

195 571 273 630 ad
311 571 791 649 inquisitionem
824 576 1073 651 pertinet
1101 576 1582 652 minutissimam,
1609 585 1892 657 praemisit
1917 588 1973 655 Α
2002 587 2032 644 4
2145 591 2371 651 Custodi
2398 610 2500 665 me,
2532 595 2773 667 Domine,
2802 595 2867 657 de
2893 615 3063 659 manu
3087 607 3383 676 peccatoris
3413 626 3431 663 :

198 662 399 732 enim,
438 664 596 720 scito
630 682 737 721 cor
761 668 977 724 meum.
1008 667 1196 725 Sciens
1242 686 1367 726 vero
1396 678 1550 728 acute
1574 675 1891 746 interrogat,

193 757 251 808 et
278 753 429 824 falli
463 764 581 808 non
607 762 802 826 potest,
831 757 959 827 quia
998 772 1154 813 nemo
1182 760 1377 814 scienti
1402 762 1764 833 interrogatus
1788 778 1892 835 po-

195 846 305 897 test
333 858 559 911 negare
586 858 722 915 quae
747 845 930 915 gessit.
955 845 1185 900 Semitas
1216 847 1289 902 ad
1322 849 1684 920 operationes
1713 850 1890 923 perti-

196 933 306 985 net
336 930 564 997 bonas,
589 947 747 1003 quas
768 932 865 989 ille
886 933 1110 1006 jugiter
1137 934 1321 1007 gessit
1349 940 1405 991 et
1434 937 1649 994 caelesti
1681 940 1888 995 sancti-

195 1021 323 1074 tate
351 1019 684 1091 transegit.

192 1108 269 1162 23
347 1107 423 1163 Et
454 1106 590 1163 vide
615 1108 671 1163 si
696 1108 789 1163 via
818 1109 1127 1182 iniquitatis
1157 1112 1217 1165 in
1246 1128 1332 1167 me
1372 1121 1497 1168 est:

350 1195 422 1250 Et
450 1195 636 1251 deduc
666 1212 754 1251 me
783 1198 843 1252 in
873 1198 962 1252 via
988 1205 1217 1255 aeterna.

268 1285 313 1340 C
340 1283 567 1340 Merito
599 1298 742 1358 ergo
770 1283 1033 1341 humana
1060 1286 1117 1341 in
1139 1287 1369 1344 Christo
1390 1288 1722 1346 substantia
1743 1292 1885 1363 petit

194 1388 283 1437 se,
316 1370 551 1427 deduci
583 1371 645 1427 in
677 1377 896 1429 interna
921 1374 1038 1442 via,
1069 1391 1196 1447 quis
1245 1376 1552 1434 declinavit
1581 1395 1614 1433 a
1640 1378 1734 1435 via
1772 1380 1880 1435 ini-

194 1458 483 1532 quitatis,
512 1459 575 1514 id
606 1463 700 1516 est
730 1460 804 1515 ab
834 1462 1065 1517 actibus
1086 1461 1411 1519 diabolicis.
1440 1466 1602 1529 Quod
1630 1483 1762 1522 vero
1792 1467 1880 1522 di-

192 1548 295 1613 cit,
330 1547 469 1604 vide
497 1549 554 1602 si
585 1551 698 1616 est,
727 1547 1007 1620 intellige,
1030 1564 1145 1605 non
1176 1550 1538 1608 dubitatione
1568 1554 1877 1625 prolatum,

195 1636 299 1692 sed
353 1634 637 1691 scientia
686 1634 1019 1705 securitate,
1053 1638 1221 1709 quasi
1263 1638 1497 1710 diceret,
1528 1640 1657 1697 vide
1688 1643 1736 1698 si
1768 1647 1875 1712 est,

195 1723 253 1779 id
286 1726 403 1789 est,
431 1720 681 1779 videbis
711 1722 870 1794 quod
902 1738 1018 1779 non
1049 1729 1157 1781 est.

639 1845 848 1885 ORATIO
886 1846 955 1885 sx
993 1847 1150 1887 PSAL.
1191 1849 1457 1890 CXXXVIII.

2177 682 2252 736 Ab
2280 682 2590 741 hominibus
2622 689 2828 760 iniquis
2856 691 3003 762 eripe
3030 708 3133 748 me.

2069 766 2111 819 Ο
2140 766 2412 827 Peccator
2434 789 2446 828 :
2472 773 2682 830 iterum
2708 776 3002 834 diabolum
3035 780 3343 853 signiﬁcat,
3370 784 3469 854 qui
3492 783 3640 841 mul-

2000 852 2079 945 tis
2099 855 2266 945 dolis,
2287 859 2487 916 multis
2510 862 2658 918 fallit
2680 863 2929 921 insidiis.
2951 867 3288 939 Sequuntur
3315 852 3490 927 etiam
3512 875 3641 945 ejus

1998 941 2251 999 ministri
2277 963 2290 1001 :
2324 949 2598 1018 quoniam
2632 954 2786 1023 quod
2811 970 2924 1009 non
2948 960 3192 1041 possunt
3215 974 3318 1029 per
3337 975 3397 1013 se
3420 941 3640 1018 occulte

1995 1027 2335 1101 inspirando
2395 1038 2687 1094 mentibus
2745 1042 2977 1110 nostris,
3026 1030 3130 1115 per
3172 1027 3313 1101 suos
3360 1064 3639 1122 sequaces

1993 1119 2220 1188 publice
2249 1131 2525 1179 conantur
2555 1125 2813 1198 implere.

1991 1224 2027 1277 5
2135 1227 2243 1294 Qui
2266 1231 2638 1297 cogitaverunt
2664 1235 3012 1305 supplantare
3048 1254 3263 1306 gressus
3292 1256 3443 1299 meos
3473 1262 3491 1298 :

2169 1315 2568 1375 Absconderunt
2591 1321 2811 1392 superbi
2840 1324 3094 1396 laqueum
3122 1327 3264 1382 mihi

2059 1403 2098 1455 C
2125 1404 2495 1475 Supplantari
2554 1409 2779 1481 proprio
2820 1411 3071 1467 dicimur
3099 1430 3111 1468 :
3145 1415 3380 1483 quando
3410 1416 3631 1488 plantis

1991 1489 2204 1546 nostris
2236 1495 2388 1548 terra
2416 1495 2781 1563 subducitur,
2816 1502 2881 1552 ut
2928 1499 2983 1553 in
3016 1502 3340 1557 tenebrosis
3371 1505 3630 1562 cavernis

1986 1577 2237 1649 graviter
2266 1579 2631 1639 incidamus:
2657 1586 2809 1657 quod
2843 1586 3013 1641 nobis
3038 1588 3172 1643 facit
3196 1590 3627 1660 diabolus,cum

1988 1670 2354 1736 peccatorum
2386 1669 2578 1726 foveas
2635 1676 2819 1742 parat.
2856 1673 3101 1745 Superbi
3136 1691 3149 1729 :
3186 1675 3435 1732 haeretici
3466 1684 3626 1748 sunt,

1986 1753 2087 1823 qui
2146 1755 2336 1825 pravis
2394 1757 2768 1829 dogmatibus
2824 1760 3067 1832 pepulos
3122 1763 3385 1836 decipere
3431 1768 3627 1837 potius

1985 1855 2161 1912 quam
2211 1843 2414 1899 docere
2458 1846 2753 1912 festinant,
2787 1852 2843 1902 et
2888 1847 3127 1920 laqueos
3159 1856 3382 1923 ponunt
3412 1859 3623 1911 sancta:

265 1932 389 1989 celi
446 1936 748 2006 terraque
792 1940 1146 2007 prospecto“
1200 1928 1375 2007 Deus,
1428 1955 1545 2010 quo
1574 1940 1875 2012 moriente,
1907 1948 1955 2015 Β
1984 1928 2136 2000 plebi
2163 1947 2175 1985 :
2209 1933 2442 2002 quando
2471 1950 2569 1990 eos
2597 1936 2763 1991 vanis
2793 1936 3184 2008 enigmatibus
3213 1939 3468 2014 obligare
3493 1959 3625 1999 con-

194 2021 544 2078 illuminata
581 2026 726 2078 sunt
754 2024 991 2093 tartara,
1016 2040 1130 2096 quo
1161 2030 1518 2099 resurgente,
1540 2033 1876 2086 sanctorum

192 2116 284 2168 est
314 2110 658 2167 multitudo
710 2109 934 2182 gavisa,
967 2128 1081 2184 quo
1132 2115 1500 2183 ascendente,
1536 2116 1873 2190 angelorum

194 2199 519 2257 exsultavit
544 2203 808 2266 caterva,
830 2215 1138 2271 precamur
1167 2205 1341 2257 tanta;
1370 2202 1565 2275 gloria:
1596 2204 1873 2262 excellen-

192 2293 310 2345 tem
340 2289 665 2354 virtutem,
701 2291 766 2343 ut
815 2286 1019 2345 directi
1070 2289 1130 2344 in
1177 2290 1270 2346 via
1315 2296 1549 2361 interna,
1583 2293 1679 2349 illo
1711 2297 1869 2352 tuea-

193 2396 331 2434 mur
360 2376 641 2444 brachio,
663 2392 784 2448 quo
814 2375 1187 2435 honorabiles
1216 2378 1388 2435 amici
1419 2380 1503 2436 tui
1523 2384 1714 2439 tecum
1745 2382 1868 2456 glo-

194 2467 428 2523 riantur
457 2466 521 2522 in
554 2462 732 2522 coelo.
769 2464 880 2531 Qui
908 2464 1074 2534 vivis,
1108 2472 1217 2523 etc.

724 2594 1054 2654 PSALMUS
1091 2598 1370 2655 CXXXIX.

605 2692 1010 2743 ΑιιαῠΜεκτυιί
1050 2702 1206 2742 PSAL.
1251 2703 1473 2744 cxxxix.

258 2785 300 2842 C
330 2783 609 2842 Ecclesia
651 2782 971 2839 Dominum
1018 2784 1383 2856 deprecatur,
1430 2790 1496 2841 ut
1544 2787 1615 2842 ab
1663 2786 1864 2861 iniquo

190 2871 421 2929 diabolo
451 2872 792 2929 liberetur:
825 2870 1141 2927 vindictam
1174 2871 1374 2929 dicens
1407 2874 1465 2929 in
1495 2874 1689 2932 futuro
1711 2876 1866 2947 judi-

191 2961 276 3017 cio
307 2979 491 3034 super
522 2977 633 3016 eos
660 2962 990 3029 venturam,
1025 2960 1124 3031 qui
1156 2977 1441 3033 pauperes
1480 2962 1608 3034 ejus
1639 2964 1863 3021 insanis

192 3050 453 3107 motibus
487 3051 960 3123 persequuntur.

574 3137 699 3192 'I‘T.
737 3138 798 3192 In
827 3137 994 3207 ﬁnem
1022 3137 1272 3192 Psalmus
1304 3137 1493 3193 David.

259 3228 301 3282 ΕΖ
329 3226 393 3284 ln
428 3227 643 3292 linem,
680 3220 999 3280 Dominum
1031 3225 1326 3297 signiﬁcat
1356 3224 1733 3297 Salvatorem,
1759 3229 1859 3301 qui

193 3321 277 3373 est
304 3316 444 3372 finis
476 3314 632 3388 legis
667 3313 740 3369 ad
768 3312 1065 3383 justitiam
1092 3313 1250 3370 omni
1275 3314 1530 3371 credenti
1564 3316 1736 3387 (Rom.
1768 3317 1854 3389 x):
1886 3303 1930 3371 C

194 3400 296 3473 Qui
328 3403 503 3460 nobis
535 3404 599 3459 in
631 3402 745 3458 hoc
776 3400 1026 3474 psalmo,
1055 3403 1223 3474 quasi
1269 3404 1551 3475 praeconis
1579 3421 1735 3473 voce,
1760 3406 1858 3476 ju-

194 3490 298 3549 dex
327 3491 637 3560 terribilis,
668 3490 1065 3562 omnipotens,
1088 3490 1220 3563 pius
1249 3507 1503 3563 quoque,
1524 3495 1581 3548 et
1609 3492 1857 3549 nimium
1890 3580 1903 3585 ἒ

196 3576 607 3637 desiderabilis
644 3578 921 3635 advenire
952 3578 1305 3650 praedicitur.

198 3670 225 3724 i
331 3670 501 3742 Eripe
529 3684 648 3737 me,
683 3667 933 3733 Domine,
967 3667 1037 3721 ab
1063 3667 1285 3723 homine
1310 3668 1458 3724 malo
1486 3688 1505 3724 :

365 3759 403 3813 Α
438 3760 560 3815 viro
588 3756 789 3827 iniquo
816 3756 966 3826 eripe
998 3770 1099 3810 me.

259 3846 300 3902 C
328 3846 534 3903 Sciens
568 3847 768 3902 mater
794 3842 1055 3899 Ecclesia
1085 3847 1305 3916 quanta
1334 3844 1393 3899 in
1426 3845 1707 3902 membris
1733 3847 1857 3903 suis

195 3935 262 3990 ab
294 3935 529 3992 insidiis
580 3931 805 3989 diaboli
838 3935 1141 4005 pateretur
1170 3932 1384 3988 clamat
1416 3934 1487 3990 ad
1519 3934 1853 4003 Duminum,

196 4023 288 4095 qui
310 4023 473 4080 solus
497 4024 701 4097 potest
720 4021 850 4091 ejus
873 4036 1149 4091 superare
1170 4020 1555 4092 nequitias,ut
1578 4022 1648 4077 ab
1672 4022 1858 4094 ipsius

199 4109 499 4184 multiplici
532 4107 866 4167 tentatione
913 4106 1209 4162 liberetur.
1261 4108 1565 4165 Hominem
1611 4109 1854 4176 malum,

196 4198 439 4271 appellat
489 4195 825 4255 diabolum.
857 4194 962 4250 Vir
1009 4194 1252 4267 iniquus
1298 4200 1388 4257 est
1431 4196 1606 4252 homo
1640 4214 1859 4269 sequax

198 4285 426 4343 diaboli.
462 4288 594 4343 Duo
621 4284 783 4341 enim
815 4281 994 4340 simul
1026 4282 1287 4356 epitheta
1318 4284 1415 4338 uni
1449 4301 1708 4358 personae
1740 4302 1855 4341 non

198 4379 454 4444 poterant
485 4372 825 4441 convenire,
860 4371 1015 4444 quod
1051 4371 1394 4442 eloquentiae
1442 4371 1569 4445 lege
1596 4373 1856 4446 prohibi-

203 4465 318 4519 tum
349 4465 446 4521 sit.

200 4552 239 4603 2
331 4555 447 4623 Qui
468 4554 852 4625 cogitaverunt
880 4549 1202 4622 iniquitates
1232 4550 1291 4605 in
1319 4549 1476 4605 corde
1503 4566 1516 4605 :

374 4636 499 4697 Tom
528 4641 627 4696 die
652 4639 1058 4695 constituebant
1080 4637 1304 4709 praelia.

266 4728 304 4783 C
330 4724 612 4785 Graviore
644 4729 789 4784 sunt
818 4742 1055 4800 semper
1094 4725 1372 4799 pericula,
1408 4744 1534 4799 quae
1566 4726 1855 4783 habentur

202 4815 435 4872 occulta.
462 4817 779 4891 Significat
806 4829 913 4889 per
939 4814 1050 4870 hoc
1081 4830 1212 4870 vero
1246 4814 1565 4882 haereticos,
1600 4816 1697 4888 qui
1731 4832 1859 4888 pra-

200 4901 280 4959 Vis
306 4905 691 4978 dogmatibus
710 4904 771 4960 in
794 4901 1081 4976 sacrilega
1102 4900 1852 4976 certamina’proruperunt.

206 4986 339 5048 Tota
366 4992 479 5059 die,
514 4994 600 5049 ait
630 4996 701 5049 ut
726 5002 932 5049 eorum
966 4990 1287 5062 nequitiam
1319 4991 1657 5047 continuam
1690 5009 1854 5048 mon-

209 5084 423 5149 straret,
456 5086 521 5138 ut
552 5079 722 5138 nulla
751 5092 851 5137 eos
880 5078 1189 5147 lassitudo,
1224 5078 1386 5135 nulla
1416 5079 1695 5152 temporis
1729 5078 1854 5135 lon-

210 5167 494 5242 ginquitas
522 5169 847 5244 mitigaret.
1142 5234 1149 5245 ,

209 5255 240 5308 3
337 5260 615 5317 Acuerunt
644 5260 872 5329 linguas
890 5272 1021 5313 suas
1052 5257 1199 5312 sicut
1224 5265 1495 5328 serpentes
1520 5275 1538 5311 :

375 5350 651 5405 Venenum
678 5346 938 5419 aspidum
966 5346 1068 5400 sub
1096 5345 1260 5400 labiis
1288 5362 1492 5400 eorum.
1518 5347 1853 5417 Diapsalma.

273 5433 311 5489 ϐ
341 5436 448 5492 Per
470 5437 712 5511 linguas
738 5433 1035 5507 significat
1063 5434 1238 5487 verba
1266 5433 1695 5500 haereticorum,
1727 5433 1855 5505 qui-

215 5517 311 5576 bus
339 5523 645 5582 vulnerare
667 5521 1035 5581 contendunt
1055 5521 1228 5575 corda
1250 5520 1532 5575 fidelium.
1556 5520 1856 5575 Venenum

219 5611 490 5683 aspidem,
520 5612 568 5671 Η
602 5610 886 5687 quoniam
942 5607 1216 5663 videntur
1253 5608 1519 5665 amicitia:
1551 5610 1723 5664 verba
1752 5609 1858 5663 ha»

220 5690 357 5767 bere,
390 5704 444 5757 et
474 5700 650 5776 plena
679 5701 826 5757 sunt
852 5711 1075 5755 veneno
1107 5696 1419 5753 mortifero.

1984 2018 2250 2073 tendunt.

1980 2122 2016 2176 6
2124 2124 2188 2178 Et
2213 2126 2372 2195 funes
2401 2126 2757 2183 extenderunt
2780 2129 2841 2183 in
2869 2126 3123 2202 laqueum
3153 2149 3171 2186 :

2154 2212 2323 2267 Juxta
2379 2214 2484 2269 iter
2538 2215 2859 2272 scandalum
2910 2225 3209 2288 posuerunt
3266 2220 3423 2278 mihi.
3486 2223 3619 2278 Dia-

2222 2301 2455 2370 psalmo.

2048 2386 2086 2441 C
2118 2387 2510 2445 Extenderunt
2540 2388 2650 2463 ipsi
2683 2391 2869 2459 funes,
2910 2392 2967 2448 id
2999 2398 3087 2449 est
3114 2398 3401 2455 tortuosae
3430 2400 3487 2453 et
3514 2398 3616 2454 do—

1976 2471 2132 2528 loses
2160 2475 2535 2546 objectiones,
2555 2479 2771 2549 quibus
2792 2479 3024 2552 capiant
3044 2498 3252 2539 sensus
3282 2482 3573 2541 humanos
3598 2502 3612 2542 :

1977 2565 2044 2617 ut
2073 2563 2238 2634 quasi
2271 2564 2516 2637 pedibus
2563 2565 2860 2638 laqueum,
2912 2568 2992 2624 ita
3036 2572 3331 2627 mentibus
3379 2574 3616 2630 tendere

1975 2650 2295 2722 probentur
2340 2654 2702 2711 scandalum.
2755 2655 2929 2711 Juxta
2976 2656 3085 2712 iter
3124 2658 3263 2714 dicit
3293 2678 3305 2716 :
3338 2661 3614 2731 quoniam

1975 2753 2088 2792 non
2120 2738 2357 2810 capiunt
2388 2741 2499 2796 nisi
2532 2740 2661 2797 illos
2692 2742 2789 2815 qui
2820 2760 2854 2799 a
2885 2749 3033 2800 recto
3059 2744 3338 2802 virtutum
3365 2747 3510 2805 calle
3536 2750 3614 2805 di»

1974 2823 2239 2882 scedunt.
2271 2826 2538 2899 Laqueus
2569 2835 2667 2884 aut
2698 2830 2853 2886 funis
2880 2832 3006 2889 ideo
3036 2835 3261 2905 positus
3305 2840 3393 2891 est
3428 2853 3440 2892 :
3476 2837 3614 2909 quia

1969 2910 2202 2968 vincula
2231 2930 2338 2970 sua
2366 2914 2598 2985 gravius
2620 2934 2851 2990 semper
2871 2921 3163 2994 astringit,
3184 2941 3289 2980 nec
3309 2925 3609 2998 amplexus

1968 3001 2094 3071 ejus
2124 3000 2321 3073 aliqua
2351 3001 2585 3060 lenitate
2615 3004 2912 3075 dilabitur,
2937 3026 3071 3069 cum
3105 3012 3341 3070 nodosis
3373 3015 3609 3086 quibus-

1968 3088 2104 3143 dam
2138 3088 2366 3145 sinibus
2394 3089 2709 3162 illaqueata
2737 3093 3049 3152 concludit.

1966 3194 2002 3246 7
2112 3195 2252 3249 Dixi
2278 3199 2531 3265 Domino,
2563 3199 2701 3254 Deus
2729 3216 2879 3255 meus
2906 3217 2959 3257 es
2988 3206 3050 3273 tu
3073 3221 3093 3257 :

2143 3283 2361 3340 Exaudi
2390 3288 2623 3342 Domine
2652 3303 2828 3343 vocem
2854 3289 3242 3361 deprecationis
3270 3309 3426 3352 meae.

2038 3379 2081 3434 Ο
2109 3379 2248 3436 Orat
2275 3380 2528 3437 Ecclesia
2559 3398 2630 3438 ne
2652 3385 2925 3455 pessimis
2949 3388 3213 3444 tradatUr
3232 3389 3462 3447 insidiis
3485 3408 3497 3447 :
3523 3393 3608 3450 di-

1969 3467 2046 3521 cit
2075 3467 2227 3523 enim
2262 3468 2536 3536 Ecclesia,
2588 3470 2963 3543 rcsplendens
3014 3475 3332 3547 purissima
3378 3479 3491 3536 {ide
3537 3481 3608 3537 de

1966 3555 2238 3625 gentibus
2258 3556 2552 3624 advocata,
2572 3575 2698 3630 quae
2722 3566 2981 3617 sanctam
3005 3563 3347 3623 Trinitatem
3368 3568 3611 3625 veracis-

1967 3642 2119 3699 sima
2169 3644 2281 3698 fide
2323 3645 2651 3711 conﬁtetur,
2697 3648 2814 3702 dixi
2860 3650 3124 3721 Domino,
3171 3657 3278 3712 etc.
3312 3656 3609 3728 Sequitur,

1966 3730 2194 3794 exaudi,
2254 3730 2516 3797 Domine,
2567 3750 2785 3804 vocem,
2835 3742 2967 3805 etc.,
3018 3740 3343 3798 suil'ecisset
3397 3743 3609 3812 dicere,

1966 3818 2173 3874 exaudi
2204 3819 2665 3892 deprecationem
2699 3839 2886 3880 meam
2913 3842 2925 3879 :
2949 3828 3049 3881 sed
3075 3827 3250 3883 altius
3276 3830 3417 3901 quid
3449 3830 3610 3888 inno-

1966 3910 2183 3963 tescere
2209 3908 2427 3965 volens.
2446 3909 2608 3977 dixit,
2632 3928 2830 3967 vocem
2858 3913 3278 3985 deprecationis
3310 3919 3609 3976 metallo}:

1966 3994 2123 4050 enim
2154 3996 2580 4068 deprecationis
2604 4014 2615 4053 :
2641 4003 2729 4054 est
2750 3999 2972 4071 puritas
2990 4002 3289 4070 orationis,
3312 4008 3372 4061 et
3388 4005 3609 4063 clamor
3712 4050 3715 4051 ν

1966 4082 2061 4138 ille
2092 4083 2305 4140 tacitus
2336 4083 2435 4155 qui
2467 4085 2727 4141 ascendit
2754 4088 2827 4142 ad
2858 4088 3427 4147 Dominum.8anetae
3448 4094 3605 4151 enim

1965 4169 2317 4242 Operationis
2348 4188 2473 4238 vox,
2507 4178 2596 4227 est
2634 4190 2829 4229 rerum
2860 4175 3121 4246 ipsarum
3154 4177 3606 4250 loquacissimus

1965 4257 2184 4314 clamor
2216 4276 2229 4314 :
2266 4274 2378 4313 non
2411 4259 2750 4316 hominibus
2779 4266 2970 4331 notus,
2996 4266 3094 4321 sed
3130 4265 3234 4321 soli
3270 4268 3384 4323 Deo
3414 4270 3610 4341 cogni-

1967 4351 2082 4413 tus,
2116 4347 2268 4402 unde
2297 4351 2355 4402 et
2382 4347 2593 4402 tacenti
2629 4349 2808 4421 Moysi
2843 4351 3077 4421 dicitur,
3111 4354 3251 4424 quid
3281 4354 3500 4412 clamas
3531 4359 3605 4414 ad

1965 4434 2105 4490 me?
2133 4434 2324 4506 (Exod.
2352 4435 2563 4505 x1v.)et
2592 4435 2729 4492 Cain
2757 4438 2989 4507 dicitur,
3017 4457 3125 4494 vox
3156 4443 3462 4515 sanguinis
3490 4445 3604 4503 fra-

1963 4523 2070 4580 tris
2101 4523 2182 4579 tui
2217 4523 2429 4578 clamat
2457 4523 2529 4577 ad
2560 4540 2651 4578 me
2679 4525 2750 4580 de
2781 4530 2933 4582 terra
2963 4527 3117 4601 (Gen.
3150 4531 3248 4601 ιν).

1964 4633 2005 4685 8
2108 4632 2338 4688 Domine
2364 4632 2604 4695 Domine,
2637 4633 2812 4688 virtus
2840 4635 3038 4691 salutis
3067 4650 3205 4693 mea:
3230 4656 3253 4691 .-

2143 4718 2493 4773 Obumbrasti
2517 4736 2680 4790 super
2707 4726 2870 4793 caput
2897 4738 3077 4779 meum
3108 4726 3167 4779 in
3194 4726 3282 4781 die
3312 4728 3460 4782 belli.

2035 4818 2076 4872 Ο
2104 4818 2386 4888 Repetitio
2413 4816 2543 4881 ista,
2564 4817 2823 4887 Domine,
2849 4820 3111 4889 Domine,
3132 4822 3236 4895 pia:
3258 4824 3606 4903 precationis

1965 4906 2236 4961 allectum
2268 4905 2541 4961 ostendit.
2575 4909 2718 4963 Cum
2767 4913 2962 4965 autem
2992 4909 3152 4978 dicit,
3184 4911 3369 4968 virtus
3399 4912 3607 4971 salutis

1967 5010 2140 5049 mea);
2168 4994 2507 5065 patientiam
2544 4997 3146 5070 perseverantiamque
3180 4999 3238 5056 in
3268 5002 3604 5069 certamine,

1965 5082 2325 5137 demonstrat
2356 5082 2579 5137 Domini
2612 5102 2739 5140 esse
2770 5087 3007 5142 donum.
3027 5087 3226 5145 Virtus
3242 5090 3459 5147 enim-a
3477 5091 3609 5146 viri-

1966 5169 2145 5225 ditate
2175 5170 2350 5237 dicta,
2383 5186 2510 5240 qua:
2542 5173 2724 5228 nescit
2768 5174 2962 5247 aliquo
3004 5174 3200 5233 labore
3232 5194 3603 5235 marcescere.

1964 5262 2145 5330 Caput
2162 5263 2357 5314 autem
2378 5276 2551 5314 suum
2574 5263 2987 5319 obumbratum
3009 5281 3144 5321 cum
3169 5266 3310 5322 dicit
3330 5265 3604 5334 Ecclesia,

1966 5348 2256 5419 signiﬁcat
2281 5348 2511 5401 beatam
2536 5347 2767 5404 Domini
2788 5352 3119 5422 passionem
3142 5372 3154 5408 :
3179 5354 3279 5425 qui
3303 5355 3390 5409 sic
3409 5354 3608 5408 obum-

1967 5436 2167 5490 bratus
2195 5438 2284 5489 cst
2316 5434 2372 5487 in
2406 5449 2472 5487 ea
2504 5433 2634 5504 (hoc
2668 5440 2756 5491 est
2799 5439 3120 5511 deiensus,)
3153 5446 3215 5495 ut
3246 5457 3347 5496 nec
3376 5440 3609 5495 animus

1965 5525 2091 5593 ejus
2122 5520 2544 5588 confusionem,
2579 5540 2681 5578 nec
2715 5541 2846 5580 caro
2882 5527 3067 5597 ipsius
3099 5526 3485 5598 corruptionis
3522 5525 3607 5578 in-

1966 5610 2178 5682 juriam
2212 5608 2545 5663 sustineret.
2573 5614 2635 5664 In
2670 5611 2763 5665 die
2795 5594 2989 5667 autem
3024 5613 3193 5668 belli:
3220 5594 3360 5668 bene
3389 5594 3606 5665 dictum

1968 5702 2075 5765 est,
2108 5698 2166 5751 in
2197 5696 2289 5751 die
2322 5696 2611 5768 passionis
2641 5699 2767 5767 ejus
2815 5704 2871 5754 et
2930 5700 3133 5755 mortis
3166 5715 3178 5753 :
3213 5698 3349 5767 quia
3377 5691 3606 5749 diabolo
