5516 6404
1343 413 1457 475 503
2264 411 2329 471 s.
2378 410 2774 472 BRUNONIS
2817 373 3436 468 neasipownms
3484 404 3862 467 spisci'ipl.
4601 405 4699 468 θοι

1339 544 1508 611 victo,
1531 541 1764 600 inferno
1793 540 1996 612 fracto,
2019 541 2224 615 captivi
2257 540 2482 597 liberati
2515 544 2671 608 sunt,
2695 545 2748 595 et
2783 538 2985 594 trium-
3015 537 3069 606 Α
3092 537 3265 608 justi,
3310 554 3443 594 cum
3507 537 3968 610 persecutionem
4026 536 4349 608 patiuntur,
4396 536 4702 594 confitentur

1345 635 1535 706 phans
1565 633 1640 688 de
1674 637 1865 687 morte
1899 631 2090 687 rediit.
3101 626 3303 681 laudes
3338 627 3452 682 Deo
3487 633 3645 696 {tunc
3699 628 3856 681 enim
3909 642 4126 698 magna
4155 626 4340 681 virtus
4367 630 4476 691 est,
4505 625 4704 683 laudare

1342 721 1378 775 9
1488 723 1608 778 Non
1637 720 1849 786 tradas,
1885 722 2126 785 Domine,
2149 719 2474 774 desulerium
2519 724 2572 782 -ἐ-
2601 736 2778 773 mcum
2821 725 2833 782 ζ
2877 735 2992 790 pcc-
3103 716 3302 784 Deum:
3340 721 3392 771 et
3429 715 3656 770 facilius
3688 716 3932 769 discedit
3968 715 4241 770 inimicus
4272 719 4328 769 et
4360 713 4705 780 tribulatio,et

1557 811 1738 866 catori
1763 827 1783 866 :
1813 811 2182 878 cogitaverunt
2220 817 2405 864 contra
2438 826 2520 863 me
2549 825 2616 864 ne
2644 808 2991 880 derelinquas
3101 805 3378 860 videbunt
3413 805 3613 860 faciem
3651 805 3744 860 Dei
3779 809 3910 877 post
3940 805 4113 859 vitam
4143 804 4314 860 istam
4346 803 4485 859 tales
4507 809 4708 860 (eterna-

1561 915 1648 955 me
1673 917 1694 955 .'
3103 891 3252 949 liter.

1488 990 1566 1046 Ne
1593 990 1731 1059 forte
1760 988 2084 1044 cxaltcntur.
2113 987 2447 1058 Diapsalma.

1421 1077 1462 1134 C
1490 1077 1762 1133 Traditur
1792 1077 1944 1132 enim
1973 1075 2256 1148 peccatori
2283 1076 2365 1144 (id
2389 1080 2478 1130 est
2500 1074 2750 1142 diabolo)
2773 1075 2996 1128 deside-

1352 1167 1503 1223 rium
1530 1164 1700 1221 istius
1723 1166 1822 1238 qui
1854 1165 2356 1238 concupiscentias
2387 1163 2579 1219 carnis
2613 1165 2836 1236 perlicit
2870 1183 2881 1218 :
2919 1169 2996 1217 ta-

1351 1255 1422 1312 lis
1466 1256 1620 1310 enim
1654 1271 1767 1309 non
1808 1255 1920 1309 nisi
1955 1255 2108 1326 quod
2142 1254 2413 1308 diabolus
2448 1253 2565 1309 vult
2599 1254 2913 1317 desiderat,
2941 1257 2996 1306 et

1350 1345 1474 1400 ideo
1495 1344 1555 1398 in
1583 1342 1890 1399 desideriis
1913 1343 2037 1398 suis
2064 1343 2294 1398 diabolo
2319 1344 2566 1398 traditur
2599 1343 2670 1397 ad
2705 1343 3000 1414 possiden-

1348 1433 1506 1489 dum.
1529 1433 1598 1488 Et
1627 1433 1767 1504 quia
1798 1431 2023 1506 inimici
2054 1434 2450 1504 cogitaverunt
2482 1433 2813 1502 {consilium
2841 1432 2994 1486 scili-

1347 1527 1434 1578 cet
1465 1522 1748 1592 faciendo)
1781 1527 1986 1577 contra
2012 1538 2104 1577 me
2131 1523 2319 1593 :juste
2350 1528 2500 1593 pcto,
2527 1521 2789 1587 Domine,
2816 1539 2885 1577 ne
2909 1523 3001 1576 de-

1347 1610 1645 1684 relinquas
1674 1627 1788 1667 me.
1815 1610 1880 1665 Et
1900 1611 2263 1666 subint‘ertur
2292 1627 2468 1665 causa
2491 1610 2826 1682 justissima
2854 1610 2995 1682 peti-

1346 1700 1524 1756 tionis
1553 1703 1612 1755 et
1640 1699 2024 1756 exauditionis
2059 1717 2070 1756 :
2107 1716 2178 1755 ne
2209 1700 2535 1755 cxaltentur
2581 1700 2742 1772 impii
2778 1699 2834 1754 in
2871 1718 2995 1773 per-

1347 1789 1568 1845 ditione
1590 1789 1913 1860 justorum.

1347 1878 1414 1934 10
1489 1878 1661 1950 Caput
1689 1879 1951 1933 circuitus
1980 1894 2166 1934 eorum
2199 1896 2211 1934 :
3025 1912 3072 1976 Β

1489 1967 1662 2022 Labor
1690 1967 1963 2023 labiorum
1994 1970 2235 2040 ipsorum
2267 1970 2468 2039 oportet
2493 1984 2601 2023 eos.
3025 1961 3071 1976 ⁵’
3105 1961 3128 2014 1

1415 2057 1462 2111 Α
1491 2055 1532 2110 C
1563 2057 1712 2112 Deus
1741 2056 2056 2112 obumbrat
2098 2074 2274 2128 super
2324 2062 2496 2127 caput
2535 2057 2858 2127 justorum,
2894 2056 2991 2110 sed

1351 2142 1638 2200 malorum
1670 2145 1844 2216 caput
1875 2145 2060 2217 operit
2089 2143 2252 2200 labor
2282 2144 2592 2198 labiorum.
2619 2145 2770 2198 Ordo
2803 2145 2997 2199 verbo-

1350 2249 1481 2288 rum
1512 2232 1646 2289 talis
1675 2238 1782 2299 est,
1827 2238 2004 2306 caput
2046 2250 2246 2289 eorum
2298 2234 2600 2299 circuitus,
2637 2233 2856 2288 scilicet
2886 2240 2992 2298 est,

1351 2321 1407 2376 id
1441 2326 1527 2378 est
1557 2329 1732 2393 caput
1754 2321 2068 2395 impiorum
2093 2327 2181 2378 est
2201 2322 2492 2393 diabolus,
2516 2323 2614 2394 qui
2641 2341 2873 2394 semper
2893 2324 2997 2377 cir-

1348 2410 1470 2465 cuit
1497 2427 1768 2483 quzerens
1793 2428 1966 2482 quem
1999 2412 2231 2466 devoret
2264 2413 2309 2480 (1
2335 2414 2484 2467 Pctr.
2517 2417 2591 2479 v).
2628 2412 2812 2466 Labor
2861 2429 2995 2466 vero

1349 2496 1670 2554 labiorum:
1696 2502 1788 2554 est
1816 2498 2107 2570 prolatum
2130 2517 2227 2554 ore
2250 2500 2639 2564 mendacium,
2665 2501 2816 2570 quod
2851 2518 2997 2555 sem-

1350 2602 1451 2656 per
1477 2584 1769 2642 laboriose
1803 2587 2060 2658 fingitur,
2084 2587 2361 2658 quoniam
2386 2588 2673 2660 exquisita
2707 2587 2997 2643 machina-

1348 2673 1506 2729 tione
1555 2673 1861 2729 formatur.
1892 2674 2120 2730 Veritas
2152 2675 2308 2729 enim
2361 2676 2486 2730 sine
2536 2675 2731 2731 labore
2765 2676 2996 2742 dicitur,

1353 2761 1491 2834 quia
1519 2761 1648 2817 sine
1677 2761 2020 2818 difﬁcultate
2053 2764 2361 2835 profertur.
2385 2766 2430 2818 Α
2452 2763 2550 2818 γει
2587 2765 2767 2836 ipsius
2799 2766 3000 2821 circui-

1355 2855 1455 2906 tus
1487 2866 1688 2906 eorum
1720 2854 1894 2924 caput
1923 2857 2011 2907 est
2040 2852 2336 2925 superbia,
2368 2870 2494 2924 quae
2526 2855 2788 2926 provenit
2817 2872 2882 2909 ex
2914 2855 2995 2909 la-
3106 2853 3140 2904 2

1356 2938 1496 2995 bore
1525 2937 1840 3009 labiorum,
1869 2941 1924 2996 id
1959 2944 2045 2996 est
2077 2941 2395 2996 mendacio.
3353 2947 3438 2992 ctu
3474 2947 3585 2992 tuo.

1355 3028 1415 3084 11
1497 3027 1700 3085 Cadent
1753 3046 1916 3102 super
1971 3047 2058 3087 eos
2103 3031 2410 3087 carbones:
2442 3033 2499 3086 in
2555 3034 2732 3103 ignem
2779 3032 2996 3105 dejicics
3287 3028 3536 3082 Elcratio
3569 3045 3830 3082 marinum
3865 3044 4106 3082 mearum
4139 3029 4478 3100 sacriﬁcium
4510 3025 4718 3098 ιεεηψτνείε

1526 3133 1614 3174 803
1641 3136 1664 3174 ,⁸
1884 3132 1890 3138 ’
3359 3134 3392 3169 n
3403 3134 3431 3170 tt
3441 3135 3509 3170 m.

1488 3207 1551 3263 In
1579 3209 1820 3264 maeriis
1847 3226 1956 3265 non
1985 3193 2301 3266 subsistcnt:
3177 3205 3217 3260 C
3247 3204 3542 3276 Dirigatur
3573 3206 3641 3259 ad
3679 3211 3730 3259 te
3763 3204 3945 3260 oratio
3972 3222 4100 3262 mea
4133 3206 4286 3262 sicut
4315 3203 4714 3272 incensum,hoc

1415 3297 1456 3354 C
1497 3296 1788 3355 Carbones
1839 3297 1994 3372 ignis
2027 3317 2040 3355 :
2074 3304 2215 3354 sunt
2265 3298 2616 3370 pmnitentia:
2676 3300 2990 3364 cruciatus,
3025 3283 3068 3350 C
3107 3301 3190 3350 est
3224 3299 3286 3348 ut
3317 3298 3401 3348 est
3435 3299 3589 3348 recta
3619 3294 3812 3349 veniat
3844 3295 3914 3350 ad
3966 3300 4018 3350 te
4069 3297 4252 3352 oratio
4301 3313 4438 3352 mea
4481 3295 4538 3351 in
4581 3294 4717 3350 odore

1346 3385 1501 3458 quod
1531 3391 1727 3442 tamen
1751 3386 2089 3443 incendium
2122 3388 2384 3443 nascitur
2411 3404 2479 3442 ex
2511 3388 2692 3443 imbre
2717 3388 2996 3461 lacryma-
3102 3383 3411 3448 virtutum,
3436 3401 3546 3437 non
3585 3383 3806 3438 habens
3838 3385 4039 3439 sordes
4069 3389 4170 3440 aut
4198 3384 4362 3441 vitia.
4388 3391 4430 3440 C
4453 3386 4716 3442 Incensura

1347 3492 1501 3530 rum.
1534 3475 1600 3530 In
1628 3474 1826 3548 ignem
1875 3475 2270 3547 dejiciuntur:
2305 3477 2539 3548 quando
2579 3478 2704 3548 jam
2757 3479 2995 3535 ﬂamma
3103 3480 3186 3528 est
3219 3472 3488 3527 odoriferi
3522 3472 3804 3544 pigmenti
3838 3473 4033 3528 suavis
4068 3474 4320 3542 adustio,
4354 3480 4414 3530 et
4442 3469 4718 3547 spirituali-

1347 3563 1650 3619 charitatis
1695 3563 1948 3634 accensi,
1999 3565 2215 3620 fervere
2263 3564 2476 3620 sanctis
2525 3568 2798 3638 cperibns
2853 3568 2992 3622 inci-
3104 3561 4039 3626 terhic.llIncensum,orationes
4059 3568 4398 3618 sanctorum
4419 3565 4716 3632 sunti‘ApOt.

1345 3652 1518 3724 piunt
1550 3667 1564 3705 :
1596 3649 1692 3706 his
1721 3649 1928 3718 evenit,
1980 3657 2046 3707 ut
2075 3653 2130 3708 in
2165 3658 2528 3726 peccatorum
2579 3656 2830 3711 miseriis
2878 3674 2991 3712 non
3103 3651 3245 3706 vm‘.
3281 3650 3320 3705 C
3351 3649 3714 3705 Sacriﬁcium
3762 3651 4156 3723 vespertinum
4195 3652 4442 3708 fortasse
4473 3651 4721 3723 signiﬁcat

1347 3738 1725 3796 subsistant:
1759 3739 2032 3812 quoniam
2060 3743 2186 3813 jam
2219 3742 2275 3798 in
2309 3743 2517 3799 bonam
2550 3751 2773 3816 partem
2806 3750 2994 3801 trans-
3103 3739 3263 3794 illam
3323 3737 3699 3803 oblationem,
3735 3756 3910 3810 quam
3946 3738 4001 3795 in
4038 3741 4148 3794 fine
4184 3741 4307 3794 vitze
4339 3741 4581 3796 Domino
4610 3736 4723 3794 solet

1345 3828 1638 3884 feruntur.
3103 3830 3309 3883 otl‘crre
3344 3827 3616 3898 religiosa
3650 3828 3899 3892 devotio,
3932 3833 3987 3883 et
4021 3829 4144 3884 ideo
4178 3829 4378 3885 nullus
4403 3825 4720 3902 desperet,si

1345 3917 1417 3974 12
1497 3919 1590 3975 Vir
1616 3919 1902 3988 linguosus
1931 3937 2038 3976 non
2067 3920 2337 3992 dirigetur
2365 3923 2422 3976 in
2457 3931 2605 3978 terra
2637 3941 2654 3976 :
3106 3918 3312 3974 ultimo
3343 3933 3440 3972 sua
3477 3923 3711 3987 peccata
3741 3915 4132 3989 lacrymarum
4161 3919 4316 3974 fonte
4338 3920 4608 3992 detergat.
4632 3913 4722 3970 Ele-

1492 4008 1678 4064 l’irum
1707 4009 1976 4080 injustam
2004 4011 2151 4066 mala
2180 4013 2398 4082 capient
2429 4013 2487 4066 in
2521 4014 2824 4067 interitum.
3105 4006 3258 4061 vatio
3308 4022 3438 4060 vero
3488 4023 3772 4061 manuum
3818 4024 3992 4078 opera
4038 4007 4135 4079 pia
4184 4008 4482 4080 significat
4511 4025 4525 4064 :
4558 4007 4630 4062 sic
4658 4019 4720 4059 re-

1411 4100 1452 4150 C
1480 4095 1582 4152 Vir
1608 4095 1916 4171 linguosus
1948 4114 1961 4152 :
1995 4104 2083 4155 est
2115 4099 2217 4171 qui
2270 4100 2456 4155 multa
2506 4099 2794 4156 inutiliter
2822 4103 2997 4158 verba

1340 4184 1578 4256 profert,
1610 4186 1710 4258 qui
1743 4204 1858 4243 non
1915 4187 2187 4262 dirigitur
2217 4205 2230 4242 :
2265 4189 2402 4260 quia
2454 4188 2828 4262 multiloquio
2879 4208 2993 4246 non

1340 4272 1577 4346 effugiet
1605 4281 1932 4346 peccatum.
1965 4277 2228 4349 lnjustus
2259 4279 2347 4333 vir
2376 4284 2482 4345 est,
2517 4281 2617 4352 qui
2649 4281 2878 4335 divinas
2907 4298 2996 4336 re-

1339 4361 1509 4435 gulas
1535 4368 1934 4434 contemnens,
1957 4367 2200 4440 propriae
2223 4368 2537 4425 voluntatis
2561 4369 2778 4426 fervore
2799 4371 2996 4425 tradu-
3103 4364 3138 4419 3

1337 4450 1492 4507 citur
1534 4453 1709 4524 (Prov.
1741 4455 1799 4527 κ)
1832 4472 1844 4512 :
1880 4455 2048 4512 illum
2099 4456 2254 4513 mala
2299 4457 2550 4528 capient,
2583 4457 2722 4528 quia
2764 4476 2996 4531 semper
3285 4452 3346 4506 Εἰ
3375 4453 3512 4506 οςίίιι

2233 4474 2254 4512 ι
2299 4457 2550 4528 capient,
2583 4457 2722 4528 quia
2764 4476 2996 4531 semper
3285 4452 3346 4506 Et
3375 4453 3570 4506 Ostium
3602 4454 4034 4509 circumdantur
4065 4454 4228 4509 labiis
4259 4457 4411 4509 meis.

1338 4540 1450 4597 sibi
1485 4541 1656 4598 noxia
1687 4545 1920 4618 cogitat,
1975 4546 2074 4618 qui
2127 4552 2412 4618 praecepta
2445 4545 2677 4601 Domini
2717 4547 2991 4603 declinat.
3173 4541 3214 4596 C
3247 4539 3394 4596 Petit
3426 4540 3726 4612 propheta,
3753 4558 3823 4595 ne
3855 4542 3992 4613 quid
4029 4543 4140 4598 tale
4172 4543 4348 4610 dicat,
4373 4543 4530 4616 quod
4561 4553 4721 4614 peﬁ'e'

1341 4629 1408 4684 13
1482 4629 1721 4700 Cognovi
1747 4636 1878 4705 quia
1907 4636 2075 4706 faciet
2106 4634 2369 4689 Dominus
2389 4633 2668 4704 judicium
2700 4636 2871 4706 inapis
2904 4655 2924 4692 :
3025 4657 3074 4722 Ι)
3105 4629 3229 4685 nire
3262 4629 3468 4684 debeat
3500 4630 3568 4722 ad
3607 4634 3850 4722 reatum.
3878 4631 4106 4686 Ostium
4129 4632 4345 4704 quippe
4376 4633 4451 4688 ab
4476 4625 4720 4721 obstando

1497 4725 1552 4784 -ί-
1578 4721 1643 4776 Et
1684 4727 1698 4786 ζ
1739 4723 2038 4778 vindictam
2059 4737 2390 4794 pauperum.
3025 4716 3066 4722 ⁷
3105 4719 3327 4774 dictum
3362 4723 3468 4774 est.
3501 4717 3646 4773 Illud
3680 4736 3814 4791 ergo
3847 4719 3990 4775 vidit
4019 4720 4308 4793 Propheta
4329 4722 4558 4793 magnis
4578 4716 4721 4791 preci-

1407 4806 1448 4862 C
1484 4807 1674 4864 Faciet
1721 4826 1858 4883 ergo
1899 4809 2198 4882 judicium
2245 4809 2510 4880 inopum,
2545 4810 2776 4881 quando
2807 4813 2862 4868 in
2899 4813 2998 4870 illa
3111 4809 3220 4864 bus
3251 4825 3378 4864 esse
3412 4807 3818 4876 muniendum,
3855 4809 4009 4863 unde
4051 4814 4170 4865 tam
4205 4809 4369 4866 facile
4400 4812 4620 4866 noverat
4646 4820 4719 4858 ve-

1330 4894 1716 4966 judicatione,
1749 4898 2042 4970 promissa
2072 4894 2192 4952 illis
2223 4894 2484 4952 retribuit
2513 4915 2526 4952 :
2559 4901 2616 4953 et
2640 4903 2779 4956 tunc
2806 4901 2995 4958 vindi-
3106 4898 3228 4952 nire
3259 4901 3558 4968 peccatum
3597 4914 3609 4951 :
3644 4897 3799 4968 quod
3833 4897 3878 4951 si
3925 4898 4238 4969 fragilitate
4267 4897 4599 4971 peccaverit,
4631 4889 4719 4947 sal-

1339 4985 1434 5036 cat
1463 4999 1774 5054 pauperes,
1800 5002 1933 5042 cum
1955 5001 2158 5040 eorum
2188 4990 2582 5056 persecutores
2603 5005 2637 5043 θ,
2667 5006 2772 5044 suo
2798 4997 2996 5048 sancto
3106 4989 3219 5040 tem
3255 4985 3361 5040 hoc
3393 4989 3664 5055 precatur
3697 5003 3766 5040 ne
3797 4985 3938 5041 illud
3971 4992 4226 5059 excuset,
4259 4989 4415 5046 unde
4447 4991 4716 5060 sequ'tUI'i

1344 5069 1646 5139 separabit
1675 5087 1873 5142 regno.
3107 5076 3138 5129 4
3247 5076 3361 5130 Non
3395 5073 3626 5128 declines
3655 5091 3748 5130 cor
3778 5092 3954 5131 meum
3989 5079 4044 5131 in
4077 5078 4232 5133 verba
4266 5079 4500 5134 malitia
4526 5095 4544 5132 .'

1349 5155 1414 5209 14
1493 5155 1869 5216 Verumtamen
1892 5165 2036 5234 justi
2063 5163 2464 5232 conﬁtebuntur
2487 5169 2702 5223 nomini
2726 5175 2817 5224 tuo
2849 5185 2861 5226 :
3283 5163 3362 5219 .td
3391 5164 3726 5219 excusandus
3759 5168 4134 5222 excusationes
4168 5169 4222 5222 in
4253 5169 4508 5240 peccatis.

1489 5243 1559 5298 Et
1589 5243 1905 5304 habitabant
1933 5253 2064 5307 recti
2089 5269 2209 5306 cum
2243 5254 2394 5308 cultu
2424 5261 2532 5310 tuo.
3176 5252 3217 5308 C
3247 5251 3433 5307 Verba
3493 5251 3724 5307 malitim
3777 5258 3936 5320 sunt,
3985 5261 4050 5311 ut
4095 5255 4230 5328 quis
4281 5261 4414 5329 post
4449 5256 4712 5329 peccatum

1421 5329 1469 5419 ῌ
1494 5329 1645 5396 Quid
1671 5333 1822 5390 enim
1843 5339 2039 5396 vultus
2061 5340 2182 5406 Dei,
2203 5343 2312 5398 nisi
2336 5342 2598 5399 Christus
2621 5345 2804 5402 Filius
2825 5349 2997 5419 ejus?
3105 5360 3278 5397 suum
3312 5340 3456 5396 falso
3490 5341 3558 5396 ad
3591 5345 3994 5399 excusationes
4017 5345 4332 5418 confugiat,
4353 5346 4492 5418 quia
4518 5351 4714 5398 censue-

1351 5417 1470 5507 nisi
1502 5419 1772 5507 cogitatio
1802 5424 2114 5485 divinitatis
2158 5430 2388 5504 ipsius?
2418 5435 2458 5487 C
2486 5436 2626 5489 Cum
2662 5435 2788 5507 ipso
2819 5417 2994 5493 etiam
3104 5432 3243 5487 tudo
3282 5435 3370 5487 cst
3421 5431 3808 5501 peccantium,
3842 5435 4078 5504 quando
4123 5417 4468 5507 deprehensi
4517 5429 4709 5488 fuerint.

1351 5504 1854 5595 D‘cijullutjusti
1905 5517 1959 5572 in
2011 5527 2286 5577 mternum
2338 5521 2709 5595 habitabunt,
2741 5543 2873 5580 cum
2909 5533 2992 5581 -ut
3104 5521 3356 5593 primum
3394 5539 3452 5574 se
3489 5519 3685 5592 aliqua
3711 5520 3958 5577 falsitate
3981 5541 4276 5592 excusare,
4302 5529 4352 5579 et
4381 5540 4514 5578 cum
4541 5515 4710 5575 fuerint

1353 5589 1794 5680 aitApostolus)
1816 5619 1922 5659 non
1943 5609 2498 5680 perspeculum,sed
2522 5612 2665 5668 facie
2691 5614 2762 5668 ad
2789 5615 2990 5671 faciem
3104 5610 3236 5666 inde
3291 5607 3558 5670 convicti,
3601 5609 3744 5664 alias
3797 5618 4110 5667 aSsumunt
4161 5612 4557 5668 excusationes
4609 5617 4710 5659 tum

1355 5679 1798 5740 contuebuntur
1825 5705 1952 5750 eum
1985 5697 2029 5767 (l
2059 5679 2176 5755 Cor,
2223 5701 2365 5771 xm).
2396 5699 2540 5755 Vide
2594 5708 2790 5758 autem
2840 5705 2991 5774 quod
3101 5703 3332 5772 peccato
3359 5697 3628 5753 falsitatis
3654 5701 3983 5770 (nequando
4008 5701 4234 5758 veritati
4259 5697 4714 5773 acquiescatinre-

3541 1000 3743 1037 ORATIO
3786 1000 3849 1038 ει
3895 999 4051 1038 PSAL.
4094 998 4316 1037 CXXXIX.

3173 1071 3370 1126 Virtus
3403 1071 3608 1127 salutis
3670 1078 3901 1138 nostrae,
3957 1071 4133 1138 Deus,
4167 1071 4410 1127 defende
4441 1068 4707 1125 Ecelesiam

3106 1166 3266 1216 tuam
3289 1181 3318 1213 a
3338 1160 3745 1216 dissidentium
3770 1178 3990 1216 veneno
4013 1162 4330 1228 mortifero,
4350 1164 4458 1215 uta
4479 1164 4527 1214 te
4548 1160 4712 1214 obum-

3107 1252 3254 1306 brati
3309 1269 3610 1321 nunquam
3661 1251 3992 1321 obligentur
4040 1249 4330 1321 alaqueis
4381 1249 4600 1303 inimici.
4629 1249 4710 1303 Per

3107 1339 3419 1396 Dominum
3456 1345 3718 1394 nostrum
3751 1341 3952 1395 Jesum
3985 1338 4303 1404 Christum,
4334 1343 4442 1393 etc.

3665 1445 3995 1501 PS.\LMUS
4032 1444 4188 1502 CXL.

3548 1536 3634 1571 Λῐισ
3647 1539 3655 1568 '-
3667 1535 3898 1574 l'MENTl'
3911 1536 3949 1572 .\l
3993 1533 4149 1572 I'SAL.
4191 1532 4315 1571 CXL.

3177 1605 3217 1660 C
3255 1604 3538 1677 Propheta
3582 1605 3893 1677 supplicat,
3927 1610 3990 1659 ut
4034 1604 4184 1660 inter
4233 1604 4556 1660 mundanos
4581 1607 4714 1659 actus

3107 1711 3140 1748 a
3171 1694 3417 1748 diversis
3449 1694 3724 1748 liberetur
3755 1694 4071 1766 erroribus,
4093 1710 4163 1750 ne
4194 1692 4252 1750 in
4283 1699 4633 1768 peccatorum
4652 1708 4715 1746 re-

3108 1783 3321 1838 tiacula
3353 1783 3542 1837 cadat.

3621 1873 3736 1928 ΤΤ.
3769 1873 4017 1928 Psalmus
4049 1872 4244 1929 David.

3247 1961 3490 2024 Dominc,
3522 1962 3758 2015 clamavi
3788 1961 3856 2014 ad
3888 1971 3958 2028 tc,
3990 1961 4194 2017 exaudi
4225 1977 4310 2015 mc
4338 1981 4358 2015 :

3282 2049 3503 2102 Intende
3534 2053 3648 2103 coci
3679 2066 3814 2106 mer
3843 2051 3971 2103 dum
4003 2052 4308 2104 clamarem
4340 2049 4411 2104 ad
4442 2057 4506 2103 ιθ.

3175 2141 3213 2190 C
3257 2137 3519 2198 Domine,
3572 2137 3838 2192 clamavi.
3887 2138 4103 2192 Volens
4154 2138 4437 2210 propheta
4487 2137 4713 2192 affectum

3105 2226 3385 2280 orationis
3439 2228 3727 2280 continum
3761 2227 4018 2281 humano
4050 2229 4242 2300 generi
4279 2228 4595 2290 infundere,
4625 2227 4713 2280 duo

3107 2320 3366 2387 tempora
3401 2317 3626 2370 vidctur
3656 2316 4048 2388 discrepantia
4083 2316 4348 2389 posuisse
4376 2334 4387 2370 :
4420 2316 4638 2371 clamavi
4665 2315 4714 2369 de

3107 2404 3396 2476 pra-terito
3446 2405 3606 2470 dicit,
3661 2405 3816 2475 qucid
3873 2405 4182 2477 perfectam
4228 2404 4716 2476 signiﬁcatoratio-

3106 2511 3239 2548 nem
3276 2510 3286 2546 :
3321 2499 3372 2547 ct
3411 2494 3618 2546 iterum
3655 2493 4000 2558 clauiavero,
4035 2494 4187 2566 quod
4222 2495 4428 2564 utique
4469 2495 4534 2549 de
4562 2493 4715 2547 futuro

3106 2587 3324 2636 constat
3361 2583 3613 2653 positum
3652 2601 3663 2638 :
3701 2588 3760 2636 ut
3801 2584 3950 2638 sicut
3984 2583 4210 2638 nullum
4245 2587 4481 2656 tempus
4510 2601 4540 2637 a
4567 2583 4716 2653 culpis

3106 2678 3190 2727 cst
3225 2689 3492 2736 vacuum,
3533 2672 3609 2726 ita
3652 2691 3680 2724 a
3727 2672 3947 2726 devotis
4000 2673 4271 2745 precibus
4323 2688 4612 2744 nunquam
4653 2675 4716 2724 est

3107 2761 3482 2814 cessandum.

3251 2851 3542 2917 Dirigutur
3583 2853 3758 2905 oratio
3809 2866 3928 2904 mea
3971 2851 4112 2904 sicut
4145 2853 4430 2905 incensum
4461 2851 4512 2903 in
4543 2863 4717 2919 (auspc-

3106 4203 3168 4240 ra
3201 4201 3434 4256 quoque
3467 4189 3685 4250 ucstra,
3724 4189 3952 4256 tempus
4006 4202 4182 4258 prope
4215 4187 4392 4244 tinem
4427 4188 4548 4242 vita:
4579 4184 4720 4254 hujus

3104 4275 3417 4348 significat.

3247 4365 3413 4426 l’onc,
3451 4363 3698 4426 Domine,
3732 4363 4030 4418 custodiam
4061 4366 4148 4418 ori
4177 4382 4290 4421 meo
4323 4385 4342 4421 :

3105 4096 3309 4151 missio
3332 4095 3691 4160 earumdem,
3714 4096 4100 4151 cessationem
4126 4115 4158 4151 a
4179 4097 4331 4153 bono
4353 4096 4724 4172 opere.\'espe-
