3878 6450
96 434 224 496 505
1368 439 1785 503 EXPOSITIO
1827 437 2342 505 PSALMORUM.
3426 448 3546 514 506

96 564 380 622 recunda
437 566 844 640 protervitas),
879 567 1049 625 modo
1087 567 1247 626 enim
1296 571 1566 643 tempori,
1622 573 1794 629 modo
1823 572 1877 642 Α
1907 574 2295 632 ﬁrmamenta.
2326 580 2502 633 Secus
2528 574 2819 634 infernum
2847 576 2988 634 dicit
3015 594 3029 635 :
3055 577 3184 636 vide
3223 582 3541 654 proprieta-

99 655 494 728 necessitati,
536 657 731 712 modo
770 657 899 713 aliis
951 658 1293 730 imputando
1325 660 1476 731 puod
1511 665 1751 732 peccant
1783 679 1796 717 :
1907 668 2022 719 tem
2055 667 2504 732 verborum,non
2541 665 2619 721 ait
2650 666 2707 721 in
2739 666 3027 723 infernum
3056 683 3069 721 :
3099 668 3237 739 quia
3269 668 3402 727 licet
3419 688 3540 725 mo—

95 744 209 799 hoc
241 748 466 800 autem
504 745 837 801 maximum
869 744 1073 801 vitium
1096 750 1186 802 est
1207 762 1323 818 quo
1345 746 1613 804 homines
1643 748 1801 804 labo.
1908 754 1954 808 ri
1986 754 2282 810 communi
2309 759 2461 811 sorte
2482 754 2805 820 vidcantur,
2831 759 3022 810 tamen
3054 756 3172 811 vita
3199 756 3317 812 illis
3341 773 3541 814 conce-

98 836 263 889 rant.
1907 841 2066 898 ditur
2088 847 2317 898 aeterna.
2341 844 2465 898 Non
2496 843 2724 898 auferas
2755 843 3013 899 animam
3046 843 3483 909 meam,scilicet
3513 864 3546 899 a

96 923 133 975 5
248 921 399 976 Cum
434 921 768 977 hominibus
796 923 1145 994 operantibus
1168 924 1517 996 iniquitatem
1551 943 1564 981 :
1906 929 2075 985 bonis
2115 930 2234 985 tuis
2266 949 2278 986 :
2310 932 2408 986 sed
2461 948 2592 1003 spes
2640 947 2769 986 mea
2817 930 2875 986 in
2925 936 2979 987 te
3028 930 3121 999 sit,
3156 937 3214 987 et
3249 931 3397 988 oculi
3430 932 3543 987 mei

248 1011 319 1066 Et
355 1026 476 1065 non
512 1012 933 1067 communicabo
962 1028 1087 1066 cum
1114 1013 1301 1068 electis
1327 1029 1535 1068 eorum.
1907 1035 2138 1091 semper
2167 1024 2222 1074 te
2250 1019 2576 1085 intendant,

173 1098 221 1153 Η
257 1098 419 1153 Petit
453 1102 515 1153 et
547 1097 649 1152 hic
681 1098 1034 1171 propheta,a
1063 1099 1305 1173 collegio
1333 1100 1565 1157 liberari
1594 1118 1793 1158 eorum
1910 1109 1975 1163 10
2047 1108 2272 1163 Custodi
2298 1125 2385 1163 me
2412 1125 2445 1162 a
2477 1109 2665 1180 laqueo
2695 1125 2852 1179 quem
2878 1115 3188 1165 statuerunt
3214 1109 3359 1164 mihi
3388 1126 3405 1165 :

102 1186 205 1259 qui
238 1188 590 1259 operantur
611 1185 1189 1259 iniquitatem.Sicut
1209 1188 1364 1244 enim
1391 1190 1673 1246 Dominus
1698 1190 1796 1246 ba-
2047 1197 2109 1251 Et
2140 1214 2173 1249 a
2201 1197 2474 1251 scandatis
2494 1200 2837 1268 operantium
2860 1198 3225 1268 iniquitatem.

107 1277 204 1331 bet
232 1274 468 1330 electos
503 1291 651 1330 suos
684 1275 1044 1331 sanctoszita
1075 1280 1131 1330 et
1151 1274 1421 1331 diabolus
1454 1277 1628 1333 habet
1648 1277 1794 1334 elec-
1977 1284 2082 1339 Per
2109 1284 2346 1355 laqueos
2376 1290 2433 1339 et
2463 1283 2775 1341 scandala:
2800 1285 2977 1341 totius
3008 1284 3211 1340 mundi
3242 1284 3398 1341 mala
3423 1286 3548 1345 bre-

107 1370 198 1419 tos
220 1380 393 1430 suos,
421 1362 591 1418 sicut
622 1363 920 1436 principes
948 1364 1374 1433 haereticorum,
1400 1365 1498 1437 qui
1521 1367 1675 1438 apud
1703 1384 1797 1423 re-
1902 1372 2049 1427 viter
2076 1373 2356 1446 propheta
2384 1372 2717 1444 complexus
2741 1377 2905 1428 est:a
2935 1372 3149 1446 quibus
3171 1389 3232 1429 se
3255 1374 3546 1446 supplicat

116 1454 337 1525 probos
361 1451 544 1507 electi
572 1454 865 1524 putantur
885 1469 898 1507 :
915 1453 1013 1507 sed
1039 1458 1094 1507 et
1114 1469 1319 1508 omnes
1339 1452 1502 1508 electi
1527 1454 1586 1509 in
1611 1454 1797 1510 scele-

111 1540 377 1607 rc,electi
407 1539 644 1594 diaboli
670 1538 1013 1595 dicuntur.C
1033 1541 1102 1596 Et
1123 1541 1569 1597 communicabo
1596 1559 1606 1597 :
1629 1543 1797 1598 refer-

115 1634 211 1683 tur
237 1630 364 1683 tam
418 1627 498 1683 ad
556 1632 873 1699 operantes
898 1627 1163 1684 homines
1194 1628 1584 1701 iniquitatem,
1618 1647 1794 1702 quam
1905 1636 2060 1690 enim
2091 1636 2280 1691 vicina
2296 1640 2434 1691 sunt
2452 1636 2855 1690 virtutibus.ln
2878 1635 3244 1706 eleemosyna
3266 1634 3541 1707 laqueum

119 1718 188 1773 ad
218 1716 446 1772 electos
483 1715 779 1771 eorum.H
809 1714 911 1771 Vel
936 1716 1126 1789 prima
1153 1734 1288 1789 pars
1320 1717 1498 1789 hujus
1530 1719 1795 1775 versiculi
1905 1728 2128 1794 ponunt
2160 1740 2172 1776 :
2206 1722 2256 1778 si
2289 1727 2352 1777 ut
2380 1721 2574 1777 videar
2604 1722 2769 1777 facio.
2802 1722 2995 1778 Cervis
3039 1727 3336 1793 ponuntur
3379 1725 3540 1789 retia,

117 1804 526 1862 combinanda
559 1808 655 1860 est
687 1821 823 1861 cum
855 1806 1199 1877 praecedenti
1222 1822 1392 1862 versu
1426 1822 1439 1860 :
1475 1810 1538 1862 ut
1559 1807 1635 1863 sit
1666 1824 1795 1863 sen-
1904 1814 1961 1866 et
1988 1810 2173 1865 sancti
2214 1809 2363 1866 cervi
2414 1814 2576 1876 sunt,
2624 1809 2825 1882 spinas
2874 1809 3291 1878 transilientes,
3340 1817 3396 1866 et
3442 1811 3543 1867 alti

115 1911 235 1962 sus,
268 1910 391 1949 non
445 1892 745 1960 declines,
780 1898 914 1961 etc.,
948 1893 1019 1949 ad
1068 1894 1450 1959 excusandas,
1493 1898 1627 1963 etc.,
1660 1912 1791 1951 cum
1824 1932 1873 1998 Β
1903 1899 2201 1965 cornibus,
2230 1903 2288 1954 et
2317 1902 2614 1970 serpentes
2646 1896 3023 1955 interficiunt.

116 1981 464 2038 hominibus
498 1979 892 2052 operantibus
922 1980 1321 2053 iniquitatem.
1824 1979 1872 1998 "
1907 1990 1967 2045 11
2048 1987 2248 2043 cadent
2276 1988 2337 2041 in
2362 1986 2623 2042 νειίαοιιιο
2651 1987 2767 2059 ejus
2792 1990 3095 2057 peccatores
3127 2004 3140 2041 ε

118 2072 151 2123 6
257 2072 541 2143 Corripiet
574 2084 664 2124 me
684 2069 876 2140 justus
906 2070 964 2124 in
993 2069 1369 2125 misericordia
1398 2078 1449 2126 ct
1486 2072 1795 2144 increpabit
2044 2075 2414 2147 Singulariter
2435 2090 2555 2129 sum
2583 2090 2680 2143 ego
2709 2074 2873 2130 donec
2902 2081 3195 2130 transeam.

335 2175 424 2215 me
462 2176 477 2214 :
1973 2164 2016 2220 C
2045 2162 2341 2220 Retiacula
2366 2163 2542 2229 dicta,
2573 2161 2739 2234 quasi
2770 2162 3098 2217 retinentia.
3122 2162 3183 2217 In
3217 2161 3429 2218 diaboli
3464 2180 3543 2218 re-

261 2249 471 2303 Oleum
516 2252 579 2312 -ξ-
607 2255 795 2302 autem
836 2251 849 2311 ζ
887 2248 1183 2319 peccatoris
1217 2264 1325 2302 non
1356 2249 1657 2319 impinguet
1695 2265 1792 2303 ca-
1902 2251 2115 2308 tiacula
2141 2252 2313 2318 cadit,
2347 2251 2446 2323 qui
2479 2253 2844 2322 peccatorum
2874 2266 3112 2304 suorum
3148 2249 3539 2307 abscisionem

334 2344 440 2409 put
468 2352 685 2391 meum.
1902 2356 2017 2396 non
2053 2338 2537 2410 facit.Singularis
2570 2337 2790 2408 est,qui
2817 2353 2949 2391 cum
2983 2336 3259 2408 pessimis
3286 2337 3539 2391 homini-

191 2425 233 2479 C
266 2424 569 2497 Prmelegit
607 2422 698 2478 vir
729 2427 971 2479 sanctus
994 2424 1290 2495 justorum
1341 2424 1791 2497 increpationes,
1899 2423 3331 2496 busnonambulatcombinatus,idestligatus,qui
3356 2424 3540 2479 Trini-

1904 1461 2205 1527 custodiri,
2242 1478 2311 1516 ne
2338 1478 2440 1532 per
2470 1461 2714 1516 insidias
2763 1478 2965 1516 eorum
3018 1461 3207 1533 possit
3254 1462 3466 1534 decipi.
3500 1464 3544 1518 Η

1903 1552 2141 1618 Semper
2171 1547 2344 1603 etiam
2364 1547 2533 1603 nobis
2553 1546 2796 1619 laqueos
2811 1553 3035 1618 ponunt
3056 1548 3347 1603 daemones
3371 1564 3383 1603 :
3407 1549 3546 1605 vitia

127 2513 491 2584 peccantium
526 2510 981 2566 blandimentis.
1010 2514 1143 2578 Qua:
1174 2517 1368 2568 autem
1401 2513 1477 2567 sit
1508 2514 1790 2585 correptio

122 2602 259 2672 justi
294 2599 599 2656 intimavit
630 2598 922 2664 dicens,in
957 2599 1383 2656 misericordia:
1406 2600 1682 2672 quoniam
1705 2600 1792 2656 vir

128 2694 360 2746 sanctus
391 2705 509 2744 non
544 2688 609 2743 in
638 2687 727 2742 ira
756 2686 1121 2760 corripit,st
1157 2705 1258 2761 per
1287 2688 1653 2745 dilectionem
1695 2690 1791 2745 ἰη-

129 2780 317 2849 crepat
349 2794 363 2832 :
399 2774 627 2833 melius
656 2780 748 2832 cst
777 2775 932 2831 enim
964 2776 1179 2848 corripi
1212 2794 1246 2841 a
1267 2777 1635 2849 justo,quam
1663 2775 1789 2833 lau-

128 2866 241 2921 dari
269 2883 306 2920 a
333 2869 673 2938 peccatore.
703 2862 908 2920 Oleum
954 2863 1108 2919 enim
1144 2863 1463 2937 peccatoris
1492 2882 1506 2920 :
1535 2864 1789 2921 adulatio

130 2961 211 3009 est
257 2953 598 3027 deceptoris
642 2955 701 3007 et
752 2952 868 3006 ﬁcti
902 2952 1140 3017 amoris,
1175 2951 1504 3025 periculosa
1541 2956 1629 3008 est
1650 2954 1790 3009 adu-

132 3040 282 3111 latio,
312 3059 440 3116 qua
470 3039 795 3098 excludere
828 3044 1019 3112 potest
1060 3039 1359 3096 hominem
1390 3056 1425 3094 a
1456 3056 1632 3112 regno
1663 3040 1786 3096 Dei.

133 3131 164 3183 7
266 3131 542 3200 Quoniam
588 3129 771 3184 adhuc
816 3132 871 3193 -ξ-
897 3136 948 3184 et
1000 3134 1014 3196 ζ
1054 3130 1230 3185 oratio
1273 3144 1395 3183 mea
1443 3128 1789 3200 bencplacitis

335 3235 550 3277 eorum.

338 3307 601 3380 Αἰθιοφεί
622 3313 760 3361 sunt
782 3312 958 3377 petrae
975 3303 1191 3375 judice:
1214 3319 1423 3361 eorum.

209 3396 251 3452 Η
279 3396 567 3461 Quoniam
600 3394 821 3461 adhuc,
857 3398 965 3449 etc.
996 3411 1008 3448 :
1041 3392 1155 3466 ipsi
1182 3393 1241 3448 in
1271 3392 1648 3464 beneplacitis
1671 3393 1796 3450 suis

146 3489 385 3541 manent.
416 3486 539 3559 Ego
570 3487 776 3539 autem
809 3498 914 3554 pro
942 3480 1088 3552 ipsis
1137 3480 1375 3537 orabam
1407 3485 1470 3535 ut
1502 3486 1794 3537 converte-

148 3574 399 3630 rentur.C
419 3574 521 3629 Vel
554 3590 621 3630 se
654 3570 850 3627 adhuc
872 3570 1279 3642 imperfectum
1306 3569 1587 3625 ostendit:
1608 3586 1791 3642 quan-

147 3661 210 3717 do
239 3663 453 3719 orando
479 3660 628 3718 talia
660 3659 774 3717 sibi
809 3658 1113 3730 provenire
1145 3658 1436 3730 cupiebat,
1464 3674 1589 3729 qua:
1621 3657 1791 3713 malis

148 3755 293 3806 erant
310 3748 782 3824 beneplacita.Et
799 3746 1125 3802 secundum
1151 3746 1407 3817 primum
1430 3745 1788 3802 intellectum

146 3836 393 3894 Christus
422 3856 529 3912 pro
558 3835 821 3894 iuimicis
844 3834 969 3889 suis
987 3838 1052 3888 ut
1072 3837 1542 3889 converterentur
1560 3835 1788 3890 Patrem

148 3927 346 3983 orebat.
366 3926 640 3999 Absorpti
674 3924 901 3992 sunt,id
928 3925 1017 3980 est
1037 3920 1281 3978 convicti
1308 3922 1541 3993 judices
1560 3923 1786 3980 Judan-

146 4031 262 4070 rum
291 4015 510 4073 scilicet
537 4013 629 4071 vel
676 4011 1012 4084 gentilium,
1063 4014 1128 4065 ut
1178 4009 1378 4077 Pilato,
1431 4011 1785 4078 Aristoteles,

148 4102 250 4159 sive
295 4104 732 4169 hereticorum,
770 4100 1006 4173 quando
1046 4102 1187 4155 sunt
1235 4114 1338 4171 per
1383 4098 1554 4154 fidem
1594 4100 1786 4170 juncti

150 4194 322 4259 petrae,
354 4191 407 4246 id
440 4194 529 4248 est
560 4188 819 4256 Christo,
854 4192 912 4242 et
937 4185 1227 4259 segregati
1260 4201 1294 4241 a
1323 4185 1623 4242 diabolo.A
1654 4186 1786 4243 Sive

143 4275 329 4348 juncti,
359 4279 412 4334 id
449 4283 540 4335 est
567 4274 894 4351 comparati
927 4292 939 4329 ε
967 4275 1244 4329 videntur
1272 4273 1429 4328 enim
1453 4272 1782 4347 phi1030phi

152 4361 347 4436 aliquid
376 4368 600 4424 dicere:
623 4366 727 4423 sed
760 4365 984 4436 scripta
998 4377 1202 4419 eorum
1222 4364 1556 4433 comparata
1574 4362 1782 4418 divinae

152 4451 438 4529 Scriptura:
468 4454 888 4521 absorbentur,
922 4450 1073 4507 nihil
1119 4453 1278 4517 sunt,
1329 4454 1385 4505 et
1417 4448 1575 4505 velut
1604 4449 1785 4506 stulta

147 4539 339 4609 jaceat.

151 4628 182 4680 8
274 4631 497 4689 Audicnt
528 4632 695 4689 verba
722 4646 845 4686 mea
874 4629 1137 4702 quoniam
1165 4633 1459 4699 potuerunt
1483 4644 1496 4681 :

272 4722 417 4776 Sicut
444 4720 751 4778 crassitudo
782 4728 949 4775 terra?
976 4724 1161 4788 erepta
1192 4719 1271 4770 est
1300 4731 1463 4787 super
1492 4723 1715 4771 terram.

210 4805 247 4860 C
266 4806 445 4865 Verba
473 4827 584 4866 sua
604 4809 679 4865 ab
710 4806 1002 4863 haereticis
1031 4810 1088 4860 et
1107 4803 1371 4876 tyrannis
1394 4803 1533 4859 dicit
1555 4803 1772 4875 audita,

156 4905 261 4959 qme
289 4898 584 4967 praesentis
613 4895 750 4952 libri
784 4898 979 4952 textus
1008 4892 1302 4965 eloquitur
1328 4892 1588 4964 (quantis
1619 4891 1774 4949 enim

157 4977 202 5031 in
227 4981 302 5039 eis
325 4983 462 5042 locis
493 4986 874 5059 increpantur
905 4987 971 5039 ut
1016 4982 1267 5037 debeant
1295 4979 1550 5053 corrigi),
1574 4986 1774 5053 potue-

162 5076 273 5126 runt
298 5089 425 5146 ergo
457 5076 629 5132 toties
661 5072 948 5130 admoniti
981 5086 1332 5142 cognoscere
1366 5069 1461 5125 Dei
1510 5068 1772 5126 volunta-

160 5159 274 5214 tem.
300 5160 630 5221 Crassitudo
652 5168 851 5220 autem
883 5164 1047 5217 terra:
1077 5161 1166 5214 est
1195 5157 1470 5229 superbia
1499 5161 1771 5230 tyranno-

166 5258 290 5314 rum,
316 5267 437 5322 quae
467 5254 852 5326 grassabatur
880 5250 940 5304 in
973 5251 1207 5304 sanctos
1238 5249 1544 5317 martyres.

164 5329 194 5382 9
280 5337 534 5412 Dissipata
562 5349 693 5397 sunt
720 5357 841 5396 ossa
872 5345 1063 5393 nostra
1100 5351 1251 5389 secus
1285 5335 1563 5405 infernum
1605 5337 1775 5407 :quia

346 5427 408 5481 ad
432 5434 500 5502 te,
531 5432 783 5495 Domine,
816 5428 1061 5489 Domine,
1094 5422 1243 5479 oculi
1274 5424 1382 5478 mei
1413 5440 1426 5478 :

283 5513 333 5567 1η
358 5519 405 5571 te
425 5521 660 5591 speravi,
691 5534 807 5573 non
838 5518 1063 5587 auferas
1089 5513 1334 5566 animam
1362 5526 1557 5565 meam.

225 5596 261 5651 C
284 5598 547 5677 Martyres
581 5625 595 5663 :
631 5623 773 5663 ossa
805 5602 1063 5659 fidelium
1098 5598 1239 5653 dicit
1269 5614 1395 5654 esse
1427 5598 1708 5670 propheta
1754 5614 1768 5653 :

170 5682 284 5749 Quia
307 5698 516 5750 constat
544 5712 643 5753 eos
671 5692 1020 5751 Christiana:
1054 5685 1188 5744 ﬁdei
1235 5702 1363 5743 esse
1409 5683 1775 5743 validissima

1898 2520 2076 2570 tatem
2126 2518 2388 2570 sanctam
2431 2529 2614 2568 unum
2660 2517 2840 2567 Deum
2892 2511 3324 2583 confitetur,qui
3374 2528 3538 2585 spem

1899 2619 2065 2657 suam
2093 2602 2149 2656 in
2175 2601 2296 2657 solo
2320 2601 2434 2656 Deo
2458 2599 2837 2671 ponit.Donec
2854 2599 3234 2659 transcam.id
3258 2603 3345 2655 est
3362 2616 3538 2671 quan-

1898 2690 1998 2745 diu
2018 2690 2073 2744 in
2089 2690 2195 2744 hoc
2210 2690 2429 2744 mundo
2455 2689 2614 2743 fuero
2637 2687 3168 2755 commoratus,boc
3188 2689 3343 2742 enim
3366 2705 3541 2744 saecu-

1897 2776 2019 2833 lum
2044 2776 2193 2833 beati
2219 2776 2375 2833 velut
2394 2776 2617 2832 viantes
2641 2776 2892 2832 transire
2912 2775 3352 2849 dicuntur,quia
3376 2776 3432 2831 in
3450 2776 3535 2847 ip-

1899 2882 1963 2921 so
2004 2882 2117 2920 non
2170 2870 2440 2920 tenentur
2488 2863 2686 2935 aliqua
2724 2863 2927 2919 mundi
2958 2862 3537 2920 delectationeAVel

1896 2953 2160 3009 Christus
2173 2951 2743 3025 dicit,singularis,id
2755 2957 2839 3007 est
2856 2952 3013 3008 solus
3030 2969 3163 3007 sum
3185 2953 3367 3008 donec
3387 2957 3541 3008 tran-

1899 3042 2142 3111 seam,id
2165 3046 2253 3096 est
2275 3040 2652 3108 moriar,tunc
2676 3040 2829 3096 enim
2844 3057 2975 3096 cum
2989 3057 3238 3111 granum
3262 3040 3535 3097 frumenti

1896 3131 1957 3186 in
1998 3135 2150 3186 terra
2195 3134 2491 3185 mortuum
2541 3128 2735 3195 fuerit,
2765 3146 2880 3183 non
2930 3132 3127 3184 manet
3172 3128 3384 3198 solum,
3436 3130 3536 3186 sed

1900 3217 2153 3273 multum
2184 3217 2437 3274 fructum
2470 3216 2634 3272 all‘ert
2663 3218 2842 3287 (Joan.
2882 3218 3003 3286 xu),
3032 3215 3171 3287 quia
3198 3215 3367 3274 multi
3396 3233 3537 3289 pos-

1819 3289 1863 3356 C
1903 3311 1996 3362 tea
2024 3305 2396 3361 crediderunt
2420 3308 2477 3359 et
2495 3304 2690 3360 omnis
2719 3308 2873 3359 terra
2900 3301 3143 3360 Christo.

2378 3435 2576 3474 ORATIO
2614 3435 2684 3473 EX
2722 3434 2873 3474 PSAL.
2916 3433 3060 3474 CXLI.

1970 3536 2145 3600 Pone,
2178 3534 2438 3601 Domine,
2471 3520 2794 3589 custodiam
2851 3533 2934 3589 ori
2985 3536 3205 3603 nostro,
3238 3549 3309 3590 ne
3337 3534 3539 3592 inania

1899 3623 2283 3695 proferamus,
2319 3626 2383 3675 ut
2416 3620 2813 3677 misericordia
2840 3626 2941 3676 tua
2965 3622 3313 3693 correpti,ab
3342 3623 3536 3679 omni-

1899 3711 2010 3767 bus
2040 3709 2403 3782 iniquitatem
2437 3708 2729 3764 seandalis
2758 3715 3152 3781 protegamur.
3186 3710 3294 3767 Per
3341 3710 3536 3768 Domi-

1901 3816 2041 3856 num
2074 3804 2334 3854 nostrum
2360 3797 2563 3852 Jesum
2597 3795 2913 3865 Christum,
2947 3801 3056 3853 etc.

2442 3955 2768 4011 PSALMUS
2806 3955 2986 4011 CXLI.

2319 4077 2719 4117 ARGUMENTUM
2761 4076 2915 4116 PSAL.
2958 4076 3025 4115 CX
3034 4077 3080 4115 LI
3089 4101 3100 4113 .

1963 4192 2004 4241 υ
2030 4184 2292 4241 Christus
2321 4184 2392 4240 ad
2426 4184 2651 4239 Patrem
2684 4183 3089 4251 clamat,dolos
3116 4182 3370 4239 Judaica:
3402 4201 3530 4257 per-

1893 4273 2208 4331 secutionis
2238 4288 2529 4343 exponens
2564 4288 2577 4325 :
2612 4270 2963 4342 liberarique
2994 4287 3054 4326 se
3079 4271 3149 4326 de
3179 4270 3405 4328 inferno
3435 4273 3531 4330 de-

1892 4365 2162 4436 precatur
2213 4378 2226 4416 :
2279 4360 2556 4432 quoniam
2608 4359 2871 4414 omnium
2921 4364 3256 4415 sanctorum
3298 4360 3444 4417 ﬁdes
3474 4360 3533 4417 in

1889 4453 2019 4522 ejus
2049 4448 2469 4525 resurrectione
2500 4446 2810 4518 pendebat.

1925 4540 2041 4595 TT.
2074 4538 2385 4594 Intellectus
2418 4533 2592 4591 David
2620 4549 2747 4587 cum
2768 4542 2903 4589 esset
2931 4536 2985 4588 in
3013 4535 3271 4605 spelunca
3301 4537 3493 4593 oratio.

1812 4648 1856 4712 ι)
1959 4632 1999 4682 C
2028 4624 2239 4683 Psalmi
2274 4640 2450 4679 causa
2482 4622 2752 4712 praesenti
2784 4621 2955 4712 titulo
2984 4622 3529 4712 continetur.Davill

1884 4715 2040 4771 enim
2071 4713 2227 4767 filius
2255 4711 2437 4777 Jesse,
2466 4708 2698 4765 Saulem
2726 4708 3045 4781 principem
3089 4709 3257 4783 fugit,
3291 4715 3349 4766 et
3394 4727 3527 4767 cum

1882 4804 1942 4860 in
1975 4801 2254 4876 spelunca
2282 4799 2504 4863 lateret,
2536 4796 2721 4852 oravit
2751 4798 3108 4869 (Ilteg.xx1v),
3144 4799 3298 4870 quod
3331 4799 3526 4856 Domi-

1883 4908 2027 4948 num
2058 4888 2355 4943 Christum
2387 4884 2446 4939 in
2479 4900 2719 4955 corpore
2750 4888 2882 4939 ante
2914 4884 3243 4957 passionem
3268 4902 3435 4941 suam
3458 4886 3530 4942 si-

1885 4978 2201 5053 gniﬁcabat
2231 4992 2357 5031 esse
2390 4972 2753 5028 facturum.H
2786 4973 3070 5038 Quoniam
3093 4973 3249 5029 enim
3274 4973 3331 5029 in
3354 4972 3526 5030 titulo

1884 5066 2121 5140 ponitur
2148 5062 2477 5118 intellectus
2507 5059 3106 5132 David,spiritualiter
3136 5062 3391 5117 ostendit
3415 5062 3524 5119 Da-

1881 5157 1975 5211 vid
2009 5150 2452 5223 intelligendum
2478 5152 2535 5203 et
2559 5148 3016 5220 psalmum.Saul
3049 5149 3229 5221 igitur
3247 5149 3525 5223 spiritua-

1881 5244 2014 5301 liter
2040 5239 2328 5297 diabolus.
2360 5236 2664 5308 Spelunca,
2699 5237 2955 5292 mundus
3003 5242 3093 5292 est
3140 5237 3270 5304 iste,
3301 5238 3357 5293 in
3410 5254 3525 5308 quo

1882 5329 2151 5387 diabolus
2183 5344 2294 5382 non
2329 5324 2594 5379 immittit
2622 5323 2841 5395 aliquid
2867 5324 3134 5389 boni,sed
3168 5325 3355 5381 solum
3377 5331 3524 5380 ster-

1881 5436 1986 5475 cus
2012 5422 2068 5473 et
2096 5415 2420 5489 putridum.
2454 5412 2554 5466 Est
2594 5411 2750 5467 enim
2799 5412 3081 5485 spelunca
3112 5414 3435 5482 tenebrosa,
3468 5415 3525 5466 et

1882 5506 2138 5561 mundus
2170 5504 2279 5557 iste
2312 5498 2652 5554 tenebrosus
2683 5500 2929 5570 peccatis
2959 5503 3179 5566 est,nec
3208 5500 3264 5554 in
3298 5516 3364 5554 eo
3394 5513 3524 5552 san-

1880 5594 1954 5650 cti
1973 5593 2289 5664 perfectum
2312 5586 2508 5643 lumen
2528 5585 2925 5659 habent,quod
2946 5586 3053 5641 erit
3071 5587 3127 5642 in
3140 5587 3253 5642 alio
3280 5582 3517 5643 mundo,

1880 5682 2145 5738 Christus
2176 5683 2368 5734 tamen
2403 5674 2599 5731 lumen
2618 5675 2775 5732 venit
2796 5676 2856 5731 in
2879 5676 3033 5731 hunc
3060 5672 3430 5737 mundum,et
3452 5682 3520 5720 ex
