3878 6422
67 463 193 524 5ἢ9

1258 538 1261 541 Α
1332 465 1750 526 EXPOSITIO
1792 460 2306 525 PSALMORUM.

3397 466 3518 528 5l0

63 593 263 654 litatis
298 597 367 653 et
400 592 853 665 misericordiae,
888 612 1013 671 quae
1045 596 1116 654 ad
1146 613 1317 654 aures
1344 597 1571 653 Domini
1633 615 1759 671 per-
1789 600 1841 665 Α
1873 593 2139 667 signavit.
2174 592 2335 650 Unde
2364 598 2422 650 et
2452 593 2551 667 qui
2582 593 2853 668 expansis
2886 595 3157 653 manibus
3188 603 3333 668 orat,
3353 600 3513 657 illam

66 685 274 742 venire
310 690 662 741 merentur.
697 686 739 741 C
767 685 992 742 Veritas
1021 684 1177 741 enim
1209 690 1266 740 et
1302 686 1535 757 justitia
1582 687 1768 758 ipsius

68 773 293 847 est,:ne
327 790 482 829 cum
514 779 769 847 rogante
800 774 1099 846 disceptet,
1132 791 1239 830 nec
1269 776 1337 829 ad
1366 775 1657 844 judicium
1706 775 1770 830 il-

69 863 198 918 lum
231 862 454 917 trahat
482 862 587 934 qui
623 878 686 919 se
716 862 813 917 hic
843 862 1006 934 prius
1026 863 1148 934 ipse
1171 864 1540 918 condemnat.
1564 868 1772 935 Super-

71 953 181 1007 bos
215 950 392 1005 cnim
434 951 732 1006 Dominus
764 951 833 1005 ad
865 966 1105 1005 examen
1138 951 1503 1023 adducit,qui
1535 968 1596 1007 se
1621 953 1772 1007 bona

77 1044 301 1108 putant
328 1039 565 1095 habere
598 1039 856 1112 negotia.

77 1130 114 1184 2
229 1129 303 1183 Et
328 1144 453 1182 non
487 1130 669 1183 intres
701 1130 756 1182 in
780 1128 1055 1198 judicium
1083 1144 1209 1183 cum
1237 1144 1389 1183 servo
1418 1136 1507 1185 tuo
1541 1145 1553 1183 :

232 1216 387 1286 Quia
423 1233 539 1272 non
572 1217 979 1288 justi/imbitur
1026 1217 1085 1271 in
1128 1225 1411 1288 conspectu
1459 1225 1548 1273 tuo
1595 1220 1772 1274 omnis

310 1308 535 1361 vivens.

156 1394 200 1450 C
231 1395 353 1451 Nec
391 1397 643 1450 moveat
673 1394 828 1465 quod
854 1392 1037 1464 judici
1070 1392 1303 1462 dicitur,
1336 1409 1450 1448 non
1482 1393 1666 1448 intres
1714 1394 1772 1449 in

81 1482 385 1555 judicium
423 1498 569 1537 cum
608 1497 774 1537 servo
802 1486 921 1537 tuo.
951 1482 995 1536 H
1027 1480 1410 1547 Quantumvis
1452 1474 1607 1537 enim
1640 1483 1772 1554 quis

90 1572 166 1628 sit
188 1572 437 1642 justus,
472 1570 815 1643 quamlibet
844 1569 1159 1641 perfectus,
1192 1586 1307 1624 non
1339 1574 1529 1641 potest
1560 1570 1775 1629 intrare

92 1661 149 1716 in
165 1661 482 1731 judicium
508 1657 893 1728 Domini,nisi
918 1658 994 1713 sit
1014 1675 1146 1713 cum
1163 1657 1562 1714 misericordia
1583 1659 1777 1714 condi-

91 1754 241 1818 tum,
278 1747 477 1805 stellas
509 1746 677 1804 enim
718 1763 835 1802 non
884 1750 1023 1802 sunt
1071 1747 1304 1802 munda:
1352 1746 1411 1801 in
1462 1752 1775 1819 conspectu

96 1840 244 1909 ejus.
279 1839 322 1894 Ο
355 1836 583 1893 Omnis
612 1835 817 1891 vivens
846 1851 1080 1891 omnem
1111 1836 1411 1891 hominem
1461 1835 1773 1908 significat,

99 1926 274 1982 etiam
300 1924 649 1998 quemlibet
680 1923 963 2027 infantem
993 1924 1264 2027 nondum.
1304 1924 1779 2027 baptizatumzut
1809 1962 1854 2027 Β
1883 1923 1919 2025 Ξ

102 2015 208 2071 Job
239 2014 569 2069 aitzNemo
602 2012 866 2067 mundus
888 2015 1020 2067 ante
1040 2015 1229 2079 te,nec
1251 2012 1443 2067 infans
1466 2012 1639 2067 unius
1662 2012 1776 2067 diei

101 2104 217 2170 (lob
246 2103 365 2173 xv),
399 2101 462 2157 id
496 2105 596 2167 est
628 2116 801 2156 nemo
833 2097 981 2155 liber
1008 2116 1136 2155 esse
1167 2104 1377 2172 potest,
1409 2100 1522 2155 nisi
1557 2117 1659 2171 per
1688 2100 1775 2155 di-

105 2192 300 2246 vinam
332 2190 623 2263 gratiam.
661 2188 799 2243 Ideo
826 2204 926 2243 nec
957 2188 1270 2254 Abraham,
1304 2204 1408 2243 nec
1458 2189 1636 2259 Isaac,
1672 2206 1777 2245 nec

104 2280 283 2335 Jacob
305 2278 818 2348 justificabuntur
848 2275 907 2331 in
939 2282 1251 2349 conspectu
1284 2277 1405 2332 Dei.

107 2370 140 2423 3
242 2375 298 2433 ιξη
321 2368 473 2435 Quia
513 2376 535 2432 ζ
580 2373 894 2437 persecutus
912 2374 989 2419 est
1018 2367 1278 2421 inimicus
1306 2367 1551 2421 animam
1572 2384 1773 2423 meam:

245 2456 595 2512 Humiliavit
629 2456 686 2509 ia
721 2461 869 2508 terra
902 2455 1068 2509 vitam
1088 2470 1286 2510 meam.

174 2545 222 2601 ll
244 2548 285 2601 (Σ
308 2541 909 2609 Inimicus,diabolus
930 2541 1028 2614 qui
1052 2542 1424 2615 persequitur
1452 2542 1777 2599 humanum

111 2651 314 2705 genus.
349 2634 393 2688 Ο
429 2630 802 2687 Humiliatur
819 2633 1012 2686 autem
1037 2632 1093 2686 in
1118 2637 1290 2698 terra,
1323 2632 1493 2702 cujus
1523 2632 1641 2688 vita
1662 2649 1782 2688 car-

112 2722 342 2778 nalibus
388 2719 893 2777 delectationibus
938 2718 1237 2791 polluitur,
1287 2736 1404 2775 non
1455 2720 1782 2777 humilitate

119 2809 426 2882 probabili,
462 2808 578 2865 sed
612 2806 1002 2871 declinatione
1031 2807 1257 2863 vitiosa.

121 2900 148 2952 ἃ
255 2900 569 2955 Collocavit
596 2913 688 2951 me
718 2897 779 2950 in
809 2897 1047 2951 obscuris
1074 2898 1215 2953 sicut
1239 2901 1479 2953 mortuos
1508 2899 1699 2954 saeculi
1732 2914 1744 2953 ε

327 2996 381 3044 et
408 2987 691 3043 anxietas
721 2989 801 3039 est
832 2986 888 3039 in
923 3002 1005 3039 me
1034 2987 1259 3057 spiritus
1289 3001 1438 3041 meas
1472 3002 1484 3040 :

258 3078 319 3131 In
348 3092 438 3132 me
469 3073 763 3131 turbatum
793 3080 870 3128 est
898 3089 990 3127 eor
1016 3090 1218 3129 meum.

192 3165 238 3220 ll
267 3164 661 3220 Collocantur
691 3161 750 3215 in
785 3159 1103 3217 tenebrosis
1136 3161 1303 3216 factis
1334 3165 1684 3234 peccatores,
1720 3156 1790 3218 °et

128 3258 259 3309 sunt
289 3253 513 3309 mortui
542 3247 772 3317 saeculi.
809 3249 917 3303 Sed
973 3257 1101 3305 sunt
1158 3250 1310 3305 sicut
1364 3250 1600 3319 mortui,
1646 3251 1787 3306 dum

128 3339 399 3415 pmnitere
447 3336 794 3411 incipiunt;
845 3337 1105 3392 nondum
1158 3334 1313 3392 enim
1365 3343 1629 3393 mortuus
1674 3343 1784 3406 est,
1816 3324 1860 3390 C

129 3430 262 3501 quia
291 3431 351 3486 in
384 3426 748 3500 poenitentia
776 3429 911 3481 stat.
934 3425 991 3479 Si
1018 3425 1151 3496 quis
1178 3430 1371 3481 autem
1404 3444 1648 3498 peccans
1671 3444 1784 3483 non

128 3510 246 3590 agit
269 3516 715 3592 pcnnitentiam,
750 3513 842 3569 hic
874 3516 1141 3569 mortuus
1183 3516 1271 3569 est
1318 3513 1535 3583 seaculi,
1567 3519 1623 3570 et
1672 3532 1786 3570 non

130 3607 276 3663 sicut
311 3608 617 3670 mortuus,
656 3602 758 3658 sed
794 3603 1080 3673 perfectus
1138 3606 1425 3667 mortuus,
1456 3603 1785 3675 usquedum

131 3711 237 3750 non
269 3693 456 3769 egerit
484 3690 924 3766 pcenitentiam.
950 3689 1229 3746 Anxiatus
1259 3696 1347 3746 est
1378 3691 1788 3764 spiritus,quia

132 3782 407 3855 scriptum
439 3786 533 3838 est
566 3798 581 3837 :
619 3779 671 3836 si
713 3777 906 3835 solum
968 3779 1353 3851 suspiraveris
1409 3780 1480 3836 de
1537 3780 1787 3851 peccatis

132 3870 479 3939 tuis,salvus
510 3869 999 3927 eris.'l‘urbatum
1031 3871 1119 3923 est
1143 3884 1260 3933 cor,
1283 3867 1339 3931 id
1371 3873 1458 3924 est
1487 3869 1785 3924 conscien-

136 3959 210 4015 tia
239 3976 388 4029 mea,
422 3959 568 4033 quia
600 3955 906 4031 peccavi.C
933 3954 1055 4020 Vel,
1081 3954 1348 4012 anxiatus
1377 3956 1784 4030 spiritus,vici-

136 4046 368 4104 nitatem
401 4046 656 4123 periculi
688 4044 928 4101 indicat.
962 4046 1029 4099 Et
1064 4044 1363 4100 turbatum
1410 4062 1529 4115 cor,
1578 4046 1787 4103 huma-

134 4152 262 4192 nam
283 4136 645 4210 sapientiam
698 4138 946 4190 testatur
993 4133 1576 4207 confusam,utspem
1618 4153 1786 4197 suam

138 4223 203 4280 de
228 4230 431 4282 cetero
460 4226 524 4280 in
561 4222 815 4280 Domino
845 4224 1086 4294 poneret
1116 4238 1248 4276 cum
1287 4221 1498 4287 virium
1544 4241 1786 4291 suarum

140 4315 546 4371 confidentiam
578 4328 701 4368 non
734 4310 992 4377 haberet.

140 4402 174 4455 5
270 4406 488 4460 Memor
514 4402 609 4474 fui
636 4399 855 4455 dierum
902 4399 1279 4470 antiquorum,
1328 4399 1614 4457 meditatus
1666 4418 1789 4457 sum

341 4492 401 4547 in
429 4491 696 4548 omnibus
726 4487 980 4559 operibus
1007 4488 1117 4542 tuis
1150 4503 1163 4541 :

275 4579 332 4633 ln
357 4580 525 4650 faelis
556 4593 832 4632 manuum
865 4580 1089 4631 tuarum
1116 4574 1442 4641 meditabar.

1878 699 2107 739 erucem
2142 683 2543 755 Redemptoris
2576 683 2860 739 imitatur.
2880 686 3033 751 Qum,
3053 684 3187 741 licet
3216 706 3252 743 a
3280 691 3517 759 perfidis

1876 772 2093 829 Judaeis
2120 773 2255 827 data
2285 776 2374 827 est
2393 772 2618 828 Christo
2641 773 2709 827 ad
2744 789 2994 844 poenam,
3018 779 3213 830 tamen
3245 793 3520 833 concessa

1878 864 1967 915 est
1997 860 2367 916 credentibus
2401 860 2471 915 ad
2520 860 2788 917 salutem.
2824 862 3100 935 Sequitur
3142 866 3516 936 comparatio,

1877 947 1936 1004 in
1970 965 2086 1018 qua
2116 949 2256 1003 dicit
2290 967 2303 1003 :
2340 949 2421 1003 sio
2452 949 2709 1004 animam
2742 967 2908 1007 suam
2942 951 3275 1007 desiderare
3314 952 3517 1019 Deum,

1879 1053 2053 1108 quem
2086 1037 2401 1091 admodum
2434 1037 2589 1092 sicca
2618 1042 2771 1094 terra
2799 1039 3063 1111 copiosas
3095 1039 3341 1111 pluvias.
3375 1042 3523 1098 Dicit

1879 1124 2035 1180 enim
2068 1124 2190 1190 tibi,
2226 1124 2447 1180 scilicet
2477 1142 2588 1180 non
2620 1126 2806 1191 alteri,
2834 1127 2966 1183 talis
2996 1132 3083 1184 est
3126 1128 3324 1184 anima
3372 1147 3520 1201 mea,

1881 1214 1937 1268 id
1969 1218 2056 1269 est
2088 1212 2191 1268 soli
2223 1214 2339 1269 Deo
2369 1213 2573 1269 sitiens
2599 1213 2861 1271 inhaeret.

1878 1320 1915 1374 7
2024 1320 2278 1376 Velociter
2304 1320 2508 1375 exaudi
2536 1337 2637 1388 me,
2670 1323 2895 1377 Domine
2922 1339 2933 1376 :

2021 1409 2221 1479 Deiecit
2247 1409 2475 1479 spiritus
2506 1426 2674 1464 meus.

1952 1516 1990 1567 C
2021 1513 2168 1568 Petit
2191 1513 2302 1568 sibi
2333 1514 2616 1585 paznitens
2658 1517 2767 1571 iste
2816 1515 3064 1573 imbrem
3111 1518 3522 1577 misericordias

1881 1599 2178 1656 celerrime
2208 1601 2535 1668 subvenire,
2568 1606 2624 1659 et
2654 1607 2720 1658 ut
2748 1603 3002 1660 velocius
3036 1608 3321 1677 potuisset
3358 1610 3523 1666 audi-

1882 1687 1950 1751 ri,
1983 1690 2261 1745 defecisse
2286 1689 2427 1745 dicit
2456 1690 2515 1745 in
2559 1708 2621 1747 se
2651 1692 2920 1764 spiritum
2971 1711 3166 1750 suum.
3219 1699 3381 1763 Quod
3432 1699 3524 1755 his

1882 1777 2184 1849 contingit,
2219 1778 2317 1850 qui
2349 1777 2687 1851 passionum
2718 1780 3079 1839 diversarum
3112 1786 3367 1857 pondere
3388 1805 3525 1860 pNB-

1883 1870 2219 1937 gravantur.

2026 1973 2141 2027 Non
2170 1981 2378 2030 avertas
2408 1976 2608 2045 faciem
2633 1983 2787 2032 tuam
2815 1994 2850 2033 a
2878 1995 2966 2033 me
2991 1996 3013 2033 .·

2025 2061 2091 2116 Ει
2116 2062 2319 2118 similis
2341 2079 2432 2119 ero
2460 2063 2902 2122 descendentibus
2932 2068 2991 2122 in
3020 2068 3222 2124 lacum.

1956 2165 1997 2219 C
2027 2165 2303 2222 Convenit
2332 2168 2486 2224 enim
2540 2169 2949 2227 misericordias
2979 2173 3103 2239 Dei,
3159 2180 3221 2231 ut
3277 2175 3526 2232 humiles

1887 2253 2158 2325 respiciat
2187 2255 2287 2327 qui
2320 2258 2702 2329 superborum
2750 2260 2923 2316 corda
2972 2262 3311 2318 contemnit.
3344 2265 3526 2319 Lacus

1889 2341 1983 2397 hic
2012 2342 2301 2399 infernum
2334 2344 2642 2417 significat.
2679 2348 2823 2404 Petit
2849 2365 3005 2421 ergo,
3040 2367 3111 2405 ne
3143 2352 3411 2424 superbis
3449 2353 3526 2407 si-

1888 2428 2044 2485 milis
2077 2431 2195 2495 fiat,
2224 2433 2323 2504 qui
2356 2434 2449 2489 hic
2482 2440 2716 2507 peccata
2760 2454 2867 2493 sua
2911 2438 3194 2510 deplorat,
3225 2441 3526 2512 quoniam,

1889 2518 1935 2573 si
1964 2518 2078 2573 illis
2108 2519 2321 2576 similis
2354 2522 2472 2591 fiat,
2500 2524 2717 2595 pariter
2747 2541 2980 2598 quoque
3009 2542 3141 2582 cum
3172 2529 3259 2584 eis
3287 2529 3529 2585 descen-

1888 2607 1987 2662 det
2015 2607 2073 2662 in
2104 2608 2314 2664 lacum.

1887 2713 1924 2765 9
2032 2713 2284 2770 Auditum
2309 2718 2398 2789 fac
2426 2717 2569 2773 mihi
2598 2737 2755 2777 mane
2783 2724 3215 2781 misericordiam
3242 2733 3393 2781 tuam
3423 2740 3436 2780 :

2104 2804 2245 2871 Quia
2276 2807 2335 2860 in
2364 2814 2413 2861 te
2440 2810 2672 2878 speravi.

1965 2926 2003 2981 C
2033 2925 2307 2983 Auditum
2340 2928 2821 3001 misericordiam,
2855 2933 3224 2993 clementiam
3263 2935 3403 2994 dicit
3435 2938 3531 2995 Dei

1896 3016 2016 3068 toto
2047 3015 2182 3071 orbe
2213 3016 2603 3087 notissimam,
2636 3038 2754 3091 qua
2800 3023 3269 3096 supplicantibus
3298 3031 3532 3098 praestat

1896 3106 1953 3165 et
1981 3100 2242 3175 indulget
2271 3104 2525 3161 afflictis.
2559 3106 2747 3176 Mane,
2783 3112 3010 3182 tempus
3041 3112 3216 3168 vcnizu
3243 3113 3531 3186 designat;

1898 3206 2033 3244 nam
2064 3195 2195 3262 post
2215 3196 2441 3248 noctem
2470 3194 2840 3266 pacatorum
2869 3198 3073 3254 merito
3104 3216 3275 3256 mane
3299 3201 3533 3269 dicitur,

1897 3279 2131 3348 quando
2159 3279 2332 3353 culpa
2358 3280 2858 3340 laxaturﬂausam
2889 3303 3121 3358 quoque
3149 3287 3536 3345 exauditionis

1897 3365 2077 3434 addit,
2112 3368 2250 3439 quia
2281 3368 2337 3423 in
2370 3373 2442 3437 te,
2477 3370 2577 3441 qui
2610 3376 2938 3444 sperantem
2969 3375 3232 3447 decipere
3264 3392 3377 3433 non
3427 3393 3535 3450 po-

1894 3457 2000 3523 tes,
2055 3457 2299 3527 speravi.
2360 3458 2481 3525 Vel,
2542 3476 2731 3530 mane,
2789 3465 3021 3535 tempus
3092 3465 3533 3541 resurrectionis

1894 3542 2107 3599 Christi
2141 3547 2414 3602 ostendit.

1898 3668 1965 3722 10
2037 3668 2229 3724 Notam
2256 3674 2346 3743 fac
2372 3675 2513 3729 mihi
2542 3692 2688 3731 viain
2719 3678 2778 3732 in
2807 3680 2904 3750 qui
2929 3678 3204 3736 ambulem
3236 3697 3249 3736 :

2038 3757 2179 3825 Quia
2205 3760 2279 3815 ad
2303 3765 2360 3815 te
2389 3762 2567 3819 levavi
2594 3766 2841 3821 animum
2869 3783 3069 3823 meam.

1965 3878 2006 3934 Ο
2035 3880 2180 3936 Cum
2209 3899 2241 3938 a
2273 3883 2385 3939 Deo
2416 3886 2557 3957 petit
2589 3887 2697 3942 sibi
2730 3888 2882 3945 viam
2914 3894 3110 3946 notam
3136 3890 3540 3957 fieri,ostendit

1896 3970 2050 4041 quod
2082 3971 2200 4027 haec
2230 3973 2323 4027 via
2350 3973 2686 4031 hominibus
2740 3976 2986 4033 habetur
3033 3978 3345 4052 incognita.
3378 3979 3537 4035 [llius

1896 4057 2052 4112 enim
2084 4058 2322 4115 lucerna
2350 4066 2407 4115 et
2432 4062 2631 4119 lumen
2663 4063 2771 4119 hoc
2801 4065 2912 4121 iter
2948 4067 3223 4139 ostendit,
3257 4066 3356 4138 qui
3403 4067 3536 4123 illu-

1897 4146 2083 4201 minat
2112 4164 2345 4203 omnem
2375 4148 2692 4219 hominem,
2719 4152 2871 4207 sicut
2890 4153 3161 4225 superius
3192 4152 3540 4211 dixit.Ihtel-

1894 4234 2109 4291 lectum
2138 4235 2244 4290 tibi
2276 4236 2447 4306 dabo,
2479 4241 2534 4293 et
2581 4238 2871 4297 instruam
2918 4244 2973 4296 te
3022 4240 3081 4295 in
3131 4241 3223 4297 via
3266 4241 3375 4299 hac
3423 4259 3540 4315 qua

1896 4323 2198 4397 gradieris.
2229 4326 2414 4396 Rogat
2442 4342 2577 4399 ergo
2607 4326 2914 4401 Pmpbeta,
2948 4333 3011 4385 ut
3038 4330 3089 4386 ei
3130 4328 3280 4405 viam
3330 4329 3539 4389 salutis

1898 4413 2173 4487 ostendat
2196 4416 2253 4483 et
2281 4413 2375 4471 sic.
2396 4418 2589 4471 notam
2621 4432 2853 4489 semper
2901 4416 3131 4482 habeat.
3178 4436 3250 4476 ne
3287 4419 3371 4476 de.
3408 4422 3539 4492 ejus

1898 4502 2069 4558 corde
2100 4500 2410 4574 aliquando
2432 4503 2711 4561 discedat.
2733 4506 2801 4562 Et
2819 4507 3383 4567 subditursolemuis
3406 4525 3538 4567 cou-

1897 4590 2093 4658 fessio,
2124 4591 2263 4664 quia
2291 4593 2362 4648 ad
2396 4598 2466 4660 te,
2500 4596 2608 4648 etc.
2643 4590 2789 4650 Illud
2821 4594 2975 4651 enim
3011 4613 3114 4652 nos
3148 4596 3441 4669 postulata
3458 4597 3539 4654 fa-

209 4670 246 4723 C
264 4666 428 4723 Juste
450 4684 554 4723 cor
573 4667 708 4738 ejus
728 4664 919 4727 fuerat
937 4664 1543 4735 turbatumsquoniam
1568 4684 1792 4726 memor
1819 4686 1868 4750 Β
1898 4679 1979 4735 cit
2006 4680 2235 4751 mereri,
2270 4681 2319 4738 si
2351 4681 2610 4738 animum
2644 4688 2903 4741 nostram
2937 4701 3050 4742 non
3082 4664 3433 4745 inclinemus
3464 4687 3537 4744 ad

145 4759 257 4809 erat
286 4755 620 4829 ingentium
654 4757 1024 4826 peccatorum
1046 4752 1329 4823 priorum.
1349 4753 1463 4837 Ipsi
1487 4755 1643 4811 enim
1665 4757 1789 4821 dies

144 4841 380 4915 antiqui,
413 4847 559 4901 sunt
590 4842 805 4898 veteris
835 4839 995 4896 illius
1024 4840 1281 4897 hominis
1309 4843 1653 4916 antiquitate
1675 4846 1791 4902 fus-

147 4931 269 4985 cati.
299 4932 486 5005 Opera
511 4930 752 4988 Domini
782 4929 943 5002 dicit,
976 4928 1192 5001 quibus
1218 4929 1427 4986 coelum
1460 4937 1789 5008 terramque

148 5015 434 5088 fundavit;
467 5018 825 5094 patriarchis
858 5018 1012 5074 bona
1055 5018 1206 5087 fecit,
1258 5023 1315 5073 et
1358 5020 1639 5094 populum
1688 5038 1790 5095 per

150 5121 295 5163 mare
321 5107 630 5165 transtulit
660 5106 1193 5172 Hebraeorumﬂlue
1215 5123 1277 5162 se
1298 5108 1436 5163 dicit
1458 5110 1791 5183 frequenter

150 5189 374 5252 iterasse
404 5197 700 5267 memoria
728 5201 795 5257 et
814 5195 1082 5261 lectione,
1116 5198 1181 5250 ut
1209 5194 1538 5251 excluderet
1573 5200 1786 5256 amari-

153 5281 397 5341 tudinem
430 5286 651 5345 mundi
675 5274 935 5341 suavitas
966 5282 1252 5340 lectionis.
1279 5285 1438 5349 Quod
1461 5287 1790 5360 exemplum

154 5383 246 5439 pro
269 5374 522 5430 maxime
571 5373 835 5430 remedio
883 5370 1142 5444 positum
1190 5372 1518 5442 credamus,
1570 5380 1633 5430 ut
1684 5393 1789 5433 nos

158 5444 368 5531 quoque
395 5460 612 5517 similis
642 5459 832 5533 possit
864 5457 1151 5512 medicina
1179 5456 1421 5514 salvare.

154 5541 187 5592 6
282 5548 533 5620 Expandi
562 5562 764 5603 manus
794 5562 939 5601 meas
969 5544 1039 5599 ad
1068 5553 1120 5599 te
1150 5562 1163 5600 :

283 5636 475 5692 Anima
503 5655 629 5693 mea
656 5637 804 5691 sicut
831 5642 979 5689 terra
1008 5633 1127 5686 sine
1156 5649 1298 5703 aqua
1327 5634 1447 5689 tibi.
1477 5636 1716 5708 Diapsat.

220 5721 256 5773 Ο
282 5723 378 5779 Περ
402 5726 749 5781 extensione
774 5708 1080 5787 manuum,
1101 5716 1394 5777 Christum
1414 5720 1473 5777 in
1498 5739 1664 5781 cruce
1696 5725 1789 5783 de—

1900 4770 2206 4838 mundum,
2240 4772 2339 4827 sed
2373 4788 2603 4843 semper
2632 4771 2887 4830 levemus
2917 4774 2989 4830 ad
3023 4779 3226 4834 Deum.

1901 4896 1960 4949 ll
2037 4896 2198 4968 Eripe
2226 4913 2311 4952 me
2333 4896 2399 4957 de
2429 4898 2675 4953 inimicis
2694 4900 2853 4967 meis,
2876 4900 3098 4956 Domine
3120 4899 3192 4955 ad
3222 4907 3274 4956 te
3294 4902 3534 4972 confugi:

2107 4985 2235 5041 doce
2258 5002 2343 5041 me
2362 4989 2542 5057 facere
2570 4988 2898 5044 voluntatem
2926 4996 3079 5043 tuam
3111 5003 3123 5044 :

2038 5076 2185 5147 Quia
2216 5075 2354 5129 Deus
2382 5090 2533 5129 meus
2562 5091 2713 5129 meus
2735 5092 2789 5132 es
2817 5085 2878 5131 tu
2915 5082 2929 5142 ζ
2975 5117 2988 5131 .

1966 5197 2006 5252 C
2039 5195 2262 5253 Inimici
2294 5197 2475 5252 nostri
2507 5201 2645 5253 sunt
2674 5199 2967 5256 daemones
3000 5216 3012 5253 :
3050 5201 3147 5273 qui
3173 5201 3395 5275 jugiter
3424 5200 3539 5257 c‘ir—

1899 5285 2178 5343 cumdant
2208 5284 2497 5350 fideles,ut
2526 5285 2609 5341 eis
2638 5287 2866 5358 possint
2894 5304 3059 5359 spem
3092 5288 3411 5346 divinitatis
3435 5305 3538 5343 au-

1900 5374 2067 5431 ferre.
2100 5374 2183 5429 Ad
2216 5390 2350 5430 eum
2382 5371 2663 5445 confugit,
2696 5375 2795 5446 qui
2828 5376 3352 5447 ejusjussionibus
3399 5376 3537 5430 obe-

1899 5464 2005 5518 dit.
2037 5464 2188 5520 Doce
2219 5478 2310 5517 me
2344 5459 2613 5517 :uolebat
2670 5479 2910 5534 prorsus
2965 5479 3177 5530 errare,
3237 5463 3337 5535 qui
3393 5460 3537 5516 tanti

1902 5550 2164 5624 magistri
2198 5549 2467 5621 cupiebat
2494 5565 2621 5605 esse
2638 5548 2988 5631 discipulus,
3020 5555 3077 5605 et
3102 5553 3227 5622 ejus
3256 5548 3537 5605 voluntati

1902 5639 2153 5694 obedire.
2187 5637 2252 5693 Et
2281 5653 2518 5693 causam
2563 5642 2619 5692 et
2674 5634 2959 5709 irationem
3018 5638 3201 5704 addit,
3261 5632 3537 5705 quoniam

1902 5732 2054 5783 Deus
2086 5742 2249 5782 meus
2280 5741 2341 5781 es
2376 5743 2388 5780 :
2422 5724 2549 5780 ideo
2571 5712 2731 5796 juste
2760 5742 2795 5781 a
2821 5723 3275 5781 clementissimo
3300 5724 3354 5774 te
3384 5719 3532 5786 peto.
