3878 6424
354 428 468 491 811

358 565 424 621 12
494 563 736 632 Spiritus
765 569 890 618 tuus
923 560 1092 617 bonus
1117 558 1340 618 dmum!
1367 579 1456 618 me
1486 563 1544 617 in
1575 570 1722 618 terra
1755 568 1935 620 recta:

497 654 726 725 Proliter
753 668 951 708 nomen
981 659 1159 718 tuum,
1209 652 1454 718 Domine,
1505 654 1805 724 vivi/icabis
1839 669 1924 708 me
1955 654 2014 708 in

567 744 834 814 aequitate
861 750 976 807 tua,

425 835 472 889 Α
503 833 542 888 C
574 830 827 904 Spiritus
857 831 1048 887 bonus
1083 845 1095 886 :
1128 829 1472 903 designatur
1503 847 1605 903 per
1633 829 1741 886 hoc
1775 847 2010 898 nomen,

354 923 539 979 Deum
570 938 697 977 esse
730 919 1012 993 Spiritum
1049 923 1318 976 sanetum
1347 937 1360 986 ;
1394 919 1677 992 scriptum
1712 925 1796 975 est
1829 920 2009 976 enim:

354 1013 536 1068 Nemo
569 1011 781 1075 bonus,
816 1009 927 1065 nisi
962 1007 1124 1064 solus
1154 1009 1310 1064 Deus
1341 1009 1547 1080 (Matth.
1582 1009 1721 1079 xxx).
1749 1009 1932 1081 Igitur
1961 1010 2010 1065 si

351 1100 605 1174 Spiritus
629 1104 868 1155 sanctus
896 1099 1086 1153 lienus
1111 1097 1327 1154 dicitur
1348 1097 1525 1166 Deus,
1547 1099 1875 1153 necessario
1897 1102 2006 1154 est.

352 1191 394 1247 C
423 1189 529 1254 Qui
563 1207 668 1245 nos
701 1187 933 1244 deducit
967 1187 1023 1242 in
1069 1192 1226 1242 terra
1274 1191 1428 1241 recta
1465 1203 1479 1242 :
1527 1186 1762 1258 quando
1795 1203 2010 1259 corpus

353 1284 618 1337 nostrum
652 1277 776 1334 suis
807 1276 1023 1349 regulis
1054 1276 1274 1332 subdit.
1308 1275 1412 1331 Vel
1447 1280 1599 1331 terra
1630 1278 1787 1330 recta
1816 1280 1906 1331 est
1949 1275 2008 1331 in

350 1369 548 1425 futuro
581 1365 814 1434 saeculo,
845 1365 946 1420 ubi
980 1364 1119 1420 recti
1151 1362 1564 1421 ambulabunt.
1618 1363 1860 1436 Propter
1901 1380 2008 1419 no-

352 1476 484 1514 men
517 1459 993 1522 tuum,etc.,nam
1018 1452 1512 1526 quamvis,omnia
1534 1452 1718 1525 gratis
1740 1452 2009 1509 Christus

351 1547 526 1603 donet
551 1564 562 1601 :
584 1545 830 1617 justitim
857 1543 1042 1615 ipsius
1067 1545 1154 1597 est
1177 1541 1920 1614 supplicantesjustiiicare
1953 1547 2008 1598 et

347 1635 659 1692 vivificare.
693 1634 826 1690 Ideo
858 1649 974 1688 non
1005 1630 1147 1688 dicit
1176 1631 1236 1686 in
1262 1631 1534 1704 aequitate
1557 1649 1706 1698 mea,
1732 1631 1834 1687 sed
1866 1636 2004 1688 tua:

350 1723 489 1798 quia
519 1740 633 1780 non
668 1720 892 1777 meritis
924 1720 1093 1787 meis,
1127 1719 1226 1776 sed
1261 1720 1518 1775 nominis
1551 1720 1764 1775 Christi
1797 1720 2005 1793 gratia.

355 1816 419 1871 13
490 1812 694 1869 Edures
724 1810 788 1867 de
818 1810 1174 1866 tribulatione
1196 1810 1444 1864 animam
1478 1825 1682 1865 meam:

489 1905 566 1959 Et
594 1903 650 1956 in
680 1899 1066 1956 misericordia
1095 1907 1192 1954 tua
1219 1897 1492 1970 disperdes
1541 1901 1796 1954 inimicos
1840 1916 2002 1954 meos.
2037 1941 2085 2007 Β

489 1991 566 2007 π.
741 1993 752 2007 .
1365 1990 1636 2007 bellum
1677 1987 1732 2007 1-
1779 2005 1792 2007 Α

421 1996 460 2048 C
488 1991 837 2048 Educuntur
863 1989 934 2044 de
956 1986 1333 2044 tribulatione
1363 1990 1644 2060 tanquam
1669 1987 1739 2043 de
1770 1989 2009 2043 carceri-

349 2083 461 2139 bus
492 2085 705 2138 sancta:
735 2079 944 2134 animae
978 2096 990 2134 :
1025 2079 1262 2150 quando
1293 2094 1571 2133 concessa
1598 2077 1766 2133 venia
1794 2079 1867 2133 de
1893 2077 2006 2134 isto

350 2170 562 2228 saeculo
593 2169 690 2226 ubi
728 2166 1105 2236 tribulantur,
1139 2165 1561 2239 prmcipiuntur
1589 2166 1763 2223 exire.
1799 2167 1861 2223 In
1895 2168 2003 2222 mi-

349 2259 666 2318 sericordia
692 2262 886 2314 autem
906 2255 1329 2330 disperduntur
1348 2255 1600 2312 inimici:
1628 2257 1863 2329 quando
1889 2261 2008 2313 stu-

347 2351 442 2408 dio
464 2346 934 2422 compunctionis
956 2348 1026 2403 de
1049 2345 1348 2404 sceleratis
1398 2345 1852 2420 cogitationibus
1901 2347 2004 2403 ab-

347 2439 726 2507 strahuntur;
760 2437 917 2511 quod
949 2437 1022 2493 ad
1057 2435 1191 2493 illos
1222 2436 1497 2509 pertinet,
1529 2433 1629 2508 qui
1662 2453 1864 2508 pmnas
1902 2436 2005 2492 de-

346 2529 498 2586 bitas
529 2527 785 2585 remedio
817 2525 1264 2599 supplicationis
1286 2526 1561 2581 evadunt.

348 2619 415 2673 14
487 2619 552 2673 Et
577 2615 769 2689 perdes
806 2632 988 2671 omnes
1044 2617 1142 2687 qui
1171 2615 1444 2671 tribulant
1498 2616 1743 2670 animam
1792 2629 2001 2669 meam:

492 2706 760 2773 Quoniam
788 2720 884 2772 ego
917 2720 1105 2759 servus
1135 2712 1257 2759 taus
1277 2720 1420 2758 sum.

418 2797 458 2849 Ο
477 2793 580 2850 Hic
598 2792 742 2849 dicit
763 2809 891 2848 esse
914 2792 1241 2865 perdendos
1267 2789 1564 2847 diabolum
1589 2795 1644 2846 et
1673 2805 1880 2847 omnes
1903 2791 2006 2846 im-

349 2883 508 2958 pios;
540 2880 599 2937 in
625 2881 821 2937 futuro
845 2880 1198 2953 judicio,qui
1232 2879 1289 2936 in
1320 2897 1429 2935 sua
1458 2879 1852 2936 obstinatione
1883 2896 2005 2935 mo-

346 2971 598 3028 riuntur.
633 2969 720 3026 Illi
751 2968 1112 3027 tribulabant
1142 2968 1306 3043 prius
1327 2970 1526 3040 justos
1555 2967 1876 3042 viros,quia
1904 2985 2004 3024 eos

343 3058 600 3118 famulos
630 3058 734 3116 Dei
766 3076 895 3116 esse
926 3060 1212 3116 nocebant
1244 3076 1256 3114 :
1289 3063 1348 3115 et
1373 3075 1609 3116 necesse
1639 3063 1728 3114 est
1774 3056 1908 3114 illos
1943 3057 2001 3114 in

332 3149 562 3224 judicio
593 3149 802 3222 perire,
827 3149 927 3222 qui
959 3148 1300 3206 innocentes
1320 3148 1475 3205 viros
1509 3149 1636 3205 ideo
1668 3163 2000 3222 persquun-

339 3243 458 3311 tur,
491 3239 634 3314 quia
663 3239 763 3297 Dei
795 3256 924 3296 esse
955 3238 1208 3296 famulos
1237 3243 1618 3313 cognoscunt.

803 3363 1008 3404 ORATIO
1045 3364 1118 3403 EX.
1155 3363 1315 3404 PSAL.
1355 3362 1525 3402 CXLII.

408 3459 564 3511 Deus
590 3455 689 3528 qui
716 3454 1066 3510 matutinum
1089 3470 1267 3510 sacra:
1290 3451 1735 3510 resurrectionis
1756 3456 1868 3508 tum
1891 3468 1999 3508 au-

338 3543 524 3600 ditam
557 3542 745 3598 fecisti
765 3541 1224 3613 jucunditatem,
1240 3558 1376 3597 cum
1399 3559 1466 3597 ex
1490 3542 1718 3598 inferno
1741 3541 1994 3610 rediens,

336 3631 578 3703 replesti
611 3635 824 3684 terram
857 3629 1108 3702 gaudiis,
1129 3647 1307 3700 quam
1341 3629 1662 3702 reliqueras
1695 3630 1753 3686 in
1785 3631 1996 3686 obscu-

337 3720 458 3775 ris:
495 3733 774 3789 rogamur
801 3717 1072 3790 potentiae
1102 3721 1214 3772 tua:
1247 3717 1566 3772 inelI'bilem
1602 3720 1993 3790 majestatem,

338 3811 405 3864 ut
435 3806 591 3863 sicut
619 3810 757 3861 tunc
788 3810 1077 3862 catervam
1112 3804 1492 3878 apostolicam
1523 3807 1779 3879 gaudere
1829 3824 1997 3864 sacra

338 3894 528 3951 fecisti
559 3896 618 3949 in
651 3893 934 3961 anastasi,
969 3893 1053 3950 ita
1081 3893 1232 3950 hanc
1263 3893 1604 3964 Ecclesium,
1637 3899 1799 3952 tuam
1818 3895 1996 3952 mise-

335 3983 649 4041 ricordiam
682 3983 954 4055 expansis
985 3983 1262 4040 manibus
1292 3983 1994 4058 ﬂagitantem,splendore

333 4073 586 4137 cmlestis
608 4072 842 4145 jubaris
871 4071 1168 4129 illustrare
1199 4071 1478 4146 digneris.
1509 4073 1617 4142 Qui
1648 4091 1783 4131 cum
1826 4074 1993 4131 Patre

329 4167 387 4220 et
416 4162 582 4230 Filio,
614 4167 724 4219 etc.

859 4277 1194 4334 PSALMUS
1232 4277 1465 4336 CXLIII.

748 4383 1155 4424 ARGUMENTUM
1196 4385 1355 4425 PSAL.
1395 4385 1565 4425 CXLII.

398 4484 440 4542 C
471 4483 698 4542 Bellum
733 4484 893 4542 istud
927 4483 1266 4541 Davidicum
1299 4484 1369 4541 ad
1395 4485 1828 4559 designandum
1860 4503 1989 4544 cer-

329 4576 524 4630 tamen
552 4572 784 4631 Domini
817 4572 1135 4630 Salvatoris
1165 4576 1255 4630 est
1286 4574 1659 4645 praemissum
1694 4592 1708 4631 :
1741 4578 1806 4631 ut
1834 4575 1990 4632 sicut

1269 425 1334 490 S.
1382 426 1779 492 BRUNONIS
1820 426 2442 492 HERBIPOLENSIS
2486 425 2866 492 EPISCOPI.

2035 563 2091 633 Α
2120 561 2480 636 Quandoque
2509 561 2684 618 etiam
2717 560 2883 636 digiti
2898 559 3246 621 Trinitatem
3283 558 3590 629 indicant.
3615 571 3674 621 ut
3694 563 3784 622 ibi.

3683 430 3786 496 5H

2122 650 2228 716 Qui
2263 650 2544 724 appendit
2573 651 2766 708 tribus
2791 651 2994 726 digitis
3043 652 3261 710 molem
3317 659 3498 709 terra
3533 654 3657 726 (lsa.
3686 656 3784 727 xc),

2122 740 2474 812 quandoque
2495 739 2780 814 Spiritum
2805 745 3184 812 sanctum,ut
3203 743 3289 799 ibi
3330 760 3344 798 :
3381 745 3629 816 Accepit
3647 744 3786 816 Moy-

2123 845 2217 885 ses
2247 829 2394 885 duas
2422 828 2654 886 tabulas
2683 829 2932 903 scriptas
2959 829 3140 903 digito
3171 831 3280 888 Dei
3316 832 3524 904 (Exod.
3557 832 3755 906 ηυγ).

2119 922 2155 974 2
2264 919 2643 976 Misericordia
2671 935 2790 974 mea
2819 926 2874 975 et
2901 921 3180 991 refugium
3204 937 3437 978 meum:

2296 1009 2586 1080 Susceptor
2615 1023 2765 1062 meus
2786 1015 2837 1063 et
2867 1009 3134 1064 liberator
3161 1025 3348 1066 meus.

2191 1097 2231 1151 C
2253 1095 2713 1153 Misericordiam
2738 1095 2874 1152 fecit
2899 1097 3183 1154 Dominus
3202 1098 3788 1172 cumDavidzquando

2120 1200 2255 1240 eum
2289 1186 2358 1241 de
2388 1184 2666 1242 fratribus
2696 1185 2821 1241 suis
2850 1184 3151 1255 ultimum,
3187 1205 3295 1260 per
3336 1187 3682 1244 Samuelem
3727 1189 3791 1244 ad

2120 1273 2312 1346 regale
2343 1273 2576 1330 culmen
2609 1273 2849 1348 elegit(l
2867 1276 3494 1350 Rrg.xv1).llefugium
3521 1294 3536 1332 :
3571 1277 3788 1350 quando

2120 1363 2168 1420 ei
2205 1362 2516 1420 consilium
2541 1363 2722 1430 dedit,
2749 1369 2812 1419 ut
2833 1364 3062 1421 hostem
3085 1382 3261 1422 suum
3299 1370 3484 1439 petra
3505 1366 3786 1436 dejiceret,

2118 1469 2294 1525 quem
2330 1453 2525 1526 gladio
2557 1470 2672 1508 non
2705 1458 2951 1527 poterat.
2983 1455 3305 1527 Susceptor
3339 1472 3354 1512 :
3392 1455 3638 1529 quando
3670 1455 3790 1510 fecit

2116 1558 2253 1597 eum
2285 1559 2319 1598 a
2349 1541 2524 1598 Saule
2555 1542 2774 1616 suscipi
2811 1543 2870 1598 in
2915 1559 3222 1616 generum.
3256 1543 3584 1600 Liberator
3613 1559 3629 1600 :
3663 1559 3784 1599 cum

2116 1647 2250 1686 eum
2284 1649 2318 1687 a
2350 1630 2608 1704 periculo
2641 1631 2808 1705 regia:
2835 1630 3258 1705 indignationis
3291 1631 3546 1706 eripuit.

2115 1721 2150 1776 3
2259 1721 2540 1776 Protector
2564 1737 2711 1777 meus
2740 1729 2792 1778 et
2817 1723 2877 1777 in
2909 1722 3022 1793 ipso
3039 1723 3262 1794 speravi
3280 1740 3303 1777 :

2262 1810 2368 1878 Qui
2395 1808 2582 1864 subdis
2608 1810 2875 1882 populum
2902 1826 3085 1866 meum
3111 1811 3213 1866 sub
3243 1826 3355 1867 me.

2189 1897 2230 1953 Ο
2263 1899 2557 1955 Protector
2589 1915 2602 1953 :
2631 1898 2867 1972 quando
2897 1897 2956 1954 in
2989 1898 3274 1972 spelunca
3305 1898 3536 1968 latens,
3570 1899 3629 1955 in
3657 1899 3783 1955 Sau-

2115 1985 2231 2043 lem
2265 2003 2460 2060 regem
2483 1987 2588 2060 jus
2619 1986 2859 2044 ultionis
2890 1987 3130 2061 accepit.
3165 1989 3236 2044 Et
3261 1987 3327 2044 in
3351 1986 3492 2062 ipso
3523 1987 3737 2061 speravi
3763 2003 3778 2042 :

2115 2093 2150 2134 a
2178 2075 2279 2132 tali
2311 2093 2413 2150 spe
2445 2075 2555 2132 scit
2586 2077 2673 2132 vir
2732 2081 2974 2134 sanctus
3032 2094 3148 2134 non
3209 2093 3346 2134 esse
3410 2077 3773 2135 cessandum.

2115 2166 2332 2223 Subdis
2361 2165 2608 2240 populos
2644 2183 2657 2222 :
2691 2166 2830 2240 quia
2863 2165 3063 2223 multis
3092 2165 3329 2240 populis
3384 2166 3775 2242 imperaturus

2115 2260 2262 2312 erat.

2115 2346 2147 2402 4
2260 2345 2508 2410 Domine,
2536 2347 2670 2418 quid
2697 2353 2776 2403 est
2801 2345 2958 2404 homo
2977 2347 3108 2420 quia
3141 2347 3450 2403 innotuisti
3477 2348 3561 2402 ei:

2274 2441 2460 2502 E—Jut
2502 2439 2516 2503 ξ
2569 2437 2720 2507 [ilius
2750 2437 2989 2494 hominis
3018 2437 3151 2508 quia
3177 2444 3407 2510 reputas
3433 2435 3602 2494 eum?

2185 2528 2225 2578 C
2253 2525 2372 2581 Sub
2403 2526 2856 2598 interrogatione
2879 2529 2935 2580 et
2956 2525 3231 2599 despectu
3265 2523 3767 2599 pronuntiandum

2113 2615 2370 2688 est,quid
2403 2620 2487 2671 est
2521 2615 2696 2671 homo
2720 2615 2746 2654 τ’
2785 2614 2952 2688 quasi
2987 2615 3179 2688 pulvis
3212 2631 3225 2670 :
3253 2615 3363 2688 qui
3395 2619 3573 2672 vento
3609 2613 3763 2668 ﬂante

2115 2702 2335 2759 nullam
2363 2704 2538 2761 habet
2569 2704 2929 2760 firmitatem.
2963 2704 3109 2769 Quia
3139 2703 3462 2761 innotuisti
3496 2704 3570 2770 ei,
3605 2702 3658 2758 id
3687 2703 3763 2756 est

2115 2793 2523 2851 inaestimabile
2553 2792 2786 2850 deitatis
2809 2810 3113 2860 arcanum,
3127 2809 3231 2866 per
3249 2797 3632 2866 assumptam
3651 2805 3759 2846 car-

2115 2898 2247 2940 nem
2282 2883 2456 2939 rectis
2478 2883 2590 2940 fide
2625 2881 2956 2940 ostendisti.
2979 2881 3168 2940 Simili
3201 2883 3382 2939 modo
3415 2881 3761 2954 interrogan-

2112 2972 2252 3028 dum
2286 2976 2411 3029 est:
2436 2975 2538 3030 aut
2569 2972 2728 3030 illius
2756 2971 3064 3029 hominis?
3091 2976 3148 3028 et
3175 2971 3314 3028 item
3348 2971 3760 3045 respondeatur

2112 3062 2389 3135 quoniam
2422 3065 2660 3136 reputas
2688 3078 2859 3131 eum;
2901 3060 3105 3135 utique
3151 3060 3210 3117 in
3260 3062 3480 3119 ovibus
3527 3059 3660 3128 tuis,
3704 3058 3756 3114 in

2111 3168 2357 3209 numero
2387 3151 2955 3226 predestinatorum.

2109 3241 2147 3297 5
2253 3244 2420 3298 Homo
2447 3243 2679 3298 vanitati
2705 3241 2911 3298 similis
2928 3242 3109 3312 factus
3138 3248 3250 3297 est:

2329 3331 2455 3387 Dies
2483 3331 2600 3403 ejus
2629 3331 2774 3389 sicut
2802 3330 3000 3386 umbra
3017 3333 3379 3403 praisreamt.

2180 3418 2222 3474 C
2249 3419 2494 3494 Exponit
2527 3417 2778 3476 breviter
2814 3417 2972 3492 quod
3002 3417 3277 3493 superius
3306 3418 3480 3486 dixit,
3511 3415 3652 3491 quid
3669 3413 3756 3469 est

2104 3506 2283 3565 homo
2303 3509 2332 3565 ?
2361 3508 2544 3564 Adam
2575 3508 2734 3564 enim
2767 3508 3004 3581 quando
3049 3511 3282 3564 creatus
3332 3511 3451 3576 est,
3501 3501 3754 3577 simplex,

2105 3615 2291 3672 purus
2322 3601 2382 3655 et
2410 3615 2580 3654 verax
2610 3602 2669 3654 et
2699 3596 3052 3654 immortalis
3080 3597 3191 3653 fuit
3229 3612 3243 3652 :
3296 3598 3402 3654 sed
3455 3598 3750 3670 postquam

2105 3688 2386 3760 peccavit,
2424 3687 2611 3744 factus
2653 3690 2743 3744 est
2770 3686 3014 3744 vanitati
3072 3685 3284 3748 similis
3317 3702 3331 3744 :
3369 3683 3651 3762 quoniam
3703 3681 3754 3734 et

2105 3775 2409 3834 mutabilis
2439 3780 2498 3833 et
2525 3775 2793 3833 mortalis
2822 3777 3062 3833 allectus
3083 3780 3416 3842 est,vanum
3439 3775 3597 3833 enim
3619 3766 3750 3827 illud

2104 3865 2378 3934 dicimus,
2411 3865 2565 3938 quod
2597 3865 2668 3922 de
2699 3881 2808 3922 sua
2835 3864 3170 3922 substantia
3197 3865 3439 3931 cadens,
3483 3863 3543 3920 in
3591 3871 3750 3917 eum

2102 3959 2310 4012 tenues
2340 3954 2670 4012 evanescit:
2704 3959 2772 4016 ut
2801 3955 3032 4022 umbra,
3057 3959 3125 4010 ut
3151 3954 3348 4012 fumus
3367 3975 3390 4023 ς
3411 3953 3568 4011 unde
3599 3943 3749 4006 addi-

2102 4045 2190 4100 dit
2219 4061 2231 4100 :
2267 4045 2396 4101 Dies
2424 4044 2554 4117 ejus
2587 4043 2740 4101 sicut
2768 4044 2980 4101 umbra
3008 4047 3400 4115 praetereunt;
3437 4043 3592 4100 sicut
3629 4051 3746 4094 um-

2102 4135 2210 4190 bra
2238 4134 2514 4208 praeterit,
2539 4132 2623 4189 sic
2645 4133 2955 4189 hominum
2977 4133 3093 4189 vita
3114 4137 3248 4206 post
3273 4136 3584 4205 peccatum
3599 4125 3744 4187 Ade.

2107 4223 2221 4281 nisi
2257 4223 2434 4280 fuerit
2464 4221 2834 4279 confessione
2866 4226 3156 4296 reparata.

2096 4313 2133 4368 6
2253 4313 2510 4381 Domine,
2541 4311 2755 4368 inclina
2777 4312 2940 4370 caelos
2971 4319 3095 4368 tuos
3123 4319 3176 4368 et
3203 4310 3502 4369 descende:

2316 4402 2492 4473 Tange
2518 4409 2726 4457 montes
2754 4408 2807 4457 et
2830 4401 3209 4473 fumigabunt.

2170 4490 2212 4546 C
2241 4488 2546 4546 Inclinatio
2572 4487 2853 4546 ccclorum
2884 4487 2994 4546 fuit
3025 4506 3038 4545 :
3084 4489 3322 4563 quando
3351 4490 3424 4546 ad
3457 4482 3740 4545 hominem

2099 4580 2284 4636 virtus
2313 4582 2370 4636 et
2398 4578 2588 4635 honor
2613 4593 3009 4652 supernorum
3040 4577 3345 4635 descendit
3387 4575 3612 4635 scilicet
3653 4565 3740 4623 Dei

327 4662 438 4719 iste
469 4662 695 4721 Goliam
728 4662 888 4720 saxei
921 4661 1016 4719 teli
1037 4662 1442 4758 liimicatione
1489 4664 1848 4758 prostravit;
1906 4665 1989 4722 ita
2017 4691 2068 4758 Β
2101 4668 2305 4727 Filius.
2340 4667 2568 4725 Montes
2597 4665 2694 4724 hic
2724 4668 3010 4741 superbos
3041 4667 3188 4724 dicit
3218 4684 3232 4724 :
3279 4683 3430 4740 quos
3476 4658 3743 4758 Domini!!!

325 4767 428 4824 per
457 4756 683 4826 petram
720 4754 870 4826 (qua:
901 4757 992 4809 est
1029 4751 1321 4823 Christus)
1371 4752 1650 4810 fortitudo
1700 4753 1989 4812 diabolica
2017 4747 2062 4758 ”
2099 4757 2311 4832 tetigit,
2332 4756 2568 4830 quando
2599 4757 2684 4814 eis
2715 4757 3226 4832 compunctionem
3248 4756 3476 4815 tribuit.
3495 4747 3740 4821 Fumiga-

323 4839 672 4900 vinceretur.

714 4931 826 4987 TT.
859 4930 1034 4986 David
1077 4931 1213 4996 E—ad
1254 4931 1466 4988 Goliam
1507 4935 1523 5000 ξ
1573 4973 1585 4987 .

328 5020 351 5075 1
466 5019 787 5076 Benedictus
818 5021 957 5077 Deus
978 5036 1127 5078 meus
1158 5022 1256 5094 qui
1295 5019 1446 5078 docet
1491 5039 1690 5080 manus
1737 5039 1886 5080 meas
1915 5023 1986 5080 ad

570 5106 838 5178 praelium
851 5124 870 5162 :

411 5197 548 5258 Ξ-Ει
593 5198 609 5262 ζ
661 5194 860 5264 digitos
886 5211 1028 5252 meos
1057 5197 1127 5252 ad
1158 5198 1381 5255 bellum.

400 5282 440 5336 ll
457 5281 735 5340 CBellum
763 5283 967 5356 utique
993 5285 1134 5342 dicit
1159 5285 1420 5360 spiritale
1441 5306 1556 5346 non
1578 5290 1834 5361 carnale,
1865 5307 1982 5364 quo

327 5367 525 5426 anima
535 5371 685 5441 justi
708 5372 987 5427 adversus
1006 5374 1297 5430 dmmones
1313 5380 1370 5431 et
1391 5377 1696 5450 passiones
1719 5379 1983 5438 carnales

326 5455 698 5522 invisibiliter
726 5457 986 5514 dimicat.
1021 5460 1061 5514 Ο
1091 5462 1298 5518 Manus
1328 5465 1723 5536 operationem
1755 5469 1984 5544 signiﬁ-

327 5549 464 5600 cant
500 5563 512 5602 :
547 5547 739 5620 digiti,
775 5546 1054 5605 salutaria
1085 5549 1329 5606 consilia
1362 5569 1374 5607 :
1409 5570 1540 5625 qua:
1569 5556 1640 5611 de
1671 5558 1844 5616 corde
1876 5579 1984 5618 no-

328 5636 449 5718 stro
478 5633 637 5692 velut
664 5632 904 5707 quidam
930 5636 1073 5691 radii
1109 5637 1587 5710 prosiliunt,dum
1621 5642 1818 5718 aliqua
1850 5649 1985 5706 sub-

327 5717 535 5779 tilitate
592 5738 804 5782 causas
870 5723 1230 5782 necessarias
1297 5725 1557 5786 obtinere
1599 5717 1981 5796 contendunt.

2097 4849 2276 4905 bunt:
2298 4862 2436 4903 cum
2467 4846 2690 4904 crebris
2721 4845 2999 4921 suspiriis
3030 4863 3140 4904 sua
3160 4851 3397 4922 peccata
3419 4837 3737 4920 plorabant.

2094 4952 2335 4994 crassus
2362 4935 2519 4992 enim
2553 4935 2754 4992 fumus
2780 4953 2879 4994 ore
2909 4935 3187 5006 vomitur,
3215 4951 3352 4993 cum
3383 4953 3446 4995 se
3483 4934 3543 4992 in
3587 4925 3733 5003 ριαιι·

2093 5030 2256 5083 ctum
2286 5024 2463 5084 homo
2499 5024 2900 5082 commoverit.

2091 5118 2129 5172 7
2235 5116 2486 5189 Fulgura
2513 5117 2949 5173 coruscationem
2979 5122 3038 5172 et
3062 5115 3359 5190 dissipabis
3381 5130 3466 5172 eos
3483 5132 3501 5168 :

2305 5206 2504 5262 Emitte
2529 5206 2766 5280 sagittas
2797 5208 2920 5262 tuas
2947 5213 2999 5262 et
3026 5204 3380 5262 conturbabis
3400 5219 3517 5262 eos:

2165 5295 2207 5351 C
2235 5294 2492 5370 Fulgura
2519 5293 2945 5351 coruscationis
2976 5293 3139 5352 dedit
3171 5311 3184 5351 :
3219 5293 3456 5368 quando
3485 5283 3728 5350 tenebro-

2093 5385 2178 5442 sis
2205 5383 2629 5458 peccatoribus,
2663 5383 3084 5456 prophetarum
3114 5382 3522 5456 praedicatione
3547 5376 3727 5465 lumeg

2093 5454 2224 5532 suss-
2243 5471 2504 5530 veritatis
2553 5454 2790 5528 infudit:
2851 5454 3168 5546 Dissipavit
3227 5476 3444 5541 autem,
3477 5454 3727 5538 disperiiii

2093 5562 2408 5637 significat,
2445 5564 2509 5617 ut
2538 5560 2640 5634 qui
2681 5565 2816 5618 ante
2860 5561 3090 5618 fuerant
3135 5561 3392 5619 cultores
3438 5555 3721 5616 idolorum.

2093 5651 2343 5710 subinde
2398 5651 2472 5706 ad
2528 5648 2796 5707 Ecclesiae
2855 5655 3020 5724 septa
3063 5651 3466 5725 confugerent.

2095 5741 2390 5815 apostolos
2419 5740 2584 5809 dicit,
2617 5740 2718 5813 qui
2761 5739 3242 5813 praedicationum
3291 5740 3523 5798 veritate
3553 5733 3722 5807 (qum
