3878 6456
94 456 225 516 513

1376 457 1790 520 EXPOSl'l‘IO
1832 455 2339 519 PSALMORUM.

3436 459 3559 520 514

91 587 309 661 jacula
343 589 651 660 pennata)
676 591 981 647 hominum
1006 594 1238 664 pectora
1259 592 1710 646 transfoderunt.
1736 590 1803 643 Et
1829 590 1884 656 Α
1913 588 2206 642 rel/coram
2236 605 2343 642 non
2373 596 2448 644 est
2480 595 2649 654 vetus,
2678 590 2767 644 sed
2797 591 3027 645 nol-clla.
3062 595 3177 646 Non
3210 600 3286 647 est
3315 594 3461 646 enim
3492 593 3559 646 de

105 676 553 744 eonturbabis,
591 679 821 735 scilicet
850 680 1003 735 bona
1031 681 1398 736 contritionis
1432 678 1761 733 turbatione
1795 696 1808 733 :

106 764 255 836 quia
282 763 378 820 sic
405 765 588 836 prius
610 767 860 840 turbati,
884 772 1084 841 postea
1109 768 1222 824 laeti
1247 772 1437 824 erunt.
1460 768 1572 824 Eos
1590 770 1809 834 autem,

110 853 187 909 ad
222 856 485 909 montes
520 854 902 912 referendum
931 861 1037 912 est.

145 944 183 996 8
258 943 495 999 Emitte
523 958 765 998 manum
796 952 946 1000 tuam
971 944 1037 1000 de
1064 946 1175 1001 alto
1208 961 1221 1001 :
1255 947 1404 1017 eripe
1446 962 1534 1001 me
1560 953 1610 1001 et
1638 946 1814 1000 libera

340 1045 440 1085 me
473 1028 547 1085 de
575 1032 743 1103 aquis
766 1033 958 1087 multis
978 1050 998 1086 :

262 1119 334 1173 Et
363 1117 442 1172 de
469 1133 656 1173 manu
684 1119 933 1189 ﬁliorum
949 1120 1280 1176 alienorum.

188 1204 234 1261 C
265 1203 380 1261 Hic
413 1206 496 1261 ad
532 1206 775 1262 Patrem
826 1208 1003 1264 verba
1051 1209 1352 1281 convertit,
1383 1226 1625 1265 manum
1674 1209 1817 1264 dicit

121 1292 463 1350 Dominum
501 1293 894 1362 Salvatorem,
919 1312 1094 1368 quem
1134 1296 1329 1353 venire
1366 1298 1727 1369 deprecatur,
1752 1301 1819 1353 ut

122 1381 417 1437 liberaret
477 1383 785 1438 mundum
837 1384 907 1439 de
952 1383 1090 1452 alto,
1131 1384 1188 1439 id
1243 1388 1331 1441 est
1384 1386 1455 1440 de
1512 1386 1817 1457 potestatis

126 1469 390 1536 excelso,
417 1470 529 1525 ubi
568 1487 705 1525 cum
752 1471 916 1527 Patre
946 1477 1150 1544 regnat
1184 1473 1473 1544 parilitate
1501 1473 1733 1528 virtutis
1762 1478 1819 1529 et

128 1558 361 1613 unitate
405 1557 796 1614 substantiae.
834 1564 908 1615 [le
948 1561 1118 1632 aquis
1161 1572 1377 1628 autem,
1409 1560 1465 1615 id
1500 1567 1587 1616 est
1615 1562 1685 1616 de
1718 1579 1815 1633 po-

132 1646 289 1719 pulis
323 1646 618 1718 undosis,
644 1650 707 1703 et
738 1649 905 1720 quasi
938 1646 1190 1720 procella
1220 1648 1541 1703 saevissima
1568 1648 1818 1703 concita-

130 1736 229 1789 tis.
251 1734 336 1790 De
371 1750 573 1789 manu
608 1733 868 1791 filiorum
894 1751 908 1790 :
934 1735 1004 1790 de
1031 1734 1125 1791 his
1155 1737 1255 1808 qui
1286 1736 1557 1791 ﬁdelibus
1583 1753 1818 1809 parcere

136 1820 437 1889 nesciunt,
466 1821 621 1894 quia
653 1820 728 1878 de
760 1822 993 1878 diabolo
1037 1829 1393 1896 generantur
1419 1825 1519 1896 qui
1555 1825 1691 1880 {iliis
1720 1824 1817 1880 Dei

136 1911 565 2012 adversantur.
594 1910 769 2010 Recte
792 1910 1202 2012 igiturdiaboli
1228 1911 1331 1967 lilii
1353 1912 1524 2011 alieni
1545 1913 1824 2012 dicuntur
1850 1946 1899 2012 Β

139 2016 175 2055 a
202 1997 344 2055 ﬁliis
394 1998 503 2053 Dei
541 2013 558 2053 :
595 1997 739 2069 quia
791 1998 1185 2055 hereditatem
1218 2016 1353 2055 eum
1387 2000 1532 2073 ipsis
1576 2001 1634 2056 in
1683 2001 1824 2057 caelo

142 2086 369 2143 nullam
404 2086 672 2142 habent.

176 2175 213 2229 9
283 2180 552 2246 Quorum
583 2190 644 2231 os
675 2176 916 2232 locutum
943 2180 1022 2231 est
1054 2178 1351 2234 vanitatem
1380 2195 1400 2233 :

284 2266 353 2319 Et
383 2264 630 2320 dextera
659 2279 853 2319 eorum
880 2263 1101 2320 dextera
1136 2266 1467 2336 iniquitatis.

217 2352 260 2407 C
289 2352 371 2409 Os
400 2367 625 2407 eorum
675 2365 830 2406 vana
874 2350 1170 2424 loquitur:
1200 2354 1480 2423 quoniam
1530 2370 1565 2408 a
1614 2353 1825 2408 divinis

149 2439 369 2512 regulis
431 2439 786 2511 discrepare
845 2444 1229 2511 praesumunt,
1252 2457 1468 2496 vanum
1520 2446 1609 2497 est
1666 2443 1822 2497 enim

149 2543 319 2583 omne
352 2526 664 2600 quidquid
696 2526 926 2582 veritati
955 2527 1310 2583 contrarium
1341 2534 1448 2584 est.
1470 2528 1714 2584 Dextera
1744 2546 1827 2584 re-

149 2617 471 2688 proborum
499 2632 513 2671 :
542 2614 914 2688 prosperitas
938 2616 1224 2688 ipsorum,
1248 2616 1401 2671 unde
1421 2616 1624 2673 elevati
1655 2617 1827 2672 licen-

149 2704 287 2759 tiam
318 2704 436 2760 sibi
472 2703 773 2777 peccandi
803 2708 1136 2759 assumunt.

156 2794 219 2846 10
288 2794 436 2849 Deus
467 2792 760 2848 ctmticum
789 2808 992 2847 novum
1017 2792 1246 2850 cantabo
1272 2794 1378 2849 tibi
1409 2809 1424 2846 :

289 2883 354 2936 In
376 2880 659 2953 psalterio
689 2878 1020 2936 decacliordo
1044 2880 1282 2952 psallam
1311 2882 1432 2937 tibi.

223 2969 264 3025 C
292 2970 525 3026 Novum
580 2966 793 3023 merito
824 2966 1040 3023 dicitur
1080 2967 1294 3024 Christi
1339 2969 1656 3036 canticum,
1687 2971 1826 3043 quia

159 3058 293 3115 dum
320 3076 356 3113 a
384 3056 623 3114 Judaais
657 3072 774 3111 non
820 3056 897 3111 sit
942 3060 1209 3128 receptus
1238 3056 1479 3128 (quibus
1525 3056 1713 3113 fuerat
1760 3063 1825 3113 ut

157 3147 375 3203 veniret
406 3143 804 3219 promissus),
829 3144 1096 3200 transivit
1124 3143 1194 3201 ad
1226 3149 1449 3218 gentes.
1481 3144 1702 3201 Novum
1735 3151 1825 3202 est

162 3234 354 3303 etiam,
377 3234 540 3307 quod
578 3249 691 3289 nos
723 3248 962 3303 corpore
1004 3235 1061 3288 et
1102 3232 1389 3305 sanguine
1420 3249 1525 3289 suo
1554 3234 1823 3306 saginare

1918 676 2089 730 veleri
2117 677 2259 748 lege,
2294 693 2408 731 non
2437 679 2506 731 de
2538 676 2856 749 prephetis,
2893 696 3004 733 non
3035 679 3105 733 de
3136 679 3431 750 apostolis,
3457 682 3554 734 sed

1919 761 1991 818 de
2020 764 2186 819 novis
2217 764 2516 836 magistris
2546 766 2806 821 suborta.

1921 851 1988 905 14
2060 852 2223 909 ltitiaa
2247 868 2433 907 eorum
2463 856 2777 925 composita
2806 872 2826 910 :

2063 940 2282 995 Circum
2312 948 2528 998 ornatae
2554 950 2615 997 ut
2640 942 2945 997 similitudo
2975 944 3180 1015 templi.

1992 1028 2039 1083 Η
2070 1027 2225 1083 Filias
2256 1044 2456 1084 eorum
2481 1028 2614 1100 (hoc
2642 1035 2733 1086 est
2759 1031 2933 1086 verba
2957 1030 3384 1099 haereticorum)
3405 1048 3561 1087 com-

1921 1114 2123 1187 positaa
2145 1115 2223 1185 (id
2254 1122 2362 1184 est,
2382 1122 2586 1173 ornata
2606 1134 2641 1172 a
2660 1116 2943 1190 sapientia
2973 1117 3278 1187 saeculari),
3303 1120 3404 1175 sed
3427 1121 3569 1192 quia

1922 1203 2052 1258 filiae
2083 1208 2221 1260 sunt
2269 1220 2382 1259 non
2433 1205 2560 1273 filii,
2584 1205 2734 1260 vires
2780 1222 2896 1262 non
2944 1206 3177 1262 habent.
3200 1207 3428 1262 Circum
3473 1226 3565 1266 or-

1925 1295 2073 1347 natte
2104 1296 2168 1346 ut
2194 1292 2517 1347 similitudo
2546 1293 2746 1365 templi
2773 1310 2785 1347 :
2810 1298 2868 1349 et
2893 1292 3131 1366 pulchre
3178 1295 3329 1350 dixit
3357 1295 3569 1351 simili-

1923 1380 2065 1434 tudo
2086 1380 2284 1450 templi
2314 1396 2326 1433 :
2353 1397 2466 1435 non
2489 1381 2644 1436 enim
2677 1381 2890 1437 habent
2909 1399 3101 1437 veram
3128 1382 3437 1440 Ecclesiam
3466 1389 3569 1440 aut

1925 1466 2231 1538 templum,
2257 1468 2355 1523 sed
2388 1468 2834 1523 similitudinem
2863 1470 3148 1525 Ecclesiae.
3173 1470 3214 1524 C
3238 1472 3462 1543 Quippe
3485 1474 3566 1526 si-

1926 1554 2195 1610 militudo
2226 1571 2339 1609 non
2375 1555 2547 1614 habet
2566 1556 2863 1611 veritatem
2893 1576 2905 1612 :
2931 1558 3026 1612 sed
3053 1558 3302 1629 alicujus
3326 1560 3404 1613 rei
3428 1560 3566 1614 sub-

1926 1642 2187 1698 sistentis
2216 1647 2408 1714 portat
2437 1643 2773 1714 imaginem.

1930 1732 1996 1786 15
2070 1733 2457 1801 Promptuaria
2487 1748 2675 1785 eorum
2698 1732 2861 1803 plena
2893 1750 2913 1786 :

2073 1818 2391 1873 Eructantia
2417 1833 2486 1871 ex
2509 1817 2608 1872 hoc
2632 1825 2686 1883 +-
2724 1820 2783 1872 in
2825 1823 2838 1881 ζ
2877 1819 3036 1873 illud.

1998 1906 2040 1959 C
2069 1903 2471 1975 Promptuaria
2499 1907 2675 1959 sunt:
2701 1920 2827 1975 qua:
2870 1905 3104 1962 cellaria
3132 1908 3340 1981 vulgus
3369 1908 3568 1982 appel-

1930 1992 2033 2060 lat,
2056 1996 2112 2048 et
2135 1991 2534 2047 haereticorum
2559 1993 2733 2048 corda
2753 1992 3071 2065 signiﬁcat:
3088 1995 3184 2049 ubi
3210 1997 3568 2053 diversarum

1932 2096 2128 2136 rerum
2185 2080 2428 2152 species,
2470 2080 2556 2135 vel
2614 2080 3010 2136 doctrinarum
3065 2081 3247 2155 epulaa
3305 2084 3571 2156 reposita

1932 2174 2107 2224 sunt:
2140 2174 2199 2225 et
2225 2169 2360 2223 inde
2391 2168 2668 2224 emittunt
2696 2169 2957 2224 diversas
2986 2171 3373 2228 eructationes
3393 2172 3573 2245 pessi-

1932 2273 2081 2312 mas.
2104 2257 2258 2321 Quos
2287 2257 2337 2311 si
2367 2256 2708 2311 auctoritate
2744 2257 3074 2325 convincas,
3098 2259 3174 2314 ad
3220 2259 3570 2332 interprete--

1933 2346 2159 2400 tionum
2192 2344 2486 2416 nequitias
2521 2345 2985 2400 transferuntur:
3020 2361 3154 2401 cum
3188 2346 3318 2402 inde
3338 2363 3571 2419 quoque

1933 2433 2148 2489 fuerint
2173 2432 2417 2488 Domino
2431 2433 2675 2503 juvante
2696 2434 2974 2504 superati,
2998 2436 3068 2488 ad
3093 2434 3487 2506 sophistarum
3511 2452 3573 2491 se

1932 2521 2216 2577 versutias
2245 2520 2686 2592 ealumniasque
2729 2525 3072 2577 convertunt
3104 2539 3115 2576 :
3149 2527 3206 2576 et
3235 2522 3315 2578 ita
3344 2540 3413 2577 ex
3457 2538 3574 2579 una

1936 2614 2095 2681 parte
2115 2613 2345 2664 vertunt
2367 2626 2427 2664 se
2454 2608 2513 2663 in
2538 2608 2732 2675 aliam,
2758 2625 2988 2681 semper
3006 2610 3134 2679 vagi
3156 2616 3211 2665 et
3232 2610 3532 2668 instabiles
3558 2630 3570 2668 :

1933 2697 2072 2769 quia
2100 2697 2355 2752 radicem
2384 2702 2687 2768 nequeunt
2716 2697 2927 2753 habere
2956 2698 3234 2755 veritatis.

1935 2788 2002 2840 16
2075 2789 2203 2841 Uves
2264 2801 2452 2841 eorum
2518 2788 2706 2856 ['etosm
2772 2786 3108 2843 abundantes
3163 2789 3221 2843 in
3277 2788 3576 2859 egressibus

2143 2874 2277 2929 suis.

2074 2965 2241 3017 Boves
2268 2977 2457 3016 eorum
2485 2964 2679 3017 crassi.

2003 3050 2044 3106 C
2071 3050 2403 3105 Secundum
2434 3049 2688 3106 litteram
2737 3051 2796 3106 bi
2843 3052 3027 3107 fetosa
3057 3052 3336 3109 dicuntur
3364 3052 3578 3110 habere

1933 3154 2170 3212 pecora:
2196 3138 2338 3193 dum
2358 3138 2469 3210 ipsi
2493 3139 2606 3193 [ide
2626 3139 2853 3196 steriles
2875 3156 3003 3196 esse
3026 3141 3363 3197 doceantur.
3386 3142 3581 3198 Abun-

1932 3228 2077 3282 dans
2108 3226 2323 3298 quippe
2351 3226 2540 3281 dictus
2572 3232 2684 3293 est,
2707 3226 2777 3282 ab
2809 3228 2986 3294 unda,
3010 3228 3181 3299 quasi
3213 3230 3575 3286 redundans.

164 3302 456 3395 dignatur.
490 3322 715 3379 Decem
746 3302 1095 3375 chordarum
1127 3302 1492 3391 psalterium,
1515 3302 1825 3395 decalogus
1856 3302 1899 3369 (ἶ
1940 3315 2071 3388 Ipsa
2115 3331 2345 3386 quoque
2395 3330 2620 3387 pecora,
2648 3332 2775 3387 quae
2825 3315 3036 3372 habere
3093 3322 3431 3388 cernuntur,
3462 3336 3577 3374 non

170 3414 254 3465 est
284 3410 461 3467 datus
486 3408 776 3466 tribubus
806 3407 1199 3463 Hebraeorum.

177 3498 235 3552 11
312 3499 420 3567 Qui
464 3497 570 3554 das
620 3497 859 3552 salutem
909 3497 1174 3565 regibus:
1202 3499 1302 3569 qui
1347 3496 1622 3554 redemisti
1660 3499 1831 3555 David

376 3603 606 3643 servum
636 3589 796 3641 tuum
826 3600 839 3638 :

308 3679 392 3731 De
420 3674 614 3748 gladio
642 3674 890 3744 maligno
909 3675 1062 3745 eripe
1084 3690 1191 3730 me.

235 3764 277 3819 Ο
299 3763 510 3837 Reges,
536 3761 817 3818 homines
838 3761 1036 3832 justos
1065 3761 1358 3833 signiﬁcat
1382 3765 1437 3817 et
1457 3779 1706 3828 veraces,
1731 3763 1832 3835 qui

172 3856 377 3925 regunt
405 3865 663 3924 corpora
692 3866 820 3906 sua.
845 3848 979 3905 Istis
997 3849 1097 3905 dat
1117 3849 1390 3915 salutem,
1412 3866 1544 3906 cum
1576 3866 1675 3907 eos
1698 3850 1835 3907 libe-

175 3957 265 3995 ros
308 3957 344 3995 a
384 3941 550 3995 vitiis
599 3938 765 3993 facit.
817 3935 1104 4005 Redemit,
1137 3938 1208 3992 de
1256 3953 1453 4010 pugna
1501 3938 1668 3996 Goliae
1694 3956 1715 3995 :
1745 3938 1834 3994 vel

174 4027 576 4099 spiritualiter,
602 4026 680 4080 de
708 4024 885 4081 vitiis.
911 4024 990 4079 De
1010 4022 1202 4096 gladio
1232 4025 1484 4096 maligno
1510 4043 1523 4080 :
1548 4025 1686 4098 quia
1712 4026 1834 4099 gla-

177 4116 302 4171 dius
334 4114 553 4171 diaboli
579 4111 882 4184 malignus
910 4116 1021 4180 est,
1045 4112 1324 4183 quoniam
1346 4112 1552 4169 dividit
1570 4130 1605 4169 a
1624 4114 1793 4170 bonis
1816 4129 1831 4169 :

180 4203 461 4275 benignus
505 4207 712 4257 autem
742 4199 979 4266 Christi,
1005 4198 1284 4271 quoniam
1317 4206 1607 4271 separata
1637 4201 1831 4258 malis.

183 4292 247 4345 12
312 4293 377 4347 Et
405 4307 545 4347 erue
572 4305 666 4345 me
690 4288 759 4344 de
786 4305 959 4344 manu
985 4288 1231 4358 ﬁliorum
1259 4287 1568 4344 alienorum
1593 4308 1612 4343 :

316 4380 561 4447 Quorum
590 4394 652 4435 os
680 4378 919 4433 locutum
947 4384 1027 4432 est
1054 4376 1355 4431 vanitatem
1384 4394 1403 4430 :

314 4469 379 4522 Et
406 4467 639 4523 dextera
664 4481 855 4522 eorum
881 4464 1108 4520 dextera
1138 4464 1477 4533 iniquitatis.

248 4555 289 4608 C
315 4554 479 4611 Hunc
503 4570 746 4611 versum
768 4554 895 4624 jam
917 4552 1178 4607 diximus
1201 4566 1411 4622 :quem
1442 4550 1572 4606 ideo
1603 4552 1833 4624 repetit,

1938 3403 2080 3459 dixit
2101 3420 2199 3459 eos
2222 3404 2278 3457 in
2301 3403 2687 3475 ingressibus,
2705 3404 2803 3459 sed
2824 3405 2881 3459 in
2898 3405 3231 3477 egressibus
3252 3407 3576 3479 possidere:

1938 3492 2077 3565 quia
2105 3497 2287 3546 totum
2345 3492 2415 3545 ab
2464 3488 2548 3547 eis
2606 3492 2916 3564 egreditur,
2940 3494 3172 3565 quando
3204 3494 3315 3566 ipsi
3346 3510 3581 3567 quoque

1939 3578 2182 3653 perituri
2212 3594 2341 3635 esse
2371 3584 2793 3635 monstrantur.
2817 3580 2862 3636 ll
2895 3580 3139 3637 Pulchre
3176 3599 3409 3656 quoque
3438 3583 3583 3639 dixit

1937 3670 2113 3726 boves
2142 3684 2344 3724 eorum
2388 3669 2568 3724 crassi
2605 3687 2619 3724 :
2652 3685 2902 3741 quorum
2941 3669 3093 3727 Deus
3138 3677 3337 3729 venter
3384 3678 3493 3738 est,
3526 3677 3585 3729 et

1938 3757 2122 3831 gloria
2150 3773 2351 3813 eorum
2382 3756 2439 3811 in
2472 3757 2811 3814 confusione
2840 3760 3068 3832 (Philip.
3101 3761 3208 3829 ιιι).

1944 3849 2007 3902 17
2081 3846 2195 3901 Νοη
2225 3854 2305 3901 est
2332 3848 2496 3901 ruina
2526 3849 2780 3901 maceriae
2810 3863 2981 3918 neque
3009 3851 3275 3903 transitus
3305 3868 3324 3902 :

2082 3939 2264 4006 Neque
2292 3935 2498 3990 clamor
2526 3937 2582 3990 in
2606 3936 2802 4006 plateis
2828 3951 3036 3992 eorum.

2016 4025 2055 4078 H
2080 4022 2203 4077 Non
2231 4026 2320 4077 est
2350 4022 2554 4077 ruina:
2579 4022 2792 4078 diﬁcile
2814 4024 2970 4079 enim
2996 4023 3333 4081 lueretieum
3360 4026 3585 4083 invenis

1944 4108 2299 4182 imperitum.
2323 4109 2539 4165 Omnes
2568 4109 2724 4164 enim
2767 4110 3030 4182 magistri
3064 4116 3221 4179 sunt,
3253 4117 3310 4167 et
3340 4113 3583 4171 scientia

1944 4196 2206 4254 smculari
2236 4197 2599 4261 instrueti,et
2626 4197 2923 4254 immuniti
2969 4199 3248 4255 doctrinis
3287 4201 3581 4273 apostolo-

1943 4302 2095 4342 rum.
2119 4283 2179 4339 Si
2203 4288 2391 4339 tecum
2414 4284 2751 4355 disputant:
2777 4287 2951 4341 verba
2969 4302 3169 4342 eorum
3198 4287 3394 4344 brevia
3422 4296 3581 4356 sunt,

1943 4372 2027 4429 sic
2047 4373 2154 4429 arti
2163 4371 2359 4427 ficioso
2381 4388 2647 4428 sermone
2668 4373 2959 4441 conclusa,
2981 4380 3045 4430 ut
3062 4375 3304 4431 evadere
3324 4376 3458 4432 inde
3477 4376 3584 4432 dit"—

1944 4462 2092 4517 ticile
2113 4460 2209 4516 sit.
2231 4460 2376 4515 Cum
2398 4459 2551 4515 enim
2582 4464 2638 4515 te
2668 4460 2972 4533 ligaverint
2991 4467 3048 4517 et
3067 4463 3383 4520 elauserint
3408 4464 3581 4537 syllo-

1944 4551 2151 4624 gismis
2180 4549 2325 4617 suis,
2349 4552 2405 4605 et
2444 4548 2611 4619 quasi
2642 4550 2954 4605 maceriam
2997 4549 3402 4623 syllogismum
3426 4558 3583 4609 texe-

187 4647 245 4697 ut
272 4642 742 4699 detestabiliores
771 4640 1005 4712 iniquos
1045 4639 1319 4694 homines
1350 4639 1557 4695 reddat
1583 4639 1711 4713 ipsa
1740 4658 1836 4715 ge-
1865 4657 1913 4722 Β
1944 4641 2060 4695 rint
2084 4656 2097 4693 :
2121 4636 2334 4693 teneris
2380 4635 2647 4691 inclusus
2679 4654 2692 4691 :
2726 4654 2839 4691 non
2888 4643 3052 4709 potes
3098 4640 3253 4696 exire
3285 4657 3298 4695 :
3333 4657 3450 4696 non
3497 4646 3588 4697 est

187 4731 459 4788 minatio:
492 4736 553 4788 et
584 4728 841 4786 maxime
873 4744 1028 4784 nunc
1058 4727 1129 4783 de
1161 4726 1447 4784 haereticis
1472 4729 1647 4784 verba
1676 4729 1839 4786 intel-

187 4818 412 4893 ligenda
439 4824 604 4887 sunt,
636 4818 774 4875 licet
810 4816 967 4874 enim
1008 4816 1314 4888 sequentia
1357 4817 1509 4873 sicut
1536 4821 1593 4874 et
1621 4834 1838 4892 prame-

189 4907 375 4964 dentia
405 4909 475 4965 ad
509 4907 771 4963 litteram
800 4923 936 4960 vera
964 4904 1085 4961 sint
1113 4903 1443 4961 intellecta:
1472 4906 1613 4977 quia
1640 4911 1835 4963 tamen

187 4993 444 5053 litteratis
487 5011 706 5053 sensus
756 4998 996 5067 apertus
1043 4998 1147 5065 est,
1171 4994 1416 5065 mystice
1467 4994 1664 5066 aliqua
1712 5012 1836 5051 car-

194 5084 372 5154 penda
400 5089 564 5141 sunt.

196 5170 258 5225 13
327 5173 571 5242 Quorum
596 5172 708 5246 ﬁlii
734 5174 876 5228 sicut
905 5170 1138 5228 novellae
1169 5170 1541 5241 plantationes
1572 5188 1586 5228 :

325 5265 366 5316 Α
388 5263 619 5334 juvente
647 5277 774 5318 sua.

260 5346 300 5401 Ο
321 5348 495 5405 Filios
515 5350 679 5406 enim
722 5347 883 5414 dicit,
905 5346 1007 5420 qui
1034 5349 1391 5419 generantur
1434 5347 1842 5417 pradicatione

200 5436 345 5504 pravi
376 5438 698 5511 dogmatis.
733 5436 833 5492 Isti
865 5434 1110 5493 novellis
1130 5433 1593 5506 plantationibus
1615 5451 1845 5508 compa-

180 5528 428 5582 .rantur:
455 5528 598 5600 quia
628 5524 797 5583 nulla
821 5522 1001 5580 veteri
1022 5525 1080 5578 et
1099 5538 1135 5577 a
1160 5522 1427 5578 Patribus
1455 5522 1670 5579 tradita
1697 5540 1839 5595 prae-

182 5609 476 5671 dicatione
494 5616 835 5688 viguerunt,
859 5612 962 5668 sed
985 5610 1150 5668 novis
1169 5610 1466 5666 erroribus
1492 5610 1549 5681 (a
1576 5611 1841 5682 patribus

205 5694 450 5771 ipsorum
482 5702 743 5775 traditis)
770 5698 1154 5774 pullularunt.
1179 5697 1227 5755 ll
1251 5698 1529 5757 Plantatio
1557 5700 1704 5756 enim
1725 5698 1857 5758 hae»

1944 4728 2115 4784 ruina
2156 4740 2344 4798 neque
2370 4723 2673 4780 transitus.
2697 4724 2840 4781 Cum
2874 4726 2959 4782 eis
2999 4728 3385 4795 consenseris,
3419 4734 3476 4784 et
3504 4728 3583 4784 ibi

1944 4814 2255 4872 conclusus
2272 4812 2451 4868 fueris
2471 4829 2483 4866 :
2501 4810 2617 4868 eris
2638 4812 2696 4868 in
2720 4812 2925 4885 plateis
2946 4821 3239 4881 eorum,et
3258 4816 3316 4872 in
3337 4816 3452 4872 lata
3468 4816 3583 4886 via,

1944 4920 2070 4976 quas
2101 4902 2169 4956 ad
2198 4902 2490 4957 infernum
2520 4899 2680 4955 ducit
2704 4919 2717 4957 :
2740 4907 2798 4958 et
2823 4918 2938 4957 non
2967 4902 3026 4957 in
3051 4909 3300 4976 angusta
3318 4904 3432 4973 via,
3458 4921 3586 4976 qua:

1944 4993 2103 5047 ducit
2134 4991 2204 5045 ad
2252 4989 2428 5044 vitam
2454 4989 2662 5059 (Matth.
2684 4997 2806 5058 vn),
2839 5007 2967 5062 quas
3011 4997 3100 5048 est
3144 4992 3427 5049 transitus
3458 5009 3588 5048 san-

1945 5085 2192 5136 ctorum.
2225 5077 2422 5148 Neque
2470 5075 2693 5132 clamor
2719 5078 2859 5135 Jesu
2891 5078 3013 5150 (qui
3048 5080 3119 5135 ad
3150 5096 3213 5136 se
3255 5096 3459 5136 omnes
3488 5097 3588 5136 vo-

1947 5168 2060 5238 cat)
2093 5167 2150 5222 in
2182 5164 2388 5238 plateis
2417 5163 2818 5222 hereticorum
2850 5170 2941 5223 est
2965 5182 2980 5222 :
3006 5167 3107 5224 sed
3139 5168 3198 5224 in
3228 5171 3478 5242 angusta
3496 5167 3591 5222 via

1947 5260 2055 5313 est.

1950 5346 2018 5400 18
2090 5344 2382 5408 Beatum—3
2415 5341 2676 5398 dixerunt
2715 5348 2728 5408 ζ
2762 5344 3023 5415 pepulum
3043 5345 3137 5400 cui
3163 5343 3281 5402 haec
3306 5346 3433 5400 sunt
3462 5360 3482 5398 :

2094 5435 2290 5488 Beatus
2317 5430 2551 5501 populus
2576 5431 2733 5503 cujus
2761 5431 3027 5487 Dominus
3056 5433 3195 5488 Deus
3222 5433 3358 5503 ejus.
3504 5488 3511 5497 ,

2020 5520 2066 5575 Η
2088 5518 2250 5575 Multi
2286 5516 2628 5586 nescientes,
2658 5519 2857 5577 beatos
2887 5518 3031 5575 tales
3063 5522 3359 5593 putant,et
3389 5515 3591 5570 dicunt

1949 5610 2183 5665 beatum
2206 5604 2486 5678 populum
2508 5607 2601 5662 cui
2624 5606 2745 5662 hac
2765 5611 2923 5664 sunt.
2948 5606 3064 5662 Nos
3085 5612 3275 5661 autem
3300 5605 3585 5660 dicamus,

1915 5752 1925 5762 .
1949 5698 2153 5756 beatus
2174 5693 2447 5772 populus,
2470 5695 2640 5773 cujus
2668 5699 2759 5755 est
2787 5694 3075 5755 Dominus
3096 5693 3247 5750 Deus
3275 5689 3420 5761 ejus.
3442 5683 3588 5755 Quia
