3878 6426
127 380 279 443 521,

130 513 165 563 3
285 512 406 580 Qui
433 520 604 567 sanat
632 514 893 568 contritus
923 514 1080 567 corde
1110 532 1128 568 :

1378 382 1796 455 EXPOSITIO
1838 382 1980 449 PSA
1992 385 2349 453 LMORUM.

1844 516 1893 583 Α
1928 516 1993 568 if)
2064 522 2175 588 Qui
2204 520 2295 575 (lat
2310 524 2574 598 junn'ntis
2597 542 2770 580 escam
2804 529 3039 598 ipsorum
3068 547 3086 583 :

281 601 354 654 Et
390 600 598 670 alligat
627 603 974 657 contritiones
1003 619 1211 657 eorum.
2065 614 2119 672 ~1—
2166 610 2228 664 Et
2267 615 2281 674 ζ
2321 594 2492 681 pultis
2520 629 2806 668 corvorum
2823 594 3205 671 invocantibus
3232 634 3376 672 eum.

205 688 536 752 COuando
585 688 745 744 enim
794 688 1045 744 cmlcstis
1100 689 1361 745 medicUs
1412 691 1812 777 pmnitcntium
1995 694 2035 748 C
2064 695 2386 753 Jumenta:
2430 700 2848 757 ecclesiasticos
2894 703 3129 775 signant
3177 706 3377 775 greges
3412 722 3424 758 :
3458 705 3557 777 qui

131 777 317 831 corda
359 776 661 831 invenerit
709 777 865 847 gravi
918 777 1231 833 afflictione
1279 777 1526 833 contrita
1567 795 1580 832 :
1623 774 1812 850 (quasi
1923 785 2270 854 competenti
2306 788 2613 843 refectione
2646 794 2985 860 pascuntur,
3011 789 3107 846 alii
3140 774 3562 859 lacte,aliieiho

134 866 405 937 quadam
446 864 637 919 fascia
669 869 770 919 tua
801 864 1011 936 pietate
1062 866 1439 937 superducta)
1470 865 1817 939 constringit
1924 868 2129 926 solido.
2165 870 2327 927 Corvi
2364 890 2376 928 :
2412 878 2549 928 sunt
2588 874 2896 949 irreligiosi
2945 877 3049 932 viri
3103 883 3159 933 et
3204 876 3434 951 pagani,
3467 878 3575 949 qui

132 959 314 1024 atque
348 951 776 1017 consolidat,et
805 954 878 1008 ad
910 952 1314 1009 firmissimam
1347 972 1510 1026 spem
1545 955 1816 1011 sanitatis
1926 963 2295 1027 peccatorum
2328 960 2629 1033 nigredine
2653 963 2999 1019 vestiuntur.
3034 963 3180 1019 Pulli
3209 982 3341 1021 vero
3372 972 3567 1021 corvo-

3434 401 3575 503 δη.

3566 776 3573 803 l

136 1040 407 1095 adducit.

135 1132 165 1184 4
280 1130 410 1199 Qui
442 1136 711 1185 numerat
732 1129 1140 1209 multitudinem
1161 1132 1445 1185 stellarum
1470 1149 1490 1186 :

278 1219 351 1273 Et
378 1218 646 1272 omnibus
675 1219 755 1272 eis
785 1218 1007 1273 nomina
1041 1234 1254 1273 vocans.

205 1305 250 1362 C
276 1306 389 1372 Qui
426 1309 712 1361 numerat
742 1305 962 1371 stellas,
998 1305 1056 1361 id
1087 1311 1176 1362 est
1221 1310 1457 1362 sanctos
1508 1306 1681 1361 viros.
1725 1304 1811 1362 Illi

136 1394 292 1451 enim
327 1394 540 1450 lucent
568 1392 727 1450 velut
756 1398 915 1450 astra
944 1394 1000 1450 in
1035 1399 1201 1449 nocte
1233 1394 1413 1465 hujus
1435 1393 1813 1465 smeuli:quia

139 1487 490 1538 meruerunt
509 1482 569 1536 in
590 1498 834 1536 numero
858 1486 1194 1537 sanctorum
1213 1481 1812 1553 congregari.Scimus

136 1572 314 1626 etiam
334 1569 504 1625 aDeo
532 1586 707 1641 posse
725 1575 1059 1624 sanctorum
1090 1569 1327 1624 nomina
1356 1569 1811 1642 voeari,quando

138 1677 233 1714 eos
265 1658 534 1735 legimus
568 1659 628 1711 in
661 1656 806 1712 caelo
836 1674 964 1712 esse
997 1658 1379 1728 conscriptos.
1404 1656 1504 1712 Vel
1528 1657 1704 1713 etiam
1737 1657 1807 1711 ad

140 1748 390 1803 litteram
426 1741 501 1803 de
538 1744 729 1802 stellis
771 1745 1172 1802 materialibus
1224 1745 1577 1801 firmamenti
1627 1745 1806 1817 accipi

142 1841 346 1909 potest.

137 1929 171 1982 5
275 1931 520 1995 Magnus
558 1924 832 1991 Dominus
859 1931 1043 1978 noster
1065 1930 1116 1979 et
1146 1939 1348 1991 magna
1375 1924 1552 1978 virtus
1576 1923 1692 1994 ejus
1726 1939 1738 1976 :

276 2015 342 2069 Et
369 2014 672 2086 sapientia:
702 2014 820 2083 ejus
846 2028 957 2067 non
983 2020 1059 2068 est
1091 2027 1373 2066 numerus.

207 2102 248 2158 C
279 2103 541 2174 Magnus
573 2100 864 2156 Dominus
888 2103 1121 2155 noster:
1152 2098 1355 2169 utique
1376 2098 1545 2169 cujus
1569 2114 1673 2153 nec
1698 2097 1812 2152 fac-

144 2198 197 2246 ta
226 2189 566 2254 numerari,
602 2204 719 2267 nec.
741 2186 871 2243 laus
904 2186 1172 2259 prmvalet
1202 2182 1579 2258 apprehendi.
1611 2185 1811 2241 Virtus

141 2281 311 2335 etiam
344 2294 575 2350 magna
611 2294 625 2331 :
659 2276 801 2348 quia
852 2274 1192 2353 singularis,
1226 2274 1362 2347 quia
1405 2274 1805 2346 Omnipotens,

142 2368 275 2441 quia
308 2382 505 2423 rerum
540 2364 814 2420 omnium
845 2364 1203 2434 gubernator
1223 2368 1281 2417 et
1305 2362 1575 2417 conditor
1601 2379 1613 2417 :
1640 2363 1809 2433 cujus

142 2455 441 2527 sapientia
470 2469 767 2509 numerus
818 2468 932 2506 non
982 2451 1255 2523 prmvalet
1287 2449 1406 2506 ullo
1440 2451 1609 2505 modo
1650 2467 1807 2505 eom-

146 2544 437 2616 prehendi.
486 2542 792 2597 Numerus
837 2539 994 2595 enim
1043 2538 1139 2595 hic
1189 2556 1290 2611 pro
1343 2540 1455 2594 fine
1506 2539 1742 2610 ponitur
1791 2555 1803 2593 :

144 2634 289 2703 quod
322 2632 484 2687 enim
520 2632 879 2685 numeratur
908 2627 1128 2684 linitur.

143 2722 175 2773 6
272 2721 603 2791 Susciprcns
630 2723 936 2772 mansuetos
969 2716 1228 2770 Dominus
1259 2733 1277 2768 :

276 2806 657 2879 Humiliamé‘
678 2812 861 2879 autem
929 2808 943 2869 ζ
979 2808 1283 2875 peccatores
1308 2819 1474 2875 usque
1492 2803 1560 2857 ad
1581 2811 1800 2857 terram.

210 2898 249 2954 C
276 2876 576 2952 Mansueti
599 2910 613 2947 :
638 2896 770 2947 sunt
787 2876 1053 2963 patientes
1072 2891 1269 2946 afflicti
1315 2908 1415 2962 per
1453 2889 1666 2944 multas
1701 2889 1803 2944 tri-

151 2984 757 3041 bulationes.Rectum
786 2996 1017 3052 quoque
1039 2984 1127 3035 est
1149 2984 1211 3034 ut
1232 2979 1291 3034 hi
1317 2977 1714 3050 suscipiantur
1741 2976 1800 3032 in

147 3068 624 3145 coalum,superbi
659 3068 1010 3138 dejiciantur
1041 3067 1098 3121 in
1131 3072 1343 3122 terram
1379 3083 1392 3120 :
1428 3070 1491 3121 ut
1518 3070 1803 3137 permuta-

148 3162 291 3218 tione
320 3160 538 3218 vicaria
584 3156 744 3213 unde
795 3155 1036 3212 humilis
1084 3154 1306 3211 levatus
1355 3160 1462 3221 est,
1515 3153 1647 3207 inde
1696 3152 1799 3209 su-

152 3251 351 3321 perbus
380 3251 627 3305 corruat
661 3262 674 3302 :

150 3341 179 3392 7
283 3339 584 3395 Prwcinite
618 3334 853 3390 Domino
884 3334 943 3387 in
973 3334 1309 3403 confessione
1341 3347 1355 3385 :

279 3427 507 3482 Psallite
541 3430 657 3480 Deo
687 3429 871 3477 nostra
903 3422 960 3476 in
990 3420 1205 3475 cithara
1240 3435 1253 3473 :

213 3514 252 3569 C
281 3514 397 3570 Illis
429 3513 656 3569 dicitur
686 3509 1003 3582 precinite,
1039 3496 1140 3579 qui
1188 3506 1379 3562 adhuc
1424 3511 1610 3561 tacere
1661 3522 1791 3561 nos-

150 3610 348 3658 cuntur
379 3620 393 3657 :
421 3607 479 3658 et
509 3584 816 3673 quomodo
848 3602 905 3652 et
932 3597 1024 3652 cui
1058 3596 1387 3651 canendum
1419 3595 1493 3648 sit
1516 3594 1794 3661 ostendit,

151 3690 278 3746 dum
306 3690 538 3747 subdit:
562 3686 820 3744 Domino
841 3686 899 3740 in
922 3682 1543 3741 confessione.Cithara
1563 3687 1755 3739 autem
1777 3699 1791 3737 :

152 3779 429 3850 significat
457 3778 999 3841 virtutes,consona
1020 3773 1353 3844 Operatione
1376 3771 1753 3844 prmcinentes
1778 3786 1791 3826 :

153 3882 269 3937 qua:
297 3873 435 3923 tunc
462 3880 667 3922 veram
713 3862 997 3917 citharam
1046 3861 1320 3924 reddunt,
1350 3859 1585 3931 quando
1636 3857 1796 3913 nulla

156 3959 313 4025 rupta
340 3959 429 4011 est
455 3953 702 4020 chorda,
737 3950 794 4006 id
827 3954 916 4006 est
946 3949 1153 4003 virtus.
1188 3948 1487 4012 Quomodo
1516 3947 1671 4002 enim
1705 3946 1793 3999 in-

156 4045 302 4114 tegra
327 4049 480 4099 esset
508 4042 762 4100 cithara.
809 4055 927 4094 una
973 4037 1193 4093 chorda
1234 4036 1442 4107 rupta?
1473 4051 1576 4090 nec
1614 4051 1794 4089 sonus

158 4132 428 4199 perfectus
458 4130 751 4194 redditur,
785 4127 927 4182 dum
961 4128 1132 4197 rupta
1164 4140 1276 4178 non
1308 4127 1493 4178 sonat.

157 4218 187 4270 8
286 4221 396 4289 Qui
422 4221 599 4291 operit
633 4216 837 4271 calum
866 4214 1106 4269 nubibus
1142 4230 1155 4267 :

286 4308 347 4361 Et
371 4316 532 4379 parat
558 4315 732 4362 terra?
754 4304 1023 4375 pluviam.

223 4392 261 4446 C
287 4395 496 4451 Caelum
531 4412 545 4450 :
584 4397 852 4452 sanctam
888 4389 1249 4463 prephetiam
1281 4391 1666 4458 congruenter
1694 4388 1793 4442 ad-

164 4482 613 4540 vertimus.Hanc
645 4480 844 4537 divina
874 4478 1200 4552 provisione
1232 4473 1796 4539 obscuritas,similis

1926 1062 2056 1099 rum
2093 1046 2217 1114 (filii
2252 1064 2634 1120 paganorum,
2664 1050 2751 1106 vel
2784 1050 3031 1108 aliorum
3063 1051 3368 1108 hominum
3391 1050 3568 1109 malol

1924 1134 2079 1203 rum)
2116 1141 2436 1205 pascuntur
2465 1153 2498 1191 a
2527 1137 2663 1205 Deo,
2698 1140 2838 1194 dum
2868 1140 3054 1195 Deum
3087 1140 3359 1196 invocant
3389 1156 3562 1214 quem

1921 1226 2117 1291 patres
2148 1239 2348 1278 eorum
2380 1230 2887 1297 contempserant:
2914 1229 3067 1282 unde
3100 1228 3261 1283 addit
3291 1246 3405 1284 non
3438 1246 3564 1285 om-

1920 1309 2095 1363 nibus
2126 1327 2323 1365 eorum
2356 1311 2532 1383 pullis
2564 1319 2619 1369 et
2650 1314 2786 1369 filiis
2817 1316 2915 1370 dat
2944 1314 3075 1371 fidei
3098 1332 3312 1383 escam,
3346 1317 3446 1371 sed
3468 1317 3563 1372 in-

1920 1399 2260 1454 vocantibus
2301 1418 2433 1455 cum
2471 1418 2483 1455 :
2517 1402 2793 1472 quoniam
2827 1403 2933 1458 soli
2965 1403 3074 1477 ipsi
3108 1421 3241 1460 eum
3274 1404 3565 1471 invocan‘t,‘

1921 1484 2018 1555 qui
2055 1486 2286 1557 regulas
2332 1487 2765 1560 Scripturarum
2806 1490 2968 1547 nulla
2998 1491 3275 1564 pravitate
3326 1493 3564 1549 subver-

1918 1576 2072 1627 tnnt.
3396 1586 3399 1589 ‘
3530 1584 3537 1593 '

1922 1661 1977 1714 11
2059 1661 2175 1715 Non
2206 1664 2261 1716 in
2293 1664 2620 1733 fortitudine
2645 1667 2773 1736 equi
2802 1667 3133 1721 voluntatem
3164 1668 3381 1721 habebit
3412 1687 3430 1722 :

2058 1751 2237 1821 Neque
2268 1752 2325 1805 in
2354 1753 2506 1807 tibiis
2535 1756 2645 1808 viri
2672 1755 3067 1825 beneplaritum
3098 1757 3203 1810 erit
3228 1757 3300 1809 ei.

1991 1838 2031 1891 C
2065 1838 2263 1909 Equus
2296 1856 2309 1894 :
2343 1841 2663 1912 superbum
2697 1842 2994 1897 hominem
3042 1847 3217 1915 atque
3271 1841 3563 1898 tumidum

1882 1916 1891 1968 ἶ
1926 1924 2337 1996 significat,cui
2373 1928 2647 1984 divinitas
2678 1946 2792 1984 non
2837 1928 3027 2001 potest
3067 1946 3195 1985 esse
3242 1916 3569 2001 placabilis,1

1923 2013 2199 2083 quoniam
2234 2020 2569 2070 mansuetos
2600 2016 2834 2089 eligit.“
2866 2017 3045 2073 Tibiaa
3075 2017 3374 2090 hme(sieut
3397 2023 3454 2073 et
3482 2018 3562 2074 fe-‘

1922 2100 2107 2171 mora)
2139 2100 2377 2157 libinem
2412 2102 2743 2174 signiﬁcant
2775 2122 2787 2159 :
2824 2121 2950 2177 qua
2984 2103 3101 2160 ullo
3135 2105 3308 2164 modo
3346 2105 3407 2161 in
3436 2105 3563 2162 viro

1921 2195 2020 2245 aut
2050 2189 2107 2244 in
2142 2190 2358 2245 femina
2388 2190 2502 2246 Deo
2534 2191 2757 2262 placere
2789 2210 2902 2248 non
2935 2193 3344 2265 potest.Potest
3366 2197 3561 2250 autem

1919 2270 1975 2332 et
2001 2294 2101 2349 per
2128 2276 2260 2349 equi
2292 2278 2691 2334 fortitudinem
2741 2284 2798 2335 et
2844 2279 3017 2336 tibias
3067 2281 3444 2354 praesumptio
3488 2282 3561 2339 de

1919 2365 2140 2420 viribus
2158 2365 2281 2419 suis
2309 2365 2580 2437 intelligi;
2602 2384 2716 2422 non
2736 2367 2890 2422 enim
2914 2367 3104 2440 placet
3129 2370 3217 2423 vir
3235 2369 3349 2425 Deo
3372 2369 3430 2424 in
3451 2358 3563 2424 viri

1918 2458 2040 2509 tute
2073 2454 2306 2522 sua,scd
2337 2452 2395 2509 in
2430 2455 2633 2510 timore
2670 2454 2858 2527 Dei,ut
2897 2472 3149 2529 sequens
3196 2457 3436 2513 verbum
3469 2456 3560 2512 in-

1916 2543 2090 2599 dicat.
3556 2546 3561 2553 ’

1920 2631 1987 2686 12
2060 2631 2467 2702 Beneplacitum
2496 2641 2575 2687 est
2600 2633 2853 2688 Dominio
2880 2650 3044 2705 super
3068 2635 3320 2689 timentes
3344 2649 3467 2689 eum
3498 2651 3518 2689 .·

2055 2719 2120 2773 Et
2179 2723 2233 2785 σε·
2274 2720 2331 2773 in
2375 2720 2452 2773 eis
2521 2724 2535 2784 ζ
2596 2722 2694 2792 qui
2730 2730 2951 2793 sperant
2978 2738 3142 2793 super
3181 2722 3553 2779 misericordia

2126 2823 2260 2877 ejus.

1982 2894 2023 2950 C
2058 2895 2487 2966 Beneplacitum
2510 2900 2598 2951 est
2618 2895 2811 2970 itaque
2834 2897 3081 2953 Domino
3109 2897 3168 2953 in
3188 2898 3272 2953 eis
3293 2897 3392 2971 qui
3414 2914 3546 2953 eum

1913 2984 2246 3050 formidant,
2294 2984 2395 3038 sed
2445 3000 2558 3038 non
2607 2984 2876 3055 degeneri
2924 2986 3151 3042 timore.
3184 2985 3347 3041 Multi
3386 2986 3551 3061 enim

1908 3071 2117 3125 timent
2148 3086 2161 3124 :
2194 3070 2295 3125 sed
2342 3069 2477 3141 quia
2515 3071 2826 3142 desperant
2855 3072 2926 3126 de
2955 3072 3355 3127 misericordia
3394 3072 3547 3144 ejus,

1910 3159 2150 3214 minime
2181 3157 2505 3230 diliguntur
2538 3177 2550 3214 :
2584 3159 2735 3214 sicut
2753 3159 3063 3216 Judas.llle
3084 3160 3259 3216 timor
3280 3163 3393 3215 Deo
3415 3168 3547 3234 pro-

1825 3227 1868 3293 θ
1908 3249 2081 3303 batur
2109 3227 2363 3311 necatus,
2394 3247 2493 3318 qui
2525 3263 2659 3303 cum
2691 3264 2886 3303 amore
2934 3248 3189 3303 maxime
3231 3252 3288 3304 et
3318 3249 3413 3321 pia
3444 3262 3547 3343 spe

1903 3336 2297 3408 conjungitur.
2332 3335 2560 3390 Timeat
2588 3352 2723 3408 ergo
2754 3336 3269 3409 unusquisque,ne
3298 3341 3496 3409 peccet
3528 3351 3543 3394 :

1903 3428 2058 3479 amet
2086 3430 2148 3479 ut
2178 3422 2484 3495 supplicet,
2515 3440 2585 3478 ne
2618 3429 2812 3479 tamen
2846 3425 3130 3497 desperet.

2366 3528 2569 3567 ORATIO
2610 3530 2679 3567 EX
2719 3529 2873 3569 PSAL.
2903 3530 3083 3569 CXLVI.

1972 3600 2305 3656 (Edificator
2334 3599 2586 3656 cmlestis
2617 3601 3001 3670 Hierusalem,
3036 3606 3205 3671 Deus,
3239 3601 3340 3674 qui
3391 3601 3543 3658 mul-

1903 3688 2212 3744 titudinem
2244 3687 2545 3744 stellarum
2578 3694 2633 3744 et
2663 3688 2962 3746 concludis
2993 3694 3327 3759 numero,et
3357 3690 3543 3747 nomi-

1903 3777 2084 3831 natim
2104 3775 2336 3849 singula
2347 3779 3359 3850 vocas,sana,quznsumus,eontritos
3372 3778 3545 3835 corde

1902 3865 2198 3933 dispersos
2228 3871 2714 3938 congrega,atque
2740 3884 2843 3921 nos
2872 3866 3282 3923 innumerabili
3316 3868 3549 3940 sapien-'

1901 3954 1982 4008 tia
2029 3958 2130 4008 tua
2177 3951 2422 4024 locuple.
2482 3953 2586 4009 Per
2642 3953 2955 4009 Dominum
3015 3960 3280 4010 nostrum
3337 3955 3539 4009 Jesum

1900 4040 2215 4106 Christum,
2248 4045 2356 4095 etc.

2416 4127 2743 4184 PSALMUS
2782 4127 3038 4184 CXLVII.

2319 4232 2428 4270 ARG
2437 4233 2462 4269 υ
2472 4232 2704 4271 MENTUM
2746 4233 2902 4271 PSAL.
2943 4234 3125 4271 CXLVII

1974 4302 2015 4356 C
2048 4301 2333 4374 Propheta
2360 4301 2803 4370 Hierusalem,id
2830 4308 2937 4371 est,
2953 4320 3265 4375 supernam
3290 4304 3544 4376 alloqui-

1906 4395 2003 4446 tur
2030 4391 2318 4447 civitatem
2372 4407 2386 4443 :
2439 4395 2503 4444 ut
2549 4408 2754 4446 secura
2791 4392 2917 4462 jam
2977 4392 3201 4447 reddita
3231 4392 3289 4448 in
3322 4392 3545 4449 civibus

1905 4478 2367 4545 suis,D0minum
2393 4478 2522 4550 jugi
2553 4478 2935 4534 exsultatione
2956 4479 3281 4535 collaudet:
3309 4484 3548 4536 cnumc-

168 4569 422 4637 nubibus,
454 4572 599 4646 tegit
633 4586 647 4625 :
684 4574 749 4625 ut
779 4584 992 4623 sensus
1022 4566 1225 4621 incitet
1255 4568 1486 4619 nostros
1533 4563 1604 4618 ad
1648 4580 1799 4669 qus:-
1830 4585 1873 4669 υ
1905 4571 2108 4640 ratque
2137 4569 2356 4640 quanta
2385 4565 2599 4638 pepulo
2618 4582 2722 4621 suo
2741 4566 2873 4638 pius
2892 4568 3196 4623 miserator
3216 4566 3545 4627 indulserit.

170 4656 567 4727 rendum,dum
601 4657 834 4733 gratius
865 4653 1151 4727 accipitur
1166 4654 1237 4709 ad
1266 4652 1420 4724 quod
1449 4652 1685 4722 fatigato
1708 4651 1799 4705 de-

164 4743 359 4802 siderio
382 4745 859 4819 pervenitur.Sed
892 4743 1032 4815 quid
1060 4743 1185 4798 ista:
1216 4742 1402 4796 nubes
1432 4739 1804 4812 parturiunt?

168 4832 371 4891 scilicet
400 4837 627 4909 copiam
664 4832 1022 4908 pluviarum,
1066 4831 1173 4886 hoc
1222 4834 1311 4885 est
1359 4830 1547 4884 fontes
1596 4827 1801 4915 divinae

171 4922 572 4986 pmdicationis
603 4922 860 4994 irriguos
887 4937 899 4975 :
928 4918 1197 4991 quamvis
1227 4922 1284 4972 et
1311 4916 1425 4971 ista
1453 4915 1523 4971 ad
1550 4915 1799 4971 litteram

172 5006 277 5061 sint
303 5026 430 5067 vera
459 5018 515 5067 et
546 5009 872 5069 salubriter
902 5006 1302 5079 intelligenda.
1398 4998 1403 5001 ’

173 5092 205 5143 9
300 5098 411 5165 Qui
431 5099 685 5175 producit
714 5099 775 5152 in
804 5097 1084 5152 montibus
1112 5100 1301 5166 [‘cnum
1333 5098 1425 5159 :+
1450 5101 1501 5149 et
1530 5092 1751 5149 herbam
1784 5107 1797 5145 :

296 5184 551 5244 Servituti
579 5188 871 5244 hominum
911 5190 926 5251 ζ
948 5226 961 5239 .

237 5269 275 5325 C
301 5271 364 5327 Et
390 5273 498 5332 hoc
523 5291 760 5350 quoque
791 5270 1179 5353 spiritualiter
1206 5269 1388 5343 accipi
1421 5273 1570 5325 recte
1591 5271 1795 5342 potest.

182 5353 307 5415 Nam
335 5368 577 5433 montes,
604 5365 764 5421 viros
793 5361 1133 5435 significant
1160 5363 1391 5415 sanctos
1423 5375 1436 5414 :
1480 5358 1537 5413 in
1587 5358 1802 5431 quibus

186 5440 440 5508 Dominus
469 5454 669 5510 fenum
702 5449 977 5526 producit
1005 5447 1087 5517 (id
1120 5451 1209 5502 est
1231 5447 1696 5519 praedicationem
1720 5460 1806 5499 ro-

185 5528 435 5611 bustam),
468 5540 854 5613 barbamque,
887 5537 944 5592 id
968 5540 1058 5593 est
1081 5537 1302 5591 monita
1332 5534 1616 5601 molliora,
1651 5532 1805 5590 unde

187 5617 449 5696 simplicia
468 5630 746 5704 jumenta
770 5629 1113 5705 pascantur.

470 5752 737 5819 Panos.
785 5747 1015 5813 CXLII.

2479 4654 2595 4710 TT.
2644 4660 2699 4720 δέ·
2720 4656 2977 4710 Alleluia.

1980 4741 2021 4798 C
2051 4742 2134 4797 Ad
2165 4746 2509 4797 consuetum
2541 4742 2774 4814 quidem
2794 4742 3026 4798 alleluia
3046 4744 3422 4799 revertimur:
3442 4745 3545 4807 sed

1909 4828 2246 4885 nullatenus
2278 4829 2579 4899 repetiisse
2609 4829 2909 4885 fastidium
2941 4829 3211 4901 sit.cujus
3237 4829 3395 4885 verbi
3417 4818 3546 4886 tani-

1909 4923 2005 4973 tus
2037 4917 2223 4973 honor
2253 4920 2361 4982 est,
2397 4921 2459 4972 ut
2489 4934 2618 4972 cum
2655 4918 2731 4974 sit
2758 4918 2817 4973 in
2849 4918 3086 4973 Hebraea
3117 4917 3317 4991 lingua
3347 4935 3548 4975 recon-

1908 5004 2287 5069 ditum,nul!o
2310 5009 2502 5058 tamen
2521 5010 2743 5063 constet
2759 5004 2871 5062 alio
2889 5022 3154 5061 sermone
3169 5006 3545 5064 translatum:

1908 5091 2016 5149 hoc
2049 5090 2419 5157 Grazcns,hoc
2450 5090 2829 5162 Latinus,hoc
2859 5092 3184 5159 Chaldaeus,
3210 5093 3317 5150 hoc
3347 5095 3549 5168 Syrus,

1908 5181 2017 5237 hoc
2048 5181 2240 5246 Persa,
2275 5179 2382 5233 hac
2410 5180 2615 5248 Arabs,
2647 5180 2754 5236 hoc
2776 5186 2933 5237 tenet
2954 5182 3112 5237 natio
3133 5187 3342 5239 cuncta
3369 5188 3551 5240 terra-

1911 5286 2039 5324 rum
2071 5273 2128 5323 et
2153 5267 2248 5341 pia
2277 5266 2577 5321 devotione
2607 5274 2911 5325 veneratur
2947 5287 2960 5324 :
3006 5268 3113 5324 hoc
3158 5286 3294 5343 ergo
3339 5274 3397 5326 et
3444 5286 3552 5328 nos

1913 5373 2061 5429 pura
2089 5358 2281 5412 mente
2312 5368 2611 5408 canamus.

1915 5446 1938 5499 1
2056 5442 2261 5510 Lauda,
2294 5442 2648 5508 Hierusalem,
2684 5447 2978 5500 Dominum
3010 5463 3029 5500 :

2057 5529 2243 5587 Lauda
2273 5532 2441 5583 Deum
2473 5536 2646 5596 tuum,
2673 5531 2824 5589 Sion.

1985 5620 2027 5679 C
2058 5616 2417 5679 Hierusalem
2450 5616 2625 5692 (sicut
2656 5637 2805 5696 saepe
2834 5620 3054 5677 dictum
3085 5620 3553 5694 est)interpreta-

3157 5741 3230 5806 Π
