5516 6470
2388 467 2452 529 S.
2494 465 2898 529 BRUNONIS
2943 462 3563 528 HERBIPOLENSIS
3606 463 3986 528 EPISCOPI.
4739 469 4818 529 533

1473 601 1664 662 lutem
1687 601 1870 659 dedit.
1893 598 2262 658 Fiducialiter
2281 617 2445 671 agam
2468 604 2519 653 et
2546 616 2661 652 non
2690 597 2987 663 illl‘lCll0,ld
3014 603 3119 662 est,
3149 596 3200 664 Α
3233 598 3288 653 in
3331 617 3440 653 sua
3487 606 3670 655 morte
3720 601 4058 672 perituram,
4086 601 4224 672 quia
4277 603 4417 655 tunc
4469 616 4585 655 non
4629 598 4817 658 habebat

1475 695 1657 750 ﬁdem
1682 692 1868 747 habeo
1889 690 1944 744 in
1969 691 2129 744 illum
2155 689 2302 760 quod
2326 704 2413 742 me
2436 687 2667 752 liberet,
2691 692 2748 741 et
2783 685 3128 742 liducialiter
3235 687 3408 748 lilios,
3443 694 3496 744 et
3529 690 3874 761 desperalmt
3924 689 4217 743 Christum
4271 689 4339 742 de
4389 706 4496 744 suo
4528 689 4726 744 semine
4750 710 4820 746 na-

1477 781 1813 856 pradicabo
1845 778 2022 842 illum,
2057 777 2112 832 id
2145 782 2230 832 est
2260 777 2383 830 sine
2414 777 2645 830 timore.
3233 777 3663 843 seiturum.Qui
3691 785 3820 850 post
3854 780 4139 833 redditam
4174 777 4285 831 sibi
4317 779 4622 832 sanitatem
4647 780 4708 833 ita
4727 797 4818 836 con-

1475 874 1509 928 3
1621 872 1769 939 Quia
1794 867 2047 939 fortitudo
2075 883 2196 921 mea
2223 873 2273 920 et
2301 867 2421 919 laus
2450 883 2567 919 mea
2603 866 2872 918 Dominus
2907 880 2918 916 :
3231 868 3468 937 scripsit
3504 885 3514 921 :
3551 869 3665 935 ligo
3697 869 3812 921 dixi
3844 885 3854 920 :
3895 867 3952 921 ln
3987 867 4399 932 dimidio,ete.;
4432 883 4558 938 quae
4592 869 4821 940 scriptura

1618 965 1688 1016 Et
1711 960 1887 1029 factas
1912 964 1986 1011 est
2010 957 2149 1010 mihi
2178 957 2234 1008 in
2265 956 2521 1008 salutem.
3231 973 3344 1009 non
3380 956 3591 1008 dieitur
3624 973 3796 1025 propr

3231 973 3344 1009 non
3380 956 3591 1008 dieitur
3624 955 3850 1025 proprie
3882 957 4090 1019 oratio,
4114 955 4214 1008 sed
4247 954 4568 1026 gratiarum
4604 958 4730 1011 actio
4747 975 4819 1029 pro

1543 1048 1694 1116 Quia
1723 1045 1992 1102 fortitudo
2042 1061 2169 1098 mea
2218 1047 2274 1098 et
2319 1043 2446 1097 laus
2480 1058 2609 1096 mea
2643 1041 2956 1103 Dominus,
2991 1042 3122 1110 quia
3232 1046 3511 1099 benetirio
3544 1045 3698 1115 quod
3732 1045 4009 1115 suscepit.

1473 1130 3120 1200 fortemmefacitadversusinsidiasinimiei,ipsumlau-
3233 1136 3253 1189 1
3374 1135 3478 1203 Ego
3511 1136 3673 1188 diri:
3710 1138 3772 1190 In
3831 1134 4062 1187 dimidio
4120 1134 4336 1187 dierum
4393 1150 4632 1188 meorum
4679 1135 4824 1189 rallam

1470 1228 1612 1283 dabo
1644 1224 1858 1280 Filium
1882 1221 1999 1277 Dei.
2035 1223 2103 1276 Et
2132 1222 2322 1276 factus
2348 1227 2437 1275 est
2469 1220 2611 1274 mihi
2652 1221 2712 1273 in
2748 1219 3000 1273 salutem
3028 1236 3039 1272 :
3066 1218 3117 1272 id
3444 1223 3513 1276 ml
3541 1233 3722 1293 portas
3755 1225 3928 1292 inferi
3961 1240 3973 1277 :

1465 1320 1546 1372 est
1563 1313 1894 1370 secundum
1915 1309 2275 1366 divinitatem
2301 1327 2415 1364 non
2439 1315 2526 1364 est
2550 1309 2874 1368 factus,sed
2892 1307 3122 1377 genitus
3375 1316 3617 1378 (lumn'ri
3649 1314 3924 1366 residuum
3955 1329 4225 1365 annorum
4259 1329 4517 1366 meorum.

1460 1421 1493 1460 a
1511 1405 1696 1470 Patre,
1721 1402 1784 1457 in
1807 1403 1920 1457 line
1940 1417 2069 1455 vero
2093 1403 2447 1472 temporum,
2467 1399 2654 1452 factus
2673 1404 2764 1451 est
2790 1397 2848 1450 in
2876 1397 3118 1450 Salutem
3301 1402 3342 1455 ll
3381 1402 3494 1472 ligo
3521 1402 3660 1464 dixi,
3679 1408 3874 1456 narrat
3899 1402 4036 1472 quid
4063 1407 4321 1472 tempore,
4345 1400 4637 1470 languoris
4657 1403 4825 1456 tacitus

1461 1497 1759 1548 aeternam.
3227 1491 3531 1558 cogitaret.
3571 1491 3712 1556 Dixi,
3751 1491 3963 1561 inquit,
3996 1490 4398 1561 desperatione
4429 1489 4484 1543 in
4519 1491 4680 1544 corde
4716 1507 4827 1543 meo.

1461 1583 1490 1637 4
1594 1582 1891 1638 "annuis
1910 1590 2074 1651 multis
2099 1581 2151 1633 ίη
2175 1577 2380 1646 gaudio
2399 1578 2462 1633 de
2489 1577 2730 1646 fontibus
2765 1576 3070 1630 Salraloris
3105 1591 3116 1626 :
3225 1579 3448 1633 Vadam
3475 1580 3544 1632 ad
3572 1587 3767 1650 portas
3791 1580 3979 1643 inferi,
4009 1579 4061 1632 id
4086 1584 4173 1632 est
4201 1578 4284 1633 vel
4311 1578 4623 1642 mortis,vel
4648 1580 4828 1636 tartari.

1597 1671 1664 1726 Et
1696 1669 1889 1725 dicetis
1921 1670 1977 1724 in
2009 1670 2108 1724 illa
2137 1669 2254 1723 die:
2273 1667 2628 1736 Conﬁtemini
2652 1667 2889 1720 Ποιηιίιο
2910 1669 2961 1718 et
2979 1666 3120 1717 ιήιη)-
3227 1668 3297 1721 όν
3319 1669 3536 1739 quibus
3562 1669 3776 1722 dicitur
3803 1685 3815 1722 ε
3840 1668 3944 1731 Qui
3980 1668 4199 1722 exultas
4234 1684 4326 1721 [ne
4345 1668 4414 1722 de
4438 1673 4616 1738 por-('3
4648 1667 4830 1729 mortis,

1669 1768 1791 1815 rate
1818 1775 2010 1814 nomen
2035 1759 2172 1829 ejus.
3227 1759 3399 1825 (Μαι.
3436 1775 3504 1826 ix,
3543 1764 3594 1810 et
3632 1758 3874 1829 reliqua,
3897 1758 3965 1811 ad
4001 1775 4147 1828 quas
4183 1757 4238 1811 in
4273 1756 4514 1811 dimidio
4545 1773 4708 1811 cursu
4738 1757 4831 1808 vitae

1530 1850 1648 1904 Vox
1671 1847 2092 1920 prophetarum
2119 1847 2192 1901 ad
2216 1845 2499 1918 populum
2523 1844 2865 1899 Jmluicnm.
2885 1842 3120 1896 llauric-
3226 1852 3279 1900 et
3303 1863 3564 1899 errorum
3593 1847 3848 1899 tenebris
3880 1845 4168 1898 ducentur
4197 1843 4301 1897 viri
4335 1845 4681 1912 sanguinem
4706 1844 4835 1897 etde-

1465 1940 1535 1994 tis
1563 1954 1749 2010 aquas
1783 1937 1840 1990 in
1874 1935 2109 2008 gaudio,
2145 1935 2204 1990 id
2238 1940 2348 1998 est,
2379 1934 2707 1988 doctrinam
2745 1930 3038 1998 Evangelii
3069 1937 3120 1984 et
3153 1970 3197 2033 Β
3231 1934 3362 1996 losi,
3388 1934 3485 2005 qui
3522 1953 3631 1988 non
3665 1935 4060 1987 dimidiabunt
4091 1932 4215 1986 dies
4238 1949 4376 1987 suos
4408 1934 4720 1999 (Psal.i.1v);
4751 1948 4833 1984 non

1468 2025 1861 2098 apostolorum
1892 2022 1951 2078 in
1981 2023 2180 2078 laetitia
2211 2021 2530 2092 accipietis.
2570 2021 2648 2075 Dc
2698 2021 2964 2074 fontibus
3004 2018 3122 2071 Sul-
3153 2018 3197 2033 υ
3227 2024 3384 2078 enim
3422 2025 3664 2094 implent
3696 2040 3870 2093 opera
3897 2023 4320 2084 virtutum,nec
4349 2021 4624 2091 pmnitent
4644 2021 4835 2074 delieto-

1468 2114 1695 2181 vatoris,
1721 2114 1914 2169 fontes
1933 2113 2072 2168 Jesu
2094 2113 2332 2167 fuerunt
2363 2109 2607 2182 apostoli
2642 2114 2698 2164 et
2729 2107 3120 2176 evangelistre.
3231 2131 3360 2166 rum
3396 2130 3658 2167 suorum.
3694 2112 3906 2166 Aliter:
3945 2112 4057 2178 Ego
4089 2110 4227 2164 dixi.
4265 2110 4326 2164 In
4359 2109 4602 2164 dimidio
4651 2110 4832 2163 dierum

1468 2204 1533 2259 Et
1560 2203 1766 2259 dicetis
1801 2202 1860 2257 in
1896 2201 1996 2257 illa
2025 2201 2138 2266 die,
2172 2218 2206 2256 ο
2236 2218 2336 2256 vos
2385 2199 2654 2271 apostoli,
2683 2197 2907 2253 scilieet
2940 2197 3122 2266 genti-
3232 2219 3519 2260 meorum,
3557 2203 3610 2255 id
3644 2231 3646 2244 ι

2683 2197 2907 2253 scilicet
2940 2197 3122 2266 gf'nli-
3232 2219 3519 2260 meorum.
3557 2203 3610 2255 id
3644 2207 3733 2254 est
3759 2202 3814 2254 in
3851 2201 4042 2254 medio
4075 2216 4250 2253 eursu
4284 2199 4410 2252 vita:
4444 2215 4606 2264 meae,
4629 2200 4681 2253 id
4711 2199 4835 2252 estin

1471 2291 1595 2361 bus,
1627 2291 1840 2347 vestris
1871 2290 2318 2362 sequacibus,in
2355 2288 2454 2342 illo
2487 2293 2769 2358 tempore.
2793 2292 2857 2339 ut
2890 2284 3126 2338 laudent
3223 2292 3553 2360 juventute,
3578 2291 3782 2343 vadam
3808 2290 3875 2342 ad
3906 2295 4099 2360 portas
4132 2287 4322 2354 inferi,
4349 2289 4401 2342 id
4427 2292 4514 2341 est
4533 2288 4835 2342 descendam

1473 2381 1812 2437 Dominum:
1846 2379 2217 2434 Conlitemiui
2250 2377 2496 2434 Domino
2527 2381 2581 2431 ct
2611 2377 2877 2430 invocate
2911 2391 3122 2428 nomen
3234 2382 3301 2433 ad
3340 2380 3653 2440 infernum,
3682 2380 3832 2431 sicut
3863 2377 4050 2431 (‘a'teri
4083 2377 4292 2432 sancti.
4314 2376 4560 2440 Qumsivi
4585 2378 4838 2431 residuum

1473 2471 1618 2541 ejus,
1648 2469 2026 2534 subauditur,
2053 2472 2119 2522 ut
2150 2468 2222 2522 ab
2255 2468 2381 2538 ipso
2413 2465 2739 2520 salvemini.
3236 2486 3524 2522 annorum
3562 2486 3848 2530 meorum,
3867 2467 3920 2520 id
3945 2471 4032 2520 est
4056 2484 4167 2520 non
4189 2482 4278 2519 mc
4303 2472 4514 2537 putans
4541 2466 4688 2520 ultra
4706 2464 4840 2517 victu-

1473 2559 1509 2613 5
1613 2561 1776 2615 Notas
1807 2559 1970 2628 facile
2000 2559 2058 2611 in
2091 2558 2305 2628 populis
2336 2555 2751 2610 adinvcnlioncs
2783 2555 2897 2623 ejus
2933 2571 2944 2607 :
3238 2576 3390 2624 rum,
3427 2557 3709 2628 postulavi
3745 2563 3804 2609 ut
3837 2556 4252 2610 conoederetur
4283 2554 4422 2608 mihi
4480 2561 4711 2626 tempus
4749 2554 4838 2605 vita

1619 2652 1945 2705 Mementote
1974 2648 2234 2716 quoniam
2264 2646 2535 2699 excelsum
2562 2653 2635 2698 est
2667 2659 2861 2696 nomen
2892 2644 3027 2710 ejus.
3238 2648 3393 2718 quod
3431 2647 3730 2700 residuum
3767 2651 3908 2699 erat.

1551 2736 1677 2790 Vox
1697 2733 2095 2807 apostolorum
2117 2734 2189 2788 ad
2215 2732 2582 2804 gentiles,qui
2595 2734 2718 2801 jam
2741 2731 3127 2794 crediderunt,
3235 2743 3270 2790 2
3381 2737 3511 2789 nui
3543 2754 3559 2789 ,ο
3595 2737 3704 2789 {vim
3742 2735 3928 2788 υίιιινιιο
3956 2735 4243 2789 Dmninum
4270 2736 4444 2788 Deum
4466 2751 4522 2786 ιη
4549 2741 4694 2787 terra
4717 2733 4846 2783 viren-

1491 2827 1656 2879 notas
1683 2821 1853 2877 facite
1883 2821 1941 2876 in
1974 2821 2206 2893 populis
2239 2821 2428 2875 adhuc
2460 2839 2570 2874 non
2604 2821 2998 2885 credentibus,
3025 2819 3130 2871 ad-
3460 2828 3600 2878 tium
3639 2840 3650 2876 :

1491 2911 1855 2968 inventiones
1901 2911 2049 2981 ejus.
2081 2910 2533 2964 Adinventiones
2579 2910 2813 2972 Christi,
2849 2909 3132 2979 superbos
3386 2917 3779 2982 Nonaspieiam
3795 2914 4064 2965 hominem
4087 2913 4229 2965 ultra
4245 2912 4848 2981 ethabitalormqmeus.

1493 2999 1824 3064 humiliare,
1847 2997 2096 3054 humiles
2117 2998 2404 3064 exaltare;
2433 2997 2538 3062 vel,
2566 3003 2893 3069 peccatores
2919 2996 3133 3066 justili-
3317 3003 3435 3056 nixi
3475 3021 3486 3057 ;
3523 3003 3644 3056 Non
3681 3003 3908 3066 videbo,
3940 3001 4315 3066 subauditur,
4347 3000 4394 3053 si
4446 2999 4784 3054 descendere
4812 3010 4847 3046 In

1493 3107 1644 3155 care.
1659 3088 2051 3144 Θῐοδεὶίηιὶῑοὸ
2063 3089 2362 3143 damnare.
2383 3088 2727 3142 Mementote
2742 3086 3021 3157 quoniam
3038 3102 3132 3139 cx-
3243 3091 3296 3144 in
3310 3093 3428 3145 fern
3441 3109 3535 3144 um
3549 3107 3681 3154 ,non
3698 3090 3878 3143 videln
3891 3090 4022 3142 »Ηρυ
4035 3106 4086 3143 m
4106 3088 4160 3142 in
4179 3087 4453 3142 societate
4468 3083 4850 3143 sanetorumln

1489 3178 1707 3234 celsum
1725 3181 1814 3233 est
1829 3193 2039 3233 nomen
2063 3177 2213 3247 ejus,
2238 3177 2393 3232 sicut
2418 3177 2697 3248 scriptum
2717 3181 2804 3230 est
2828 3192 2839 3229 :
2865 3175 3136 3228 Christus
3243 3185 3396 3234 terra
3420 3179 3808 3233 viventium.“
3831 3180 3976 3247 Ergo
3993 3179 4146 3249 regio
4172 3183 4513 3232 sanctorum
4532 3177 4847 3248 ipsaestqur

1485 3267 1672 3324 factus
1701 3271 1792 3322 est
1822 3282 1927 3338 pro
1959 3265 2127 3321 nobis
2167 3264 2450 3321 obediens
2500 3282 2686 3335 usque
2737 3264 2804 3318 ad
2862 3269 3132 3326 mortem,
3244 3275 3483 3323 vocatur
3513 3274 3666 3322 terra
3696 3268 4035 3321 viventium.
4063 3267 4175 3322 Hoc
4198 3271 4286 3321 est
4317 3271 4515 3320 autem
4551 3281 4718 3320 omne
4740 3259 4848 3333 quod

1483 3361 1715 3430 propter
1742 3356 1898 3428 quod
1931 3355 2084 3411 Deus
2130 3354 2406 3410 exaltavit
2444 3371 2601 3419 eum,
2636 3358 2746 3408 etc.
2777 3354 3012 3424 (Philip.
3049 3364 3132 3419 ιι).
3165 3340 3208 3407 C
3248 3357 3474 3420 metuit,
3505 3374 3575 3410 ne
3607 3355 3862 3410 salutare
3899 3355 4014 3422 Dei,
4039 3356 4249 3410 ductus
4280 3355 4350 3410 ad
4383 3354 4610 3409 inferos
4642 3370 4744 3407 non
4775 3367 4853 3402 mer

1480 3447 1515 3500 6
1625 3446 1859 3501 Caritate
1891 3446 2122 3500 Omnino
2153 3445 2414 3515 quoniam
2440 3444 2728 3512 magniﬁce
2756 3445 2884 3512 feeit
2916 3459 2934 3495 :
3244 3446 3728 3516 reaturaspicere.
3749 3444 4161 3516 Nonaspieiam
4179 3444 4477 3498 hominem
4499 3440 4852 3498 ultraethabv

1625 3533 1962 3588 Annuntiate
1991 3533 2088 3587 hoc
2119 3534 2174 3586 in
2207 3533 2462 3585 universa
2491 3541 2657 3586 terra.
3244 3541 3490 3590 tatorem
3526 3534 3934 3606 quietisQuod
3966 3551 4071 3588 nos
4097 3533 4235 3588 olim
4268 3537 4509 3604 propter
4541 3530 4702 3586 verbi
4723 3527 4853 3583 ambi-

1553 3619 2138 3685 CantateDomino,id
2154 3619 3131 3691 estlaudateDominum,quoniam
3243 3623 3524 3692 guitatem
3558 3624 3820 3694 sequenti
3856 3621 4137 3676 versiculo
4159 3619 4486 3691 junximus.
4519 3625 4723 3674 Sermo
4743 3628 4852 3669 enat-2

1490 3709 1800 3782 magniﬁce
1821 3709 1974 3774 fecit,
1989 3708 2205 3764 scilicet
2219 3708 2510 3764 hominem
2536 3710 3133 3774 assumendo,amor-
3245 3712 3583 3774 llebraieus,
3610 3713 3654 3765 si
3685 3712 3895 3778 legitur
3915 3710 4309 3780 edel.requiem
4333 3709 4642 3778 signiﬁcat
4665 3726 4677 3762 :
4702 3706 4744 3759 si
4765 3717 4853 3755 ver:

1487 3797 1608 3852 tuis
1640 3798 2013 3869 resurgendo,
2045 3797 2104 3852 in
2135 3797 2310 3853 caelos
2355 3797 2744 3851 ascendendo.
2778 3799 3134 3852 Annuntiate
3243 3801 3367 3855 eled
3388 3803 3712 3854 oeeidentem
3733 3800 4243 3870 significat.'l‘imet
4263 3816 4398 3866 ergo
4422 3813 4498 3852 ne
4523 3814 4667 3853 cum
4689 3805 4852 3851 sancti

1488 3885 1596 3942 hoc
1624 3885 1684 3942 in
1713 3885 1980 3942 universa
2009 3892 2181 3954 terra,
2210 3887 2266 3941 id
2299 3892 2389 3941 est
2420 3887 2478 3940 in
2510 3886 2786 3941 omnibus
2837 3887 3131 3958 gentibus,
3246 3889 3341 3944 Dei
3377 3889 3715 3944 hominibus
3749 3906 3861 3942 non
3903 3889 4122 3942 habitet
4157 3889 4212 3942 in
4248 3887 4464 3957 requie,
4503 3904 4581 3941 ne
4613 3893 4843 3956 generat-

1485 3976 1640 4048 quod
1672 3976 2060 4048 assumpserit
2089 3975 2411 4031 hominem.
3245 3978 3402 4032 illius
3429 3980 3614 4031 instar
3635 3977 3989 4032 tabernaculi
4015 3975 4384 4039 dissolvatur,
4406 3992 4480 4028 ne
4509 3975 4572 4028 in
4598 3974 4720 4030 telae
4747 3972 4857 4025 siml-

1481 4065 1516 4118 7
1625 4065 1858 4122 Exsulta
1885 4072 1936 4120 et
1964 4065 2157 4133 lauda,
2190 4065 2458 4119 habitatio
2487 4063 2619 4117 Sion
2654 4081 2667 4118 :
3245 4066 3552 4121 litudinein
3591 4068 3646 4121 in
3683 4067 3807 4136 ipso
3842 4066 3985 4120 lueis
4025 4064 4258 4121 exordio
4309 4063 4698 4136 praecidatur,
4725 4065 4774 4115 et
4797 4072 4857 4111 ne-

1625 4153 1767 4221 Quia
1795 4170 2026 4224 magnus
2054 4155 2114 4208 in
2143 4153 2322 4208 medio
2352 4155 2434 4207 tui
2459 4163 2676 4208 sanctas
2707 4154 2899 4208 Israel.
3245 4174 3542 4228 quaquam
3575 4156 3644 4209 de
3678 4155 3900 4210 semine
3930 4156 4058 4224 ejus
4089 4154 4353 4209 Christus
4384 4153 4648 4207 oriatur.

1551 4243 1596 4298 H
1625 4241 1864 4298 Exsulta
1895 4247 1951 4298 et
1979 4243 2174 4308 lauda,
2199 4242 2481 4298 habitatio
2511 4243 2674 4306 Sion,
2699 4243 2840 4314 quia
2881 4260 3132 4314 magnus
3242 4247 3276 4299 3
3386 4245 3672 4300 szeralio
3715 4261 3832 4297 mea
3878 4245 4064 4297 ablata
4091 4250 4170 4297 est
4197 4247 4247 4296 et
4279 4242 4582 4296 convoluta
4615 4246 4692 4295 est
4715 4256 4745 4293 α
4772 4251 4858 4288 int:

1481 4330 1540 4386 in
1555 4331 1745 4387 medio
1765 4329 1851 4387 tui
1874 4332 2192 4388 sanctus.0
2211 4331 2378 4403 (124).
2397 4332 2696 4387 Habitator
2725 4331 3134 4398 Sion,exsulta
3384 4336 3557 4402 Quasi
3587 4333 3998 4387 hibernaeulmn
4024 4340 4321 4401 pastorum.

1479 4424 1537 4476 et
1557 4419 1734 4476 lauda
1748 4420 1930 4476 Deum
1949 4425 2138 4488 tuum,
2163 4421 2301 4492 quia
2319 4437 2568 4492 magnus
2588 4426 2644 4476 et
2668 4427 2911 4476 sanctus
2932 4420 3129 4486 Israel,
3313 4423 3618 4476 Generatio
3643 4420 3852 4484 mea,id
3869 4426 3956 4474 est
3980 4418 4298 4490 procreatio
4323 4416 4594 4473 filiorum
4619 4427 4856 4472 meorum.

1479 4508 1537 4564 id
1566 4513 1656 4564 est
1680 4509 1854 4565 Jesus
1875 4509 2140 4566 Christus
2161 4509 2315 4564 Deus
2335 4515 2494 4575 tuus,
2521 4508 2622 4578 qui
2647 4513 2785 4562 tuus
2807 4515 2940 4562 ante
2973 4509 3129 4563 vide-
3242 4511 3443 4565 avulsa
3474 4516 3530 4564 ct
3562 4515 3786 4564 remota
3815 4515 3920 4563 est.
3955 4508 4155 4573 Quasi,
4178 4507 4234 4562 id
4266 4512 4374 4572 est,
4409 4507 4577 4561 sicut
4608 4510 4858 4560 amovetu'

1480 4597 1652 4654 batur
1671 4597 1846 4664 Deus,
1870 4602 1928 4652 et
1948 4597 2194 4654 modicis
2213 4597 2429 4651 Judaza:
2453 4601 2619 4650 terra:
2635 4595 3128 4651 claudebaturan-
3241 4599 3682 4654 tabcrnarnlum
3717 4604 4038 4669 pastorum.
4061 4595 4273 4650 Tribus
4305 4595 4506 4650 modis
4541 4595 4772 4650 dolebat
4789 4592 4856 4642 is?

1479 4685 1712 4756 gustiis,
1743 4699 1902 4740 nunc
1926 4683 2190 4756 implevit
2229 4699 2467 4738 omnem
2493 4687 2799 4748 terram,et
2833 4685 3131 4740 invocatur
3163 4711 3208 4775 Ι)
3240 4689 3328 4742 vir
3359 4691 3725 4752 sanctus,vel
3761 4686 3900 4757 quia
3931 4685 4150 4740 seiebat
4179 4701 4240 4739 se
4272 4684 4712 4738 descensurum
4736 4679 4792 4733 ad
4810 4692 4858 4726 1:-

1479 4770 1540 4827 in
1570 4772 1862 4830 universis
1886 4773 2186 4844 gentibus.
2210 4770 2421 4824 Aliter:
2453 4770 2614 4834 Sion,
2647 4769 2705 4824 id
2737 4777 2824 4826 est
2855 4773 3127 4839 Ecclesia,
3163 4769 3201 4775 —
3242 4779 3470 4832 ternum
3505 4784 3740 4848 propter
3773 4779 4096 4847 peceatum,
4127 4773 4214 4828 vel
4244 4773 4383 4844 quia
4435 4774 4678 4828 sciebat
4704 4788 4757 4826 se
4785 4780 4856 4821 ne:

1481 4858 1676 4930 lauda,
1711 4860 1852 4932 quia
1889 4864 2130 4915 sanctus
2172 4856 2353 4913 Israel
2411 4856 2469 4910 in
2529 4859 2722 4912 medio
2770 4861 2852 4915 tui
2904 4860 3132 4918 habitat
3243 4866 3506 4921 visurum
3558 4865 3636 4920 ibi
3683 4865 4016 4930 Dominum,
4047 4861 4135 4916 vel
4186 4867 4358 4921 certe.
4392 4861 4546 4932 quia
4605 4861 4728 4915 sine
4773 4852 4857 4909 lii-3

1481 4947 1750 5004 Christus
1779 4946 2085 5003 Dominus.

1805 5087 2171 5144 CANTlCUM
2222 5089 2538 5146 EZECIlUE
2579 5091 2807 5148 REGIS.

1962 5193 2049 5232 ISA
2059 5221 2070 5231 .
2112 5195 2385 5234 CAPITULO
2421 5197 2652 5236 XXXVIII.

3240 5060 3368 5110 suo,
3402 5045 3500 5114 qui
3538 5048 3662 5097 erat
3695 5041 3776 5096 illi
3809 5042 4160 5112 promissus,
4195 5039 4467 5094 timebat.

3239 5133 3271 5186 4
3379 5134 3625 5188 Preccisa
3654 5141 3734 5187 est
3765 5133 3910 5185 relut
3938 5148 3970 5184 a
3997 5135 4218 5184 (excute
4246 5130 4357 5183 vita
4388 5146 4522 5184 mea
4555 5148 4580 5185 ,ο

3379 5223 3514 5276 Dum
3543 5222 3720 5275 adhue
3749 5220 3962 5275 ordirer
3989 5219 4220 5274 sueeidit
4247 5234 4352 5272 me.

1554 5303 1600 5359 Η
1631 5303 1714 5358 Ne
1739 5299 2061 5357 elevaretur
2115 5320 2212 5358 cor
2267 5305 2516 5360 Ezechiae
2572 5312 2703 5378 post
2757 5308 3126 5364 incredibiles
3377 5313 3449 5365 De
3478 5327 3638 5364 mane
3667 5327 3833 5380 usque
3861 5309 3930 5362 ad
3963 5324 4240 5379 vesperam
4263 5307 4419 5376 ﬁnies
4449 5324 4571 5362 me.

1484 5390 1820 5466 triumphos
1849 5391 2199 5457 infirmatur,
2225 5399 2281 5450 et
2309 5395 2451 5449 vidit
2481 5413 2542 5451 se
2572 5413 2700 5451 esse
2751 5399 3126 5466 moriturum,
3308 5401 3552 5455 Praecisa
3592 5406 3678 5454 est
3709 5400 3844 5462 vita,
3881 5399 3936 5452 id
3969 5403 4060 5452 est
4110 5414 4318 5452 cursus
4366 5395 4506 5450 vita:
4561 5414 4720 5452 mea.
4750 5393 4852 5446 Du:

1480 5487 1533 5537 et
1552 5479 1840 5540 convertit
1864 5480 2068 5535 faciem
2091 5498 2256 5536 suam
2279 5483 2349 5537 ad
2389 5484 2666 5554 parietem
2705 5487 3015 5556 templi,ne
3049 5487 3128 5542 la-
3235 5491 3426 5544 adhuc
3470 5490 3713 5554 ordirer,
3749 5489 3802 5542 id
3838 5493 3926 5542 est
3957 5489 4096 5542 dum
4130 5503 4317 5542 essem
4343 5487 4624 5555 juvenis,
4658 5481 4853 5540 sui-eiii.-

1479 5588 1710 5647 crymas
1743 5587 1882 5626 suas
1913 5571 2241 5626 ostenderet
2266 5572 2418 5635 aliis,
2443 5579 2498 5628 et
2529 5575 2684 5628 flevit
2719 5575 2854 5628 fletu
2891 5592 3122 5645 magno,
3239 5597 3348 5633 me.
3375 5579 3452 5632 De
3473 5596 3641 5632 mane
3666 5595 3850 5648 usque
3871 5578 3940 5631 ad
3966 5593 4261 5647 vesperam
4287 5575 4460 5628 tinies
4491 5593 4616 5638 me,
4641 5567 4852 5628 autem:

1475 5669 1715 5738 prepter
1747 5657 2195 5730 promissionem
2229 5661 2326 5716 Dei
2360 5663 2434 5716 ad
2467 5662 2866 5734 David,quam
2901 5665 3126 5718 videbat
3237 5667 3419 5721 levius
3452 5667 3696 5729 habebo,
3730 5672 3826 5720 aut
3858 5667 4034 5720 linem
4067 5664 4192 5719 vita:
4225 5663 4544 5734 accipiam.

1533 5753 1685 5829 (12,1)
1721 5747 1786 5806 Id
1817 5751 1907 5806 est
1937 5746 2239 5819 Origenes.

3241 4955 3431 5010 adhuc
3463 4961 3606 5023 erat,
3640 4971 3756 5008 non
3812 4952 4178 5007 nasciturum
4221 4949 4548 5006 Dominum
4586 4952 4662 5006 de
4691 4956 4883 5020 seruans
