5516 6546
154 549 261 613 533

150 684 184 742 5
279 677 570 753 Sperabam
596 696 766 753 usque
796 680 866 737 ad
891 697 1051 739 mane
1081 699 1100 738 :
1202 730 1205 733 .

280 771 447 841 Quasi
476 769 557 823 leo
580 771 661 824 sic
688 771 943 825 contrivit
970 774 1155 827 omnia
1183 788 1300 827 ossa
1331 789 1468 827 mea.

214 861 257 915 H
287 857 601 930 Sperabam
648 875 833 930 usque
879 876 1068 927 mane,
1102 861 1253 916 sicut
1280 862 1410 927 Job,
1447 862 1504 916 in
1550 860 1641 916 die
1673 878 1766 917 no-

151 952 309 1014 ctem,
342 950 397 1000 et
430 946 489 1000 in
536 946 789 1002 tenebris
836 947 1025 1003 lucem
1067 950 1438 1021 exspectabat
1468 950 1580 1022 (Job
1608 950 1768 1021 xvn),

150 1035 796 1107 mutationetemporum
816 1041 1028 1108 putans
1052 1038 1261 1093 mutari
1277 1056 1446 1109 posse
1465 1038 1769 1110 supplicia.

150 1126 258 1181 Hoc
276 1140 473 1179 verum
505 1139 635 1178 esse
683 1125 841 1179 novit
866 1126 964 1197 qui
998 1126 1227 1198 magnis
1258 1126 1515 1182 febribus
1545 1129 1770 1193 aestuat,

149 1214 309 1285 cujus
325 1211 474 1284 ignis
497 1212 782 1279 internus,
796 1218 862 1268 ut
879 1214 965 1268 leo
983 1216 1177 1269 omnia
1195 1232 1328 1271 ossa
1344 1215 1654 1281 consumit,
1670 1232 1773 1270 nec

148 1318 204 1357 se
234 1303 392 1372 putat
422 1317 537 1371 pra:
569 1299 787 1356 doloris
820 1302 1224 1374 magnitudine
1271 1303 1426 1359 ultra
1462 1302 1771 1358 victurum.

148 1388 312 1454 Quasi
335 1388 420 1443 leo
441 1388 526 1442 sic
550 1388 820 1444 contrivit
841 1390 1039 1446 omnia
1058 1407 1190 1447 ossa
1214 1390 1424 1458 mea,id
1439 1396 1527 1447 est
1541 1408 1774 1446 omnem

146 1475 537 1533 fortitudinem
568 1493 782 1532 meam.

142 1569 175 1621 6
274 1568 347 1622 De
397 1581 561 1622 mane
606 1582 775 1638 usque
824 1566 893 1621 ad
942 1583 1219 1639 vesperam
1272 1570 1427 1640 ﬁnies
1474 1586 1557 1625 me
1586 1587 1605 1624 :
1634 1571 1777 1624 sicut

341 1654 531 1724 pullus
556 1654 876 1710 hirundinis
903 1658 982 1710 sic
1008 1657 1251 1711 clamabo
1284 1674 1302 1709 :

275 1742 588 1798 Meditabor
616 1750 676 1797 ut
705 1743 976 1798 columba.

202 1832 360 1886 Sicut
390 1828 595 1902 pullus
634 1829 968 1886 hirundinis
999 1830 1082 1889 sic
1114 1831 1398 1901 clamabo,
1424 1832 1481 1887 id
1508 1837 1595 1888 est
1626 1833 1779 1887 sicut

138 1918 383 1974 hirundo
416 1918 503 1973 sic
528 1934 719 1991 gemo.
752 1918 949 1974 Aliter.
980 1918 1141 1975 Sicut
1169 1920 1368 1993 pullus
1417 1921 1773 1988 hirundinis,

136 2025 290 2064 mors
334 2006 658 2063 imminens
690 2012 746 2062 et
776 2006 1022 2080 languor
1045 2009 1389 2066 incumbens
1420 2016 1475 2066 et
1505 2010 1688 2078 dolor,
1716 2014 1779 2065 ut

135 2095 219 2151 leo
245 2113 379 2152 ossa
411 2112 546 2151 mea
588 2096 927 2168 frangebat;
962 2098 1061 2153 sed
1093 2115 1198 2171 ego
1229 2104 1295 2154 ut
1324 2099 1572 2156 hirundo
1598 2102 1653 2154 et
1681 2115 1776 2155 co-

130 2184 348 2251 lumba,
383 2185 624 2240 ﬂetibus
654 2191 710 2240 et
738 2186 1055 2258 gemitibus
1085 2187 1208 2243 dies
1240 2193 1550 2259 noctesque
1572 2189 1778 2259 junge-

130 2274 285 2341 bam,
320 2278 377 2329 et
407 2290 444 2328 a
477 2273 592 2329 Deo
624 2272 746 2329 solo
777 2274 877 2345 qui
910 2274 1216 2331 subvenire
1246 2277 1455 2347 potuit,
1490 2276 1779 2348 praestola-

127 2362 230 2418 bar
251 2360 545 2417 auxilium
579 2377 593 2416 :
628 2361 721 2416 cui
754 2360 1041 2430 dicebam,
1064 2364 1197 2434 plus
1224 2364 1419 2436 patior
1441 2382 1617 2436 quam
1648 2382 1778 2420 mea

128 2452 379 2519 poscunt
400 2447 636 2511 merita,
665 2448 764 2502 sed
781 2447 838 2520 'si
861 2448 1002 2519 quid
1026 2450 1231 2517 erravi,
1248 2456 1549 2507 convertar
1569 2453 1639 2507 ad
1662 2468 1776 2507 me-

123 2535 256 2592 lius.
284 2535 521 2592 Clamat
540 2535 739 2607 pullus
767 2536 1099 2593 hirundinis
1130 2540 1201 2593 ad
1233 2544 1477 2594 matrem
1501 2558 1603 2611 pro
1626 2540 1773 2608 cibo,

123 2624 303 2698 gemit
333 2624 651 2680 columba:
672 2625 752 2680 ita
782 2641 888 2697 ego
907 2626 976 2681 ad
996 2627 1177 2681 Deum
1196 2644 1391 2683 meum
1415 2628 1621 2683 faciam
1645 2646 1776 2701 pro.

118 2718 247 2785 pter
276 2716 529 2785 peccata
557 2728 707 2781 mea,
742 2713 923 2767 donec
955 2714 1297 2769 misereatur
1331 2717 1462 2771 mei.

113 2804 147 2855 7
258 2803 548 2857 Attenuati
566 2806 697 2856 sunt
728 2803 874 2856 oculi
902 2805 1012 2858 mei
1040 2822 1059 2857 .·

256 2889 638 2961 Suspicientes
670 2891 728 2945 in
756 2892 983 2946 excelso.

183 2978 499 3034 Attenuati
530 2983 669 3032 sunt
699 2978 851 3033 oeuli
887 2979 1020 3046 mei,
1045 2979 1097 3033 id
1133 2985 1221 3034 est
1251 2981 1778 3054 defeceruntlacry-

112 3084 350 3123 marum
404 3066 717 3121 effusione.
753 3067 1149 3139 Suspicientes
1196 3068 1252 3122 in
1302 3069 1544 3137 excelso,
1579 3070 1633 3125 id
1688 3075 1777 3125 est

111 3157 347 3211 veniam
382 3154 782 3227 postulantes.

112 3247 146 3299 8
259 3244 530 3309 Domine,
558 3244 671 3298 vim
691 3245 892 3314 patior,
918 3245 1117 3315 sponde
1142 3262 1243 3316 pro
1270 3262 1356 3310 me
1384 3265 1405 3299 .·

1251 550 1873 615 COMMENTARIUS
1922 552 2000 615 IN
2047 553 2405 616 CANTIGA.

1797 682 1854 754 Α
1886 684 1951 739 10
2022 687 2264 755 Domine,
2291 688 2343 742 si
2368 687 2447 742 sic
2476 688 2682 742 vivitur
2708 694 2760 743 et
2801 687 2860 741 in
2892 686 3093 742 talibus
3142 687 3252 743 vita
3296 688 3527 761 spiritus

3405 555 3528 618 534

2087 776 2197 831 mei
2223 776 2483 847 corripies
2512 792 2599 830 me
2625 783 2676 830 et
2704 775 3009 845 viviﬁcabis
3038 791 3124 829 me
3153 793 3173 830 :

2019 867 2149 919 Ecce
2174 866 2231 919 in
2258 880 2391 936 pace
2419 865 2730 920 amaritudo
2760 881 2879 919 mea
2908 866 3283 920 amarissima.

1950 969 1997 1039 Η
2026 971 2288 1037 Domine,
2322 970 2370 1026 si
2401 970 2483 1025 sic
2512 970 2741 1036 vivitur,
2774 970 2832 1025 id
2864 974 2954 1026 est
2981 971 3029 1027 si
3064 971 3148 1027 sic
3184 975 3275 1027 est
3304 972 3530 1029 vitabo-

1880 1058 2056 1114 minis
2083 1065 2146 1114 ut
2188 1060 2534 1127 inﬁrmetur,
2568 1065 2625 1115 et
2656 1060 2715 1114 in
2748 1059 2986 1127 talibus,
3020 1060 3394 1133 subintellige
3426 1078 3529 1117 va-

1880 1147 2185 1204 rietatibus
2218 1148 2647 1216 inﬁrmitatum,
2668 1148 2785 1203 vita
2810 1148 3052 1219 spiritus
3078 1148 3277 1215 mei,id
3301 1153 3390 1205 est
3408 1149 3528 1206 vita

1882 1236 2088 1292 anima:
2108 1253 2245 1291 mea:
2267 1240 2373 1304 est,
2394 1237 2669 1308 corripies
2692 1253 2803 1303 me,
2825 1236 3197 1309 subintellige
3216 1236 3525 1294 infirmita-

1883 1328 1999 1379 tem
2030 1325 2240 1392 dando,
2275 1330 2331 1380 et
2360 1324 2677 1381 vivificabis
2710 1342 2821 1391 me,
2855 1324 3066 1380 iterum
3100 1326 3525 1391 sanando,ecce

1881 1413 1941 1469 in
1972 1430 2111 1485 pace
2138 1414 2488 1479 amaritudo,
2521 1419 2653 1480 etc.,
2687 1413 2745 1468 id
2772 1418 2860 1469 est
2889 1430 3021 1469 ecce
3059 1413 3119 1468 in
3152 1431 3290 1486 pace
3322 1414 3524 1487 populi

1884 1503 1997 1557 mei
2009 1502 2320 1559 etcivitatis
2338 1519 2478 1558 mea:
2493 1508 2580 1559 est
2596 1502 2739 1557 mihi
2764 1502 3092 1558 amaritudo
3113 1503 3484 1560 amarissima
3507 1523 3521 1573 ;

1883 1590 2019 1658 illis,
2043 1591 2260 1646 scilicet
2282 1590 2535 1663 populis,
2568 1592 2638 1645 de
2664 1590 3004 1646 liberatione
3032 1591 3450 1663 gaudentibus,
3467 1597 3526 1650 et

1885 1695 1978 1733 me
2010 1696 2110 1750 per
2139 1682 2385 1734 mortem
2419 1679 2738 1745 recedente,
2763 1678 2903 1749 quia
2929 1678 3041 1750 ipsi
3072 1678 3298 1735 liberati
3331 1685 3525 1738 sunta

1885 1767 2299 1837 Sennacherib,
2334 1784 2439 1839 ego
2469 1766 2631 1822 solus
2664 1766 2868 1821 limina
2896 1766 3103 1822 mortis
3135 1767 3364 1824 intravi.

1888 1874 1947 1927 11
2028 1877 2113 1929 Tu
2129 1882 2326 1927 autem
2347 1873 2556 1927 eruisti
2568 1872 2828 1926 animam
2855 1887 3038 1926 meam
3054 1877 3118 1926 ut
3137 1889 3252 1928 non
3269 1874 3522 1942 periret:

2027 1963 2339 2033 Projecisti
2353 1969 2480 2032 post
2491 1966 2721 2032 tergum
2736 1969 2895 2015 tuum
2910 1962 3108 2016 omnia
3121 1971 3362 2032 peccata
3377 1979 3521 2018 mea.

1804 2051 1858 2123 Β
1954 2068 1999 2123 Η
2030 2068 2114 2123 Tu
2145 2071 2340 2123 autem
2373 2066 2575 2123 eruisti
2614 2066 2873 2122 animam
2905 2084 3115 2137 meam,
3149 2068 3524 2141 subintellige

1885 2157 1955 2212 de
1976 2155 2222 2224 inferno,
2249 2160 2313 2211 ut
2334 2173 2448 2211 non
2472 2156 2705 2227 periret.
2729 2156 2797 2210 Et
2826 2155 3119 2227 projecisti
3141 2162 3272 2228 post
3292 2161 3521 2229 tergum

1883 2248 2050 2299 tuum
2085 2244 2283 2299 omnia
2313 2248 2549 2315 peccata
2580 2259 2730 2309 mea,
2762 2259 2835 2298 ne
2862 2243 3085 2299 videres
3114 2243 3215 2300 illa
3255 2244 3324 2299 ad
3357 2245 3522 2300 dam-

1885 2333 2144 2388 nandum
2169 2348 2280 2398 me,
2308 2333 2407 2387 sed
2427 2332 2497 2387 ad
2528 2330 2971 2403 indulgendum.
2995 2331 3096 2387 Vel
3114 2332 3288 2388 etiam
3311 2332 3369 2388 in
3383 2350 3523 2405 prse-

1885 2420 2035 2478 senti
2065 2421 2267 2476 eruisti
2299 2421 2476 2475 vitam
2508 2435 2722 2477 meam.

1886 2528 1953 2582 12
2024 2529 2175 2597 Quia
2201 2544 2315 2581 non
2339 2527 2601 2597 infernus
2624 2524 2995 2597 conﬁtebitur
3023 2526 3147 2595 tibi,
3172 2541 3349 2600 neque
3370 2543 3523 2587 mors

2100 2615 2375 2670 laudabit
2405 2623 2459 2669 te
2489 2632 2508 2669 :

2025 2709 2146 2762 Non
2174 2704 2584 2775 exspectabant
2602 2705 2702 2777 qui
2715 2704 3063 2760 descendunt
3084 2705 3147 2760 in
3171 2703 3359 2760 lacum
3374 2706 3523 2762 veri-

2096 2799 2273 2849 tatem
2304 2801 2487 2848 tuam.

1957 2901 2002 2956 Η
2034 2900 2179 2967 Quia
2206 2917 2322 2955 non
2353 2899 2615 2954 infernus
2646 2899 3017 2955 confitebitur
3057 2899 3184 2968 tibi,
3214 2899 3271 2955 id
3302 2903 3391 2956 est
3419 2899 3520 2973 qui

1886 2988 1943 3044 in
1977 2989 2199 3043 inferno
2242 2993 2381 3043 sunt
2429 3005 2541 3043 non
2573 2987 2897 3043 laudabunt
2924 2991 2998 3056 te,
3026 2988 3081 3043 id
3103 2992 3193 3044 est
3212 2989 3519 3057 diabobus,

1887 3094 2073 3148 neque
2105 3093 2261 3131 mors
2291 3075 2552 3131 laudabit
2582 3080 2653 3130 te.
2687 3076 2811 3130 Non
2842 3077 3261 3148 exspectabant
3290 3078 3389 3150 qui
3421 3077 3519 3133 de-

1884 3166 2171 3221 scendunt
2190 3164 2249 3218 in
2272 3163 2464 3218 lacum
2487 3163 2784 3218 veritatem
2808 3167 2992 3231 tuam,
3009 3164 3066 3219 id
3080 3168 3170 3220 est
3186 3183 3301 3220 non
3315 3182 3520 3238 exspe-

1882 3255 2119 3310 ctabant
2142 3254 2445 3308 ceritatem
2454 3256 2491 3323 j
2498 3251 2687 3316 udicii,
2711 3252 2809 3307 sed
2832 3251 3291 3308 misericordiam
3312 3253 3519 3309 libera-

253 3333 415 3404 Quid
447 3331 633 3387 dicam
661 3335 759 3386 aut
788 3332 919 3403 quid
946 3333 1281 3403 respondebit
1307 3334 1464 3390 mihi.
1501 3336 1633 3390 Cum
1666 3338 1777 3408 ipse
1884 3342 2081 3409 tionis,
2115 3341 2365 3396 maxime
2401 3340 2531 3395 cum
2565 3339 2831 3395 Christus
2861 3340 2934 3395 ad
2966 3338 3193 3397 inferna
3220 3342 3521 3399 descendit

327 3421 536 3492 fecerit
551 3424 577 3474 .9

179 3508 466 3576 Domine,
484 3507 605 3573 vim
620 3508 829 3579 patior,
845 3508 899 3563 id
913 3514 1000 3565 est
1020 3508 1330 3565 infirmitas
1354 3529 1481 3567 mea
1494 3512 1678 3582 major
1689 3516 1777 3567 est

1804 3409 1851 3480 (ἶ
1890 3437 1950 3487 ut
1978 3432 2201 3486 vinctos
2233 3429 2519 3485 liberaret.

1886 3548 1953 3601 13
2029 3548 2239 3601 Vivens
2270 3546 2455 3601 vivens
2484 3545 2601 3614 ipse
2629 3542 3134 3615 conﬁtebiturtibi
3157 3546 3307 3602 sicut
3335 3551 3390 3601 et
3410 3562 3522 3619 ego

104 3614 293 3669 quam
329 3596 634 3669 fragilitas
665 3613 793 3652 mea
842 3599 1028 3669 possit
1070 3599 1235 3655 ferre.
1268 3600 1498 3672 Sponde
1527 3618 1630 3672 pro
1662 3618 1773 3667 me,

98 3685 158 3740 id
177 3690 272 3741 est
292 3689 359 3740 tu
380 3691 519 3741 esto
547 3685 878 3755 fidejussor,
899 3688 964 3740 ut
986 3686 1231 3742 sanitate
1251 3693 1475 3759 recepta
1496 3690 1564 3744 ad
1585 3689 1778 3761 priora

102 3774 255 3829 vitia
279 3790 406 3829 non
430 3773 695 3829 redeam.
720 3774 865 3837 Quid
890 3773 1102 3843 dicam,
1125 3781 1226 3831 aut
1248 3778 1383 3848 quid
1408 3777 1780 3849 respondebit
1809 3812 1832 3837 .

98 3863 251 3918 mihi
273 3863 305 3918 ?
338 3861 733 3933 subintellige
757 3862 880 3933 ipse
906 3863 1253 3919 Dominus.H
1275 3866 1417 3920 Cum
1441 3866 1563 3937 ipse
1584 3866 1781 3920 fecerit

94 3952 188 4008 vel
211 3951 593 4024 imposuerit
613 3950 801 4023 ipsam
825 3950 1541 4009 inﬁrmitatem.Aliter.Tu
1561 3955 1781 4026 sponde

96 4059 205 4113 pro
240 4057 367 4108 me,
408 4057 536 4095 non
566 4044 655 4094 est
683 4038 838 4094 enim
872 4040 1328 4111 volentis,(Rom.
1354 4043 1432 4112 1x)
1456 4047 1510 4098 et
1535 4042 1779 4113 reliqua.

95 4130 169 4184 Et
217 4145 483 4184 rursum
550 4127 609 4183 in
667 4144 728 4182 se
782 4128 1108 4195 revertitur,
1140 4129 1278 4200 quid
1329 4130 1538 4199 dicam,
1573 4131 1783 4201 quidve

92 4218 411 4274 causabor
445 4220 660 4273 contra
692 4220 746 4270 te
796 4216 1071 4271 factorem
1121 4235 1314 4273 meum
1337 4219 1364 4273 ?
1395 4223 1494 4273 aut
1523 4219 1663 4290 quid
1697 4237 1783 4275 re-

95 4306 440 4378 spondebit
476 4304 668 4360 mihi?
692 4303 831 4376 quia
860 4305 982 4376 ipse
1012 4306 1142 4360 fecit
1172 4307 1324 4377 quod
1356 4306 1788 4363 voluit:0mnia

93 4395 291 4468 igitur
323 4393 703 4451 sustinenda
734 4396 870 4449 sunt
904 4410 1267 4465 quaecunque
1300 4396 1629 4451 decreverit.
1662 4395 1784 4463 Vel,

94 4501 239 4539 cum
276 4484 418 4556 ipse
469 4480 676 4537 fecerit
706 4498 936 4537 mecum
969 4482 1445 4552 misericordiam,
1479 4490 1534 4539 et
1563 4483 1788 4539 veniam

91 4571 540 4646 spoponderit.

87 4663 126 4716 9
246 4659 606 4729 Recogitabo
633 4658 737 4713 tibi
766 4675 949 4715 omnes
977 4676 1149 4716 annos
1174 4677 1316 4715 meos
1346 4679 1365 4716 :

241 4750 315 4805 In
348 4748 752 4805 amaritudine
774 4750 982 4805 animm
1008 4765 1165 4805 mew.

2099 3633 2269 3689 hodie
2300 3651 2319 3688 :

2027 3728 2209 3778 Pater
2231 3721 2276 3793 ﬁ
2284 3720 2383 3776 liis
2414 3729 2612 3776 notam
2642 3722 2821 3791 faciet
2851 3709 3152 3776 ceritatem
3181 3727 3365 3778 tuam.

1958 3836 2169 3891 Vivens
2199 3834 2392 3889 vivens
2425 3835 2547 3907 ipse
2578 3834 2964 3891 confitebitur.
2987 3836 3262 3909 Quisquis
3284 3838 3522 3894 vivendo

1885 3924 2044 3989 vivit,
2078 3924 2135 3978 in
2167 3922 2385 3978 cmlesti
2417 3924 2621 3994 patria,
2657 3924 2782 3995 ipse
2811 3922 3073 3980 laudabit
3098 3930 3151 3981 te
3170 3926 3322 3981 sicut
3341 3931 3399 3983 et
3417 3943 3523 3999 ego

1888 4012 2080 4080 hodie,
2113 4011 2483 4082 subintellige
2517 4010 2708 4067 laudo.
2742 4012 2909 4067 Pater
2946 4011 3083 4068 filiis
3127 4018 3325 4069 notam
3356 4014 3526 4071 faciet

1889 4100 2187 4156 veritatem
2236 4103 2420 4153 tuam.
2455 4098 2499 4152 Η
2550 4099 2772 4153 Patrem
2824 4115 2885 4153 se
2927 4102 3111 4165 vocat,
3142 4103 3199 4155 et
3228 4100 3523 4172 subjectos

1892 4188 2023 4253 sibi,
2052 4187 2230 4255 filios;
2257 4186 2365 4251 vel,
2398 4204 2632 4241 omnem
2661 4190 2887 4241 (etatem
2920 4191 3051 4258 post
3080 4203 3142 4243 se
3172 4187 3524 4257 futuram,et

1895 4294 2007 4332 non
2036 4292 2069 4331 a
2100 4291 2160 4331 se
2190 4280 2515 4346 generatos,
2548 4274 2690 4345 quia
2739 4274 3045 4330 Manassen
3081 4275 3400 4346 pessimum
3431 4293 3529 4349 ge-

1896 4366 2045 4433 nuit,
2069 4363 2167 4436 qui
2192 4380 2303 4417 non
2326 4361 2541 4433 legitur
2574 4362 2885 4418 Dominum
2915 4363 3278 4420 benedixissc
3298 4368 3356 4420 et
3384 4364 3532 4421 veri-

1895 4458 2073 4509 tatem
2105 4450 2332 4507 Domini
2366 4451 2670 4505 confessus
2710 4466 2858 4516 esse,
2889 4452 2987 4505 sed
3020 4450 3388 4507 maledixisse
3417 4457 3533 4509 Deo

1897 4629 2198 4685 veritatem
2231 4625 2641 4681 misericordiae
2674 4630 2807 4681 tute.
2839 4627 3135 4683 Confessio
3162 4627 3255 4683 hic
3285 4645 3400 4685 non
3432 4646 3536 4702 pro

1902 4716 2260 4791 poenitentia,
2295 4715 2392 4769 sed
2418 4731 2520 4785 pro
2552 4714 2738 4786 gloria
2758 4719 2815 4770 et
2834 4714 3005 4770 laude
3034 4716 3334 4788 accipitur.
3361 4718 3431 4773 Et
3457 4716 3540 4774 ita

1822 4770 1871 4835 D
1903 4770 2065 4878 pater
2091 4803 2221 4857 ﬁliis
2248 4770 2451 4856 notam
2486 4770 2654 4857 faciet
2682 4802 2982 4858 veritatem
3007 4770 3191 4872 tuam,
3304 4770 3542 4877 persia:

1903 4893 2070 4967 gulas
2100 4890 2518 4957 successiones,
2549 4890 2647 4945 Dei
2695 4891 2904 4947 veritas
2935 4896 2991 4947 et
3012 4891 3245 4963 justitia
3290 4892 3540 4965 posteris

1906 4981 2266 5054 pradicctur.

1907 5088 1973 5141 14
2045 5086 2277 5141 Domine
2306 5083 2537 5139 salvum
2567 5099 2657 5140 me
2685 5085 2785 5155 [ac
2812 5105 2832 5140 :

2043 5174 2109 5229 Et
2132 5172 2395 5244 psalmos
2438 5177 2661 5229 nostros
2701 5173 3057 5229 cantabimus
3096 5173 3315 5231 cunctis
3343 5175 3546 5233 diebus

2116 5264 2253 5318 vita?
2281 5270 2495 5318 nostra?
2525 5262 2584 5316 in
2613 5262 2782 5316 domo
2811 5262 3067 5317 Domini.

168 4840 214 4894 Η
255 4836 647 4908 Recogitabo
675 4852 879 4891 omnes
900 4853 1085 4893 annos
1110 4853 1288 4905 meos,
1311 4836 1533 4893 scilicet
1553 4854 1793 4910 prospe-

86 4927 300 4985 ritatis
334 4929 543 4997 atque
564 4922 775 4979 laetitias
799 4938 937 4980 mea:
960 4925 1306 4981 recordabor
1325 4925 1382 4979 in
1408 4926 1795 4981 amaritudine

86 5016 319 5072 animm
358 5030 551 5079 mem,
581 5011 637 5067 id
659 5015 749 5067 est
769 5028 903 5067 cum
926 5030 1114 5068 essem
1141 5012 1201 5067 in
1233 5014 1622 5069 amaritudine
1644 5014 1798 5069 infir-

85 5103 362 5161 mitatis.
381 5098 580 5156 Nulla
600 5117 691 5154 res
711 5100 866 5155 enim
898 5100 1072 5174 longa
1102 5100 1435 5157 mortalium
1464 5102 1799 5168 est,omnis-

87 5211 211 5265 que
250 5190 542 5248 felicitas
574 5187 794 5255 saeculi,
828 5189 971 5244 dum
1023 5194 1254 5245 tenetur
1300 5189 1629 5257 amittitur;
1662 5208 1795 5246 cum

85 5283 260 5339 enim
278 5286 557 5350 tempus
572 5275 967 5333 tribulationis
984 5277 1797 5351 advenerit,omnispraeterita

86 5370 307 5428 sazculi
340 5364 626 5423 felicitas
647 5364 793 5420 nihil
810 5366 1046 5436 adjuvat
1063 5367 1473 5422 sustinentem.
1498 5369 1646 5439 Ergo
1670 5369 1802 5424 Eze-

87 5461 273 5517 chias
310 5457 619 5528 reputare
658 5471 719 5508 se
771 5454 911 5508 dicit
959 5471 1160 5508 omnes
1211 5472 1395 5510 annos
1437 5456 1594 5526 regni
1630 5454 1718 5510 sui
1747 5460 1803 5512 et

87 5545 557 5621 prmteritm,ut
580 5542 842 5613 putabat,
870 5542 1245 5597 beatitudinis
1266 5543 1320 5596 in
1341 5544 1607 5615 praesenti
1642 5561 1800 5600 ama-

85 5636 405 5694 ritudine.
451 5632 535 5687 Et
570 5630 713 5701 quia
734 5632 859 5701 jam
892 5647 1129 5686 securus
1160 5636 1248 5687 est
1278 5649 1381 5686 nec
1415 5632 1635 5704 patitur
1673 5650 1800 5703 qua:

82 5729 300 5791 refert,
338 5724 424 5778 de
462 5720 743 5775 humano
804 5723 956 5775 statu
1018 5718 1462 5791 philosophatur
1510 5725 1566 5777 et
1612 5720 1798 5778 dicit:

86 5814 399 5879 Domine,
433 5811 567 5863 etc.

1979 5369 2025 5424 H
2057 5368 2327 5434 Domine,
2360 5366 2584 5422 salvum
2614 5385 2703 5423 me
2734 5368 2842 5435 fac,
2862 5369 2932 5423 ab
2964 5370 3239 5427 omnibus
3267 5369 3544 5427 adversis.

1910 5459 1976 5513 Et
2007 5456 2268 5530 psalmos
2296 5443 2544 5523 nostros,
2583 5455 2637 5510 id
2670 5460 2757 5511 est
2785 5456 3169 5528 psalmodiam
3197 5457 3548 5525 laudis,can-

1911 5546 2167 5600 labimus
2199 5544 2426 5598 cunctis
2453 5544 2659 5599 diebus
2688 5544 2813 5601 vita:
2844 5551 3073 5616 nostra},
3093 5546 3147 5601 id
3177 5551 3265 5602 est
3284 5544 3542 5617 quandiu

1909 5633 2221 5689 vixerimus
2252 5648 2454 5686 omnes
2484 5632 2585 5704 qui
2618 5631 2676 5688 in
2709 5637 2763 5689 te
2793 5634 3108 5703 credimus,
3139 5640 3351 5705 tuoque
3377 5632 3540 5687 auxi-

1909 5722 1986 5779 lio
2014 5719 2243 5777 liberati
2275 5735 2503 5776 sumus.

1898 4545 2131 4599 sanctos
2178 4540 2305 4610 ejus
2351 4538 2771 4610 persequendo.
2805 4537 3116 4595 Veritatem
3144 4544 3332 4612 tuam,
3363 4541 3421 4596 id
3446 4545 3538 4598 est
3631 4609 3645 4614 _
