3878 6418
313 481 435 541 535

827 613 1188 670 CANTICUM
1227 613 1461 670 ΛΝΝᾹΞ.

667 715 673 722 ’
705 721 903 759 REGUM
945 719 1098 759 LIBRI
1141 721 1181 770 ι,
1221 721 1495 760 CAPITULO
1534 722 1594 760 Il.

321 796 346 849 1
465 791 782 848 Ecultacit
811 809 919 848 cor
945 807 1134 847 meum
1165 794 1224 849 in
1257 795 1497 850 Domino
1524 815 1543 849 .-

467 886 543 938 Et
571 881 911 938 exaltatum
943 892 1030 938 est
1057 899 1229 938 cornu
1263 901 1451 938 meum
1485 885 1546 939 in
1577 885 1688 938 Deo
1718 899 1863 938 mw.

393 972 439 1027 H
470 970 634 1028 Dicat.
660 971 915 1027 Ecclesia
943 973 1178 1039 Christi,
1207 972 1410 1028 civitas
1437 973 1590 1043 regis
1615 973 1976 1043 magni,gra-

321 1060 408 1117 tia
434 1060 627 1134 plena,
662 1061 818 1133 prole
850 1062 1117 1128 fecunda,
1150 1063 1306 1117 dicat
1337 1063 1494 1134 quod
1527 1068 1689 1117 tanto
1721 1068 1874 1129 ante,
1902 1063 1974 1116 de

324 1167 385 1206 se
416 1151 824 1222 prophetatum
857 1168 960 1223 per
989 1168 1054 1206 os
1087 1150 1268 1221 hujus
1299 1151 1405 1222 piae
1452 1152 1654 1207 matris
1686 1154 1970 1222 agnoscit.

1230 482 1295 544 S.
1341 482 1743 544 BRUNONIS
1785 479 2408 543 HERBIPOLENSIS
2452 479 2831 544 EPISCOPI.

3617 455 3730 542 ne

2005 621 2049 682 Ὰ
2082 613 2287 668 videns
2319 613 2701 686 cogitationes
2731 609 3062 680 hominum,
3087 609 3378 686 quoniam
3413 627 3571 667 vana
3592 617 3731 666 sunt.

2087 704 2135 758 si
2162 702 2468 758 hominum
2501 706 2663 770 sunt,
2687 707 2742 758 et
2772 703 2845 757 ab
2877 701 2976 758 illo
3004 719 3119 757 non
3151 706 3298 757 sunt
3330 719 3368 756 a
3388 717 3506 774 quo
3527 699 3631 773 ipsi
3649 701 3731 756 ho-

2087 791 2274 848 mines
2298 796 2458 857 sunt,
2477 791 2618 846 sinit
2639 792 2924 864 superbos
2955 792 3180 855 cadere,
3197 787 3472 846 humiles
3490 788 3731 846 exaltari.

2081 883 2118 937 6
2226 885 2403 938 Arcus
2433 882 2682 957 fortium
2707 891 3020 954 superatus
3048 891 3131 937 est
3160 901 3179 936 .-

2232 976 2296 1029 ΕΙ
2329 971 2560 1040 inﬁrmi
2586 973 2842 1028 accincti
2869 977 3000 1027 sum
3031 971 3265 1026 robore.

2156 1064 2336 1116 Areus
2371 1060 2608 1116 fortium
2642 1066 2956 1132 superatus
2979 1064 3086 1126 est,
3109 1059 3166 1114 id
3185 1063 3282 1114 est
3305 1057 3568 1130 potentia
3590 1061 3736 1130 .Egy-

2085 1149 2342 1223 ptiornm
2371 1150 2429 1205 in
2459 1151 2646 1222 signis
2679 1149 2984 1222 Moysi,vcl
3020 1153 3284 1222 potestas
3316 1147 3736 1204 JudacorumEt

322 1239 645 1295 Exsultavit
672 1256 772 1295 cor
801 1258 996 1295 meum
1035 1241 1301 1305 Addidit,
1325 1241 1662 1308 iuDomino,
1686 1243 1827 1313 quia
1863 1259 1975 1296 non
2084 1240 2300 1295 infirmi
2335 1239 2578 1295 accincti
2613 1240 2819 1295 robore
2851 1244 3014 1305 sunt,
3037 1238 3092 1293 id
3116 1235 3442 1294 est.Judaei
3477 1235 3687 1291 liberati
3709 1253 3736 1289 a

322 1331 387 1386 in
403 1330 592 1397 τίμιαι
607 1331 668 1386 in
690 1331 936 1387 Domino
948 1330 1379 1386 exsultavitEt
1391 1348 1504 1386 era
1516 1329 1731 1386 Italum
1755 1337 1838 1386 est
1856 1348 1975 1386 cor-

320 1435 400 1477 nu
416 1436 603 1476 meum
627 1421 689 1476 in
723 1424 840 1476 Deo
866 1425 1175 1476 meo.Vero
1204 1437 1319 1476 e..ca
1330 1419 1542 1475 ltatum
1565 1438 1742 1476 cornu
1765 1439 1973 1488 meum,

321 1511 462 1583 quia
491 1527 604 1566 non
624 1511 682 1566 in
701 1527 760 1565 se
778 1513 880 1566 sed
899 1512 962 1566 in
983 1511 1220 1567 Domino
1239 1527 1343 1566 suo
1362 1527 1472 1566 era
1482 1509 1698 1566 (latum
1714 1521 1818 1577 est,
1838 1513 1973 1568 etin

321 1600 448 1656 alio
467 1599 593 1656 loco
607 1599 1185 1665 dicit,exaltabuntur
1197 1603 1441 1671 cornuaj
1453 1600 1564 1654 usti
1582 1603 1754 1673 (Psat.
1767 1608 1970 1669 Lxxn');

2086 1329 2362 1386 servitute
2397 1328 2642 1401 ngypti,
2663 1327 2750 1384 vel
2786 1327 3034 1398 gentiles
3066 1326 3423 1383 fortitudine
3457 1325 3606 1380 fidei.

2081 1422 2116 1474 7
2228 1421 2454 1487 llcpleti
2481 1420 2651 1490 prius
2677 1434 2790 1488 pro
2818 1416 3074 1486 panibus
3097 1433 3161 1472 se
3193 1414 3547 1472 locaverunt
3575 1433 3594 1470 :

2227 1507 2519 1564 Famelici
2547 1509 2810 1562 saturati
2836 1511 2995 1562 sunt.

2155 1598 2201 1653 Η
2236 1597 2454 1669 Repleti
2487 1597 2651 1668 prius
2688 1613 2791 1669 pro
2825 1596 3078 1668 panibus
3111 1611 3172 1650 se
3195 1594 3564 1661 locaverunt,
3593 1593 3643 1648 id
3662 1597 3737 1648 est

326 1688 467 1760 quia
496 1689 567 1744 de
597 1687 788 1744 crucis
817 1688 1030 1744 Christi
1062 1689 1551 1761 apicibus,justis
1594 1692 1976 1747 conferuntur
2083 1687 2333 1758 gentiles
2360 1703 2472 1741 non
2506 1685 2791 1741 habentes
2826 1681 2986 1756 prius
3019 1681 3735 1739 doctrinamJudaeienim

325 1777 449 1832 hac
470 1793 692 1832 cernua
715 1794 728 1832 :
750 1775 810 1832 in
832 1775 927 1832 his
957 1777 1370 1833 ventilabimus
1401 1785 1573 1851 atque
1599 1780 1974 1836 destruemus

304 1866 692 1922 .adversarias
722 1871 1056 1938 potestates,
1089 1868 1297 1923 anima:
1349 1874 1558 1924 nostrae
1603 1870 1970 1925 insidiantes.

2085 1777 2286 1847 repleti
2338 1780 2478 1830 sunt
2519 1775 2682 1847 prius
2717 1773 2988 1847 panibus,
3021 1772 3076 1827 id
3108 1777 3197 1828 est
3226 1771 3506 1828 doctrina
3533 1769 3736 1825 Veteris

2081 1866 2460 1930 Testamenti,
2483 1869 2539 1919 et
2567 1881 2670 1936 pro
2692 1863 2946 1936 panibus
2977 1880 3035 1916 se
3060 1860 3429 1926 locaverunt,
3453 1859 3510 1916 id
3542 1864 3627 1914 est
3645 1875 3735 1932 pro

323 1954 544 2012 Aliter:
579 1955 900 2012 Exsultavit
957 1973 1056 2011 cor
1109 1974 1305 2013 meum
1367 1958 1426 2014 in
1479 1960 1742 2026 Domino,
1778 1960 1831 2014 id
1887 1965 2056 2058 esttn
2085 1953 2655 2010 doctrinaChristise
2675 1945 3733 2024 scperaveruntaconsortiofidelium,

706 2046 766 2058 η.
915 2045 949 2058 ..
1002 2050 1011 2058 .
1613 2049 1665 2058 ..
1775 2049 1900 2058 .-..
2417 2042 2431 2058 .
2739 2045 2750 2058 .
2815 2041 2866 2058 ..
2975 2044 2987 2058 .
3035 2038 3220 2058 μι-.
3300 2037 3732 2058 .,-,,-,_____._-

328 2061 498 2102 mens
531 2060 682 2102 mea.
706 2046 775 2101 Et
805 2045 1122 2102 exaltatum
1154 2063 1334 2102 cornu
1369 2064 1586 2116 meum,
1611 2049 1667 2103 id
1702 2053 1791 2103 est
1823 2049 1980 2104 ﬁlius
2012 2037 2056 2058 υ
2089 2043 2289 2109 Aliter,
2325 2060 2386 2098 se
2417 2042 2777 2107 locaverunt,
2813 2041 2869 2095 id
2904 2044 2995 2095 est
3026 2038 3264 2094 diabolo
3299 2037 3662 2094 tradiderunt
3683 2052 3736 2090 se

329 2151 502 2192 meus
526 2136 585 2192 in
613 2136 728 2194 Deo
760 2151 908 2192 meo.
1101 2196 1108 2206 ,

326 2228 364 2282 2
469 2225 811 2284 Dilatatum
840 2235 921 2284 est
952 2243 1016 2282 os
1048 2243 1237 2283 meum
1286 2243 1462 2300 super
1490 2227 1750 2284 inimicos
1781 2245 1934 2284 meos
1959 2249 1978 2282 .-

469 2317 620 2388 Quia
651 2319 851 2374 laetata
880 2333 1007 2373 sum
1039 2317 1382 2386 iusalutari
1409 2324 1529 2373 tuo.

399 2405 718 2464 Dilatatum
743 2411 831 2463 est
849 2424 913 2463 os
932 2424 1126 2463 meum
1156 2423 1332 2479 super
1362 2406 1632 2463 inimicos
1658 2408 1985 2472 meos,sub-

328 2491 589 2570 intelligo
619 2496 852 2552 Judaeos
882 2500 938 2551 et
967 2496 1291 2563 hazreticos,
1315 2495 1458 2569 quia
1485 2514 1663 2568 super
1689 2495 1820 2552 illos
1843 2497 1985 2551 dila-

315 2592 520 2645 tatum
543 2590 634 2643 est
653 2603 720 2641 os
741 2584 1028 2652 Ecclesia),
1045 2603 1170 2657 qua:
1195 2603 1391 2640 coram
1413 2585 1632 2640 Judmis
1654 2591 1711 2640 et
1734 2585 1982 2640 inﬁdeli-

329 2677 444 2732 bus
482 2674 609 2730 sine
651 2673 1044 2747 prohibitione
1075 2673 1335 2745 loquitur
1366 2674 1691 2730 secundum
1723 2675 1982 2747 Evange-

331 2761 688 2842 lium.Aliter
702 2779 715 2817 :
731 2761 1095 2819 Adilalatum
1109 2767 1197 2817 est
1211 2780 1275 2818 os
1291 2779 1482 2817 meum
1495 2763 1651 2834 ,quia
1667 2764 1791 2818 etin
1806 2781 1986 2836 angu-

323 2851 466 2928 stiis
484 2867 890 2924 pressurarum
917 2867 1110 2906 sermo
1137 2851 1228 2906 Dei
1254 2869 1366 2907 non
1392 2855 1481 2906 est
1497 2852 1862 2924 alligatus(ll
1886 2855 1985 2912 Ti-

334 2940 619 3012 ηιυτΙι.ιι),
655 2956 759 2996 nec
789 2939 847 2996 in
871 2940 1239 3013 praeconibus
1265 2939 1538 3014 alligatis.
1557 2943 1621 2996 Et
1639 2943 1829 2998 laetata
1851 2960 1984 2999 sum

335 3029 394 3087 in
422 3029 664 3086 salutari
695 3033 816 3088 tuo.
849 3029 1114 3086 Christus
1143 3029 1253 3085 iste
1282 3036 1370 3086 est
1397 3031 1589 3088 Jesus.

332 3121 368 3176 3
472 3120 600 3178 Non
628 3129 710 3176 est
738 3129 971 3177 sanctus
1000 3127 1062 3176 ut
1087 3129 1170 3177 est
1199 3122 1473 3177 Dominus
1505 3138 1516 3177 :

477 3214 669 3285 Neque
696 3212 850 3267 enim
881 3216 966 3267 est
997 3209 1163 3267 alius
1191 3216 1366 3268 extra
1390 3217 1546 3267 tezet
1568 3229 1678 3268 non
1705 3218 1787 3269 est
1814 3213 1988 3284 fortis

548 3302 703 3358 sicut
731 3303 875 3358 Deus
896 3307 1109 3358 noster.

2090 2151 2194 2206 pro
2225 2133 2510 2188 doctrinis
2542 2131 2688 2197 suis,
2723 2129 2986 2186 nolentes
3037 2128 3488 2184 communicare
3533 2123 3735 2196 corpori

2091 2222 2330 2279 Christi.

2091 2315 2126 2369 8
2235 2313 2418 2368 Donec
2445 2309 2675 2367 sterilis
2702 2310 2932 2379 peperit
2962 2307 3262 2379 plurimos
3289 2328 3312 2363 :

2236 2405 2312 2456 Et
2341 2418 2463 2474 qua'
2488 2417 2584 2456 mu
2596 2399 2708 2455 ltus
2736 2399 2988 2454 habebat
3012 2397 3170 2468 ﬁlios
3194 2389 3516 2469 inﬁrmata
3543 2397 3639 2448 est.

2168 2497 2352 2547 Donec
2385 2490 2601 2546 sterilis
2647 2489 2870 2561 peperit
2904 2486 3208 2560 plurimos,
3247 2485 3304 2540 id
3342 2489 3435 2539 est
3465 2479 3733 2556 gentilitas

2095 2581 2317 2654 peperit
2350 2580 2636 2654 plurimos
2681 2579 2850 2633 filios.
2888 2577 2956 2632 Et
2985 2575 3187 2632 Judma
3218 2574 3525 2630 infirmata
3555 2575 3653 2637 est,
3681 2568 3728 2622 in

2095 2669 2372 2742 pariendo
2402 2669 2550 2724 filios
2583 2668 2702 2723 Dei.

2091 2760 2128 2813 9
2239 2761 2519 2816 Dominus
2552 2758 2874 2827 morti/teat
2903 2761 2959 2810 et
2984 2751 3243 2825 viviﬁcat
3277 2769 3290 2809 :

2239 2849 2479 2904 Deducit
2509 2848 2590 2903 ad
2620 2847 2837 2921 inferos
2865 2853 2921 2900 et
2953 2843 3201 2900 reducit.

2168 2935 2455 2993 Dominus
2485 2936 2798 2992 mortiﬁcat
2820 2939 2876 2989 et
2896 2933 3163 2996 viviﬁcat,
3184 2931 3361 2987 Pater
3391 2922 3731 2986 mortiﬁcavit

2095 3026 2304 3082 Filium
2338 3025 2678 3098 permittens
2708 3023 2876 3080 illum
2924 3020 3076 3078 tradi
3121 3037 3297 3094 quem
3330 3013 3630 3075 vivificavit
3651 3029 3724 3068 rc-

2095 3115 2408 3187 surgendo.
2444 3114 2489 3169 H
2525 3112 2767 3169 Deducit
2813 3111 2884 3167 ad
2939 3111 3156 3166 inferos
3205 3113 3263 3164 et
3295 3106 3543 3171 reducit,
3575 3102 3624 3158 id
3653 3103 3728 3156 est

2095 3205 2336 3260 deduxit
2367 3204 2626 3259 animam
2655 3201 2782 3258 Filii
2813 3218 2946 3256 cum
2972 3191 3350 3272 jucunditate
3366 3197 3438 3254 ad
3465 3192 3728 3252 inferoset

2096 3294 2345 3350 reduxit.

405 3391 530 3446 Non
561 3394 650 3446 est
679 3394 941 3458 sanctus,
973 3390 1347 3464 subintellige
1377 3391 1613 3464 aliquis,
1647 3391 1799 3448 sicut
1830 3392 1986 3449 Deus
2017 3367 2061 3432 (ἶ
2098 3401 2102 3440 f

2153 3387 2164 3436 ι
2242 3383 2518 3440 Dominus
2542 3397 2862 3454 pauperem
2883 3381 3028 3451 facit
3059 3384 3114 3435 et
3143 3376 3299 3434 ditat
3334 3394 3352 3433 :

335 3481 524 3538 Pater.
539 3479 739 3550 Neque
754 3478 909 3534 enim
931 3483 1021 3534 est
1041 3478 1194 3535 alius
1214 3485 1374 3534 extra
1389 3485 1462 3540 te.
1481 3479 1704 3536 scilicet
1721 3487 1867 3536 Deus
1890 3499 1983 3538 vc-

338 3585 462 3624 rus.
493 3568 563 3621 Et
593 3583 706 3621 non
738 3570 828 3621 est
859 3567 1044 3632 fortis,
1077 3568 1326 3622 subaudi
1357 3567 1508 3623 alius
1545 3569 1693 3624 Deus
1715 3569 1987 3626 immuta-

335 3655 492 3721 bilis,
518 3654 671 3710 sicut
692 3659 750 3708 tu
774 3671 907 3708 cum
933 3654 1074 3709 Filio
1095 3659 1150 3710 et
1171 3655 1392 3727 Spiritu
1427 3661 1649 3712 sancto.
1677 3658 1721 3712 Il
1744 3658 1845 3714 Vel
1871 3678 1985 3716 non

335 3750 426 3800 est
445 3747 687 3800 sanctus
707 3746 770 3796 ut
791 3746 880 3798 est
910 3741 1194 3799 Dominus
1215 3748 1272 3798 et
1291 3744 1513 3814 justus,
1537 3749 1670 3812 etc.,
1705 3738 2022 3819 tanquam'

335 3837 578 3892 sanctus
597 3835 654 3888 et
673 3832 1070 3896 sanctiﬁcans,
1085 3832 1290 3904 justus
1310 3837 1364 3888 et
1380 3834 1734 3905 justiticans.
1759 3836 1883 3892 Non
1898 3842 1988 3894 cst

335 3926 576 3980 sanctus
607 3925 768 3978 extra
798 3925 855 3977 et
885 3926 1092 3994 praeter
1109 3926 1184 3990 te,
1205 3921 1342 3994 quia
1363 3939 1535 3978 nemo
1564 3923 1754 3980 fitnisi
1783 3927 1889 3982 abs
1908 3931 1980 3982 te.

333 4014 366 4069 4
475 4011 676 4069 Nolite
708 4009 1100 4085 multiplicare
1133 4010 1298 4085 loqui

365 4157 372 4166 ,
471 4100 770 4160 Sublimia
801 4119 819 4156 :
851 4099 1198 4173 gloriantes.

403 4191 702 4252 BABANUS.
737 4191 858 4247 Vox
889 4190 1158 4248 Ecclesiae
1188 4211 1201 4249 :
1234 4191 1422 4248 Nolite
1463 4192 1854 4266 multiplicare
1901 4194 1982 4250 lo-

311 4280 452 4354 .qui,
477 4281 534 4335 id
557 4284 647 4338 est
667 4279 846 4337 nolite
867 4279 1106 4353 gloriari
1129 4281 1184 4335 in
1209 4281 1678 4354 sapientialcgis,
1705 4283 1982 4340 sublimia

278 4418 284 4425 .
327 4369 588 4443 intelligo
617 4370 812 4438 verba,
845 4370 1183 4442 gloriantes.
1208 4372 1278 4426 Et
1308 4371 1582 4428 Salomon
1615 4374 1784 4428 dicit:
1810 4373 1984 4429 Altio-

273 4511 283 4520 .
327 4477 396 4518 na
422 4464 477 4518 te
507 4478 580 4516 ne
609 4459 910 4532 quaesieris
942 4461 1142 4533 (la'ccli.
1171 4461 1278 4533 ιιι),
1311 4465 1368 4516 et
1398 4460 1534 4516 alibi
1566 4479 1578 4518 :
1613 4462 1900 4520 Dominus
1923 4465 1980 4520 in

273 4585 290 4612 ._
325 4548 472 4627 caelo
499 4553 557 4610 et
583 4553 644 4606 tu
678 4549 735 4606 in
770 4555 924 4607 terra
954 4553 1165 4623 (lz'ccte.
1201 4555 1257 4620 v)
1290 4568 1302 4605 :
1340 4551 1467 4607 ideo
1507 4551 1625 4610 sint
1656 4553 1824 4624 pauci
1859 4571 1980 4610 ser-

269 4671 282 4700 .-
327 4656 536 4700 mones
562 4639 669 4707 tui.

322 4731 362 4788 5
449 4730 761 4791 .Reccdant
791 4737 988 4789 cetera
1023 4732 1099 4788 de
1126 4747 1222 4788 ore
1255 4739 1442 4787 vestro
1469 4751 1489 4787 :

469 4821 614 4896 Quia
652 4825 803 4877 Deus
848 4821 1228 4878 scientiarum
1257 4821 1527 4877 Dominus
1551 4841 1570 4876 :
1597 4825 1653 4876 et
1683 4821 1800 4890 ipsi
1826 4835 1980 4890 pra?-

529 4918 835 4982 parantur
862 4911 1263 4979 cogitationes.

398 4997 695 5052 Recedant
732 5002 947 5065 vetera,
972 4997 1028 5052 id
1061 5003 1148 5054 est
1177 5003 1398 5056 veteres
1428 4997 1792 5056 traditiones.
1827 5000 1976 5066 Quo-

271 5124 303 5143 ,.
326 5085 486 5154 niam
522 5086 674 5144 Deus
703 5084 1081 5156 scientiarum
1115 5085 1500 5158 Dominus,.id
1525 5093 1612 5144 est
1643 5105 1756 5143 non
1786 5087 1976 5144 selum

326 5173 427 5227 dat
457 5171 760 5246 scientiam
795 5175 1035 5243 sanctis,
1057 5177 1160 5230 sed
1183 5182 1240 5232 et
1259 5177 1369 5250 ipsi
1397 5183 1796 5250 prmparantur
1817 5176 1977 5250 cogi-

321 5261 600 5327 tationes,
627 5260 682 5316 id
710 5267 799 5317 est
824 5263 1146 5318 manifesta:
1184 5270 1342 5320 sunt.
1375 5265 1574 5322 Aliter.
1610 5265 1654 5321 H
1685 5267 1978 5322 Recedant

265 5421 271 5426 '
324 5353 537 5417 vetera,
561 5348 668 5405 hoc
691 5355 800 5420 est,
825 5351 1292 5426 magniloquium
1328 5372 1436 5409 non
1461 5359 1626 5410 exeat
1654 5355 1724 5410 de
1755 5371 1852 5410 ore
1883 5372 1974 5410 ve-

327 5441 468 5493 stro.
496 5437 638 5503 Quia
667 5439 822 5497 Deus
853 5441 1231 5496 scientiarum
1264 5442 1548 5498 Dominus
1579 5448 1668 5498 est
1697 5461 1709 5498 :
1741 5444 1860 5500 hzcc
1893 5445 1976 5499 di-

327 5528 543 5580 cuntur
573 5526 642 5580 de
665 5546 726 5582 se
757 5529 1272 5600 praesumentibus,
1301 5531 1398 5602 qui
1433 5549 1495 5586 se
1517 5533 1712 5601 jnstos
1746 5536 1974 5604 putant,

326 5619 384 5670 et
415 5614 542 5668 ideo
575 5617 804 5687 superbi
839 5623 895 5672 et
917 5618 1162 5688 justitim
1205 5618 1300 5672 Dei
1355 5637 1466 5673 non
1519 5625 1655 5674 sunt
1704 5621 1972 5690 subiecti,

328 5701 466 5774 quia
496 5704 564 5758 de
598 5723 702 5760 suo
735 5712 944 5777 putant
975 5722 1089 5759 non
1124 5705 1193 5758 de
1232 5703 1346 5760 Deo
1395 5725 1564 5780 posse
1615 5726 1675 5763 sc
1709 5709 1972 5781 placere;

327 5798 502 5864 atque
531 5792 660 5849 ideo
692 5795 911 5851 arbiter
936 5793 1425 5850 conscientiarum
1452 5794 1828 5868 Dominus,et
1850 5798 1974 5871 ipse

2238 3469 2535 3529 llumiliat
2567 3478 2623 3528 et
2645 3469 2953 3528 sublimat.

2165 3563 2452 3619 Dominus
2484 3577 2797 3635 pauperem
2834 3559 2989 3625 facit,
3021 3575 3154 3613 cum
3187 3555 3331 3612 dicit
3367 3574 3382 3612 :
3417 3553 3474 3610 Si
3508 3550 3589 3606 vis
3617 3559 3725 3635 per-

2097 3653 2284 3710 fectus
2315 3669 2463 3720 esse,
2489 3633 2683 3707 vende
2715 3649 2916 3706 omnia
2954 3663 3081 3721 qua:
3131 3647 3312 3702 habes
3341 3641 3576 3714 (Matth.
3609 3633 3726 3703 xxx).

2098 3744 2162 3798 Et
2192 3743 2361 3807 ditat,
2394 3741 2726 3814 generando
2777 3739 2836 3794 in
2898 3735 2998 3793 illo
3054 3735 3325 3800 virtutes,
3359 3739 3417 3790 et
3461 3722 3729 3819 reddendo

2095 3809 2457 3905 centuplum.
2482 3829 2786 3895 Humiliat,
2815 3830 3048 3884 sanctos
3078 3823 3134 3880 in
3169 3821 3464 3896 praesenti,
3487 3821 3544 3876 et
3571 3809 3728 3872 subli-

2096 3927 2236 3992 mat,
2271 3922 2329 3976 in
2364 3922 2580 3976 futuro.

2097 4012 2156 4066 11
2234 4012 2533 4066 Suscituns
2559 4007 2628 4065 de
2654 4007 2894 4077 puli-ere
2923 4018 3169 4080 egenum
3201 4021 3221 4057 :

2239 4105 2304 4156 Et
2331 4101 2406 4156 de
2432 4105 2687 4156 stercore
2714 4097 2946 4170 erigens
2974 4107 3310 4166 pauperem.

2165 4191 2210 4246 Η
2241 4189 2546 4246 Suscitans
2577 4189 2647 4243 de
2679 4186 2910 4260 pulvere
2941 4197 3212 4257 egenum,
3237 4173 3306 4236 id
3331 4183 3423 4237 est
3453 4175 3523 4232 de
3544 4182 3724 4227 corru-

2093 4281 2290 4353 ptione
2321 4277 2640 4343 Christum,
2669 4276 2809 4348 quia
2858 4290 2992 4328 raro
3041 4273 3171 4343 ejus
3219 4287 3336 4326 non
3377 4265 3522 4323 vidit
3550 4271 3726 4317 corru-

2093 4369 2350 4442 ptionem
2383 4369 2560 4440 (Psal.
2593 4366 2704 4434 xv).
2739 4365 2820 4420 De
2850 4369 3101 4419 stercore
3147 4361 3380 4432 erigens
3411 4358 3722 4429 pauperem.

2091 4459 2149 4514 id
2181 4461 2269 4514 est
2299 4451 3147 4530 apostolos.Aliter,suscitans
3168 4465 3202 4504 a
3222 4453 3378 4504 terra
3407 4447 3720 4530 pauperem:

2093 4549 2148 4603 id
2185 4552 2273 4603 est
2303 4521 2627 4622 Christum,
2661 4545 2762 4616 qui
2794 4546 3032 4615 propter
3061 4556 3169 4595 nos
3201 4553 3426 4610 pauper
3454 4521 3724 4622 factusfsl

2090 4654 2225 4694 cum
2257 4637 2416 4691 dives
2448 4613 2622 4701 esset,
2650 4613 2713 4688 ut
2733 4613 2862 4705 ejus
2895 4613 3236 4704 paupertate
3267 4625 3355 4682 vel
3389 4625 3568 4681 morte
3597 4613 3722 4668 dita-

1963 4716 1970 4732 ³
2012 4737 2058 4802 Ῑ)
2091 4743 2290 4782 remur
2311 4725 2385 4798 (ll
2409 4723 2944 4795 Cor.vm).Egenus
2963 4715 3349 4792 quippeidem
3371 4711 3470 4802 qui
3502 4712 3718 4802 μερίδες·

2091 4783 2330 4872 Stercus
2362 4818 2581 4879 autem,
2617 4783 2790 4868 unde;
2818 4783 3046 4866 erectus
3071 4783 3185 4875 est,
3221 4801 3541 4862 rectissime
3569 4783 3719 4848 intel‘

2091 4903 2354 4978 liguntur
2378 4906 2782 4974 persecutores
2811 4899 3020 4956 Judaei.

2029 4989 2037 4993 ’
2092 4996 2159 5049 12
2238 4997 2311 5048 Ut
2340 4992 2540 5048 sedeat
2571 5005 2701 5046 eum
2732 4987 3105 5059 principibus
3135 5005 3154 5040 :

2235 5083 2298 5136 Et
2329 5083 2535 5140 solium
2568 5079 2792 5156 gloriae
2819 5085 3032 5134 teneat.
3069 5133 3076 5138 _
3191 5151 3196 5156 1
3562 5143 3568 5151 ι

2162 5172 2207 5228 Η
2240 5171 2312 5228 Ut
2342 5171 2540 5227 sedeat
2568 5143 2702 5226 cum
2732 5167 3119 5242 principibus,
3144 5151 3201 5218 id
3233 5163 3324 5218 est
3353 5169 3483 5216 cum
3515 5143 3716 5242 aptis“);

2088 5223 2868 5334 lis-in'j'udici‘olll'l‘tsolium
2900 5223 3340 5329 gllorite'tencat,
3366 5249 3422 5304 id
3453 5242 3539 5301 est
3566 5223 3712 5334 ut.

2086 5311 2380 5408 dextera—ui
2605 5311 3212 5409 sedeatCh‘i-istusyel
3233 5311 3466 5395 teneant
3489 5311 3708 5401 αροειοη

2087 5441 2284 5497 sedem
2317 5439 2538 5512 gloriae,
2569 5453 2748 5510 quam
2783 5433 3070 5491 Dominus
3099 5429 3183 5486 eis
3212 5427 3438 5483 tribuit.

2087 5532 2154 5585 13
2234 5529 2462 5585 Domini
2491 5528 2638 5582 enim
2665 5533 2796 5581 sunt
2820 5523 3071 5579 cardines
3103 5528 3270 5576 terra:
3299 5535 3317 5571 :

2228 5620 2293 5674 Et
2318 5620 2498 5690 posuit
2525 5633 2686 5688 super
2714 5631 2800 5670 eos
2829 5614 3034 5669 orbem.
3485 5688 3495 5690 4

2159 5708 2388 5764 Domini
2421 5713 2559 5762 sunt
2589 5706 2744 5761 enim
2779 5703 3048 5758 cardines
3072 5704 3258 5763 terrae,
3283 5695 3340 5750 id
3364 5697 3449 5748 est
3471 5688 3601 5742 ﬁnes
3621 5683 3706 5743 (Ιυί

2086 5803 2226 5854 sunt
2257 5796 2524 5869 θροειοιίι
2556 5793 2696 5866 quia
2726 5794 2786 5850 in
2837 5807 3072 5847 omnem
3103 5791 3320 5843 terram
3353 5776 3519 5838 exivit
3541 5769 3707 5826 sonus
