3878 6450
238 453 360 513 541

1387 443 2015 507 COMMENTARIUS
2059 442 2138 504 IN
2180 441 2535 507 CANTICA.

3533 449 3654 515 342

239 581 514 641 ambulat
546 598 560 638 :
594 598 761 655 aqum
805 584 864 639 et
909 596 1115 637 murus
1158 580 1309 636 fiunt
1354 577 1587 633 dextera
1616 575 1898 648 lmvaque.
1928 575 1985 643 Α
2009 576 2044 630 8
2153 576 2473 645 Egredietur
2496 575 2744 632 diabolus
2771 583 2896 633 ante
2921 576 3077 650 pedes
3104 578 3223 652 ejus
3254 596 3269 637 :

242 675 380 747 Ipse
410 677 608 728 autem
631 671 828 727 media
856 671 949 725 via
979 669 1194 726 incedit
1215 685 1317 741 per
1346 667 1905 738 siccum,usquequo

240 767 419 819 exeat
441 762 514 816 ad
548 759 899 825 libertatem,
931 764 988 815 et
1016 758 1300 830 hymnum
1332 754 1583 809 n'ctoria:
1614 758 1787 808 canat
1817 753 1904 806 di-

240 853 753 906 cens:Cantemus
777 844 1293 919 Domino,gloriose
1314 843 1468 900 enim
1491 842 1907 913 magniﬁcatus

238 943 363 1002 est,
396 954 616 1009 equum
644 942 701 992 et
733 952 1104 991 ascensorem
1153 933 1363 1003 dejecit
1412 932 1471 987 in
1508 947 1666 985 mare
1699 946 1712 985 :
1746 929 1907 1001 quod

240 1026 363 1084 erit
391 1031 520 1082 tum
552 1029 685 1098 post
714 1028 962 1080 mortem
992 1022 1188 1078 anima
1211 1020 1387 1077 caelos
1414 1018 1669 1092 gloriosa
1713 1018 1909 1089 ingre-

240 1115 433 1170 ditur.

323 1219 596 1276 ORATIO
663 1214 1438 1344 HABACUSMS’II‘IRSHETE
1501 1212 1643 1268 PRO
1708 1210 1910 1265 IGNO-

893 1393 1167 1432 CAPITULO
1206 1393 1287 1430 ΠΙ.

244 1473 272 1526 1
398 1468 647 1533 Domine,
678 1467 875 1523 audivi
902 1465 1241 1521 auditionem
1270 1471 1423 1519 tuam
1455 1482 1473 1517 :

398 1559 467 1613 Et
499 1558 685 1613 timui.

322 1643 798 1712 Domine,audivi
816 1661 829 1699 :
848 1640 1398 1714 Omnia(discipulis
1416 1640 1608 1713 inquit
1625 1638 1912 1709 Salvator)

242 1752 384 1809 qua:
411 1732 610 1790 audivi
640 1750 676 1789 a
708 1733 877 1795 Patre
906 1730 1247 1787 annuntiavi
1298 1730 1462 1785 vobis
1491 1730 1671 1800 (Joan.
1704 1728 1818 1800 xv),
1854 1727 1909 1782 id

243 1829 364 1887 est,
402 1823 690 1896 probrosa
719 1821 1082 1890 adversaque
1114 1833 1287 1874 carne
1312 1821 1615 1889 assumpta
1654 1832 1757 1887 pro
1801 1814 1913 1870 hu-

244 1928 432 1969 mano
461 1925 673 1983 genere
705 1908 936 1980 patior:
965 1912 1022 1962 ct
1068 1906 1401 2000 post,-victa
1440 1909 1645 2000 morte,
1680 1904 1910 2000 intrabo
1947 1935 1992 2000 Β

245 2003 308 2057 ἱη
342 1998 599 2073 gloriam
632 1998 1027 2054 meam.llanc
1052 1994 1411 2051 auditionem
1444 1994 1725 2066 propheta
1753 1990 1913 2047 audi-

246 2089 333 2145 vit
360 2087 425 2143 in
458 2086 697 2159 spiritu,
729 2090 790 2141 et
818 2083 1035 2139 timuit.

246 2180 284 2233 2
399 2177 654 2241 Domine,
688 2190 824 2246 opus
852 2180 1007 2229 tuum
1040 2188 1053 2228 :

397 2265 463 2320 In
500 2264 678 2319 medio
708 2277 982 2317 annorum
1010 2261 1226 2331 vivi/ica
1254 2259 1415 2316 illud.

320 2351 598 2420 Domine,
631 2367 783 2423 opus
815 2349 1119 2405 tuum.Ait
1147 2366 1313 2419 ergo;
1336 2348 1914 2422 deprecor,Domine,

246 2448 313 2498 ut
346 2441 512 2514 quod
545 2437 875 2512 promisisti
907 2436 1178 2509 explices,
1204 2436 1367 2492 finito
1394 2454 1625 2509 quoque
1656 2441 1915 2508 tempore

252 2531 479 2586 reddas
508 2527 810 2583 Christum
841 2530 1011 2581 tuum
1046 2543 1059 2581 :
1091 2530 1148 2580 et
1171 2542 1318 2598 opus
1348 2526 1501 2596 quod
1536 2524 1830 2597 pollicitus
1852 2543 1914 2581 es

251 2619 511 2683 viviﬁca,
546 2615 655 2671 hoc
683 2620 793 2680 est,
826 2618 995 2669 tuum
1025 2612 1205 2685 imple
1232 2613 1609 2685 promissum.

250 2709 286 2763 3
397 2707 465 2762 In
498 2703 677 2760 medio
705 2719 980 2759 annorum
1010 2707 1197 2757 notum
1224 2703 1392 2773 facies
1418 2719 1431 2756 :

398 2793 544 2848 Cum
575 2794 749 2847 iratus
776 2793 973 2862 fueris.
998 2791 1392 2847 misericordia:
1419 2792 1803 2847 recordaberis.

324 2884 388 2938 In
423 2880 627 2937 medio
656 2896 971 2935 annorum.
1021 2879 1168 2934 Cum
1215 2880 1456 2943 venerit,
1490 2880 1702 2952 inquit,
1736 2880 1915 2952 pleni-

251 2972 394 3027 tudo
420 2969 736 3042 temporis,
768 2972 827 3023 et
853 2984 1028 3039 opere
1056 2966 1346 3039 promissa
1392 2967 1725 3039 impleveris
1773 2969 1911 3039 (Gal.

251 3061 330 3127 Iv)
356 3076 372 3115 :
402 3056 778 3115 monstrabis
794 3073 927 3111 vera
947 3072 1075 3111 esse
1110 3072 1236 3126 quae
1253 3071 1316 3111 es
1346 3054 1665 3127 pollicitus;
1694 3059 1751 3111 et
1778 3072 1913 3112 cum

252 3145 644 3221 peccantibus
676 3143 848 3200 nobis
878 3144 1062 3199 iratus
1082 3142 1687 3214 fueris,poenitentiam
1718 3149 1914 3201 tamen

252 3235 593 3310 agentibus,
626 3231 1039 3288 misericordia:
1072 3234 1181 3285 tuae
1214 3231 1628 3288 recordaberis.

254 3325 285 3379 4
393 3330 543 3381 Deus
568 3321 638 3377 ab
666 3321 863 3377 Austro
892 3321 1068 3376 veniet
1098 3337 1115 3373 :

238 3432 245 3437 ·
399 3417 467 3469 Et
499 3417 724 3465 sanctus
750 3409 817 3464 de
844 3415 1023 3475 monte
1049 3408 1293 3463 Pharon.
1323 3410 1661 3480 Diapsalma.

328 3500 487 3557 Deus
517 3499 594 3555 ab
620 3500 835 3554 Austro
860 3514 873 3552 :
898 3496 1145 3564 Pharan,
1170 3495 1331 3553 locus
1361 3501 1450 3552 est
1476 3498 1702 3553 vicinus
1733 3498 1909 3555 Sina:

258 3589 316 3644 in
345 3604 464 3659 quo
492 3588 624 3661 ipse
654 3585 938 3641 Dominus
967 3583 1153 3657 legem
1201 3584 1380 3652 dedit,
1415 3585 1513 3658 qui
1562 3587 1634 3641 de
1678 3586 1915 3660 Virgine

259 3677 417 3732 nasci
450 3676 737 3750 dignatus
767 3679 859 3729 est
888 3674 947 3728 in
979 3673 1269 3729 Bethleem
1300 3691 1314 3729 :
1343 3679 1400 3730 et
1429 3674 1562 3730 inde
1592 3675 1662 3730 ab
1701 3678 1913 3733 Austro

256 3762 998 3834 veniens,Hierosolymam
1019 3779 1053 3817 a
1071 3762 1413 3833 parentibus
1430 3763 1643 3819 ductus
1658 3769 1747 3820 est
1762 3766 1911 3835 (Luc.

258 3857 343 3921 ιι),
377 3857 443 3908 ut
466 3868 576 3925 pro
602 3867 669 3907 eo
694 3850 889 3906 hostia
917 3850 1237 3905 secundum
1264 3849 1449 3921 legem
1478 3851 1734 3908 daretur.

257 3943 293 3996 5
400 3940 635 4012 Operuit
660 3940 820 3995 avios
850 3939 1032 4007 gloria
1058 3938 1175 4009 ejus
1203 3956 1224 3993 :

398 4029 465 4085 Et
496 4027 686 4085 laudis
714 4028 833 4099 ejus
854 4027 1019 4098 plena
1048 4035 1127 4081 est
1157 4031 1323 4083 terra.

328 4117 575 4189 Operuit
604 4115 782 4171 oculos
812 4114 870 4169 in
903 4114 1158 4170 adventu
1202 4116 1355 4170 enim
1404 4114 1720 4172 Salvatoris
1772 4133 1914 4173 cun-

263 4209 353 4259 cta
382 4204 611 4277 repleta
640 4206 782 4259 sunt
808 4201 1016 4275 gloria,
1050 4206 1112 4257 ut
1142 4203 1200 4258 in
1248 4202 1555 4275 Evangelia
1581 4220 1593 4259 :
1631 4203 1825 4259 Gloria
1856 4206 1914 4260 in

265 4292 507 4350 excelsis
548 4293 670 4349 Deo
703 4293 855 4363 (Luc.
889 4292 975 4361 ιι).
1017 4291 1083 4346 Et
1130 4290 1269 4346 alibi
1302 4307 1316 4345 :
1351 4291 1593 4346 Domine
1632 4291 1916 4349 Dominus

268 4385 481 4447 noster,
513 4398 701 4454 quam
733 4379 1079 4436 admirabile
1107 4383 1199 4436 est
1226 4396 1440 4435 nomen
1466 4382 1634 4435 tuum
1686 4381 1745 4437 in
1790 4382 1917 4437 uni-

266 4482 430 4525 versa
456 4474 619 4526 terra
649 4469 824 4538 (Psal.
855 4469 1001 4539 vm).
1035 4468 1101 4523 Et
1132 4483 1367 4523 rursum
1402 4485 1415 4522 :
1450 4471 1515 4522 In
1544 4483 1779 4525 omnem
1806 4474 1917 4526 ter-

268 4571 388 4612 ram
420 4557 601 4614 exivit
624 4574 810 4614 sonus
835 4572 1038 4613 eorum
1070 4557 1238 4628 (Psal.
1270 4556 1453 4626 xvm).

265 4643 301 4695 6
403 4645 673 4717 Splendor
702 4646 825 4717 ejus
853 4653 916 4700 ut
945 4645 1046 4700 tua:
1071 4646 1177 4701 erit
1205 4662 1226 4699 :

405 4735 628 4792 Cornua
658 4737 719 4792 in
748 4735 1007 4789 manibus
1034 4734 1169 4806 ejus.

333 4821 621 4892 Splendor
651 4824 783 4895 ejus
812 4838 828 4877 :
863 4822 1032 4893 quasi
1076 4821 1184 4889 sol,
1234 4820 1320 4877 sic
1365 4821 1451 4877 sol
1487 4821 1731 4892 justitim
1762 4820 1920 4877 clara

268 4903 391 4963 luce
416 4910 692 4968 radiabit.
718 4911 970 4975 Cornua,
993 4910 1033 4964 il
1062 4913 1153 4966 est
1181 4908 1387 4966 vexilla
1415 4926 1482 4966 ac
1511 4909 1768 4981 trophaeo
1785 4926 1917 4965 cru-

269 4994 370 5063 cis,
402 4997 459 5051 in
490 5000 771 5055 manibus
800 4999 951 5069 ejus.

267 5081 301 5132 7
404 5084 490 5140 lbi
516 5087 840 5143 abscondita
867 5090 950 5142 est
975 5085 1237 5157 fortitudo
1264 5087 1382 5158 ejus
1409 5104 1431 5142 :

406 5172 542 5229 Ante
568 5178 778 5247 faciem
803 5176 922 5246 ejus
951 5175 1054 5230 ibit
1079 5190 1243 5230 mors.

335 5256 448 5329 Ipsi
482 5261 835 5318 abscondita
853 5264 942 5316 est
962 5261 1258 5317 fortitudo.
1286 5262 1346 5317 In
1378 5275 1549 5317 cruce
1575 5262 1921 5320 abscondita

271 5347 354 5396 est
398 5346 681 5406 fortitudo
732 5351 894 5421 ejus;
930 5349 1206 5420 quoniam
1255 5350 1531 5405 dicebat:
1564 5350 1774 5408 Tristis
1832 5354 1924 5406 est

274 5430 465 5489 anima
505 5453 638 5493 mea
666 5454 859 5508 usque
911 5437 979 5490 ad
1028 5443 1271 5491 mortem
1299 5440 1494 5507 (Mare.
1528 5440 1667 5507 xiv).
1705 5441 1772 5496 Et
1806 5456 1818 5495 :
1854 5439 1920 5493 In

273 5529 475 5577 manus
507 5528 643 5580 tuas
672 5524 1023 5582 commendo
1050 5523 1318 5596 spiritum
1348 5540 1541 5579 meum
1568 5527 1707 5582 Luc.
1731 5525 1919 5595 xxiii).

274 5601 354 5656 lbi
377 5609 532 5665 enim
563 5611 740 5668 latuit
770 5611 959 5666 virtus
986 5611 1319 5679 divinitatis,
1346 5617 1402 5667 et
1428 5616 1716 5682 apparuit
1756 5615 1924 5672 infir-

276 5689 442 5749 mitas
472 5696 889 5757 humanitatis.

1946 4647 1996 4713 D

2156 664 2317 719 Stetit
2342 672 2394 719 et
2412 681 2631 720 mensus
2660 674 2738 721 est
2766 674 2990 723 terram.

2084 752 2425 824 Egredietur
2456 768 2468 808 :
2503 759 2747 811 exeunte
2777 756 2932 812 enim
2963 758 3208 815 Domino
3238 760 3309 815 de
3348 763 3517 833 aquis
3546 762 3653 820 ba-

2016 841 2290 907 tismatis,
2324 842 2576 897 occurrit
2623 860 2801 909 mors,
2831 845 2888 900 id
2941 850 3031 903 est
3075 847 3385 904 diabolus:
3418 854 3475 905 et
3520 857 3653 907 ante

2018 930 2192 999 pedes
2222 931 2350 1000 ejus
2378 932 2647 987 veniebat
2670 932 2907 990 coluber
2935 936 3518 1008 antiquus,quoniam
3536 943 3656 995 ten-

2015 1018 2161 1073 tavit
2188 1034 2323 1073 eum
2352 1018 2410 1074 in
2441 1020 2669 1077 deserto
2699 1024 2908 1093 (Matth.
2940 1025 3038 1096 ιν).

2014 1104 2051 1157 9
2157 1106 2379 1174 Aspexit
2408 1114 2459 1160 et
2483 1106 2727 1164 dissolvit
2753 1116 2935 1180 gentes
2969 1128 2982 1167 :

2159 1193 2224 1247 Et
2252 1197 2474 1251 contriti
2500 1205 2626 1253 sunt
2651 1207 2857 1254 montes
2885 1202 3096 1257 seaculi.

2089 1284 2329 1354 Aspexit
2355 1288 2411 1339 et
2438 1284 2724 1341 dissolvit.
2755 1288 2930 1344 Stans
2957 1289 3239 1358 Salvator,
3268 1296 3326 1347 et
3355 1293 3522 1350 oculo
3550 1310 3658 1351 suo

2021 1379 2221 1429 euecta
2242 1374 2695 1445 prospiciens,et
2723 1377 2938 1433 intuitu
2964 1394 3071 1435 suo
3115 1380 3451 1437 universum
3484 1398 3657 1438 mun-

2020 1464 2163 1518 dum
2213 1462 2483 1529 metiens,
2516 1464 2775 1534 gentium
2826 1465 3227 1523 infidelitatem
3265 1469 3593 1542 dissipavit,
3623 1488 3659 1527 a

2020 1550 2319 1622 glacieque
2349 1568 2459 1607 sua
2500 1550 2734 1607 resolvit
2778 1570 2980 1610 eorum
3028 1556 3203 1611 corda
3235 1573 3249 1611 :
3283 1562 3341 1613 et
3365 1558 3658 1616 daemones

2021 1643 2076 1695 et
2105 1640 2387 1711 superbos
2418 1639 2539 1711 (qui
2571 1645 2799 1697 montes
2826 1641 3102 1698 dicuntur
3128 1644 3347 1716 seaculi)
3368 1646 3655 1703 contrivit.

2024 1729 2093 1783 10
2165 1728 2440 1783 Incurvati
2467 1736 2595 1784 sunt
2615 1730 2776 1785 colles
2804 1732 3001 1786 mundi
3031 1748 3044 1787 :

2162 1818 2240 1873 Ab
2269 1818 2562 1873 itineribus
2582 1821 2914 1875 mtemitatis
2942 1820 3080 1890 ejus.

2095 1905 2382 1961 Incurvati
2410 1910 2551 1962 sunt
2579 1905 2775 1974 colles,
2811 1907 2869 1962 id
2909 1912 3016 1976 est,
3050 1909 3286 1982 superbi
3337 1927 3439 1982 per
3478 1910 3659 1983 paeni-

2023 1994 2266 2049 tentiam
2289 1994 2582 2057 humiliati
2612 2000 2753 2051 sunt
2782 2011 2796 2049 :
2830 1995 2930 2067 qui
2959 2001 3094 2053 ante
3124 1998 3439 2054 adventum
3465 1999 3661 2055 Salva-

2022 2082 2165 2138 toris
2196 2083 2433 2154 superbi
2464 2088 2649 2150 erant,
2682 2090 2741 2139 et
2771 2100 2806 2139 a
2852 2084 3014 2141 nullo
3064 2086 3215 2143 ﬂecti
3259 2091 3545 2159 poterant.
3575 2090 3661 2144 Ab

2023 2170 2332 2227 itineribus
2354 2170 2692 2227 aeternitatis
2710 2173 2838 2243 ejus
2855 2188 2867 2227 :
2884 2188 2986 2244 per
3005 2190 3241 2230 carnem
3262 2175 3417 2231 enim
3440 2192 3667 2233 assum-

2023 2263 2181 2331 ptam
2206 2264 2263 2314 et
2280 2259 2743 2331 praedicationem
2763 2277 2932 2316 suam
2964 2266 3022 2316 et
3039 2262 3485 2333 discipulorum,
3504 2268 3563 2321 et
3582 2263 3665 2321 in-

2023 2348 2292 2404 teriorem
2319 2347 2756 2419 inspirationem
2781 2349 3017 2420 (quibus
3037 2350 3146 2406 viis
3168 2350 3439 2409 divinitas
3460 2352 3532 2408 ad
3557 2369 3662 2409 nos

2021 2436 2214 2492 venire
2229 2436 2469 2507 dignata
2479 2438 2588 2507 est)
2602 2436 2890 2493 humiliati
2909 2441 3388 2496 suntetconversi
3400 2441 3660 2514 superbi.

2025 2527 2087 2581 11
2164 2531 2273 2581 Pro
2302 2526 2596 2596 iniquitate
2620 2525 2732 2579 vidi
2761 2529 2994 2581 tentoria
3026 2530 3321 2601 Ethiopia:
3353 2546 3367 2585 :

2165 2615 2547 2669 Turbabuntur
2568 2615 2736 2686 pelles
2764 2623 2927 2673 terra:
2955 2615 3191 2673 Hadian.

2093 2703 2203 2757 Pro
2239 2701 2572 2774 iniquitate,
2608 2702 2663 2758 id
2713 2708 2803 2759 est
2851 2711 3085 2777 propter
3132 2705 3521 2777 iniquitatem.
3554 2707 3663 2772 Qui

2022 2790 2308 2862 templum
2336 2790 2436 2846 Dei
2466 2807 2593 2846 esse
2625 2791 2947 2848 debuerant
2974 2810 2987 2849 :
3022 2798 3258 2866 propter
3294 2793 3662 2867 iniquitatem

2023 2878 2297 2943 avaritiaa,
2330 2878 2570 2934 luxuriae
2601 2884 2658 2935 et
2686 2880 2877 2936 omnis
2908 2881 3163 2948 malitiae,
3198 2875 3349 2939 fiunt
3395 2883 3688 2941 taberna-‘

2022 2966 2224 3021 culum
2267 2967 2624 3037 Ethiopum,
2657 2969 2715 3023 id
2745 2973 2836 3024 est
2881 2969 3230 3027 dzsmonum.
3264 2971 3665 3029 Tabernacula

2023 3059 2215 3111 autem
2245 3058 2408 3109 terra:
2442 3056 2670 3110 Madian
2704 3061 2877 3127 atque
2908 3058 3241 3130 Ethiopum
3290 3061 3525 3118 eosdem
3568 3060 3663 3118 in-

2022 3142 2217 3215 telligo
2242 3160 2254 3198 :
2279 3142 2339 3198 bi
2361 3142 2419 3197 in
2443 3144 2757 3199 novissimo
2773 3146 2986 3201 conscii
3010 3152 3376 3218 peccatorum
3396 3165 3660 3222 suorum,
3676 3166 3695 3182 ο

2023 3233 2321 3304 pavebant
2330 3231 2556 3302 judicio
2586 3237 2645 3288 et
2670 3233 3084 3289 turbabuntur.

2025 3322 2093 3375 12
2165 3320 2423 3392 Nunquid
2453 3322 2513 3375 in
2540 3322 2860 3391 ﬂuminibus
2889 3325 3063 3380 iratus
3091 3340 3165 3393 es,
3186 3325 3413 3383 Domine
3444 3342 3458 3382 :
3485 3335 3583 3385 aut
3602 3330 3659 3384 in

2235 3410 2560 3479 ﬂuminibus
2586 3412 2747 3481 furor
2775 3417 2898 3467 tuus
2928 3428 2943 3466 :

2173 3500 2260 3554 Vel
2289 3500 2351 3554 in
2376 3501 2522 3554 mari
2549 3499 2859 3568 indignatio
2882 3508 2996 3555 tua.

2094 3587 2367 3660 Nunquid
2395 3588 2453 3643 in
2484 3588 2823 3643 ﬂuminibus
2843 3605 2856 3643 :
2878 3588 3186 3644 ﬂuminum
3218 3595 3276 3646 et
3303 3590 3484 3649 maris
3503 3609 3666 3649 voca-

2023 3675 2163 3731 bulo
2194 3677 2368 3731 corda
2388 3676 3306 3750 exprimunturinﬂdelium,qua
3335 3683 3454 3736 toto
3484 3682 3668 3736 inten-

2025 3763 2203 3820 tionis
2236 3764 2456 3835 impetu
2489 3764 2560 3819 ad
2593 3763 2868 3821 inferiora
2914 3765 3244 3838 rapiuntur.
3276 3768 3426 3824 Sunt
3470 3774 3664 3825 autem

2024 3850 2272 3907 ﬂumina
2294 3852 2612 3918 bona,eunt
2639 3857 2696 3907 et
2727 3852 2880 3908 mala
2903 3871 2916 3908 :
2943 3855 3097 3910 unde
3119 3854 3309 3911 littera
3337 3856 3451 3912 ista
3479 3860 3671 3929 potest

2024 3943 2081 3994 et
2109 3939 2222 3995 ista
2250 3940 2624 4011 interrogatio
2649 3939 2997 3996 affirmative
3026 3946 3085 3997 et
3113 3943 3378 4014 negative
3398 3942 3665 4016 intelligi.

2022 4028 2146 4083 Non
2176 4028 2333 4084 enim
2364 4029 2532 4084 bonis
2564 4028 2905 4083 ﬂuminibus
2926 4028 3199 4085 irascitur
3214 4029 3667 4096 Deus,irascitur

2025 4120 2220 4171 autem
2256 4116 2425 4172 malis
2458 4119 2553 4171 :et
2583 4133 2743 4172 mare
2790 4115 3062 4171 similiter
3112 4115 3170 4172 in
3221 4118 3374 4174 bono
3422 4123 3482 4174 et
3510 4118 3665 4176 malo

2024 4203 2207 4275 accipi
2239 4207 2445 4276 potest.
2480 4203 2785 4260 Mundana
2803 4203 2889 4259 vel
2922 4203 3191 4260 haeretica
3235 4204 3568 4278 eloquentia
3610 4211 3668 4262 et

2024 4291 2218 4359 verba,
2250 4290 2472 4347 malum
2498 4290 2717 4348 ﬂumen
2747 4308 2759 4347 :
2794 4291 2895 4346 Dei
2926 4292 3100 4348 verba
3147 4296 3206 4348 et
3252 4292 3580 4365 pmdicatio
3608 4298 3667 4351 et

2025 4384 2410 4444 sacramenta,
2442 4379 2663 4434 bonum
2724 4380 2964 4448 ﬂumen,
3011 4379 3072 4436 in
3129 4380 3345 4453 quibus
3399 4386 3668 4453 peccator

2024 4466 2300 4524 abluitur.

2028 4556 2094 4611 l3
2162 4558 2275 4628 Qui
2300 4556 2551 4612 ascendes
2577 4572 2740 4628 super
2765 4572 2925 4629 equos
2955 4565 3070 4613 tuos
3102 4574 3124 4613 :

2165 4648 2230 4701 Et
2259 4645 2546 4717 quadriga:
2573 4648 2687 4701 tua?
2710 4645 2962 4713 saluatio.

2092 4734 2199 4798 Qui
2221 4733 2498 4789 ascendes
2528 4749 2705 4805 super
2732 4749 2915 4805 equos
2938 4749 2951 4787 :
2974 4750 3088 4789 non
3111 4733 3168 4789 in
3202 4732 3436 4790 illorum
3465 4735 3662 4802 corda,

2026 4823 2242 4894 quibus
2272 4822 2457 4878 iratus
2486 4822 2703 4877 dicitur
2722 4822 3029 4895 superius:
3053 4823 3155 4877 sed
3178 4822 3238 4878 in
3267 4821 3444 4879 corda
3461 4821 3668 4879 electo-

2025 4926 2157 4965 rum
2187 4914 2422 4967 tuorum
2452 4911 2752 4977 ascendes,
2783 4927 2887 4983 per
2924 4910 3419 4967 illumtnationem
3465 4912 3666 4984 gratiis

2026 5002 2138 5052 tua
2161 4999 2246 5069 (ut
2265 4999 2688 5070 apostolorum)
2710 4999 2768 5054 in
2793 4998 2885 5054 bis
2904 4999 3175 5055 curribus
3189 4999 3460 5072 squitans
3475 5003 3665 5057 totum

2026 5085 2343 5142 illustravit
2371 5087 2659 5143 mundum
2689 5092 2747 5143 et
2777 5086 3037 5144 salvavit.
3064 5087 3167 5144 Vel
3199 5092 3455 5159 quatuor
3480 5089 3666 5144 Evan-

2029 5173 2179 5247 gelia
2208 5175 2494 5246 quadriga
2520 5180 2658 5231 sunt
2682 5174 2911 5231 salutis.

2024 5262 2093 5316 M
2168 5262 2446 5318 Suscitans
2473 5265 2759 5319 suscitabis
2785 5280 2975 5318 arcum
3005 5271 3160 5319 tuum
3192 5280 3205 5319 :

2167 5351 2487 5407 Juramenta
2514 5352 2764 5407 tribubus
2790 5368 2917 5423 qua:
2945 5353 3154 5407 locutus
3173 5368 3245 5409 es.
3262 5353 3593 5423 Diapsalma.

2100 5438 2405 5494 Suscitans
2434 5438 2991 5495 suscitabis.Arcum
3013 5441 3155 5495 dicit
3174 5440 3553 5511 improvisum
3572 5438 3670 5491 ad-

2030 5524 2363 5590 ventum,in
2394 5543 2508 5597 quo
2541 5543 2718 5598 regna
2746 5527 2947 5581 mundi
2979 5527 3363 5581 examinanda
3386 5524 3662 5595 prmvidit.

2034 5610 2134 5666 Vel
2167 5628 2392 5683 arcum,
2425 5630 2652 5669 sacram
2677 5613 3033 5685 Scripturam
3060 5613 3202 5668 dicit
3234 5629 3248 5666 :
3280 5627 3456 5681 quam
3487 5609 3668 5662 susci-

2037 5698 2199 5766 tavit,
2231 5699 2382 5757 dum
2413 5716 2513 5774 per
2535 5717 2663 5756 eam
2698 5700 2756 5755 in
2788 5699 3036 5772 peccatis
3065 5704 3327 5754 mortuos
3373 5694 3662 5750 excitavit.
