3878 6416
301 426 456 493 *843

1248 427 1313 492 S.
1357 427 1758 493 BBUNONIS
1803 427 2428 495 HERBIPOLENSIS
2470 429 2850 495 EPISCOPI.

3643 433 3742 496 5M

334 569 394 623 et
424 563 693 640 implevit
722 580 836 638 pro
871 561 1148 638 promisit
1173 561 1449 620 tribubus
1470 566 1704 636 patrum
1725 563 1994 636 antiquo-
2016 563 2075 634 Α
2105 569 2302 622 autem
2347 564 2732 640 intelligimus
2777 563 3030 641 impium
3075 564 3644 645 Nabuchodonosor,
3671 566 3742 625 vel

332 671 487 712 rum.

295 779 310 790 ο
331 748 404 805 15
473 747 697 806 Fluvios
725 743 937 802 scindes
967 748 1130 818 terra!
1159 763 1178 799 :
1209 743 1468 800 viderunt
1509 747 1562 798 te
1607 757 1770 815 aqua?
1809 751 1864 798 et
1891 742 1984 798 do-

535 837 775 893 luerunt
800 843 1007 891 montes
1038 852 1058 890 :

477 926 678 998 Gurges
703 941 976 1000 aquarum
1007 924 1228 980 transit.

403 1015 636 1074 Fluvios
667 1013 985 1079 scindes,id
1015 1017 1110 1068 est
1127 1029 1294 1083 reges
1317 1016 1481 1067 terrai
1503 1011 1784 1066 adversus
1817 1015 1984 1066 tuum

329 1105 617 1182 populum
665 1103 1014 1160 dimicantes
1059 1102 1283 1157 divides
1333 1104 1508 1172 atque
1555 1099 1877 1172 dispergas.
1905 1099 1983 1155 Te

326 1196 601 1252 viderunt
629 1191 856 1250 excelsa
887 1209 1088 1264 regna,
1118 1195 1176 1246 et
1222 1189 1510 1246 sublimes
1562 1188 1742 1261 hujus
1786 1187 1982 1244 saeculi

273 1288 646 1360 «potestates
693 1285 1078 1339 tremuerunt.
1108 1284 1354 1351 Gurges,
1387 1278 1446 1334 id
1496 1284 1604 1346 est,
1656 1278 1981 1350 persecutio

287 1409 294 1418 ε
324 1391 532 1432 eorum
559 1373 660 1446 qui
690 1371 978 1428 vexabant
1005 1367 1288 1442 populum
1318 1373 1484 1424 tuum
1517 1367 1772 1424 transiit.

273 1495 282 1504 -
328 1465 397 1520 16
458 1462 626 1525 Dedit
643 1461 874 1533 abyssus
903 1475 1085 1514 vorem
1108 1474 1268 1514 suam
1299 1473 1314 1512 :

465 1551 707 1610 Altitudo
739 1567 934 1604 lllullllo
965 1565 1095 1603 suas
1123 1547 1343 1602 levavit.

393 1641 568 1698 Dedit
593 1641 848 1712 abyssus
879 1653 895 1692 :
927 1637 1036 1692 hoc
1065 1641 1154 1692 est
1184 1639 1498 1708 postquam
1537 1651 1752 1708 gurges
1797 1652 1979 1708 aqua-

322 1749 480 1797 rum,
512 1729 568 1784 id
599 1733 691 1784 est
721 1723 1194 1800 persecutionum
1225 1723 1482 1791 transiit,
1505 1723 1562 1778 id
1587 1728 1679 1779 est
1707 1723 1976 1790 cessavit,

323 1821 384 1878 id
413 1823 506 1878 est
533 1821 665 1892 post
692 1815 1044 1890 passionem.
1078 1819 1260 1881 tuam,
1287 1812 1537 1880 Christe,
1564 1813 1758 1880 inferi,
1792 1813 1850 1868 id
1889 1818 1980 1869 est

277 1907 514 1970 --sancti
545 1907 602 1963 in
633 1903 816 1962 limbo
841 1908 1075 1977 patrum
1105 1901 1490 1960 laudaverunt
1509 1906 1584 1957 te.
1609 1901 1680 1956 Et
1707 1900 1976 1968 altitudo,

2095 672 2302 714 omnes
2323 655 2816 728 adversarios,qui
2838 662 3127 713 venerunt
3157 661 3219 714 ut
3243 658 3428 714 turbo
3457 662 3528 716 ut
3553 657 3744 738 disper-

2095 750 2301 818 gercnt
2331 762 2443 814 me,
2477 745 2534 801 id
2562 749 2654 802 est
2694 749 2759 801 ut
2804 751 3130 804 everterent
3171 745 3358 803 Israel
3413 753 3474 806 et
3518 747 3746 819 captiva-

2095 838 2248 891 rent.

2095 923 2169 980 22
2219 924 2553 980 .Ersullatio
2583 939 2773 979 eorum
2804 941 2823 979 :

2239 1014 2392 1069 Sicut
2419 1014 2537 1086 ejus
2567 1015 2664 1086 qui
2689 1013 2910 1069 devorat
2927 1030 3224 1086 pauperem
3253 1016 3322 1070 in
3351 1013 3682 1071 abscondito.

2167 1101 2486 1157 Exsultatio
2511 1118 2714 1157 eorum
2749 1119 2762 1156 :
2799 1101 3190 1158 Exsultabunt
3219 1119 3552 1175 pauperem
3593 1103 3744 1158 devo-

2094 1196 2292 1248 rantes
2311 1195 2369 1246 et
2397 1191 2730 1262 subjectum
2761 1190 2874 1248 sibi
2908 1189 3213 1262 populum,
3243 1193 3304 1248 et
3339 1191 3456 1247 hoc
3487 1190 3651 1264 quasi
3694 1191 3746 1246 in

2092 1280 2436 1335 abscondito
2468 1279 2700 1347 facient,
2733 1279 2791 1335 id
2821 1283 2912 1335 est
2941 1279 3110 1350 quasi
3143 1285 3228 1345 tu,
3264 1284 3449 1347 Deus,
3484 1279 3743 1336 nescires.

2085 1366 2306 1424 Venisti
2342 1367 2519 1440 igitur
2547 1367 2618 1424 ad
2653 1366 2920 1440 praelium
2950 1385 3054 1440 pro
3085 1368 3306 1442 populo
3341 1374 3469 1436 tuo,
3503 1373 3562 1424 et
3607 1385 3746 1441 qua-

2090 1455 2289 1529 drigas
2321 1457 2560 1512 mittens
2608 1456 2667 1512 in
2698 1473 2885 1529 aquas
2915 1455 2999 1526 (id
3039 1461 3130 1514 est
3178 1458 3239 1514 in
3272 1462 3493 1532 gentes
3523 1456 3746 1528 multas)

2089 1544 2278 1602 fecisti
2301 1547 2387 1602 eis
2415 1544 2592 1612 viam,
2626 1549 2737 1601 etc.

2085 1635 2159 1691 23
2235 1636 2389 1691 Viam
2414 1637 2603 1709 fecisti
2629 1637 2690 1691 in
2717 1636 2870 1693 mari
2889 1636 3044 1707 cquis
3074 1637 3184 1694 tuis
3215 1654 3236 1692 :

2231 1723 2294 1780 In
2325 1725 2435 1780 luto
2463 1741 2738 1796 aquarum
2763 1725 3086 1782 multarum.

2159 1813 2327 1869 Viam
2385 1813 2596 1870 fecisti.
2647 1811 2794 1886 Equi
2845 1818 2988 1870 sunt
3038 1813 3224 1872 sancti
3285 1813 3741 1888 praedicatum:

2087 1903 2306 1976 quibus
2336 1902 2522 1959 fecisti
2553 1901 2705 1958 viam
2738 1902 2798 1958 in
2830 1901 3065 1976 populis
3097 1904 3439 1970 nationum,
3459 1891 3596 1962 etin
3614 1920 3744 1976 quo-

277 1995 386 2054 zlid
413 1999 507 2054 est
536 1993 732 2069 angeli
762 2003 816 2050 te
838 1993 1193 2050 resonabant
1220 2007 1352 2048 esse
1380 1990 1693 2047 victorem:
1719 1994 1777 2045 et
1809 1990 1980 2063 quasi
2011 1990 2057 2004 "
2089 2009 2221 2048 rum
2251 1990 2662 2064 praedicatione
2693 1991 2938 2050 turbata
2968 1996 3111 2049 sunt
3138 2009 3305 2066 aqua:
3333 2009 3347 2057 ;
3375 1992 3490 2052 hoc
3519 1995 3606 2052 est
3617 2007 3741 2064 gen-

262 2119 276 2132 ι
317 2085 538 2161 plausu
569 2099 852 2145 manuum
875 2081 1229 2138 elevatarnm
1259 2084 1315 2137 te
1345 2077 1977 2153 victorem,triumpba-
2087 2081 2239 2137 tium
2265 2080 2459 2137 corda.
2490 2080 2648 2136 Mare
2678 2081 2836 2136 enim
2869 2079 3256 2153 spiritualiter
3305 2082 3576 2140 mundus
3619 2084 3701 2141 est
3728 2097 3739 2135 :

265 2204 280 2222 ι
311 2177 630 2246 toremque
653 2173 1082 2230 monstrarunt.
2087 2169 2300 2238 lutum,
2335 2173 2572 2244 peccata
2598 2173 2655 2226 et
2683 2186 2833 2226 curm
2865 2185 3024 2230 vana:
3058 2185 3073 2228 :
3106 2186 3272 2244 aquas
3309 2171 3538 2239 multa,
3557 2166 3738 2244 populi

263 2265 390 2322 “.17
421 2263 556 2320 ..θοι
581 2269 636 2320 et
662 2262 798 2324 luna
816 2263 1088 2317 steterunt
1118 2260 1179 2314 in
1207 2259 1522 2315 habitacula
1547 2274 1648 2315 suo
1681 2273 1696 2313 :
2092 2258 2284 2316 multi.
3511 2273 3523 2288 '

417 2380 424 2390 -
460 2353 530 2410 In
557 2352 1041 2421 lucesagittarum
1077 2356 1307 2418 tuarum
1352 2349 1509 2404 ibunt
1539 2364 1554 2404 :
1589 2349 1648 2404 in
1691 2347 1981 2420 splendore
2083 2349 2156 2406 24
2227 2349 2428 2406 Audivi
2455 2351 2508 2405 et
2537 2349 2890 2409 conturbatus
2917 2356 2999 2408 est
3024 2353 3212 2406 venter
3239 2366 3402 2408 meus
3440 2366 3454 2406 :

531 2442 872 2514 [αἰανωὼ
903 2439 1078 2496 hastae
1101 2446 1232 2495 tua.
2231 2439 2270 2494 Α
2302 2454 2425 2495 voce
2453 2445 2898 2495 contremuerunt
2922 2438 3072 2495 labia
3102 2455 3243 2495 mea.

390 2531 486 2589 Sol
516 2535 576 2590 et
603 2530 776 2588 luna:
797 2531 930 2602 post
960 2528 1294 2601 passionem
1325 2543 1496 2583 suam
1528 2530 1586 2582 et
1605 2526 1978 2582 resurrectio-
2155 2527 2363 2584 Audivi
2411 2531 2468 2584 et
2515 2527 2898 2586 conturbatus
2927 2535 3018 2585 est
3039 2531 3240 2586 venter
3265 2522 3571 2586 meuszAd
3601 2541 3739 2590 com-

317 2639 454 2680 nem
484 2619 748 2678 elevatus
772 2622 864 2675 est
892 2616 1200 2682 Dominus,
1222 2614 1310 2672 sol
1342 2615 1608 2672 videlicet
1640 2615 1885 2686 justitizn
1919 2615 1974 2670 in
2087 2617 2492 2682 minutionem,
2526 2616 2723 2689 inquit
2752 2616 3055 2689 propheta,
3089 2621 3277 2688 tuam,
3302 2623 3434 2674 toto
3465 2612 3728 2681 ventre.“

263 2745 289 2758 --
314 2708 554 2776 calum,
585 2706 889 2775 et,emisso
909 2703 1130 2777 Spiritu
1157 2702 1474 2762 illustravit
1503 2702 1975 2776 Ecclesiam,quas
2084 2712 2177 2763 est
2206 2707 2404 2762 animo
2433 2705 2822 2763 contremisco
2857 2723 2870 2762 :
2904 2704 3198 2764 labiorum
3225 2707 3390 2764 enim
3423 2711 3639 2764 tremor
3655 2701 3736 2756 de-

265 2815 292 2846 a
315 2796 539 2853 dicitur
559 2794 712 2851 luna
741 2811 756 2849 :
781 2797 1088 2866 quamne
1128 2790 1212 2848 ita
1257 2791 1440 2858 stetit,
1473 2791 1678 2849 robore
1721 2792 1978 2865 Spiritus
2085 2797 2281 2870 signat
2308 2813 2580 2869 pavorem
2603 2795 2841 2868 trepida:
2866 2795 3100 2852 mentis.
3123 2795 3324 2853 Audivi
3361 2796 3546 2870 igitur
3565 2791 3728 2848 vindi-

267 2886 850 2958 suceptmntnec.
878 2885 1128 2936 mortem
1175 2878 1428 2936 timeret.
1459 2880 1694 2952 Sagitta;
1750 2886 1886 2949 ture,
1918 2882 1974 2937 id
2085 2890 2240 2944 ctam
2270 2890 2434 2941 tuam
2467 2884 2524 2940 in
2555 2887 2885 2956 peccatores
2916 2885 3117 2956 (quam
3148 2884 3342 2941 fecisti
3375 2884 3560 2951 bic,et
3574 2895 3730 2954 quam

255 2971 627 3046 ...sstzplaga
657 2975 772 3027 tua
801 2973 860 3026 et
886 2967 1158 3033 eruditio,
1187 2967 1401 3042 pepulo
1435 2972 1534 3028 tuo
1582 2968 1782 3027 lumen
1832 2988 1975 3043 prm-
2084 2973 2343 3048 amplius
2374 2973 2554 3032 facies
2585 2973 2647 3030 in
2677 2976 2935 3032 extremo
2956 2973 3204 3047 judicio)
3230 2979 3287 3032 et
3317 2970 3728 3032 contremisco:

253 3087 304 3114 οι.
320 3061 599 3119 buerunt.
633 3059 698 3116 In
735 3056 864 3116 sole
909 3056 1068 3114 enim
1115 3057 1406 3128 Christus,
1435 3057 1496 3114 in
1539 3057 1682 3115 luna
1718 3057 1978 3117 Ecclesia
2086 3080 2160 3120 ne
2188 3067 2246 3120 et
2275 3079 2381 3136 ego
2413 3063 2698 3134 reprobus
2725 3061 3010 3120 inveniar.

205 3163 224 3180 '
267 3149 687 3226 mdesignatur.
2026 3187 2032 3208 .
2082 3153 2156 3209 25
2225 3150 2578 3222 lngrediatur
2600 3151 2830 3223 putredo
2860 3152 2922 3208 in
2943 3151 3155 3212 ossibus
3181 3152 3320 3209 meis
3355 3169 3372 3208 :

327 3241 396 3296 18
467 3241 532 3297 In
559 3240 785 3312 fremitu
804 3237 1144 3295 conculcabis
1167 3245 1374 3294 terram
1403 3255 1423 3292 :
2016 3309 2044 3312 ι
2229 3241 2295 3298 Et
2317 3241 2503 3298 subter
2528 3256 2616 3298 me
2638 3245 2866 3298 scateat.

442 3309 746 3400 .lufurore
773 3329 1164 3399 obstupefacta:
1191 3335 1392 3399 gentes.
2003 3309 2048 3378 (ἶ
2159 3329 2529 3404 lngrediatur
2557 3329 2826 3402 putredo,
2850 3329 2908 3386 id
2939 3333 3050 3398 est,
3076 3347 3191 3387 non
3225 3329 3424 3390 solum
3457 3329 3610 3394 hunc
3631 3329 3728 3380 tre—

397 3417 462 3474 ln
491 3417 728 3474 fremitu
759 3415 1133 3473 conculcabis
1164 3432 1183 3470 ε
1213 3415 1747 3489 quandoiniuriam
1773 3415 1972 3490 populi
2084 3437 2309 3477 morem
2339 3419 2588 3477 libenter
2607 3419 3024 3492 patior,verum
3047 3419 3226 3477 etiam
3247 3421 3408 3494 quod
3425 3432 3636 3493 passus
3651 3413 3730 3468 est

324 3505 411 3563 tui
439 3505 783 3572 vindicabis,
815 3509 1048 3561 terrena
1065 3520 1248 3577 regna
1271 3502 1742 3573 conculcabis,et
1769 3522 1976 3563 omnes
2081 3509 2193 3567 Job
2224 3510 2349 3578 (Job
2379 3509 2421 3580 ι)
2465 3508 2713 3566 libenter
2757 3508 3062 3569 sustinebo
3091 3509 3174 3581 (id
3230 3513 3321 3567 est
3349 3505 3728 3585 'putredinem

263 3630 290 3644 ..
329 3591 840 3669 gentas.udmirari
861 3593 1060 3650 facies.
2081 3615 2146 3658 co

2146 3599 2384 3675 .rporis:
2421 3599 2504 3656 ita
2532 3601 2597 3656 ut
2625 3597 2955 3656 innumeris
2983 3603 3208 3658 scatent
3249 3598 3558 3680 vermibus
3604 3607 3724 3652 caro

259 3705 288 3736 ιι
322 3683 412 3742 49ι
449 3687 730 3756 loreum
758 3698 816 3739 es
838 3683 904 3740 in
927 3682 1162 3738 salutem
1184 3682 1378 3754 populi
1403 3685 1490 3740 tui
1519 3699 1533 3738 :
2018 3737 2028 3746 ,
2085 3692 2236 3758 mea)
2258 3692 2317 3746 et
2345 3703 2552 3747 omnes
2575 3687 2881 3762 angustias
2911 3691 2971 3747 et
2993 3687 3411 3753 tribulatioan
3430 3687 3528 3750 hic
3553 3685 3610 3748 in
3631 3681 3730 3740 hac

417 3808 428 3826 .
468 3774 535 3829 In
555 3771 796 3828 salutem
821 3787 946 3843 cum
975 3771 1189 3828 Christo
1217 3778 1309 3827 tuo
1365 3815 1377 3824 .
2003 3829 2012 3837 .
2081 3779 2221 3836 vita.
3371 3789 3376 3792 ’

333 3883 337 3890 ·
386 3861 684 3936 Egressus
713 3877 777 3918 es
808 3877 824 3918 :
855 3859 966 3917 hoc
989 3859 1152 3917 Patri
1179 3858 1400 3917 dictum
1441 3859 1807 3936 intelligitur,
1839 3863 1979 3938 quia
2081 3868 2186 3928 26.
2232 3868 2294 3927 Ut
2319 3866 2657 3940 requiescam
2687 3867 2748 3922 in
2773 3865 2864 3925 die
2892 3866 3268 3925 tribulationis
3298 3885 3316 3923 :

241 3989 268 4002 ..
321 3949 536 4008 exierit
567 3949 656 4008 ad
701 3948 1052 4008 salvandum
1099 3949 1386 4024 populum
1434 3967 1610 4008 suum
1643 3968 1746 4025 per
1771 3952 1976 4013 Jesum
2232 3957 2296 4014 Ut
2328 3955 2621 4012 ascendam
2647 3955 2720 4016 ad
2744 3956 3010 4032 populum
3037 3959 3344 4014 accinctum
3370 3963 3635 4016 nostrum.

241 4061 296 4094 μυ
311 4039 627 4104 .Cbristum
641 4039 1104 4097 Eiliumannme
1123 4039 1281 4098 Deus
1301 4040 1459 4098 enim
1481 4046 1607 4100 erat
1631 4041 1691 4099 in
1721 4042 1973 4115 Christo,
2158 4045 2230 4102 Ut
2251 4043 2703 4118 requiescam.id
2726 4049 2820 4102 est
2849 4049 2914 4103 ut
2943 4044 3038 4102 hic
3059 4063 3095 4102 a
3115 4046 3264 4106 meis
3286 4044 3623 4112 munder,et
3638 4033 3734 4094 eri-

269 4130 616 4188 ...mundum
643 4129 1032 4188 reconcilians
1060 4128 1174 4187 sibi
1203 4129 1274 4204 (Il
1302 4131 1422 4188 Cor.
1455 4131 1530 4205 v).
1562 4131 1664 4189 Vel
1704 4150 1977 4208 egressus
2085 4135 2213 4208 piar
2237 4132 2577 4208 peccatis,et
2606 4133 2664 4190 in
2687 4133 2783 4192 die
2803 4133 3343 4202 tribulationis,boc
3364 4139 3458 4194 est
3480 4140 3731 4191 consum-

259 4255 280 4270 α
324 4237 360 4278 ι
387 4236 686 4295 synagoga
709 4219 1056 4277 Judaonnm
1079 4219 1160 4277 ad
1187 4224 1421 4294 gentes.
2041 4277 2046 4284 .
2085 4223 2365 4284 mntionis
2394 4221 2591 4283 saeculi
2622 4227 2681 4280 et
2703 4222 2915 4296 judicii
2949 4223 3032 4296 (in
3068 4223 3183 4293 die,
3211 4213 3728 4302 scilicetirmcalaj

239 4328 284 4354 νς
313 4306 425 4365 σεο.
466 4307 796 4378 Percussisti
819 4319 985 4383 caput
1009 4308 1077 4367 de
1107 4308 1263 4369 domo
1291 4313 1456 4385 impii
1486 4327 1500 4368 :
2086 4312 2310 4374 mitatis
2341 4316 2399 4372 et
2425 4311 2699 4386 miserisa)
2730 4313 3311 4387 requiescam,atque
3331 4299 3644 4374 ascendam
3662 4299 3725 4358 ad

407 4415 438 4450 δ.
459 4398 762 4468 Dmdasti
787 4399 1216 4472 [nidamean
1244 4417 1412 4474 usque
1438 4401 1509 4459 ad
1536 4402 1759 4460 collum.

394 4487 740 4547 Hercussisti
759 4493 935 4564 caput
961 4507 974 4546 :
999 4489 1266 4548 veniente
1295 4494 1494 4547 autem
1516 4489 1659 4548 Filio
1690 4495 1812 4560 tuo,
1847 4509 1976 4566 per-
2027 4545 2036 4554 .

322 4577 559 4635 cussisti
588 4577 1020 4636 Antichniswm
1045 4579 1118 4652 de
1148 4579 1322 4638 domo
1351 4578 1542 4652 impii,
1563 4579 1621 4638 id
1653 4584 1744 4637 est
1771 4579 1832 4638 in
1861 4580 1975 4638 hoc

2084 4402 2447 4464 consortium
2477 4417 2682 4462 eorum
2711 4401 2812 4475 qui
2846 4401 2906 4460 in
2950 4401 3180 4462 Christo
3210 4399 3649 4482 praecesserunt,
3680 4392 3729 4446 et

2084 4491 2469 4552 accinxerunt
2498 4508 2560 4550 se
2588 4491 2662 4551 ad
2694 4492 3080 4566 pugnandum
3111 4497 3318 4552 contra
3338 4507 3538 4552 aereas
3556 4486 3730 4575 potet}:

2083 4585 2234 4638 tates
2263 4585 2322 4638 et
2349 4579 2552 4642 omnia
2575 4580 2719 4640 vitia
2753 4581 2936 4642 armis
2959 4580 3244 4642 virtutum
3276 4582 3538 4655 undique
3564 4570 3726 4632 cincti

321 4666 532 4726 seculo
549 4683 563 4723 :
579 4667 722 4742 quia
740 4667 800 4724 in
820 4667 1078 4742 maligno
1097 4668 1358 4727 mundus
1375 4667 1603 4740 positus
1615 4672 1704 4726 est
1719 4670 1878 4738 (Joan
1895 4671 1972 4743 v).
2005 4687 2054 4753 ι)
2085 4676 2142 4728 et
2157 4669 2410 4745 expediti
2433 4687 2448 4726 :
2473 4687 2609 4727 cum
2626 4668 2748 4731 illis
2762 4671 3080 4730 ascendam
3103 4671 3402 4748 iugandis.
3415 4671 3726 4753 beatorum,

251 4773 263 4797 σ
319 4755 760 4815 Etabscondita
787 4758 918 4831 eius
945 4762 1150 4830 aperta
1177 4757 1386 4824 fecisti,
1419 4773 1608 4829 usque
1652 4756 1714 4814 in
1757 4761 1975 4832 sempi~

247 4867 266 4896 α
287 4885 297 4894 ι
317 4847 990 4905 ωωαωλιωείιωοιιῑι
1003 4844 1167 4901 enim.
1185 4843 1308 4901 sive
1323 4844 1673 4903 abscondita
1690 4847 1820 4918 ejus
1840 4854 1982 4924 sunt

247 4936 724 5013 ...eagitntianes,
751 4951 880 5008 qua:
901 4932 1205 4990 nudantur
1234 4931 1323 4990 vel
1345 4933 1647 5006 injudicio
1678 4938 1978 5008 omnibus,

229 5027 407 5084 -...vel
427 5026 668 5099 .hioper
693 5019 1156 5087 confessionem,
1173 5039 1376 5096 usque
1405 5023 1478 5080 ad
1507 5023 1748 5092 collum,
1783 5026 1868 5086 id.
1893 5032 1982 5085 est

248 5113 622 5190 ..ηυερωωὶ
643 5110 820 5168 verba
871 5114 940 5167 et.
963 5126 1174 5184 .opera.
1207 5111 1312 5170 Vel
1347 5129 1480 5186 per.
1507 5119 1685 5188 caput
1710 5114 1980 5176 diabolus

319 5201 692 5276 intelligitur.

318 5293 386 5348 21
463 5285 808 5348 Maledixisti
823 5290 1049 5360 sceptris
1078 5290 1195 5361 ejus
1222 5307 1236 5347 :
1267 5293 1440 5364 capiti
1467 5291 1796 5350 bellatorum
1815 5295 1936 5367 ejus
1959 5313 1978 5349 :

413 5425 419 5432 .
451 5373 824 5448 venientibus
852 5380 914 5431 ut
939 5378 1104 5434 turbo
1124 5377 1194 5434 ad
1220 5378 1636 5452 dispergendum
1664 5398 1770 5439 me.

335 5489 362 5518 ις
395 5459 750 5522 Maledixisti
785 5478 797 5518 :
833 5463 1183 5523 nomentum
1228 5468 1496 5539 sceptris,
1533 5468 1590 5524 id
1639 5474 1748 5538 est,
1795 5487 1978 5544 regno

223 5572 277 5603 .:;
295 5591 300 5602 .
318 5551 547 5609 diaboli.
572 5547 950 5621 meledixisti,
977 5569 1186 5610 verum
1213 5553 1392 5610 etiam
1423 5555 1598 5628 capiti
1627 5558 1977 5618 bellatorum

241 5671 250 5688 ι
314 5641 1028 5712 .quod.percusseras,qui
1057 5647 1341 5700 venerunt
1361 5649 1427 5702 ut
1455 5645 1627 5704 turbo
1657 5664 1670 5706 :
1705 5652 1772 5704 ut
1799 5653 1978 5707 verte-

239 5733 458 5787 ,υκαι
491 5723 1031 5800 ,popnlum..tuum,
1057 5728 1326 5803 Domine.
1356 5734 1689 5792 Secundum
1719 5734 1976 5794 litteram

2085 4764 2143 4816 et
2169 4760 2228 4816 in
2260 4760 2370 4816 hac
2399 4759 2518 4816 vita
2546 4759 2619 4816 de
2646 4759 2859 4822 virtute
2890 4760 2950 4820 in
2993 4747 3267 4820 virtutem
3295 4762 3468 4831 (Psal.
3490 4747 3722 4816 un!!!)-

2090 4848 2264 4909 Ficus
2293 4847 2600 4922 enimnon
2631 4849 2890 4919 florebit,
2910 4866 3024 4925 ego,
3045 4855 3246 4918 autem
3277 4850 3535 4910 ﬂoream.

2059 4940 2159 4996 ~27
2231 4940 2394 5000 Ficus
2423 4939 2574 5000 enim
2596 4955 2710 4997 non
2735 4941 2956 5013 ﬂorebit
2976 4958 2997 4996 :

2231 5029 2298 5084 Et
2320 5043 2433 5085 non
2461 5029 2570 5085 erit
2595 5045 2818 5102 germen
2849 5032 2909 5086 in
2940 5031 3136 5087 vineis.

2159 5117 2332 5174 Ficus
2363 5116 2522 5182 enim
2549 5135 2668 5182 non
2697 5119 2965 5194 durabit:
2994 5117 3339 5188 licus,vinea
3363 5122 3422 5178 et
3440 5103 3721 5180 oliva,cr8t

2089 5223 2389 5281 8imagoga
2433 5206 2805 5277 Judasorum;
2837 5208 3118 5281 quoniam
3161 5207 3530 5284 dulcedinem
3573 5199 3720 5292 bona

2087 5295 2445 5370 operationis
2475 5296 2807 5370 proferebat
2838 5315 2852 5355 :
2887 5297 2989 5356 sed
3034 5296 3282 5354 Domino
3311 5296 3591 5360 veniente,
3617 5296 3716 5339 Vtr-

2087 5369 2230 5442 tutis
2263 5369 2518 5446 fructum
2553 5385 2702 5442 ferre
2731 5387 3004 5460 neglexit.
3021 5384 3308 5452 Similiter
3333 5380 3631 5459 exponitur
3655 5369 3716 5424 d0

2087 5475 2261 5536 malis
2291 5474 2642 5538 Christianis
2672 5475 2782 5534 iste
2812 5481 2872 5535 et
2902 5480 3213 5550 sequentes
3242 5476 3360 5533 duo
3385 5485 3600 5532 versus.

2085 5564 2160 5620 28
2229 5564 2518 5624 Mentietur
2546 5581 2680 5637 opus
2709 5567 2876 5625 olivae
2909 5583 2920 5622 :

2228 5655 2294 5714 Et
2321 5672 2457 5712 arva
2483 5671 2594 5714 non
2623 5655 2856 5727 a/Terent
2883 5656 3089 5712 cibum.

2160 5743 2477 5800 Mentietur
2505 5720 2870 5818 opus-olivae,
2895 5744 3056 5804 aliud
3088 5742 3486 5817 promittentis
3505 5740 3561 5796 et
3575 5720 3715 5791 aliud
