3878 6410
371 371 506 453 Ξέδῐι

1285 391 1352 452 S.
1397 389 1798 453 BRUNONIS
1837 386 2466 452 HERBlPOEENSlS
2505 388 2880 453 EPISCOPI.

372 545 504 584 rum
538 525 665 582 sine
694 523 940 580 consilio
971 523 1180 579 salutis
1209 529 1294 578 est
1326 543 1337 579 :
1372 524 1508 598 quia
1535 525 1590 579 in
1628 525 1888 580 futurum
1916 523 2024 578 sibi
2059 526 2108 590 Α
2139 525 2210 576 Si}
2281 525 2554 580 Jmlirabit
2585 525 2846 580 Dominus
2869 525 3132 597 populum
3160 541 3322 582 suum
3353 541 3367 578 :

375 617 686 690 praevidere
717 613 1009 670 nesciunt.

372 709 439 762 44
516 703 797 776 Quomodo
823 702 1253 774 persequebatur
1280 720 1422 758 unus
1447 704 1605 758 mille
1633 721 1653 759 :

515 794 592 848 Eu
607 792 715 848 duo
742 792 1006 866 fugarant
1031 792 1212 848 decem
1241 793 1463 848 millia?

373 883 444 937 45
513 882 704 938 Nonne
732 880 851 936 ideo
883 882 1014 954 quia
1043 882 1182 936 Deus
1209 897 1344 937 suus
1374 881 1618 937 vendidit
1647 897 1735 937 eos
1769 899 1782 936 :

513 972 579 1026 Et
606 971 872 1026 Dominus
900 971 1168 1027 conclusit
1206 971 1329 1026 illos
1347 973 1378 1025 Σ)

441 1060 742 1124 Quomodo
771 1060 1254 1132 persequebatur.
1288 1059 1411 1115 Non
1448 1059 1735 1132 potuisset
1782 1057 1930 1126 ﬁeri,
1961 1062 2027 1114 ut

370 1148 816 1206 unus'bostlum
845 1148 1004 1206 mille
1027 1149 1365 1205 Judteorum
1407 1152 1885 1220 persequeretur:
1911 1147 2024 1202 nisl

368 1235 661 1296 Dominus
683 1255 830 1294 suus
853 1237 1216 1294 vendidisset
1244 1236 1431 1303 eos,id
1463 1242 1556 1293 est
1583 1254 1617 1293 a
1642 1254 1703 1292 se
1742 1237 2022 1310 projecis-

366 1332 538 1400 set,et
563 1345 770 1384 exosos
801 1327 1136 1393 haberet,et
1183 1325 1558 1382 concluderet
1587 1342 1688 1382 eos
1717 1325 1774 1380 in
1808 1342 2022 1382 manus

366 1416 762 1474 inimicorum.

365 1509 435 1562 46
505 1509 625 1563 Non
652 1507 801 1562 enim
830 1512 908 1561 est
935 1507 1077 1561 Deus
1107 1510 1291 1561 noster
1316 1509 1378 1560 ut
1401 1505 1484 1560 dii
1513 1520 1702 1561 eorum
1734 1521 1748 1558 :

507 1595 572 1652 Et
601 1595 820 1649 inimici
845 1595 1021 1648 nostri
1047 1602 1172 1649 sunt
1195 1593 1428 1666 judices.

435 1684 560 1740 Non
591 1682 745 1738 enim
778 1695 866 1737 est
899 1685 1051 1737 Deus
1085 1687 1298 1738 noster.
1325 1681 1609 1738 Dominus
1658 1683 1815 1738 enim
1863 1682 2018 1738 Deus

363 1777 566 1829 noster
592 1788 762 1827 verax
785 1778 840 1826 et
865 1773 1067 1838 justus
1096 1789 1110 1838 ;
1146 1771 1301 1828 idola
1329 1777 1526 1827 autem
1559 1772 1842 1843 gentium,
1869 1772 2020 1828 falsa

361 1866 426 1919 et‘
449 1859 698 1918 inutilia.
733 1861 804 1916 Et
833 1860 1056 1916 inimici
1088 1861 1272 1916 nostri
1305 1865 1444 1916 sunt
1452 1861 1707 1931 judice,
1739 1861 1797 1916 id
1811 1866 1902 1916 est
1921 1878 2020 1934 ap-

362 1950 942 2025 probatoresﬂmnes
972 1949 1129 2005 enim
1174 1955 1379 2022 gentes
1411 1950 1704 2022 (quamvis
1731 1950 1891 2006 varia
1919 1968 2012 2006 co-

361 2039 488 2096 lant
515 2037 694 2107 idola)
727 2038 907 2094 unius
937 2038 1038 2094 Dei
1070 2039 1329 2110 potentia
1359 2038 1649 2094 mundum
1682 2039 1802 2112 regi
1833 2040 2014 2096 conti-

359 2133 580 2184 tentur.

355 2219 424 2273 47
498 2219 572 2274 De
597 2219 758 2273 vinea
785 2217 1144 2273 Sodomorum
1173 2218 1367 2272 vinum
1390 2233 1580 2273 eorum
1610 2232 1624 2271 :

497 2308 565 2364 Et
589 2307 656 2363 de
681 2307 1022 2362 suburbanis
1053 2306 1385 2363 Gomorrha.

429 2397 507 2453 De
536 2396 706 2452 vinea
736 2396 1150 2451 Sodomorum.
1185 2396 1347 2467 Saepe
1378 2395 1437 2450 in
1469 2394 1785 2468 Scripturis
1833 2411 2011 2466 syna-

351 2502 504 2559 goga
531 2484 618 2541 vel
670 2483 1056 2554 Hierusalem,
1078 2484 1341 2539 Sodoma
1390 2489 1768 2556 comparatur
1791 2482 2008 2554 (Bacch.

352 2573 636 2646 xvx);quia
667 2574 822 2630 sicut
851 2573 934 2628 illi
967 2571 1124 2628 male
1153 2573 1322 2627 abusi
1355 2578 1496 2627 sunt
1514 2571 1685 2627 donis
1715 2572 1930 2638 Dei,sic
1953 2576 2011 2628 et

353 2662 487 2718 istis
517 2661 816 2717 beneficiis
849 2660 949 2716 Dei
981 2677 1214 2733 semper
1243 2661 1456 2733 ingrati
1481 2663 1848 2716 exstiterunt.
1874 2659 2008 2716 Pec-

354 2753 550 2806 catum
582 2750 773 2822 primo
794 2754 884 2805 est
911 2749 970 2803 in
1001 2749 1176 2803 corde
1205 2765 1310 2820 per
1339 2764 1718 2814 concensum,
1751 2749 2007 2804 secundo

354 2841 416 2896 in
467 2836 736 2894 interiori
762 2837 1199 2892 machinatione
1244 2837 1318 2892 ad
1349 2853 1497 2909 opus
1529 2838 2005 2909 perpetrandum,

353 2927 531 2984 tertio
560 2927 620 2982 in
651 2931 785 2981 actu
819 2925 1088 2981 exteriori
1122 2929 1481 2998 perpetrato:
1511 2924 1766 2998 primum
1807 2925 1900 2982 hic
1929 2927 2010 2982 vi-

354 3016 817 3084 nea,secundum
852 3015 1232 3082 uva,tertium
1263 3014 1464 3072 vinum
1495 3015 1730 3070 dicitur.

351 3109 421 3162 43
498 3107 607 3164 Uva
631 3121 819 3161 eorum
847 3121 953 3160 uva
980 3105 1132 3176 fellis
1161 3123 1181 3159 .-

491 3195 557 3252 Et
583 3195 775 3252 botrus
803 3195 1206 3250 amarissimus.

2283 618 2355 669 L't
2389 616 2443 667 in
2475 615 2644 668 servis
2672 616 2788 669 suis
2821 615 3192 671 miserebitur.

2208 701 2510 759 Judicabit
2538 702 2906 774 Dominus,id
2939 707 3029 760 est
3058 703 3352 760 discernet
3387 705 3610 760 sanctos
3635 719 3744 758 suos

2137 792 2210 846 ab
2241 789 2614 863 impiis.Nam
2637 792 2934 863 judicium
2965 793 3025 848 in
3045 791 3408 854 discretione.
3426 791 3514 860 vel
3542 791 3745 864 damna-

2135 880 2293 936 tione
2323 879 2508 952 accipi
2539 881 2827 952 potest.Et
2856 880 2928 937 in.
2949 881 3131 939 servis
3162 882 3287 938 suis
3317 879 3687 947 miserebitur,
3701 880 3747 936 id

2134 975 2226 1024 est
2254 969 2724 1026 misericordiam
2751 969 3090 1028 ostendetin
3105 970 3196 1026 die
3210 970 3489 1026 ultionis:
3513 969 3604 1042 qui
3621 967 3751 1026 enim

2134 1057 2185 1114 ei
2211 1057 2459 1114 ﬁdeliter
2488 1059 2957 1126 servierunt,non
2986 1076 3054 1116 ex
3083 1059 3364 1132 operibus
3395 1058 3496 1114 sed
3523 1055 3688 1130 gratia
3703 1060 3750 1112 et

2134 1146 2539 1204 misericordia
2588 1148 2871 1220 recipient
2915 1153 3132 1204 aeterna
3162 1149 3428 1221 praemia,
3461 1145 3592 1222 quid
3618 1145 3747 1202 enim

2133 1235 2315 1292 habes
2345 1237 2500 1307 quod
2537 1253 2652 1292 non
2685 1236 3072 1309 accepisti?(l
3100 1237 3220 1294 Cor.
3255 1238 3356 1309 iv.)

2129 1325 2198 1379 54
2279 1325 2487 1381 Videbit
2514 1327 2661 1397 quod
2690 1327 2971 1398 inﬁrmata
2991 1329 3066 1382 sit
3093 1344 3295 1383 manus
3326 1343 3342 1382 :
3377 1330 3431 1382 et
3457 1326 3625 1382 clausi
3639 1340 3750 1397 quo-

2343 1431 2446 1487 que
2472 1413 2786 1485 defecerunt
2816 1431 2831 1472 :

2271 1503 2602 1576 Residuique
2631 1506 2944 1576 consumpti
2969 1513 3116 1561 sunt.

2198 1591 2432 1647 Videbit
2457 1593 2612 1664 quod
2647 1591 2946 1648 infirmata
2989 1594 3066 1649 sit
3095 1610 3330 1661 manus,
3364 1593 3423 1647 id
3469 1594 3561 1646 est
3597 1588 3748 1644 videri

2128 1681 2318 1744 faciet,
2367 1681 2522 1753 quod
2572 1697 2750 1753 opera
2808 1682 3098 1738 malorum
3148 1681 3386 1738 inﬁrma
3425 1680 3647 1740 fuerint.
3697 1677 3754 1732 Et

2126 1769 2309 1824 clausi
2345 1787 2580 1842 quoque
2608 1771 2948 1826 defecerunt
2980 1788 2994 1825 :
3027 1771 3085 1827 id
3115 1777 3204 1827 est
3233 1772 3398 1844 quod
3427 1769 3500 1826 ab
3531 1764 3750 1827 inimicis

2127 1859 2302 1930 capti,
2337 1858 2592 1931 prepriis
2629 1859 2854 1915 viribus
2905 1859 3264 1916 defecerunt.
3309 1858 3566 1923 Residui,
3598 1855 3651 1911 id
3676 1857 3749 1909 est

2127 1946 2270 2019 quia
2296 1947 2370 2002 ab
2400 1946 2512 2002 hac
2538 1946 2656 2004 vita
2682 1952 2982 2010 exeuntes.
3014 1965 3129 2004 non
3180 1947 3408 2006 habent
3450 1949 3641 2020 postea
3665 1940 3750 2002 ali-

2125 2036 2267 2108 quid
2301 2035 2550 2092 faciendi
2587 2034 2949 2093 facultatem.

2122 2127 2196 2180 55
2269 2126 2332 2180 Et
2359 2126 2540 2180 dicent
2573 2141 2586 2179 :
2623 2125 2724 2182 Ubi
2750 2134 2881 2180 sunt
2909 2125 2996 2180 dii
3022 2141 3210 2182 eorum
3239 2144 3261 2180 :

2266 2218 2328 2270 In
2359 2213 2554 2286 quibus
2583 2213 2857 2270 habebant
2886 2213 3147 2286 ﬁduciam
3167 2217 3195 2268 ?

2195 2303 2265 2358 Et
2293 2302 2833 2368 dicent,adversarii
2863 2318 3066 2360 eorum
3099 2301 3201 2376 qui
3233 2319 3336 2358 eos
3365 2299 3742 2376 captivarunt:

2121 2396 2180 2447 et
2209 2391 2504 2447 (immanes
2536 2390 2708 2447 malis
2739 2391 3087 2448 Christianis
3109 2393 3388 2466 (quorum
3410 2391 3559 2447 Deus
3579 2389 3746 2442 venter

2120 2485 2176 2536 et
2209 2479 2396 2536 honor
2425 2487 2481 2536 et
2510 2479 2720 2536 divitia:
2761 2484 2886 2536 erat
2936 2481 3203 2554 (Philipp.
3257 2481 3348 2552 in)
3407 2479 3592 2536 dicent
3637 2475 3744 2546 post

2121 2574 2369 2625 mortem
2385 2568 2514 2624 etin
2532 2568 3026 2640 morte,ubi,etc.:
3053 2569 3142 2625 vel
3172 2568 3354 2625 etiam
3376 2567 3523 2642 justi
3553 2570 3606 2620 et
3631 2557 3740 2617 boni

2116 2658 2438 2714 vindictam
2477 2662 2534 2714 et
2583 2658 2676 2713 Dei
2718 2657 2868 2714 iram
2917 2659 3180 2714 videntes
3229 2659 3448 2724 dicent,
3488 2653 3610 2720 Ubi,
3651 2655 3738 2706 etc.

2111 2749 2184 2802 56
2255 2749 2332 2803 De
2359 2763 2593 2819 quorum
2621 2748 2860 2804 victimis
2882 2747 3228 2805 comedebant
3259 2749 3456 2821 adipa
3479 2759 3515 2809 ε.

2259 2839 2324 2892 Et
2355 2837 2609 2892 bibebant
2635 2838 2828 2892 vinum
2859 2837 3212 2893 libaminum.

2187 2925 2267 2983 De
2297 2941 2551 2998 quorum
2582 2924 2839 2981 victimis
2872 2942 2886 2980 :
2922 2925 2982 2981 in
3002 2925 3094 2982 his
3115 2925 3310 2983 verbis
3339 2939 3542 2984 omnes
3561 2916 3742 2978 vanita-

2121 3021 2383 3086 tes,quas
2413 3018 2743 3086 sequuntur
2764 3013 3034 3072 homines
3063 3012 3510 3088 comprehendit
3534 3003 3737 3066 idolola-

2117 3105 2239 3161 tria
2297 3103 2382 3162 vel
2435 3109 2853 3176 peccatorum:
2899 3104 3326 3176 exprobrantur
3387 3102 3540 3162 enim
3598 3092 3738 3152 malis

2117 3210 2288 3250 vana.
2319 3192 2379 3247 in
2410 3192 2628 3264 quibus
2657 3192 2946 3248 vivebant.

419 3283 542 3342 Uva
566 3299 768 3340 eorum
796 3296 810 3338 :
837 3283 1006 3340 vinea
1031 3286 1182 3355 (qua:
1205 3283 1528 3339 estdomus
1549 3283 1750 3354 Israel)
1771 3301 2005 3341 conver-
2036 3265 2082 3335 C
2115 3284 2184 3337 57
2259 3283 2502 3351 Surgunt
2531 3289 2582 3338 et
2600 3282 2940 3354 opitulentur
2968 3282 3115 3338 vobis
3143 3300 3163 3337 :

347 3387 415 3431 ea
452 3374 514 3431 in
567 3372 1026 3430 amaritudinem
1084 3373 1238 3440 (lsai.
1270 3375 1350 3440 v),
1393 3373 1452 3428 id
1502 3377 1593 3428 est
1646 3373 1707 3430 in
1753 3378 2004 3430 mortem

349 3462 566 3520 Christi
593 3461 943 3532 conspirans
971 3464 1028 3514 et
1056 3459 1328 3532 pendenti
1353 3460 1411 3515 in
1428 3477 1599 3518 cruce
1622 3467 1854 3518 acetum
1874 3462 2004 3520 felle

349 3551 595 3606 mistum
626 3554 1010 3620 porrexerunt
1037 3547 1218 3618 (toan.
1257 3549 1472 3619 xux),et
1500 3549 1735 3605 botrum
1766 3550 2005 3608 malitia

350 3654 471 3694 suas
501 3635 872 3709 protulerunt
900 3633 1364 3692 amarissimum.

349 3726 422 3782 49
491 3725 591 3782 Fel
621 3725 921 3780 draconum
950 3724 1147 3780 vinum
1171 3739 1364 3780 eorum
1396 3742 1410 3781 :

491 3816 562 3871 ει
585 3828 856 3869 venenum
885 3811 1142 3885 aspidum
1171 3813 1500 3870 insanabile.

421 3903 517 3960 Fel
549 3903 872 3958 draconum
907 3917 920 3958 :
955 3901 1109 3957 sicut
1139 3901 1210 3959 fel
1242 3902 1545 3974 dracones,
1560 3907 1617 3960 et
1644 3905 1882 3977 aspidas
1908 3923 2002 3964 ve-

350 4007 501 4051 nena
526 3991 820 4061 occultat;
853 3991 934 4047 ita
965 3989 1323 4049 conscientia
1349 4008 1552 4049 eorum
1573 3993 1746 4067 plena
1769 3999 1858 4054 est
1887 4013 2007 4054 ma-

347 4083 495 4140 litia.

344 4173 420 4230 50
488 4174 680 4230 Nonne
705 4170 825 4228 haec
851 4169 1072 4228 condita
1101 4179 1229 4227 sunt
1255 4171 1402 4244 apud
1430 4189 1515 4230 me
1545 4189 1562 4230 :

491 4262 554 4318 Et
583 4263 802 4331 signata
835 4262 894 4316 in
925 4259 1200 4316 thesauris
1229 4263 1367 4316 meis
1401 4279 1414 4317 :

417 4352 620 4408 Nonne
650 4350 771 4406 haec
801 4349 1040 4406 condita
1071 4351 1294 4418 sunt,id
1308 4356 1398 4406 est
1417 4350 1540 4406 haec
1559 4356 1694 4408 sunt
1711 4356 2005 4410 reservata

346 4441 502 4515 apud
534 4455 768 4505 me,nec
791 4437 1068 4494 oblivioni
1101 4439 1348 4495 tradita:
1376 4438 1745 4508 haec,scilicet
1767 4445 2005 4513 peccata

343 4535 560 4598 vestra,
613 4545 728 4584 non
767 4527 927 4583 enim
973 4528 1116 4600 quia
1169 4527 1465 4585 vindicem
1521 4529 1730 4588 distuli
1783 4530 2004 4589 oblitus

345 4618 610 4687 sum,sed
646 4617 944 4674 recondita
973 4621 1113 4672 sunt
1140 4633 1331 4689 usque
1353 4617 1414 4673 in
1443 4617 1600 4676 diem
1625 4617 1888 4676 ultionis.

343 4711 408 4766 51
486 4709 600 4764 Mea
627 4715 708 4763 est
736 4706 873 4762 ultio
901 4713 954 4761 et
977 4722 1076 4777 ego
1105 4706 1412 4764 retribuam
1437 4709 1519 4764 eis
1548 4709 1610 4764 in
1641 4711 1880 4780 tmpore
1913 4726 1927 4764 :

491 4799 555 4854 Ut
579 4797 801 4852 labatur
822 4811 916 4868 pes
944 4811 1154 4851 eorum.

415 4885 544 4943 Mea
567 4889 661 4942 est
691 4883 856 4951 ultio,
889 4884 950 4939 id
996 4889 1105 4952 est,
1137 4885 1458 4942 retribuam
1489 4885 1608 4942 illis
1638 4885 1698 4944 in
1737 4889 2002 4959 tempore

341 4973 610 5031 vindictae
634 4989 764 5045 (ius:
797 4973 1198 5030 merentur.Ut
1215 4973 1450 5031 labatur
1465 4991 1570 5047 pes
1597 4975 1888 5043 eorum,id
1909 4980 2001 5032 est

341 5060 448 5133 qui
475 5060 830 5115 videbantur
855 5064 1034 5128 stare,
1067 5066 1328 5134 pereant.

343 5149 416 5204 52
485 5151 665 5205 Juxta
691 5157 768 5202 est
791 5149 909 5205 dies
933 5149 1262 5220 perditionis

446 5308 452 5315 κ
491 5239 558 5290 Et
583 5232 767 5290 adesse
795 5237 1063 5305 festinant
1091 5246 1353 5311 tempora.

414 5323 592 5379 Juxta
619 5325 709 5376 est
735 5322 860 5379 dies
881 5325 1629 5402 perditionis,scilicetquia
1643 5333 1866 5388 certum
1884 5335 1995 5389 est:

344 5409 434 5469 vel
465 5409 1100 5482 quia-quamviszmillia
1119 5415 1308 5473 multa
1329 5435 1622 5479 annorum
1647 5419 1743 5476 hic
1763 5420 1995 5491 habeat,

341 5501 417 5557 ad
436 5492 939 5571 comparationem
969 5506 1168 5558 tamen
1198 5507 1540 5563 eternitatis
1563 5508 1858 5568 modicum
1887 5515 1996 5579 est,

343 5584 825 5663 appropinquant
873 5589 1054 5660 igitur
1086 5587 1326 5650 ultionis
1356 5595 1502 5664 dies,
1537 5601 1593 5652 et
1611 5598 1849 5670 quando
1880 5615 1996 5656 non

335 5681 633 5756 putamus
647 5672 870 5732 adsum
896 5677 1102 5751 (Matth.
1127 5680 1303 5756 xxxv).

2253 3371 2318 3427 Et
2352 3373 2410 3427 in
2440 3373 2760 3426 necessitate
2789 3388 2878 3427 vos
2905 3379 3211 3444 protegant.

2177 3459 2433 3516 Veniant
2463 3459 2773 3533 idola,qu:e
2805 3459 3103 3528 colebatis,
3136 3466 3194 3517 et
3223 3465 3442 3517 eruunt
3474 3473 3590 3534 vos.

2109 3553 2182 3606 58
2257 3550 2439 3606 Videte
2465 3549 2609 3622 quod
2635 3566 2731 3621 ego
2748 3566 2874 3634 'szm
2904 3549 3052 3606 solus
3083 3567 3097 3606 :

2252 3641 2319 3694 Et
2348 3655 2460 3695 non
2483 3641 2556 3694 sit
2581 3639 2727 3695 alius
2751 3639 2893 3695 Deus
2919 3643 3127 3711 prater
3152 3655 3258 3694 me.

2182 3728 2472 3797 Videte,id
2503 3732 2594 3784 est
2621 3727 3114 3800 intelligite,quod
3136 3744 3242 3801 ego
3257 3743 3395 3784 sum
3409 3723 3566 3783 solus
3585 3718 3734 3774 Deus-

2108 3819 2180 3872 59
2252 3818 2362 3888 Ego
2393 3817 2636 3874 occidam
2661 3825 2714 3873 et
2756 3833 2854 3887 ego
2885 3819 3064 3874 vivere
3099 3819 3306 3889 faciam
3334 3835 3355 3873 :
3383 3811 3671 3890 percutiam
3694 3806 3738 3857 ιι

2323 3923 2420 3978 ego
2448 3907 2654 3963 sonabo
2677 3924 2700 3961 .-

2253 3998 2321 4054 Et
2346 4014 2453 4054 non
2478 4005 2556 4054 est
2581 3998 2680 4069 qui
2697 3997 2764 4053 de
2790 4012 2962 4060 mnu
2991 4013 3114 4052 mea
3141 3998 3312 4070 possit
3337 4008 3545 4054 eruere.

2181 4087 2300 4159 Ego
2331 4087 2594 4143 occidam
2630 4103 2642 4144 :
2678 4086 2912 4144 duobus
2943 4086 3136 4144 modis
3165 4087 3400 4154 occidit,
3435 4087 3491 4140 et
3527 4073 3734 4136 duobus

2112 4176 2305 4232 modis
2333 4176 2589 4232 vivificat
2619 4192 2633 4232 :
2667 4175 2809 4247 quia
2838 4174 2987 4232 alios
3017 4175 3076 4232 in
3108 4175 3404 4234 infernum
3435 4166 3663 4229 damnat
3686 4159 3734 4214 et

2111 4267 2183 4321 ad
2215 4266 2396 4322 vitam
2422 4263 2569 4324 alios
2599 4269 2873 4322 atomum
2907 4263 3191 4322 sublevat.
3215 4264 3396 4320 Aliter
3437 4253 3635 4318 occidit
3658 4262 3733 4342 ve:

2111 4360 2295 4410 terem
2323 4354 2645 4422 hominem,
2670 4359 2736 4410 ut
2760 4351 3004 4410 vivificet
3035 4370 3270 4412 novum.
3305 4355 3372 4409 Et
3399 4367 3510 4408 non
3539 4347 3622 4403 est
3646 4348 3732 4409 ‘1‘“

2109 4444 2174 4500 de
2198 4461 2367 4499 manu
2395 4460 2517 4500 mea
2549 4443 2734 4516 possit
2761 4443 3048 4510 eruerc,id
3073 4448 3164 4500 est
3193 4443 3294 4516 qui
3318 4436 3583 4516 potentia:
3609 4437 3729 4498 In.“

2111 4533 2298 4608 possit
2328 4533 2622 4588 resistere.

2033 4638 2076 4702 ο
2105 4623 2178 4678 60
2251 4623 2454 4680 Levabo
2483 4621 2553 4677 ad
2581 4623 2778 4677 ca'lum
2807 4639 3035 4680 manum
3063 4640 3242 4679 meam
3275 4641 3296 4678 .·

2252 4713 2318 4768 Et
2339 4711 2521 4767 dicam
2552 4729 2566 4767 :
2605 4712 2729 4768 Vivo
2758 4728 2856 4781 ego
2886 4713 2948 4768 in
2977 4717 3274 4769 :eternum.

2183 4801 2407 4856 Levabo
2438 4801 2509 4856 ad
2543 4799 2777 4870 ccelum,
2810 4801 2866 4857 id
2900 4806 2991 4858 est
3036 4801 3345 4859 ostendam
3375 4788 3728 4858 aeternitatem

2109 4889 2380 4962 potentia:
2411 4903 2574 4944 mea.

2105 4979 2172 5034 61
2250 4979 2314 5034 Si
2339 4993 2536 5034 acuere
2566 4983 2628 5034 ut
2656 4979 2855 5052 fulgur
2880 4978 3130 5051 gladium
3155 4994 3340 5035 meum
3367 4995 3388 5032 :

2249 5071 2317 5124 Et
2345 5068 2651 5139 arripuerit
2667 5067 2948 5140 judicium
2975 5083 3176 5124 manus
3201 5083 3345 5124 mea.
3696 5129 3705 5139 _

2177 5156 2235 5212 Si
2267 5131 2480 5214 uenero
2509 5161 2574 5213 ut
2605 5131 2802 5229 fulgur
2825 5173 2840 5212 :
2861 5155 2921 5214 id
2951 5161 3042 5214 est
3071 5157 3212 5214 dum
3242 5154 3512 5213 velociter
3537 5131 3731 5200 venerit

2099 5246 2397 5319 judicium
2432 5262 2652 5303 meum.
2671 5245 3356 5319 Etarripueritjudicium
3377 5250 3580 5306 manus
3599 5235 3728 5292 me?!

2107 5335 2162 5390 id
2199 5341 2290 5392 est
2317 5334 2832 5408 coeperitjudicare
2862 5335 3124 5408 potentia
3150 5349 3302 5392 mea.

2105 5425 2182 5481 62
2253 5425 2493 5483 Reddam
2519 5426 2785 5483 ultionem
2811 5425 3056 5485 hostibus
3082 5425 3218 5482 meis
3245 5440 3261 5479 :

2249 5517 2316 5571 Et
2343 5515 2427 5570 his
2455 5515 2554 5587 qui
2581 5514 2812 5574 oderunt
2838 5530 2924 5572 me
2953 5515 3280 5574 retribuam.

2179 5604 2443 5662 Reddam
2465 5581 2762 5662 ultionem
2797 5621 2810 5660 :
2833 5601 3143 5671 hoc_est,in
3162 5603 3496 5675 peccatores
3513 5581 3726 5652 redii“?!

2108 5689 2413 5751 ultionem.
