3878 6410
192 537 314 595 553

186 668 261 721 63
336 665 626 721 lnebriabo
650 667 876 735 sagittas
903 681 1054 721 meas
1082 667 1363 738 sanguine
1390 682 1411 719 :

334 756 398 809 Et
426 753 648 824 gladius
682 770 834 808 meus
861 754 1140 810 devorabit
1168 770 1382 809 cantes.

260 842 573 898 Inebriabo
605 840 873 913 sagittas,
906 842 965 898 id
1013 846 1101 899 est
1130 842 1187 897 in
1223 841 1627 913 peccatoribus
1657 846 1857 897 osten-

184 931 326 986 dam
356 930 651 984 vindictas
675 945 857 997 meas,
882 935 938 985 et
958 931 1190 1003 gladius
1222 946 1389 986 meus
1414 930 1712 985 devorabit
1737 946 1859 985 car-

186 1036 314 1087 nes,
351 1018 409 1072 id
435 1022 525 1074 est
556 1018 823 1073 carnales
848 1018 1138 1089 judicium
1171 1036 1369 1075 meum
1400 1022 1724 1074 consumet.

181 1109 254 1162 64
330 1107 407 1163 De
428 1121 624 1161 cruore
652 1107 953 1161 occisorum
979 1126 998 1162 :

330 1197 396 1251 Et
424 1195 492 1250 de
518 1196 838 1267 captivitate
864 1194 1065 1251 nudati
1090 1197 1439 1252 inimicorum
1465 1197 1676 1267 capitis.

256 1287 338 1339 De
368 1300 579 1345 cruore
622 1284 954 1339 occisorum
987 1301 999 1339 :
1034 1282 1406 1352 subauditur,
1433 1283 1732 1340 inebriabo
1758 1299 1856 1341 sa-

184 1374 365 1445 gittas
397 1390 585 1439 meas,
618 1373 675 1428 id
711 1377 801 1429 est
847 1374 905 1429 in
960 1374 1289 1447 perditione
1319 1373 1752 1429 damnatorum.
1787 1374 1858 1431 Et
1966 1377 1977 1383 ’

185 1461 255 1515 de
286 1460 630 1532 captivitate
678 1461 889 1516 nudati
929 1460 1303 1517 inimicorum
1347 1462 1559 1533 capitis
1592 1478 1603 1517 :
1640 1477 1856 1517 secun-

184 1549 328 1604 dum
364 1548 621 1605 litteram
652 1548 975 1621 captivitati
1018 1550 1407 1605 tondebantur
1436 1554 1492 1605 et
1522 1550 1853 1606 vendeban-

186 1643 281 1693 tur
304 1636 489 1709 (quod
521 1640 611 1692 est
642 1638 756 1692 sub
779 1654 993 1693 corona
1021 1638 1311 1707 vendere),
1341 1637 1727 1710 spiritualiter
1757 1652 1856 1693 an-

186 1731 300 1782 tem
336 1726 754 1796 antichristus,
788 1727 1110 1799 impiorum
1144 1731 1340 1799 caput,
1377 1743 1478 1799 per
1507 1726 1719 1783 Christi
1752 1745 1852 1800 po-

185 1816 431 1871 tentiam
455 1816 797 1873 destruetur
816 1815 1190 1873 vindicantis.
1216 1815 1399 1872 Aliter
1416 1821 1639 1873 exercet
1662 1816 1856 1872 Domi-

185 1923 295 1961 nus
326 1904 651 1961 vindictam
700 1906 773 1961 de
823 1906 1159 1978 captivitate
1199 1905 1571 1962 inimicorum
1618 1906 1850 1978 capitis,

1331 535 1962 595 COMMENTARIUS
2009 538 2082 596 IN
2131 538 2489 599 CANTICA.

3486 541 3607 601 554

1888 668 1940 735 Α
1970 670 2115 724 catis
2145 669 2411 727 liberavit
2439 687 2452 725 :
2489 673 2548 726 et
2576 669 2865 742 captivum
2913 669 3178 739 redemit,
3212 668 3351 751 quia
3380 686 3413 727 a
3440 676 3609 744 pote-
3700 696 3707 699 ·

1968 762 2113 813 state
2161 758 2449 815 diabolica
2499 757 2807 824 abstraxit,
2839 763 2893 814 et
2924 759 3261 814 redimendo
3292 754 3425 815 fecit
3464 774 3604 829 eum

1968 864 2164 901 suum.
2190 852 2252 902 Β.
2284 848 2614 903 Notandum
2646 864 2779 903 vero
2828 848 2978 902 circa
3022 846 3202 903 istum
3238 832 3470 919 versum
3498 852 3606 915 est,

1967 936 2120 1005 quod
2152 934 2360 991 beatus
2378 934 2683 992 Zacharias
2706 935 3042 1009 prophetico
3062 951 3222 993 more
3243 936 3397 1009 quod
3420 936 3609 993 adhuc

1968 1021 2023 1077 in
2049 1023 2259 1095 spiritu
2283 1024 2544 1079 futurum
2567 1028 2623 1080 et
2639 1024 2901 1097 proxime
2918 1024 3249 1081 faciendum
3274 1024 3611 1099 praviderat

1967 1115 2165 1167 narrat
2194 1113 2361 1183 quasi
2420 1112 2661 1181 factum,
2698 1113 2917 1182 dicens,
2943 1111 3080 1185 quia
3114 1111 3387 1182 visitavit,
3418 1112 3476 1168 id
3522 1118 3611 1169 est

1966 1194 2303 1253 incarnatus
2332 1204 2441 1256 est.

1997 1288 2034 1340 2
2107 1290 2171 1342 Et
2196 1290 2373 1344 erexit
2401 1303 2571 1344 cornu
2594 1289 2789 1345 salutis
2813 1290 2965 1346 nobis
2995 1308 3013 1345 :

2106 1377 2167 1430 In
2197 1376 2351 1433 domo
2376 1378 2554 1432 David
2581 1379 2744 1449 pueri
2764 1381 2875 1433 sui.

2034 1461 2077 1517 Β
2111 1464 2177 1518 Et
2207 1464 2386 1519 erexit
2415 1480 2596 1520 cornu
2642 1464 2849 1521 salutis
2881 1483 2895 1521 :
2928 1466 3156 1521 firmam
3195 1462 3603 1520 celsitudinem

1965 1549 2171 1606 salutis
2203 1550 2361 1606 dicit.
2386 1552 2595 1608 Omnia
2615 1553 2769 1608 enim
2792 1569 2945 1621 ossa,
2970 1569 3141 1609 carne
3165 1551 3424 1608 involuta
3444 1556 3601 1621 sunt,

1964 1656 2142 1694 cornu
2164 1644 2357 1696 autem
2391 1641 2615 1696 excedit
2637 1658 2868 1697 carnem
2894 1659 2906 1697 :
2930 1646 2987 1696 et
3026 1639 3155 1696 ideo
3184 1656 3364 1696 cornu
3397 1640 3605 1717 salutis

1966 1746 2210 1800 regnum
2251 1728 2567 1785 Salvatoris
2614 1728 2829 1785 Christi
2869 1734 3143 1785 vocatur:
3168 1745 3283 1801 quo
3325 1727 3607 1804 vocabulo

1964 1817 2269 1890 spiritalis,
2301 1821 2360 1874 et
2406 1834 2532 1890 quae
2573 1818 2766 1875 carnis
2814 1818 3028 1892 gaudia
3074 1820 3327 1891 superet,
3361 1815 3606 1873 altitudo

1966 1906 2272 1962 nuntiatur
2296 1923 2309 1964 :
2332 1911 2391 1963 et
2416 1924 2531 1981 quo
2573 1924 2750 1982 regno
2795 1907 3053 1965 mundus
3083 1911 3141 1965 et
3171 1905 3364 1965 carnis
3393 1898 3608 1982 gaudia

184 2010 317 2051 eum
378 1994 788 2067 arrogantiam
839 1996 1055 2051 mentis
1106 1994 1416 2061 malorum,
1459 1998 1516 2052 et
1561 1995 1849 2051 malitiam
1882 2036 1931 2103 Β
1963 2001 2335 2069 superantur.

183 2083 566 2139 destruxerit.

180 2174 252 2228 65
325 2170 576 2227 Laudate
604 2180 792 2243 gentes
817 2172 1086 2245 pupulum
1116 2173 1235 2244 ejus
1268 2191 1287 2227 :

323 2261 470 2329 Quia
500 2263 831 2330 sanguinem
861 2277 1142 2317 servorum
1167 2277 1391 2317 suorum
1421 2262 1729 2316 ulciscatur.

252 2349 522 2406 Laudate
541 2353 747 2421 gentes
768 2346 1054 2422 populum
1073 2350 1221 2421 ejus,
1241 2349 1299 2404 id
1323 2353 1411 2403 est
1432 2354 1666 2406 sanctos
1688 2350 1846 2420 ejus:

182 2440 318 2512 quia
349 2440 709 2511 sanguinem
739 2443 1066 2510 martyrum
1098 2455 1339 2494 suorum
1374 2437 1737 2494 ulsciscetur.

180 2530 248 2583 66
319 2530 385 2584 Et
424 2528 729 2584 vindictam
762 2527 1026 2584 retribuet
1055 2530 1111 2583 in
1144 2529 1316 2582 hostes
1342 2544 1529 2583 eorum
1565 2544 1577 2582 :

318 2619 385 2673 Et
414 2619 702 2689 propitius
725 2619 832 2673 erit
866 2621 1030 2674 terra:
1057 2618 1249 2688 pepuli
1276 2619 1385 2671 sui.

249 2708 317 2762 Et
346 2706 678 2761 vindictam
712 2703 994 2760 retribuet
1035 2703 1096 2759 in
1142 2704 1340 2759 hostes
1372 2720 1594 2770 eorum,
1630 2703 1850 2759 scilicet

182 2794 235 2849 in
267 2793 583 2850 haereticos
612 2796 789 2865 atque
829 2791 1095 2847 infideles
1126 2795 1180 2845 et
1212 2795 1628 2863 persecutores.
1662 2793 1848 2863 Atque

183 2883 468 2956 prepitius
522 2881 635 2937 erit
692 2886 861 2936 terra:
896 2879 1091 2952 populi
1126 2880 1215 2934 sui
1252 2897 1265 2934 :
1299 2879 1356 2934 id
1414 2884 1502 2935 est
1556 2877 1842 2947 Ecclesiae,

182 2989 307 3027 cum
342 2969 821 3027 misericordiam
851 2985 1020 3024 suam
1054 2967 1135 3023 illi
1169 2968 1442 3023 ostendit.

500 3075 812 3132 HYMNUS
842 3073 1073 3129 TRIUM
1104 3072 1521 3129 PUERORUM.

678 3162 941 3202 DANIELIS
972 3162 1247 3200 CAPITULO
1280 3162 1358 3200 III.

314 3237 642 3297 Benedicite
671 3236 861 3289 omnia
891 3250 1055 3305 opera
1084 3235 1307 3289 Domini
1349 3234 1592 3300 Domino,
1627 3238 1733 3288 etc.

243 3327 515 3385 Generali
556 3323 895 3380 laudatione
927 3323 1248 3394 praemissa,
1285 3322 1436 3395 quod
1469 3321 1659 3376 omnis
1690 3336 1843 3375 crea-

178 3424 305 3472 tura
324 3418 544 3472 debeat
565 3412 813 3469 laudare
835 3392 1019 3466 Deum
1046 3412 1168 3482 (aL,
1190 3392 1543 3477 Dominum),
1569 3410 1626 3463 in
1648 3425 1844 3464 conse-
1873 3392 1916 3459 C

181 3506 502 3577 quentibus
551 3519 659 3575 per
708 3503 906 3573 partes
938 3497 1172 3569 singula
1201 3498 1538 3553 cohortatur
1570 3499 1689 3568 (aL,
1724 3498 1843 3552 sin-

180 3594 407 3666 gulares
438 3593 806 3657 coarctatur)
837 3586 1098 3659 angelos,
1123 3592 1177 3642 et
1208 3585 1403 3651 caelos,
1438 3602 1621 3658 aquas
1651 3589 1707 3640 et
1732 3584 1844 3639 vir-

179 3687 349 3747 tutes,
375 3681 569 3737 solem
603 3683 662 3735 et
693 3678 921 3744 lunam,
946 3676 1193 3731 imbrem
1225 3680 1283 3729 et
1314 3690 1523 3741 rorem,
1547 3674 1840 3746 spiritum,

183 3773 368 3842 ignem
398 3775 456 3827 et
488 3772 728 3833 aestum,
760 3767 950 3837 t‘rigus
980 3769 1035 3819 et
1073 3768 1355 3828 aestatem,
1379 3768 1435 3818 et
1460 3767 1683 3832 caetera,
1718 3778 1842 3834 qua:

180 3858 415 3933 longum
469 3861 564 3913 est
613 3854 940 3921 texere,ita
972 3857 1034 3907 ut
1061 3853 1246 3907 fontes
1276 3866 1507 3923 quoque
1554 3855 1613 3904 et
1660 3849 1846 3939 maria

178 3952 229 4002 et
258 3953 477 4015 cetum,
511 3944 790 4000 volucres
824 3941 1162 4012 bestiasque
1188 3945 1245 3995 et
1274 3955 1481 4011 pecora
1510 3939 1581 3993 ad
1609 3938 1842 3994 laudem

178 4034 404 4091 Domini
440 4036 731 4108 provocat
760 4035 818 4086 et
851 4029 1004 4084 ﬁlios
1051 4028 1379 4083 hominum.
1413 4028 1480 4081 Et
1512 4032 1644 4098 post
1673 4043 1846 4083 omne

178 4123 480 4180 hominum
514 4137 713 4195 genus
746 4117 1044 4183 Israclem,
1079 4122 1135 4173 et
1165 4118 1234 4172 de
1261 4117 1387 4189 ipso
1420 4114 1628 4171 lsracle
1655 4132 1845 4171 sacer-

179 4213 333 4268 dotes
364 4219 421 4268 et
453 4225 667 4267 servos
707 4205 961 4273 Domini,
991 4205 1235 4277 spiritus
1277 4204 1621 4274 animasque
1657 4204 1847 4273 justo-

180 4305 587 4369 rum,sanctos
609 4301 670 4351 et
691 4294 947 4351 humiles
970 4294 1235 4362 corde,et
1256 4293 1325 4347 ad
1351 4296 1675 4346 extremum
1700 4294 1848 4346 Ana-

183 4389 352 4455 niam,
378 4388 662 4444 Azariam
694 4388 752 4438 et
796 4381 1119 4445 Misaelem,
1154 4380 1250 4451 qui
1304 4379 1523 4451 potenti
1570 4379 1847 4435 beneﬁcio

181 4477 246 4531 ad
278 4476 515 4533 laudem
538 4472 783 4531 Domini
808 4472 1217 4542 provocantur.
1244 4468 1448 4523 Omnis
1467 4470 1664 4522 autem
1697 4482 1850 4522 crea-

182 4571 304 4620 tura
334 4583 453 4621 non
483 4580 658 4629 voce,
684 4560 787 4617 sed
811 4575 981 4631 Opere
1012 4557 1214 4611 laudat
1237 4556 1579 4622 Dominum;
1615 4554 1751 4626 quia
1781 4570 1850 4611 ex

181 4655 455 4711 creaturis
485 4654 739 4709 Creator
769 4649 1109 4720 frequenter
1138 4643 1486 4717 intelligitur
1515 4648 1569 4698 et
1600 4641 1849 4715 singulis

182 4744 449 4813 cperibus
481 4747 673 4812 atque
702 4735 1011 4793 effectibus
1033 4734 1133 4788 Dei
1160 4731 1593 4803 magnificentia
1614 4732 1850 4785 demon-
1883 4754 1927 4819 Β

183 4837 408 4887 stratur.
440 4829 740 4902 (Sequitur
782 4833 963 4881 textus
1008 4824 1365 4886 BENEDICITE,
1398 4820 1545 4875 nihil
1572 4836 1605 4874 a
1636 4822 1851 4889 vulgato

183 4921 419 4975 recedens
443 4926 670 4991 prxter
698 4930 838 4970 vers.
872 4912 943 4966 67
971 4912 1151 4981 frigus
1179 4914 1231 4964 et
1260 4911 1475 4976 aestas.)

494 5018 507 5028 ’
611 5016 997 5077 CANTICUM
1028 5015 1418 5071 ZACIIARIE.

743 5105 907 5145 LUC.E
943 5103 1145 5142 CAPITU
1156 5102 1220 5141 LO
1262 5104 1298 5140 Ι.

220 5183 239 5235 1
316 5184 654 5240 Benedictus
683 5180 949 5235 Dominus
974 5177 1115 5231 Deus
1144 5174 1314 5230 Israel
1343 5191 1362 5228 :

314 5275 459 5342 Quia
493 5269 752 5326 uisitauit
779 5269 835 5323 et
863 5265 996 5335 fecit
1026 5261 1440 5333 redemptionem
1467 5260 1643 5331 pletis
1670 5276 1810 5315 sum.

250 5358 602 5416 Benedictus
632 5374 647 5413 :
673 5355 794 5410 duo
817 5352 979 5409 enim
1010 5350 1167 5419 dicit,
1190 5350 1423 5404 visitare
1453 5353 1510 5403 et
1540 5346 1847 5405 redimere.

190 5443 424 5505 Visitare
454 5458 729 5517 namque
761 5442 1155 5503 inﬁrmorum,
1191 5437 1467 5491 redimere
1497 5449 1629 5490 vero
1659 5437 1852 5507 capti-

190 5546 376 5591 vorum
409 5541 502 5593 est
536 5553 550 5591 :
588 5547 729 5605 quae
775 5530 899 5585 duo
946 5525 1203 5579 humana
1249 5524 1437 5595 generi
1489 5529 1850 5593 congruunt,

194 5625 453 5693 quoniam
484 5637 683 5697 genus
711 5619 1050 5674 humanum
1091 5612 1383 5666 inﬁmum
1415 5615 1537 5667 erat
1566 5615 1849 5680 peccatis,

193 5713 468 5783 captivum
502 5724 751 5786 quoque
787 5701 998 5761 fraude
1027 5698 1305 5755 diabolica
1334 5698 1709 5755 detinebatur.
1740 5700 1853 5759 Ve-

196 5797 347 5859 niens
369 5819 502 5861 vero
533 5796 837 5858 Dominus
870 5788 1170 5845 inﬁrmum
1194 5787 1450 5858 visitavit,
1475 5786 1615 5862 quia
1644 5802 1677 5842 a
1706 5804 1851 5863 pec.

495 5930 774 5992 PA'I‘BOL.
826 5915 924 5979 CX
938 5911 1060 5973 LII.

1996 2086 2032 2140 3
2104 2086 2255 2141 Sicut
2285 2086 2491 2142 locutus
2518 2094 2598 2142 est
2622 2102 2724 2158 per
2750 2102 2808 2142 os
2838 2092 3146 2143 sanctorum
3175 2104 3195 2144 :

2104 2175 2212 2241 Qui
2238 2191 2273 2229 α
2301 2175 2502 2253 swculo
2531 2183 2661 2230 sunt
2686 2175 3076 2247 prophetarum
3103 2174 3236 2247 ejus.
3362 2250 3367 2255 _
3580 2194 3593 2255 ί,

2031 2261 2193 2318 Sicut
2248 2250 2478 2318 locutus
2535 2267 2642 2317 est.
2674 2264 2720 2317 A
2767 2262 2999 2331 saeculo,
3042 2260 3254 2334 inquit,
3299 2250 3602 2335 prepterea

1960 2350 2115 2423 quod
2148 2353 2269 2406 tota
2294 2350 2504 2406 veteris
2534 2351 2910 2406 instrumenti
2955 2349 3273 2422 Scriptura,
3298 2348 3604 2423 prophetia

1959 2438 2029 2493 de
2041 2437 2268 2493 Christo
2291 2438 2603 2510 praecessit,
2618 2455 2733 2494 non
2752 2438 2858 2495 soli
2874 2438 3030 2494 enim
3048 2438 3331 2494 Jeremias
3347 2442 3404 2495 et
3420 2436 3603 2503 Isaias

1959 2527 2264 2599 caeterique
2284 2527 2576 2599 prophetae
2593 2527 2663 2581 de
2680 2527 2806 2599 ejus
2826 2527 3074 2582 adventu
3097 2527 3403 2583 manifeste
3425 2523 3601 2582 locutl

1959 2618 2135 2672 sunt:
2163 2631 2361 2670 verum
2394 2615 2519 2687 ipse
2550 2620 2713 2687 pater
2738 2616 2943 2684 Adam,
2976 2615 3117 2671 Abel
3144 2618 3201 2671 et
3227 2612 3447 2681 Enoch,
3472 2615 3602 2686 ejus

1959 2703 2377 2775 dispensationi
2411 2703 2814 2760 testimonium
2845 2704 3117 2760 reddunt.

1993 2794 2022 2846 4
2098 2793 2343 2847 Salutem
2366 2808 2435 2847 ex
2464 2793 2711 2847 inimicis
2739 2794 2941 2848 nostris
2970 2810 2989 2848 :
3100 2866 3105 2871 _

2096 2881 2160 2935 Et
2190 2880 2254 2935 de
2281 2898 2451 2935 manu
2480 2882 2727 2935 omnium
2754 2882 2851 2953 qui
2874 2866 3106 2937 oderunt
3132 2866 3247 2937 nos.

2026 2969 2284 3024 Salutem
2315 2984 2328 3023 :
2356 2969 2686 3040 jugendum
2714 2974 2804 3025 est
2832 2969 3116 3042 superiori
3139 2967 3445 3025 versiculo.
3467 2969 3600 3026 Ere-

1954 3056 2037 3113 xit
2058 3056 2247 3123 nobis,
2267 3054 2487 3112 scilicet
2508 3055 2759 3113 salutem
2782 3073 2850 3114 ex
2871 3056 3125 3114 inimicis
3147 3046 3603 3129 nostris.0mnes

1954 3149 2148 3200 autem
2180 3144 2281 3216 qui
2314 3144 2561 3199 oderunt
2589 3160 2696 3200 nos
2721 3162 2734 3199 :
2757 3141 2844 3200 vel
2871 3144 3137 3201 homines
3166 3156 3489 3218 perversos,
3514 3142 3602 3201 vel

1949 3232 2291 3288 immundos
2323 3232 2565 3303 spiritus
2592 3232 2903 3304 signiﬁcat.

1985 3323 2021 3373 5
2094 3320 2171 3376 Ad
2211 3320 2521 3393 [aciendam
2566 3320 3002 3378 misericordiam
3042 3336 3171 3378 cum
3214 3321 3466 3395 patribus
3494 3338 3599 3377 no-

2168 3412 2315 3465 stris.

2095 3498 2159 3553 Et
2189 3500 2485 3553 memorari
2512 3500 2820 3555 testamenti
2843 3500 2935 3555 sui
2960 3496 3154 3555 sancti.
3562 3556 3565 3557 ν

1966 3574 1971 3583 ’
2022 3587 2104 3641 Ad
2140 3586 2465 3641 faciendam
2498 3586 2957 3643 misericordiam
2987 3601 3000 3643 :
3032 3586 3254 3645 dixerat
3281 3584 3461 3653 enim,
3484 3585 3593 3642 Do-

1954 3675 2181 3730 minum
2212 3675 2382 3746 juxta
2410 3674 2640 3747 eloquia
2676 3676 3092 3749 prophetarum
3123 3674 3181 3731 in
3212 3676 3385 3732 domo
3413 3673 3590 3730 David

1953 3764 2319 3819 nasciturum
2346 3781 2359 3818 :
2386 3768 2441 3819 et
2470 3762 2550 3819 ita
2580 3763 3037 3820 misericordiam
3075 3765 3286 3820 factam
3317 3774 3450 3820 eam
3485 3764 3590 3831 eis,

1952 3867 2086 3906 cum
2120 3850 2427 3923 impletum
2459 3856 2613 3907 esset
2647 3852 3023 3924 promissum.

1985 3941 2021 3993 6
2091 3939 2486 4011 Jusjurandum
2513 3940 2653 4011 quod
2692 3941 2908 4011 juravit
2953 3940 3023 3996 ad
3070 3941 3346 3997 Abraham
3368 3945 3594 4012 patrem

2164 4035 2410 4082 nostrum
2437 4044 2452 4083 ἶ

2096 4118 2369 4170 Daturum
2395 4130 2453 4170 se
2476 4115 2652 4170 nobis.

2023 4202 2481 4272 Jusjurandum:
2508 4202 2650 4257 dicit
2676 4188 2945 4258 eumdem
2962 4196 3596 4277 Christum,ju.rtaju§«

1944 4291 2268 4362 jurandum
2292 4291 2446 4363 quod
2471 4289 2879 4362 Deusjuravit,
2901 4306 3009 4348 nos
3028 4307 3154 4348 esse
3183 4292 3593 4366 liberaturum,

1954 4380 2025 4434 ad
2045 4378 2394 4452 explendum
2416 4382 2830 4435 testamentum
2849 4382 3000 4453 quod
3023 4381 3265 4437 Abrahe
3281 4383 3591 4455 disposuit.

1955 4458 2101 4533 Quia
2128 4467 2392 4524 videlicet
2420 4467 2512 4522 his
2560 4469 2848 4541 praecipue
2896 4469 3242 4541 patriarchis
3269 4471 3339 4526 de
3366 4486 3473 4526 suo
3502 4478 3592 4526 se-

1956 4557 2132 4624 mine,
2165 4555 2251 4611 vel
2298 4556 2668 4630 congregatio
2713 4557 2998 4629 gen'tium,
3025 4556 3114 4613 vel
3160 4558 3477 4615 incarnalio
3506 4548 3596 4615 est

1955 4661 2327 4716 repromissa.

1988 4734 2023 4785 7
2101 4732 2163 4789 Ut
2188 4734 2306 4787 sine
2334 4734 2525 4787 timore
2570 4731 2637 4789 de
2678 4748 2849 4789 manu
2888 4735 3238 4792 inimicorum
3280 4743 3594 4792 nostrarum

2171 4821 2391 4876 liberati
2415 4837 2435 4876 :

2095 4907 2405 4963 Serviamus
2434 4909 2542 4963 illi.

2024 4995 2097 5050 Ut
2130 4997 2255 5051 sine
2294 4998 2538 5052 timore:
2565 5011 2699 5052 nam
2728 4997 2827 5070 qui
2865 4997 2951 5055 vel
2982 5004 3114 5057 ante
3144 5005 3390 5058 mortem
3422 5019 3456 5058 a
3484 5001 3595 5059 Do-

1957 5083 2100 5137 mini
2126 5083 2359 5139 servitio
2379 5085 2645 5153 discedit,
2667 5085 2755 5140 vel
2785 5100 2982 5143 coram
3005 5087 3344 5147 hominibus
3366 5094 3595 5148 tantum

1956 5174 2013 5224 et
2041 5187 2157 5225 non
2198 5187 2393 5227 coram
2445 5176 2556 5227 Deo
2608 5177 2846 5230 sanctus
2894 5176 3207 5247 perdurare
3254 5178 3595 5237 contendit:

1957 5257 2206 5313 necdum
2237 5259 2307 5313 de
2339 5276 2513 5314 manu
2557 5259 2909 5331 spiritalium
2949 5261 3322 5322 inimicorum
3353 5256 3607 5338 perfecte‘

1957 5346 2239 5400 liberatus
2270 5346 2515 5402 Domino
2546 5348 2721 5403 servit
2751 5349 2843 5415 (IV
2869 5352 2996 5419 Reg.
3025 5355 3181 5420 xvu),
3206 5353 3305 5408 sed
3336 5351 3599 5423 exemplo

1958 5432 2457 5490 Samaritanorum
2479 5434 2591 5491 diis
2622 5436 2883 5508 gentium
2906 5437 3122 5509 pariter
3145 5444 3201 5494 et
3221 5440 3466 5496 Domino
3487 5452 3601 5495 ser-

1958 5521 2077 5578 vire
2107 5525 2374 5576 conatur.

1998 5612 2034 5664 8
2104 5613 2170 5664 In
2192 5611 2475 5667 sanctitate
2502 5619 2551 5667 et
2571 5613 2792 5684 justitia
2820 5628 3002 5669 coram
3031 5614 3142 5685 ipso
3172 5630 3194 5669 .·

2107 5696 2365 5753 Omnibus
2398 5699 2589 5755 diebus
2618 5701 2839 5755 nostris.

2038 5784 2101 5843 In
2133 5785 2446 5846 sanctitate
2469 5805 2482 5844 :
2508 5793 2702 5862 aperte
2730 5790 2785 5843 et
2814 5785 3058 5842 breviter
3077 5778 3364 5855 quomodo
3389 5772 3465 5831 sit
3484 5776 3594 5829 Do-

3209 5901 3283 5967 18
