4938 6476
1099 519 1217 578 555

2325 511 2741 574 EXPOSI'I‘IO
2787 512 3293 574 rsmamaru.
4406 521 4510 580 556

1100 651 1264 708 mino
1292 649 1665 705 serviendum
1693 649 1977 720 designat,
1993 647 2253 701 videiieot
2278 647 2331 700 in
2358 646 2664 698 sanctitate
2697 651 2754 698 et
2784 651 2835 715 Α
2867 648 3019 699 enim
3057 651 3114 698 nt
3140 673 3148 698 ;
3173 646 3284 699 Ecut
3313 665 3410 717 per
3431 649 3763 718 superbiam
3799 651 3998 720 prima,
4022 655 4293 723 parentis
4317 661 4512 708 nostra:

1090 739 1352 811 justitia,
1378 744 1438 794 et
1469 755 1661 794 coram
1695 739 1821 809 ipso
1851 742 1906 792 et
1936 736 2206 790 omnibus
2239 735 2444 788 diebus
2478 733 2717 788 nostris.

1135 828 1173 883 9
1247 828 1314 882 Et
1342 836 1422 894 tu,
1450 844 1607 899 puer,
1636 827 1899 898 propheta
1926 826 2189 879 Allissimi
2221 825 2515 877 roeuhcris.

1247 917 1489 974 Prmibis
1524 918 1669 972 enim
1717 924 1843 970 ante
1888 916 2086 985 faciem
2137 914 2360 968 Domini
2409 928 2616 984 parare
2647 913 2760 964 rius

1321 1007 1439 1077 ejus
1469 1023 1487 1058 :

1177 1095 1249 1151 Et
1271 1099 1332 1149 tu
1365 1110 1526 1167 puer.
1562 1092 1806 1148 Pulchre
1838 1107 1969 1146 cum
2017 1092 2087 1145 de
2119 1090 2367 1144 Domino
2399 1089 2755 1158 loqueretur,

1107 1183 1179 1238 ad
1210 1181 1548 1255 prophetam
1581 1186 1817 1254 repente
1849 1199 1955 1236 sua
1979 1182 2154 1234 verba
2200 1180 2480 1233 convertit
2507 1195 2518 1231 :
2556 1183 2616 1230 ut
2653 1178 2758 1230 hoc

1104 1287 1334 1343 quoque
1362 1270 1711 1326 beneficium
1753 1286 1882 1324 esse
1923 1270 2154 1324 Domini
2189 1269 2540 1336 designaret.
2575 1270 2614 1319 Α
2649 1266 2756 1318 Sed

1104 1359 1395 1431 quomodo
1426 1357 1641 1430 alloqui
1677 1374 1926 1430 puerum
1949 1362 2198 1429 poterat,
2223 1373 2355 1410 cum
2388 1371 2520 1409 eum
2548 1354 2628 1407 vel
2664 1371 2763 1408 au-

1103 1447 1226 1504 dire
1251 1447 1338 1502 vel
1371 1446 1694 1520 intelligere
1725 1464 1838 1501 non
1881 1445 2174 1519 potuerit?
2221 1445 2320 1498 sed
2371 1447 2595 1516 poterat
2625 1459 2757 1496 cum

1100 1535 1446 1609 intelligere,
1467 1536 1606 1608 quia
1628 1536 1848 1607 Spiritu
1874 1539 2080 1589 sancto
2105 1537 2313 1604 plenus
2335 1537 2456 1586 erat
2483 1550 2498 1584 :
2523 1531 2568 1584 si
2602 1531 2757 1584 enim

1101 1625 1291 1683 adhuc
1324 1629 1489 1681 utero
1521 1626 1725 1680 matris
1768 1625 2008 1679 clausus
2053 1624 2366 1676 adventum
2404 1619 2630 1674 Domini
2665 1637 2757 1673 Co-

1101 1715 1322 1788 gnovit,
1345 1715 1472 1786 jam
1506 1718 1680 1770 natus
1712 1712 2038 1784 intelligere
2071 1711 2321 1765 valebat.

1104 1804 1175 1858 10
1247 1803 1326 1858 Ad
1354 1802 1588 1858 dandam
1615 1804 1900 1858 scientiam
1931 1802 2132 1855 salutis
2161 1801 2307 1870 plebi
2331 1801 2444 1871 ejus
2476 1816 2492 1851 :

1241 1896 1308 1947 In
1338 1893 1711 1948 remissionem
1738 1899 2079 1962 peccatorum
2115 1906 2322 1944 eorum.

2871 735 2994 788 Evm
3027 753 3180 785 mors
3213 736 3446 789 intravit
3479 737 3532 790 in
3567 740 3851 792 mundum
3890 755 3902 793 :
3941 741 4020 794 ita
4049 742 4250 796 denuo
4287 760 4388 814 per
4417 744 4515 798 hu-

2871 823 3172 877 militatem
3209 824 3398 877 .\I.iri.e
3433 826 3559 879 vitm
3593 827 3865 883 introitus
3899 831 4284 900 panderetur.

2906 913 2934 965 4
3012 914 3147 978 Quia
3177 915 3306 982 fecit
3329 915 3466 967 mihi
3493 933 3691 982 magna
3722 920 3817 987 qui
3841 928 4034 990 potens
4061 930 4160 974 est.

3009 1001 3071 1052 Et
3102 1005 3346 1053 saucium
3382 1018 3572 1054 nomen
3605 1005 3739 1071 ejus.

2941 1087 3082 1151 Quia
3117 1089 3282 1142 fecit:
3313 1089 3434 1142 sola
3466 1091 3680 1161 quippe
3713 1091 3810 1146 illa
3836 1094 4073 1148 anima:
4101 1095 4199 1150 cui
4242 1096 4518 1154 Dominus

2870 1191 3081 1244 magna
3112 1177 3292 1230 facere
3325 1178 3619 1246 dignatur,
3654 1179 3848 1248 dignis
3886 1198 4022 1236 eum
4058 1187 4375 1254 pra‘coniis
4406 1205 4519 1242 ma-

2868 1263 3140 1332 gnilicare
3174 1270 3381 1334 potest.
3417 1270 3694 1321 Sanctum
3724 1275 3917 1324 autem
3955 1289 4170 1327 nomen
4205 1276 4340 1344 ejus
4371 1294 4522 1331 voca-

2869 1356 2980 1416 tur,
3005 1353 3155 1422 quod
3187 1353 3500 1422 singularis
3532 1356 3786 1411 culmine.
3837 1361 4110 1430 potentia‘
4165 1368 4523 1421 transcendit

2868 1457 3100 1494 omnem
3141 1449 3487 1510 creaturam,
3522 1451 3694 1516 atque
3744 1448 3818 1499 ab
3875 1449 4170 1505 universis
4208 1470 4340 1524 qua:
4400 1456 4523 1510 fecit

2870 1527 3035 1599 longe
3067 1537 3423 1598 segregatur.

2902 1619 2938 1669 5
3011 1619 3072 1670 Et
3105 1621 3479 1674 miserieonlia
3509 1625 3624 1692 ejus
3655 1643 3684 1677 α
3710 1630 3968 1696 progenie
3999 1630 4057 1681 in
4089 1635 4406 1700 progenies.

3012 1708 3342 1762 Timentibus
3372 1727 3516 1765 eum.

2943 1795 3003 1848 Et
3036 1798 3471 1854 misericordia:
3501 1803 3666 1871 quasi
3702 1804 3914 1858 diceret
3942 1807 4098 1861 sicut
4128 1826 4316 1881 supra
4347 1828 4439 1866 me
4471 1813 4532 1868 ti-

2872 1891 3120 1939 mentem
3149 1889 3301 1940 venit
3335 1889 3732 1945 misericordia
3755 1894 3903 1962 ejus,
3930 1894 4010 1949 ita
4035 1901 4090 1950 et
4123 1915 4309 1970 supra
4331 1918 4531 1958 omnes

1171 1979 1255 2035 Ad
1273 1979 1528 2035 dandam
1554 1979 1860 2034 scientiam
1881 1995 2012 2032 cum
2037 1978 2290 2031 dandam
2317 1978 2756 2038 commemorat,
2789 2019 2836 2084 Β
2870 1973 3158 2027 timentes.
3186 1977 3219 2028 Α
3253 1977 3597 2046 specialibus
3627 1981 3781 2035 enim
3816 2000 3876 2036 se
3909 1984 4102 2053 donis,
4129 1988 4204 2041 ad
4240 1993 4534 2060 generalia

1381 2067 1394 2084 I
1534 2073 1544 2084 Δ
1801 2066 1815 2084 1
2019 2082 2030 2084 _
2230 2066 2336 2084 ,HA,’
2412 2064 2613 2084 -1ηι.,-μ-
2655 2080 2725 2084 _-_
2875 2061 3195 2084 I|.I:_-.li,f,,
3240 2083 3247 2084 κ
3297 2082 3391 2084 νη,
3436 2071 3445 2084 ι
3601 2075 3610 2084 .
3662 2071 3696 2084 ι·
3795 2071 3806 2084 ι
4025 2074 4035 2083 ι
4250 2079 4257 2084 .

1105 2085 1176 2124 ne
1203 2067 1493 2124 carnalem
1531 2066 2038 2140 temporalemque
2081 2066 2337 2138 promitti
2373 2064 2619 2119 salutem
2655 2080 2756 2133 pu-

1103 2161 1276 2224 tares,
1298 2156 1357 2212 in
1389 2156 1802 2212 remissionem
1837 2155 2032 2227 inquit
2061 2161 2429 2226 peccatorum
2465 2168 2685 2205 corum.

1102 2247 1160 2302 lt
1242 2253 1346 2304 Per
1371 2249 1576 2302 viscera
1611 2245 2011 2300 miscricordia’
2045 2246 2140 2296 Ilei
2171 2244 2343 2296 nostri
2375 2259 2392 2296 :

1239 2337 1301 2392 In
1329 2337 1529 2408 quibus
1562 2337 1807 2389 visitavi!
1837 2349 1933 2388 nos
1963 2335 2144 2388 oriens
2174 2348 2244 2386 er
2269 2333 2398 2385 alto.

1103 2481 1108 2486 .
1172 2425 1277 2481 Per
1303 2426 1527 2481 viscera
1552 2441 1564 2480 :
1589 2424 1812 2479 viscera
1856 2440 1974 2479 non
2023 2422 2213 2475 solum
2249 2419 2450 2474 vitalia
2481 2417 2758 2470 dicuntur

1101 2512 1394 2570 interioris
1443 2513 1725 2585 corporis,
1753 2528 1954 2566 verum
1988 2509 2163 2564 etiam
2197 2525 2368 2562 omne
2400 2506 2552 2577 quod
2602 2504 2756 2559 eorio

1103 2607 1162 2658 et
1184 2601 1334 2675 pelle
1363 2601 1583 2673 tegitur
1606 2619 1619 2656 :
1645 2604 1701 2655 et
1733 2617 1833 2672 per
1851 2597 2338 2660 viscera,oceulta
2358 2597 2485 2664 ejus
2520 2594 2753 2648 misera.

1104 2693 1186 2747 tio
1216 2691 1580 2762 designatur.
1607 2691 1672 2744 In
1705 2689 1942 2759 quibus,
1977 2687 2198 2741 scilicet
2236 2685 2477 2739 occultis
2518 2684 2756 2737 miseia-

1103 2778 1368 2835 tionibus
1398 2777 1655 2831 visitavit
1693 2793 1799 2830 nos
1831 2776 2025 2830 oriens
2055 2792 2122 2828 ex
2153 2774 2285 2827 alto.
2311 2774 2413 2838 Qui
2450 2773 2574 2826 ideo
2606 2776 2754 2824 recte

1103 2867 1302 2923 oriens
1330 2871 1574 2921 vocatur
1606 2881 1619 2919 :
1653 2865 1806 2936 quod
1842 2865 2010 2918 nobis
2043 2870 2231 2918 ortum
2265 2880 2407 2917 vera:
2451 2861 2594 2914 lucis
2626 2877 2754 2929 ape-

1105 2956 1285 3021 riens,
1310 2954 1462 3012 filios
1493 2955 1681 3010 noctis
1705 2959 1761 3009 et
1791 2954 2182 3015 tenebrarum,
2212 2952 2355 3007 lucis
2385 2952 2572 3004 ell'ecit
2603 2950 2753 3002 lilios

1127 3046 1156 3101 I
1183 3046 1352 3100 Thess.
1387 3046 1463 3101 v).

1127 3046 1156 3101 I
1183 3046 1352 3100 Thess.
1387 3061 1421 3098 v
1450 3086 1463 3098 .

1103 3049 1174 3190 i2
1243 3045 1570 3189 Illuminare
1596 3134 1682 3188 his
1700 3135 1796 3205 qui
1825 3134 1882 3188 in
1914 3133 2147 3188 tem'bris
2176 3139 2225 3186 et
2255 3133 2309 3184 in
2341 3130 2531 3184 umbra
2564 3130 2754 3182 mortis

1309 3223 1494 3279 sedent
1514 3241 1532 3277 :

1234 3315 1298 3369 At
1323 3312 1636 3384 dirigendos
1660 3311 1821 3384 pedes
1849 3319 2064 3366 nostros
2097 3311 2153 3362 iu
2188 3311 2334 3362 riam
2364 3308 2534 3379 pacis.

2871 2061 2965 2113 Dei
2984 2063 3204 2131 judicia
3224 2071 3580 2130 convertens,
3601 2071 3775 2124 totius
3795 2071 4037 2126 humani
4057 2079 4298 2144 generis
4316 2085 4532 2137 statum

2868 2151 3176 2206 describit:
3203 2155 3415 2223 etquid
3447 2159 3702 2227 superbi,
3722 2161 3858 2230 quid
3888 2161 4144 2219 humiles
4169 2177 4531 2232 mereantur,

2869 2239 3006 2309 quid
3046 2241 3144 2293 lilii
3182 2243 3420 2295 .\bral1:e
3455 2262 3554 2315 per
3597 2246 3843 2302 liberum
3876 2251 4214 2324 arbitrium,
4250 2259 4395 2327 quid
4433 2260 4532 2314 lilii

2868 2327 2965 2382 Dei
2991 2329 3108 2382 sint
3143 2347 3241 2400 per
3263 2332 3531 2400 gratimu,
3549 2335 3787 2389 alternis
3811 2340 4078 2394 versibus
4108 2345 4387 2414 explicat.
4413 2347 4530 2402 Non

2867 2433 3024 2485 ergo,
3055 2417 3262 2488 inquit,
3288 2420 3392 2473 soli
3433 2423 3571 2474 mihi
3608 2425 3742 2478 fecit
3776 2443 3986 2494 magna
4022 2431 4122 2500 qui
4159 2439 4377 2503 potens
4408 2443 4529 2492 est:

2867 2507 2965 2559 sed
3001 2512 3052 2559 et
3088 2508 3140 2559 in
3174 2509 3329 2561 omni
3365 2515 3531 2578 gente
3582 2518 3638 2565 et
3688 2517 3982 2585 progenie,
4012 2519 4110 2588 qui
4147 2522 4320 2576 timet
4353 2524 4530 2581 Deum

2866 2600 2922 2647 et
2949 2603 3220 2664 operatur
3243 2598 3560 2666 justitiam,
3587 2610 3859 2672 acceptus
3887 2611 3974 2659 est
4007 2606 4086 2660 illi
4121 2612 4266 2676 (Act.
4301 2615 4380 2680 Χ).

2899 2687 2934 2734 (3
3009 2687 3148 2738 Feri!
3179 2691 3474 2756 [mtentium
3507 2707 3561 2741 tu
3599 2690 3817 2745 brachio
3847 2711 3961 2748 suo.

3009 2775 3276 2843 Divpersit
3303 2780 3559 2844 super/ms
3589 2789 3765 2833 mente
3794 2784 3968 2835 cordis
3995 2787 4101 2839 sui.

2939 2862 3087 2915 l’ecit
3120 2864 3435 2933 potentiam
3464 2883 3474 2919 :
3507 2884 3659 2920 nunc
3682 2869 3749 2922 de
3775 2869 3890 2924 Deo
3916 2875 4081 2927 Patre
4109 2873 4400 2946 loquitur,
4430 2883 4524 2951 qui

2866 2952 2996 3004 fecit
3029 2953 3342 3021 potentiam
3393 2954 3446 3007 in
3483 2955 3719 3009 brachio
3751 2975 3879 3023 suo,
3915 2961 3969 3014 id
4003 2967 4092 3016 est
4149 2965 4209 3019 in
4265 2967 4397 3035 ipso
4425 2988 4524 3024 suo

2865 3039 3026 3105 Filio,
3052 3042 3198 3094 sicut
3231 3043 3382 3094 enim
3420 3049 3581 3097 tuum
3617 3045 3920 3103 brachium
3952 3055 4040 3104 est
4073 3069 4176 3122 per
4205 3058 4372 3126 quod
4397 3076 4524 3130 ope-

2864 3130 3032 3194 raris,
3050 3130 3129 3182 sic
3153 3131 3249 3184 Dei
3279 3131 3581 3186 brachium
3605 3135 3826 3189 dictum
3849 3143 3938 3192 est
3959 3140 4088 3209 ejus
4105 3144 4528 3218 verbum,quia

2863 3236 2964 3290 per
2994 3219 3226 3272 verbum
3257 3228 3525 3291 operatus
3553 3229 3640 3277 est
3669 3227 3977 3282 mundum.
4007 3229 4048 3283 B
4081 3229 4181 3285 Vel
4212 3233 4525 3292 brachium

2861 3325 3058 3373 suum,
3091 3314 3344 3378 potestas
3375 3315 3432 3364 et
3463 3311 3603 3365 ditio
3643 3314 3772 3382 ejus
3816 3313 4052 3370 virtutis
4085 3319 4315 3378 dicitur
4345 3342 4361 3379 :
4395 3329 4528 3397 quia

1165 3401 1503 3458 Illuminare
1526 3419 1540 3456 :
1567 3400 1796 3456 Domini
1825 3399 2282 3462 illuminare,est
2306 3397 2395 3450 his
2418 3396 2516 3466 qui
2547 3395 2600 3447 in
2627 3410 2750 3464 pec-
2780 3386 2824 3452 C
2865 3415 2977 3451 non
3011 3396 3199 3451 alieno
3231 3398 3300 3451 ad
3335 3401 3693 3468 operandum
3727 3403 3942 3459 auxilio
3975 3405 4220 3478 indiget.

1093 3491 1240 3548 catis
1257 3495 1314 3546 et
1334 3489 1680 3562 ignorantiae
1702 3489 1953 3542 cmcitate
1974 3486 2237 3553 vixerint,
2255 3484 2570 3556 agnitionis
2597 3500 2750 3537 amo-

1093 3581 1295 3652 risque
1325 3579 1417 3636 sui
1458 3575 1656 3634 radios
1709 3577 1967 3648 inﬁgere.
2003 3576 2182 3630 Pedes
2234 3581 2429 3629 autem
2477 3572 2657 3627 nostri
2691 3573 2747 3626 in

1092 3669 1253 3725 viam
1286 3668 1446 3740 pacis
1477 3665 1814 3738 diriguntur
1845 3682 1858 3720 :
1891 3683 2022 3720 cum
2067 3665 2365 3720 actionum
2415 3667 2746 3716 nostrarum

1093 3757 1208 3814 iter
1237 3774 1341 3830 per
1367 3756 1567 3812 omnia
1595 3771 1727 3810 cum
1774 3754 2174 3827 Redemptoris
2212 3752 2746 3821 illuminatorisque

1094 3847 1281 3903 nostri
1311 3845 1495 3920 gratia
1523 3845 1852 3901 concordat.

1163 3980 1527 4039 CANTICUM
1559 3979 1851 4036 SANCTJS
1883 3977 2130 4034 MAItLE
2169 3977 2264 4032 AD
2293 3974 2674 4030 VESPERAM

1651 4087 1811 4126 ιυαε
1839 4085 2039 4124 CAPITL‘
2051 4084 2115 4122 L0
2147 4085 2184 4123 I.

1124 4192 1151 4247 1
1227 4189 1537 4262 Hagniﬁcat
1563 4189 1750 4244 anima
1779 4185 2243 4257 meaiDominum.

1162 4296 1499 4370 Magniﬁcat
1522 4293 1723 4352 anima
1747 4309 1914 4349 mea:
1942 4297 2100 4346 tanto
2127 4289 2319 4362 inquit
2344 4306 2434 4342 me
2462 4287 2746 4342 Dominus

1087 4394 1373 4460 tanquam
1406 4385 1668 4441 inaudito
1712 4399 1956 4438 munere
2003 4379 2364 4446 sublimavit,
2393 4377 2550 4450 quod
2585 4376 2745 4430 nullo

1089 4477 1302 4551 lingua:
1334 4474 1522 4531 ofﬁcio
1547 4471 1844 4548 explicari,
1870 4472 1969 4526 sed
2005 4471 2212 4524 intimo
2251 4467 2503 4540 pectoris
2536 4466 2743 4520 afl‘ectu

1085 4567 1183 4626 vix
1209 4565 1396 4623 valeat
1425 4562 1879 4636 comprehendi:
1909 4562 1979 4615 Et
2011 4561 2137 4614 ideo
2171 4563 2324 4612 totas
2356 4556 2563 4609 anima:
2595 4556 2745 4610 vires

1088 4658 1148 4714 in
1181 4655 1424 4730 agendis
1453 4653 1774 4727 gratiarum
1805 4649 2087 4705 laudibus
2118 4649 2318 4701 oltero.

1122 4750 1160 4803 2
1230 4747 1296 4802 Et
1321 4744 1618 4800 exsultavit
1645 4743 1880 4813 spiritus
1910 4752 2086 4791 meus.

1233 4839 1295 4892 In
1324 4835 1430 4890 Deo
1458 4832 1699 4888 salutari
1728 4844 1867 4884 meo.

1159 4925 1229 4980 Et
1247 4921 1560 4981 exsultavit
1583 4918 1832 4991 spiritus
1863 4929 2037 4969 meus
2062 4929 2074 4966 :
2101 4910 2240 4982 quia
2269 4915 2324 4964 et
2361 4911 2616 4981 ejusdem
2649 4912 2742 4968 Je-

1089 5031 1181 5080 su,
1203 5014 1260 5068 id
1282 5016 1375 5068 est
1407 5007 1688 5067 salutaris
1726 5008 1947 5059 interna
1968 5000 2268 5055 divinitate
2307 5001 2547 5072 spiritus
2581 5019 2743 5058 meus

1089 5088 1349 5158 laetatur:
1372 5100 1502 5171 ejus
1524 5112 1659 5152 mea
1679 5109 1815 5149 caro
1836 5088 2138 5162 temporali
2161 5091 2532 5162 conceptione
2557 5092 2746 5146 fecuno

1089 5191 1280 5246 datur.
1304 5189 1410 5244 Cui
1439 5183 1636 5241 simile
1665 5187 1756 5237 est
1783 5179 2128 5235 Psalmistan
2152 5180 2356 5235 Anima
2389 5185 2582 5235 autem
2616 5199 2745 5237 mea

1089 5275 1406 5336 exsultabit
1434 5275 1494 5329 in
1528 5272 1776 5328 Domino
1799 5274 1854 5326 et
1885 5269 2266 5325 delectabitur
2291 5287 2467 5342 super
2498 5269 2742 5326 salutari

1099 5383 1204 5423 suo
1233 5365 1407 5436 (Psal.
1441 5363 1655 5432 xxxrv).

1131 5455 1166 5510 3
1239 5455 1376 5524 Quia
1406 5453 1646 5524 respexit
1674 5451 2036 5506 humilitatem
2065 5451 2291 5505 ancillae
2317 5465 2452 5505 sum.

1239 5543 1368 5599 Ecce
1393 5543 1546 5598 enim
1585 5555 1654 5596 ex
1689 5542 1785 5595 hoc
1814 5540 2024 5595 beatam
2053 5557 2136 5595 mc
2161 5540 2343 5594 dicent
2369 5556 2550 5594 omnes
2579 5555 2740 5608 gene-

1307 5633 1564 5688 rationm.

1175 5717 1314 5781 Quia
1352 5718 1627 5796 respexit.
1657 5720 1832 5792 cuius
1881 5719 2180 5775 humilitas
2229 5716 2562 5790 respicitur,
2587 5724 2740 5773 recte

1115 5805 1270 5865 "-eata
1295 5812 1567 5874 omnibus
1611 5809 2069 5886 cognominanda
2107 5806 2458 5884 gratulatur.
2492 5806 2741 5863 Decebat

2777 4761 2825 4826 Ι)
2929 4735 3334 4826 DEsurientes
3379 4736 3654 4805 cu'lestia,
3691 4739 4012 4812 implentur
4055 4743 4149 4798 hic
4197 4748 4534 4809 virtutibus

2894 3487 2927 3538 7
3003 3487 3255 3556 Deposuit
3279 3493 3518 3557 potentes
3549 3489 3612 3544 de
3639 3491 3782 3546 sedc.

3003 3579 3064 3630 Et
3093 3577 3356 3630 arallarit
3387 3579 3636 3633 hinnitus.

2931 3663 3206 3735 Deposuit
3236 3681 3248 3718 :
3279 3671 3537 3735 potentes
3560 3669 3713 3722 enim
3758 3671 4130 3742 appellantur
4173 3676 4346 3741 elati,
4382 3683 4536 3738 sicut

2855 3752 3037 3807 Judaei
3066 3770 3076 3806 :
3105 3753 3202 3822 qui
3238 3754 3484 3824 depositi
3520 3763 3660 3811 sunt
3693 3759 3760 3812 de
3796 3762 3930 3815 sede
3962 3764 4146 3832 regni,
4173 3783 4282 3821 Seu
4319 3769 4538 3827 intelli-

2857 3844 3052 3913 gentia
3085 3849 3417 3897 sanctarum
3453 3847 3911 3916 Scripturarum.
3947 3851 3988 3905 Β
4019 3854 4408 3928 Eosdemch
4447 3879 4540 3933 με-

2859 3936 3065 3998 tentes,
3093 3949 3237 4002 quos
3269 3939 3400 3987 ante
3431 3938 3711 4005 superbos
3737 3938 3979 4006 dixerat,
4003 3944 4290 4014 appellat,
4319 3957 4536 4020 ριιίςῃ-

2857 4026 2943 4076 tes
2977 4021 3172 4091 igitur,
3209 4039 3319 4075 non
3353 4025 3491 4093 quia
3535 4041 3663 4080 vere
3707 4028 3825 4082 sint
3873 4035 4159 4099 potentes,
4185 4035 4492 4095 dicuntur
4522 4059 4536 4095 :

2857 4110 2956 4164 sed
2990 4109 3128 4180 quia
3175 4111 3532 4166 conﬁdentes
3565 4113 3618 4167 in
3653 4115 3863 4170 virtute
3909 4136 4035 4185 sua,
4065 4124 4410 4184 conditoris
4445 4132 4534 4184 sui

2857 4199 3140 4253 auxilium
3191 4216 3444 4270 qumrere
3490 4202 3833 4259 detrectant.
3873 4205 3956 4261 Illi
4005 4215 4202 4265 autem
4237 4230 4380 4270 vere
4437 4236 4536 4289 po-

2857 4293 3042 4342 tentes
3076 4290 3351 4359 sunt,qui
3381 4308 3513 4344 cum
3545 4293 3823 4363 Apostolo
3849 4295 4038 4352 dicere
4068 4311 4327 4370 possunt
4359 4323 4374 4358 :
4402 4311 4534 4362 υω-

2857 4377 2952 4431 nia
2984 4395 3222 4449 possum
3270 4378 3324 4431 in
3367 4381 3560 4450 coqui
3626 4398 3716 4435 me
3773 4387 4060 4441 conlortat
4111 4388 4259 4445 Jesu
4292 4395 4536 4452 Christo

2856 4468 3024 4538 (Phil.
3061 4470 3156 4537 iv).

2890 4559 2924 4608 8
2997 4556 3305 4611 Esuricntc.‘
3341 4559 3432 4628 im;
3457 4559 3582 4613 [erit
3617 4560 3788 4615 bonis.

2999 4649 3063 4699 Et
3092 4646 3280 4700 divites
3311 4645 3521 4702 dimisit
3556 4650 3763 4705 inanes.

2855 4823 3207 4888 cmlestibus,
3231 4829 3285 4878 ct
3317 4830 3446 4896 post
3491 4832 3734 4882 mortem
3768 4833 3985 4884 a-terna
4016 4831 4395 4895 beatitudine
4430 4859 4446 4895 :
4479 4851 4534 4894 et

2855 4914 2952 4984 qui
2979 4913 3221 4968 terrenis
3244 4913 3461 4968 divitiis
3479 4914 3564 4969 vel
3593 4914 3914 4974 honoribus
3934 4919 4534 4999 gloriantur,qu;bus

2853 5004 3092 5058 refertos
3125 5019 3184 5056 se
3231 5007 3464 5068 norunt,
3491 5005 3654 5058 vacui
3705 5005 4121 5078 relinquuntur
4168 5015 4531 5080 virtutibus,

2851 5095 2906 5146 et
2938 5097 3067 5163 post
3100 5091 3249 5146 hanc
3279 5091 3453 5145 vitam
3485 5097 3698 5148 (eterna
3722 5093 4074 5152 laborabunt
4107 5101 4341 5175 inopia,

2883 5182 2920 5234 9
2992 5183 3235 5251 Suscepit
3268 5180 3437 5234 Israel
3462 5197 3696 5252 puerum
3721 5201 3906 5240 suum.

2993 5270 3313 5324 ltecordatus
3345 5272 3741 5329 misericordiw
3768 5290 3905 5330 sua}.

2919 5359 3185 5430 Suscepit
3220 5358 3391 5415 Israel
3426 5375 3439 5414 :
3475 5359 3671 5426 Israel,
3705 5362 3762 5416 id
3808 5369 3896 5419 est
3941 5369 4140 5425 omnis
4173 5372 4394 5431 videns
4429 5393 4530 5448 p-sr

2851 5450 3024 5504 ﬁdem
3075 5448 3279 5518 Deum,
3312 5449 3632 5520 suscipitur
3677 5468 3710 5506 a
3759 5451 3903 5517 Deo;
3938 5456 4083 5511 dum
4133 5477 4312 5531 puer.
4347 5467 4410 5521 id
4443 5473 4528 5521 est

2847 5538 3089 5594 humilis
3118 5543 3172 5592 et
3202 5539 3480 5593 obediens
3507 5541 3700 5596 fuerit.
3733 5545 4000 5616 Suscepit
4029 5548 4213 5619 igitur
4245 5557 4413 5610 Deus
4449 5557 4526 5611 Is-

2849 5628 2964 5683 rael
2999 5645 3241 5700 puerum
3285 5646 3481 5696 suum,
3517 5632 3751 5702 quando
3791 5649 4030 5692 carnem
4065 5655 4134 5694 ex
4167 5641 4358 5698 Israel
4393 5662 4524 5699 sur-

2848 5736 2978 5774 sum
3011 5719 3182 5791 cepit,
3215 5723 3272 5775 et
3314 5719 3555 5775 elevavit
3603 5738 3788 5795 usque
3842 5725 3914 5780 ad
3963 5728 4248 5788 unionem
4287 5735 4471 5789 Verbi
4505 5751 4518 5786 :

2849 5825 3039 5882 susceI
3063 5809 3102 5865 it
3137 5809 3273 5865 dum
3326 5811 3434 5865 sibi
3473 5810 3529 5866 in
3563 5817 3726 5868 utero
3777 5813 3968 5871 Mariae
4000 5817 4254 5893 virginis
4289 5824 4354 5878 in
4391 5840 4518 5898 pcr-

4635 4723 4637 4820 1

4635 5011 4637 5126 Α
