3878 6416
202 529 320 587 557

1028 529 1428 589 ΟΟΜΜΕΝῬ.
1476 530 1553 588 ΙΝ
1601 531 2013 591 ΟΠΑΤΙΟΝΕ]

2030 532 2065 591 il
2110 532 2575 606 DOMINICAM,
2623 536 2789 597 ETC.

3483 542 3602 601 358

194 675 348 715 sona
377 655 586 713 univit.
623 658 688 712 Et
720 657 827 713 hoc
857 675 970 713 non
1004 658 1227 714 meritis
1258 658 1473 715 nostris
1515 664 1618 715 aut
1663 661 1854 732 ipsius
1885 663 1938 727 Α
1962 664 1997 715 2
2110 663 2248 729 Quia
2278 664 2531 722 viderunt
2556 669 2704 722 oculi
2730 671 2857 723 mei.

194 746 377 802 Israel
430 745 592 817 pueri
645 744 758 813 sui,
793 746 892 800 sed
942 746 1340 802 misericordia
1386 764 1494 804 sua
1539 746 1851 815 indicibili,

189 838 367 907 cujus
393 834 735 907 recordatus
765 839 869 890 est.

191 926 262 979 10
336 923 491 979 Sicut
518 923 731 978 locutus
759 927 837 977 est
867 922 936 976 ad
964 930 1142 993 patres
1170 932 1399 979 nostros.

334 1011 610 1066 Abraham
638 1016 689 1065 et
716 1010 919 1065 semini
941 1010 1059 1081 ejus
1090 1012 1146 1065 in
1172 1012 1399 1067 smeula.

258 1098 424 1154 Sicut
457 1099 689 1154 locutus
719 1102 811 1153 est
854 1099 925 1152 ad
975 1102 1168 1169 patres
1218 1103 1448 1154 nostros
1482 1116 1495 1153 :
1529 1097 1637 1153 hoc
1685 1097 1847 1153 enim

184 1189 258 1243 ad
291 1192 487 1259 patres
515 1190 573 1241 et
611 1184 928 1258 prOphetas
979 1185 1345 1257 loquebatur,
1380 1186 1532 1257 quod
1582 1187 1847 1242 facturus

183 1279 339 1331 esset
372 1275 527 1329 hanc
571 1273 1038 1329 misericordiam
1087 1274 1329 1329 Abrahae
1362 1279 1417 1330 et
1448 1274 1654 1329 semini
1690 1275 1842 1345 ejus,

183 1364 241 1419 id
274 1367 364 1418 est
393 1361 556 1418 omni
590 1362 765 1416 fidem
798 1378 964 1417 suam
997 1361 1270 1417 imitanti.

637 1466 1001 1522 C.\NTICUM
1042 1467 1394 1522 SIMEONIS.

755 1555 903 1592 ωολε
941 1554 1213 1593 CAPITULO
1245 1555 1283 1593 ἰ.

183 1638 207 1692 1
325 1637 484 1691 Nune
509 1634 750 1690 dimittis
778 1650 995 1689 servum
1023 1642 1195 1701 tuum,
1230 1636 1473 1690 Domine.

322 1723 636 1779 Secundum
667 1723 891 1781 verbum
923 1731 1077 1778 tuum
1112 1725 1168 1778 in
1196 1739 1347 1794 pace.

250 1812 419 1867 Nunc
453 1810 708 1866 dimittis
743 1828 755 1865 :
789 1810 950 1865 vides
983 1827 1095 1864 non
1130 1810 1319 1866 solum
1351 1809 1619 1875 Novi,sed
1651 1813 1709 1863 et
1735 1810 1840 1865 Ve-

180 1902 317 1957 teris
349 1899 716 1956 Testamenti
739 1900 1067 1971 justos,spe
1100 1898 1304 1953 futuris
1329 1899 1457 1953 vitae
1478 1898 1834 1953 desiderium

180 1989 460 2045 habuisse
517 1986 879 2043 dissolvendi
914 2003 947 2041 a
972 2001 1209 2058 corpore
1242 2001 1255 2039 :
1290 1985 1407 2041 imo
1466 1987 1623 2057 pacis
1679 1986 1832 2041 viam

178 2079 521 2150 deputasse,
558 2076 853 2133 sarcinam
902 2076 1188 2147 deponere
1238 2078 1590 2139 terrestrem,
1632 2078 1843 2146 utputa

181 2166 276 2239 qui
310 2183 374 2222 se
407 2165 469 2220 in
501 2165 634 2221 sinu
667 2162 915 2220 Abrahae
948 2162 1202 2235 requiem
1241 2179 1352 2217 non
1379 2162 1714 2218 dubitarent
1743 2161 1843 2219 ha-

180 2255 407 2311 bituros
441 2270 572 2309 esse
604 2257 974 2326 perpetuam.

1097 2606 1706 2709 SANGTI
1798 2604 2272 2710 BRUN
2282 2605 2683 2711 N015

2102 751 2357 807 Salutare
2382 761 2558 809 tuum.

2032 839 2178 903 Quia
2215 840 2528 897 viderunt:
2564 844 2718 898 Beati
2769 846 2919 900 oculi
2973 847 3071 917 qui
3117 846 3317 902 vident
3362 850 3511 915 (Luc.
3546 853 3610 919 χ)

1960 943 2086 998 quas
2117 928 2348 984 Simeon
2378 931 2541 985 vidit.
2580 931 2733 987 Beati
2760 934 2859 1005 qui
2893 951 3006 989 non
3038 935 3309 990 viderunt
3333 940 3391 991 et
3420 937 3606 991 credi-

1959 1014 2167 1070 derunt
2200 1017 2382 1086 (Joan'.
2414 1019 2529 1089 xx).

1954 1104 1989 1157 3
2124 1106 2281 1175 Quod
2306 1108 2537 1177 parasti.
2571 1108 2705 1164 Ante
2730 1112 2930 1179 [aciem
2968 1113 3212 1166 omnium
3255 1113 3608 1183 populorum.

2026 1194 2183 1257 Quod
2220 1195 2457 1265 parasti.
2494 1195 2639 1250 Illud
2674 1196 2868 1268 inquit
2901 1199 3093 1270 ipsum
3143 1200 3299 1271 quod
3342 1205 3602 1272 postmo-

1952 1280 2091 1335 dum
2126 1282 2401 1337 omnibus
2432 1282 2703 1355 gentibus
2734 1290 2792 1339 et
2825 1285 3056 1357 populis
3087 1291 3145 1342 et
3171 1286 3392 1360 linguis
3412 1293 3604 1344 mente

1951 1384 2017 1425 ac
2048 1370 2161 1424 {ide
2191 1371 2667 1443 conspiciendum
2699 1373 2942 1444 parasti,
2974 1379 3030 1430 et
3061 1392 3164 1447 spe
3196 1392 3262 1432 ac
3292 1375 3602 1433 dilectione

1948 1459 2324 1529 qurercndum
2359 1459 2707 1531 przevidisti,
2744 1461 2867 1533 ipse
2895 1461 2992 1516 diu
3026 1462 3602 1531 desideratum,nunc

1948 1549 2005 1600 et
2035 1546 2226 1601 carnis
2257 1552 2315 1601 et
2335 1548 2527 1604 cordis
2552 1564 2658 1603 ocu
2675 1547 2749 1603 lis
2769 1554 2934 1604 tuum
2952 1549 3205 1607 salutare
3220 1553 3596 1626 contemplor.

1946 1632 1980 1687 4
2088 1636 2293 1689 Lumen
2323 1636 2393 1689 ad
2418 1637 2805 1692 reuelationem
2840 1640 3102 1705 gentium.

2089 1724 2152 1777 Et
2179 1724 2414 1791 gloriam
2442 1724 2613 1794 plebis
2643 1730 2761 1781 tum
2791 1726 2977 1781 Israel.

2018 1810 2260 1877 Lumen,
2294 1809 2488 1866 lumen
2523 1812 2759 1883 quidem
2792 1813 3023 1885 utrique
3068 1814 3301 1887 populo,
3336 1816 3589 1874 salutare

1946 1898 2066 1957 Dei,
2094 1898 2151 1952 id
2184 1903 2272 1953 est
2299 1898 2563 1954 Christus
2594 1916 2628 1955 a
2657 1900 2772 1955 Deo
2817 1906 3057 1973 paratus
3103 1908 3210 1958 est.
3241 1904 3349 1970 Qui
3394 1909 3589 1961 tamen

1948 1984 2133 2056 gloria
2163 1985 2351 2057 magis
2381 1987 2597 2043 dicitur
2626 1988 2821 2057 Israel,
2845 1989 2939 2044 cui
2970 1990 3070 2045 diu
3119 1996 3390 2063 speratur
3418 1995 3590 2063 (Rom.

1950 2074 2051 2144 ιχ),
2084 2079 2140 2129 et
2169 2090 2234 2128 cx
2268 2090 2381 2145 quo
2414 2076 2825 2146 pronuntiatus
2871 2077 3123 2133 advenit.
3156 2080 3430 2138 Gentium
3460 2097 3595 2139 vero

1951 2160 2240 2232 revelatio,
2273 2178 2419 2235 quas
2448 2163 2681 2219 visitare
2711 2169 2766 2219 et
2799 2163 3092 2222 illustrare
3131 2169 3345 2240 pariter
3386 2170 3594 2243 digna-

1948 2253 2048 2306 tus
2073 2254 2179 2306 est.

1894 2428 3587 2463 mm.

1433 2827 1749 2885 EPISCOPI
1790 2828 2353 2885 HERBIPOLENSIS

1682 2986 2081 2999 ῃ

1366 3140 2425 3229 COMMENTARIUS

512 3356 612 3444 lN
670 3351 1250 3443 ORATIONEM
1313 3350 1904 3459 DOMINICAM,
1949 3351 2485 3440 SYMBOLUM
2546 3350 3267 3443 APOSTOLORUM

1865 3540 1922 3576 ΕΤ

1430 3671 1737 3741 FIDEM
1805 3670 2374 3743 ATHANASll.

677 3971 943 4030 ORATIO
982 3970 1350 4043 DOMINICA.

457 4080 730 4122 ΜΑἸἽῊΕΙ
770 4077 1046 4117 CAPITULO
1084 4078 1138 4115 νι
1178 4076 1245 4114 ET
1286 4075 1443 4113 ἰδυοΕ
1482 4075 1557 4114 XI.

188 4176 211 4229 1
320 4177 490 4230 Pater
511 4175 706 4227 noster
733 4170 831 4241 qui
856 4184 910 4223 es
942 4169 999 4221 in
1031 4167 1198 4221 aclis.

254 4259 616 4334 Discipulus.
648 4257 711 4313 In
744 4256 1005 4311 oratione
1036 4252 1339 4309 Dominica
1364 4256 1506 4323 quot
1535 4252 1840 4322 petitiones

190 4349 517 4406 habentur?
550 4345 854 4419 Magister.
900 4343 1153 4413 Septem.
1196 4341 1260 4395 D.
1295 4342 1429 4406 Quae
1478 4344 1568 4393 est
1614 4340 1845 4411 prima?

190 4438 261 4493 Μ.
293 4436 714 4495 Sanctiﬁcatur
764 4448 978 4487 nomen
1038 4434 1226 4484 tuum.
1292 4430 1353 4483 υ.
1409 4429 1521 4482 Hoc
1572 4428 1726 4499 quod
1783 4428 1842 4482 in

189 4528 368 4597 capite
398 4529 514 4591 est,
545 4524 719 4578 Pater
748 4524 947 4576 noster
974 4518 1073 4589 qui
1120 4534 1183 4573 es
1232 4517 1288 4571 in
1340 4514 1520 4581 caelis,
1555 4516 1845 4585 quomodo

190 4612 580 4687 intelligitur?
610 4611 689 4666 M.
726 4609 810 4665 lbi
844 4609 1001 4663 enim
1051 4605 1339 4660 invocatio
1386 4602 1708 4658 divinitatis
1738 4607 1845 4671 est,

1865 3971 1908 4037 C
1948 3969 2199 4036 enim,ut
2227 3969 2491 4025 Christus
2524 3974 2725 4040 regnet
2758 3969 2816 4024 in
2848 3970 3103 4038 nobis,et
3131 3988 3247 4026 non
3277 3970 3574 4053 diabolum

1947 4058 2005 4112 id
2035 4061 2123 4112 est
2152 4056 2408 4112 Ecclesia
2451 4056 2661 4125 Christi
2710 4074 2942 4129 semper
2985 4062 3222 4123 crescat,
3254 4060 3314 4115 in
3348 4076 3463 4131 qua
3492 4078 3578 4117 re-

1947 4148 2088 4218 gnat
2116 4150 2265 4200 Deus
2296 4161 2309 4199 :
2338 4149 2394 4199 et
2423 4144 2547 4199 dies
2569 4145 2779 4214 judicii
2810 4145 3096 4212 adveniat,
3116 4147 3254 4218 quia
3282 4153 3422 4204 tunc
3451 4151 3576 4205 dia-

1954 4233 2123 4287 bolus
2155 4250 2397 4303 regnare
2422 4234 2479 4286 in
2514 4234 2734 4288 mundo
2783 4233 3023 4301 desistit,
3057 4237 3114 4287 ct
3143 4234 3411 4290 Christus
3463 4252 3598 4295 cum

1955 4322 2176 4377 sanctis
2202 4321 2326 4376 suis
2356 4321 2412 4374 in
2439 4325 2719 4375 aeternum
2751 4320 3018 4393 regnabit
3046 4322 3097 4391 (1
3121 4322 3241 4378 Cor.
3272 4323 3387 4394 xv).

1957 4429 1987 4481 4
2098 4429 2216 4481 Fiat
2247 4427 2491 4481 voluntas
2521 4434 2613 4481 tua
2642 4428 2785 4481 sicut
2809 4429 2871 4481 in
2897 4428 3028 4482 ewlo
3056 4435 3106 4481 et
3134 4430 3193 4481 in
3218 4433 3383 4484 terra.

2028 4515 2073 4570 D
2097 4517 2231 4581 Quae
2260 4519 2350 4569 est
2378 4515 2588 4569 tertia?
2618 4515 2694 4569 M.
2731 4514 2852 4568 Fiat
2894 4514 3163 4571 voluntas
3211 4521 3310 4572 tua
3355 4518 3509 4573 sicut
3539 4519 3598 4574 in

1958 4604 2100 4658 coelo
2130 4603 2270 4659 etin
2300 4608 2472 4658 terra.
2505 4602 2570 4657 D.
2604 4603 2904 4667 Quomodo
2942 4608 3030 4657 est
3077 4603 3496 4676 intelligenda?
3520 4606 3599 4662 M.

190 4702 324 4758 dum
350 4704 590 4758 Patrem
634 4715 744 4755 nos
794 4696 1009 4751 habere
1058 4690 1402 4767 proﬁtemur
1448 4692 1631 4746 Deum
1666 4707 1678 4745 :
1713 4691 1851 4763 quia
1960 4692 2122 4746 Sicut
2151 4689 2341 4763 angeli
2374 4691 2431 4744 in
2463 4689 2606 4745 carlo
2635 4694 2747 4745 tua:
2780 4689 3060 4746 obediunt
3106 4691 3412 4781 voluntati,
3443 4693 3526 4750 ita
3547 4699 3605 4751 et

190 4807 388 4847 omnes
420 4792 640 4846 fratres
671 4801 904 4848 sumus,
933 4788 991 4839 et
1022 4784 1202 4838 Deum
1236 4782 1461 4836 Patrem
1486 4779 1849 4835 habemusin
1952 4778 2100 4849 justi
2129 4778 2187 4832 in
2221 4783 2376 4833 terra
2406 4779 2620 4833 faciant
2650 4795 2663 4833 :
2698 4783 2754 4833 et
2786 4778 2938 4833 sicut
2969 4778 3028 4833 in
3081 4778 3320 4849 sanctis,
3353 4782 3436 4838 ita
3461 4787 3521 4839 et
3542 4782 3603 4839 in

191 4878 347 4934 cmlis
372 4878 605 4946 (Matth.
636 4877 802 4941 XXIII)
1961 4866 2360 4936 peccatoribus
2390 4871 2490 4920 tua
2516 4864 2782 4920 voluntas
2811 4865 3142 4938 impleatur.

189 4985 225 5039 2
327 4980 732 5055 Sanctiﬁdetur
759 4994 961 5034 nomen
991 4980 1167 5031 tuum.
1600 5024 1603 5027 γ
1962 4971 1999 5024 5
2104 4972 2309 5025 Panem
2336 4979 2584 5026 nostrum
2608 4970 2992 5043 quotidianum
3019 4972 3089 5028 da
3119 4976 3275 5030 nobis
3302 4976 3459 5033 hodie
3478 4995 3498 5032 :

263 5077 326 5126 Ι).
360 5074 422 5128 In
458 5071 659 5143 prima
689 5066 973 5140 petitione
1003 5080 1180 5135 quam
1213 5061 1431 5127 dixisti,
1466 5059 1601 5133 quid
1638 5059 1855 5116 intelli-
2036 5057 2081 5112 D
2113 5061 2248 5123 Quae
2271 5063 2361 5113 est
2393 5058 2639 5129 quarta?
2671 5058 2745 5113 M.
2783 5058 2994 5115 Panem
3026 5067 3292 5119 nostrum
3324 5065 3609 5136 quotidia-

197 5160 447 5229 gendum
472 5152 1015 5214 est?M.AChristo
1045 5151 1201 5206 enim
1242 5148 1610 5204 Christianus
1640 5148 1859 5204 deriva-
1968 5162 2111 5200 num
2151 5146 2225 5200 da
2270 5148 2439 5201 nobis
2488 5146 2676 5201 hodie.
2704 5145 2770 5200 D.
2804 5148 2950 5212 Quid
3000 5148 3060 5203 in
3108 5166 3177 5206 ea
3222 5150 3609 5225 intelligitur?

199 5250 307 5313 tur,
331 5254 388 5303 et
406 5248 543 5304 ideo
575 5245 719 5301 dum
752 5239 1071 5297 Christiani
1103 5234 1618 5299 vocamur,Christi
1644 5252 1857 5291 nomen
1958 5232 2045 5289 Μ.
2078 5234 2196 5288 Hoc
2220 5232 2346 5289 loco
2370 5232 2536 5305 panis
2566 5250 2668 5305 pro
2698 5234 2972 5291 omnibus
3018 5236 3164 5293 cibis
3206 5239 3507 5312 accipitur,
3537 5241 3608 5295 de

200 5337 483 5406 tenemus,
512 5339 573 5391 et
601 5329 1034 5405 supplicamus,
1065 5330 1132 5381 ut
1177 5340 1349 5397 opera
1397 5321 1610 5378 Christi
1665 5323 1853 5380 facere
1884 5327 1931 5392 ι)
1961 5320 2177 5393 quibus
2205 5321 2395 5376 vivere
2426 5322 2772 5377 debeamus:
2812 5338 3121 5393 precamur
3158 5327 3333 5381 etiam
3374 5343 3478 5398 pro
3516 5342 3608 5382 as-

199 5421 516 5491 valeamus,
530 5427 591 5478 et
618 5433 836 5476 nomen
862 5430 1034 5470 suum
1063 5429 1356 5487 perapera
1385 5412 1535 5466 bona
1569 5417 1773 5469 nostra
1800 5413 1859 5467 in
1970 5409 2305 5480 sumptione
2354 5409 2611 5481 corporis
2646 5408 2857 5463 Christi
2893 5427 2906 5465 :
2941 5410 3197 5481 petimus
3229 5414 3493 5484 denique
3545 5406 3611 5465 ut

200 5511 347 5566 nobis
374 5510 807 5566 sanetiﬁcetur.

201 5604 234 5659 3
330 5607 599 5663 Adveniat
627 5616 868 5675 regnum
900 5601 1072 5653 tuum.

268 5690 330 5747 ι).
360 5694 498 5761 Quae
558 5686 833 5747 secunda
892 5682 1131 5755 petitio?
1162 5681 1235 5737 Μ.
1267 5680 1544 5737 Adveniet
1598 5696 1859 5757 regnum

206 5780 382 5839 tuum.
414 5781 481 5843 D.
515 5778 672 5852 Quid
706 5774 789 5832 ibi
842 5770 1273 5845 intelligendum
1319 5768 1452 5827 est?
1483 5766 1558 5824 Μ.
1593 5767 1860 5834 Oramus

1973 5496 2142 5551 nobis
2164 5495 2424 5567 seipsum
2445 5497 2664 5553 tribuat
2689 5495 2788 5567 qui
2818 5502 2907 5552 est
2935 5499 3106 5569 panis
3137 5499 3327 5567 vivus(
3339 5502 3610 5566 Joan.v1).

1973 5594 2009 5647 6
2116 5593 2181 5646 Et
2204 5592 2424 5649 dimitte
2452 5595 2605 5651 nobis
2633 5592 2812 5648 debita
2837 5600 3021 5650 nostra
3048 5611 3070 5647 .·

2117 5679 2265 5735 Sicut
2288 5686 2348 5737 et
2373 5699 2470 5738 nos
2497 5682 2822 5739 dimittimus
2839 5679 3172 5736 debitoribus
3202 5680 3417 5736 nostris.

2050 5767 2117 5826 Dv
2148 5768 2279 5837 Quin
2314 5776 2407 5829 est
2434 5766 2680 5846 quinta?
2711 5767 2787 5825 Μ.
2818 5766 2884 5824 Et
2929 5764 3158 5823 dimitts
3211 5759 3376 5818 nobis
3421 5753 3611 5811 debita
