3878 6416
277 498 396 558 559

1197 497 1261 554 S.
1309 495 1702 558 BRUNONIS
1749 494 2366 555 llEllBll‘OLliNSlS
2417 494 2792 555 EPISCOPI.

3603 496 3704 554 300

276 627 655 701 nostra,sieut
677 631 736 684 et
765 644 872 683 nos
901 626 1253 683 dimittimus
1284 627 1646 684 debitoribus
1687 628 1921 683 nostris.
1953 629 2008 696 Α
2052 626 2223 698 cepit.
2260 628 2324 682 Ι).
2357 627 2505 692 Quid
2539 633 2672 700 post
2703 627 2871 683 hinc?
2903 619 2980 684 Μ.
3015 628 3125 684 sub
3171 628 3272 684 illo
3323 628 3488 685 enim
3536 629 3710 698 cruci.

276 717 346 775 D.
379 717 528 785 Quid
560 716 620 773 in
650 715 754 773 illa
773 715 1145 772 sentiendum
1169 722 1256 772 est
1272 717 1300 772 ?
1323 717 1398 772 M.
1419 717 1733 774 Precamur
1754 718 1929 772 etiam

277 812 348 866 ut
375 807 461 866 sic
490 805 750 866 dimittat
793 805 964 863 nobis
1009 811 1247 880 peccata
1288 812 1508 877 nostra,
1542 809 1696 864 sicut
1739 811 1796 864 et
1825 825 1932 863 nos

279 895 638 965 dimittimus
667 894 1029 953 debitoribus
1059 896 1302 953 nostris.

279 988 312 1040 7
421 987 488 1042 Et
512 1001 582 1042 ne
606 1001 702 1042 nos
732 985 960 1042 inducas
989 987 1051 1041 in
1080 988 1452 1042 tentationem.

351 1073 420 1132 D.
451 1076 585 1142 Quae
616 1079 705 1132 est
733 1074 937 1134 sexta?
967 1075 1043 1134 Μ.
1067 1075 1136 1130 Et
1167 1092 1239 1132 ne
1269 1093 1377 1131 nos
1428 1076 1674 1131 inducas
1721 1077 1777 1130 in
1813 1081 1937 1131 ten-

281 1164 584 1244 tationem.
617 1164 686 1228 D.
711 1164 1012 1231 Quomodo
1042 1165 1152 1222 hoc
1176 1165 1564 1238 intelligitur?
1587 1165 1662 1220 Μ.
1689 1166 1811 1220 Non
1841 1182 1938 1237 pe-

283 1253 465 1310 timus
494 1255 558 1312 ut
587 1271 704 1312 non
736 1258 1050 1326 tentemur,
1078 1254 1218 1326 quia
1249 1254 1350 1327 qui
1382 1272 1497 1309 non
1530 1261 1618 1309 est
1660 1259 1938 1322 tentatus,

285 1359 400 1402 non
427 1347 516 1398 est
545 1344 824 1418 probatus
856 1345 1029 1416 (Rom.
1048 1344 1245 1416 v),sed
1279 1361 1591 1416 precamur
1622 1362 1692 1399 ne
1725 1361 1830 1398 nos
1854 1344 1943 1398 in-

285 1431 464 1495 ducat
487 1431 547 1490 in
577 1433 984 1499 tentationem,
1014 1449 1194 1506 quam
1224 1434 1466 1488 sutl'erre
1495 1450 1611 1488 non
1645 1433 1943 1505 possimus

283 1521 332 1589 (1
363 1519 484 1580 Car.
516 1523 596 1594 ι),
629 1521 688 1578 id
719 1527 809 1578 est
839 1539 953 1578 non
987 1521 1146 1578 sinat
1197 1539 1306 1578 nos
1354 1521 1411 1577 in
1463 1524 1780 1577 tentatione
1813 1539 1942 1594 pec-

286 1625 437 1666 care.
468 1609 751 1667 Inducere
798 1611 956 1668 enim
1004 1611 1220 1667 dicitur
1262 1611 1436 1678 Deus,
1467 1628 1602 1668 cum
1653 1611 1943 1667 auxilium

288 1697 604 1755 subtrahit.

288 1788 324 1848 8
429 1786 534 1845 Sed
564 1787 739 1848 libora
766 1804 864 1846 nos
891 1805 926 1846 a
952 1790 1118 1846 malo.
1152 1791 1342 1846 Amen.

357 1875 430 1938 1).
457 1877 593 1946 Qum
616 1881 708 1946 est
745 1877 1041 1952 septima?
1067 1882 1143 1936 Μ.
1174 1880 1285 1936 Sed
1335 1878 1519 1936 libera
1567 1897 1674 1936 nos
1706 1898 1739 1935 a
1769 1878 1944 1936 malo.

288 1965 358 2023 D.
389 1965 691 2046 Quomodo
720 1971 810 2028 est
839 1965 1338 2042 intelligendum?
1372 1969 1448 2025 Μ.
1474 1969 1536 2025 ld
1569 1974 1657 2026 est
1688 1987 1721 2024 a
1749 1969 1945 2025 diabo.

288 2052 415 2134 lo,a
434 2057 692 2131 peccato,
705 2058 765 2114 et
793 2055 866 2114 ab
897 2055 1059 2112 omni
1090 2055 1246 2113 malo
1277 2058 1943 2114 tentamento.D.Amen

289 2143 446 2216 quod
473 2143 537 2212 in
565 2143 682 2202 {lno
711 2148 823 2214 est,
838 2145 1130 2218 quomodo
1155 2144 1506 2219 intelligitur
1534 2145 1621 2202 vel
1648 2147 1818 2219 cujus
1842 2145 1949 2202 lin-

289 2248 415 2306 gum
465 2232 724 2290 dicitur?
753 2234 832 2291 M.
863 2235 1049 2291 Amen
1094 2235 1372 2291 Hebraice
1415 2235 1649 2304 dicitur,
1681 2237 1836 2308 quod
1887 2236 1946 2292 in

293 2321 565 2380 Latinum
595 2338 852 2392 versum,
882 2339 1008 2381 vere
1033 2327 1092 2382 et
1117 2324 1356 2395 ﬁdeliter
1385 2325 1750 2399 intelligitur.

619 2466 1023 2525 SYMBOLUM
1060 2467 1614 2525 APOSTOLORUM.

294 2593 321 2648 1
436 2591 604 2648 Credo
634 2593 696 2647 in
729 2595 909 2648 Deum
935 2594 1154 2649 Patrem
1179 2594 1600 2666 omnipotean
1629 2610 1642 2648 :

438 2680 748 2738 Creatorem
773 2681 897 2736 caeli
918 2689 971 2738 et
999 2686 1186 2738 terrae.

366 2767 434 2824 D.
466 2768 587 2825 Ista
611 2769 890 2841 suscipio,
915 2769 1017 2825 sed
1050 2771 1354 2842 quoniam,
1384 2770 1537 2826 sicut
1567 2772 1950 2836 nosti,omnes

295 2875 404 2916 nos
435 2874 538 2931 per
566 2858 741 2913 tidem
774 2857 986 2914 salvari
1019 2860 1482 2932 credimus,rogo
1506 2865 1570 2915 ut
1590 2860 1751 2916 dicas
1783 2861 1948 2929 mihi,

293 2947 589 3022 quomodo
619 2947 796 3008 {idem
827 2951 990 3004 tuam
1021 2947 1334 3021 intelligas,
1354 2949 1441 3005 vel
1471 2950 1650 3005 etiam
1682 2949 1740 3006 in
1774 2967 1949 3023 quem

292 3037 518 3094 credas.
551 3035 629 3093 M.
662 3037 780 3109 Ego
811 3037 982 3094 credo
1015 3037 1073 3093 in
1102 3037 1544 3104 Deum,Patrcm
1578 3040 1951 3112 omnipoten-

292 3130 765 3196 tem,creatorem
797 3111 923 3183 coeli
958 3131 1015 3183 et
1045 3131 1231 3184 terrae.
1265 3128 1332 3184 D.
1364 3129 1550 3192 Quare
1581 3111 1796 3185 dicitur
1825 3148 1952 3186 om-

293 3215 650 3288 nipotens,et
679 3232 860 3289 quare
891 3217 1159 3273 creator?
1189 3218 1266 3273 M.
1302 3218 1684 3291 Omnipotens
1714 3220 1948 3288 dicitur,

294 3303 434 3378 quia
478 3304 679 3362 omnia
727 3310 916 3380 potest
965 3324 1327 3380 quiscunque
1378 3307 1535 3375 vult;
1585 3314 1832 3376 creator,
1883 3325 1951 3364 eo

294 3394 452 3466 quod
504 3379 998 3464 omniaicreavit,
1027 3379 1250 3452 caelum,
1298 3401 1354 3452 et
1412 3403 1648 3463 terram,
1680 3415 1838 3454 mare
1896 3404 1952 3454 et
1982 3379 2025 3446 (ἶ

298 3499 519 3539 omnia.

297 3572 335 3624 2
442 3569 510 3625 Et
537 3570 596 3624 in
625 3573 816 3626 Iesum
845 3571 1120 3628 Christum
1154 3574 1357 3629 Filium
1382 3575 1500 3646 ejus
1529 3577 1758 3631 unicum
1792 3593 1805 3631 :

443 3658 741 3714 Dominum
769 3667 1032 3715 nostrum.

370 3744 438 3801 D.
470 3744 673 3803 Credis
703 3747 762 3802 in
790 3747 996 3804 Jesum
1027 3747 1323 3805 Christum
1342 3750 1370 3806 ‘i
1394 3751 1470 3807 Μ.
1504 3752 1756 3808 Omnino
1781 3755 1952 3810 credo

296 3835 357 3891 in
386 3834 591 3892 Jesum
623 3835 917 3894 Chriuum
952 3836 1162 3893 Filium
1193 3839 1323 3910 ejus
1355 3840 1950 3910 unicum,Dominum

294 3929 586 3991 nostrum,
616 3925 715 3998 qui
749 3930 839 3982 est
883 3942 1056 3983 verus
1106 3927 1262 3984 Deus
1313 3934 1371 3984 et
1419 3946 1592 3985 verus
1651 3931 1846 3988 homo.
1880 3933 1946 3989 D.

289 4013 592 4080 Quomodo
621 4013 796 4084 Deus,
829 4019 886 4072 et
917 4017 1213 4090 quomodo
1243 4034 1413 4075 verus
1439 4017 1659 4076 homo?
1687 4021 1762 4076 M.
1795 4020 1949 4079 Deus

287 4118 459 4160 verus
485 4108 597 4173 est,
630 4104 770 4180 quia
815 4106 888 4162 de
937 4106 1158 4179 Spiritu
1215 4114 1418 4165 sancto
1469 4116 1784 4183 conceptus
1835 4117 1943 4181 est,

285 4189 462 4248 homo
490 4209 683 4261 verus,
716 4194 855 4267 quia
883 4211 952 4250 ex
984 4194 1169 4252 Maria
1195 4197 1419 4270 virgine
1453 4203 1625 4255 natus
1656 4205 1762 4256 est.

280 4280 320 4336 v8
426 4283 541 4354 Qui
572 4292 856 4358 conceptus
883 4292 963 4342 est
992 4283 1059 4342 de
1084 4287 1302 4359 Spiritu
1332 4295 1519 4345 saneto
1553 4305 1566 4344 :

423 4375 604 4428 Natus
632 4389 703 4429 ex
733 4376 915 4432 Maria
944 4376 1180 4447 virgine.

353 4459 421 4516 D.
455 4461 599 4519 Ecce
629 4462 798 4520 illum
831 4467 1060 4520 natum.
1095 4464 1243 4532 Quid
1292 4472 1494 4539 postea
1542 4467 1762 4524 factum
1813 4470 1942 4526 est?

279 4547 357 4605 Μ.
377 4549 518 4607 Post
545 4556 813 4609 sanctam
845 4553 1004 4610 enim
1034 4555 1163 4626 ejus
1195 4555 1560 4613 nativitatem
1584 4561 1754 4613 aetate
1775 4563 1832 4614 et
1851 4575 1940 4614 sa-

279 4637 502 4710 pientia
527 4657 819 4712 crescens,
853 4642 1096 4717 triginta
1125 4661 1314 4700 annos
1348 4645 1612 4717 implevit
1641 4649 1793 4719 (Luc.
1826 4647 1933 4718 in).

279 4725 346 4818 in
376 4743 494 4818 qua
522 4730 700 4788 etiam
731 4736 901 4790 atate
930 4750 965 4789 a
992 4733 1218 4790 Joanne
1249 4734 1512 4806 Baptista
1539 4735 1819 4807 dignatus
1849 4741 1938 4793 est
1965 4751 2014 4818 Ι)

275 4815 582 4891 baptizari,
615 4825 674 4878 et
703 4825 837 4895 post
859 4823 1222 4896 baptismum
1252 4823 1444 4880 tribus
1474 4825 1646 4880 annis
1676 4829 1733 4880 et
1761 4825 1934 4881 dimi-

277 4905 374 4962 dio
403 4907 701 4968 docuit.Et
728 4912 1060 4985 praedicavit
1087 4913 1288 4971 omnia
1316 4929 1444 4986 qua;
1475 4914 1548 4970 ad
1568 4915 1746 4971 vitam
1775 4919 1936 4972 aeter-

276 5009 416 5062 nam
443 4997 754 5068 pertinent.

277 5079 310 5148 4
421 5084 621 5143 Passus
649 5089 748 5148 sub
775 5091 971 5151 Pontio
995 5093 1178 5152 Pilato
1211 5110 1225 5150 :

421 5170 749 5245 Cruciﬁmus,
779 5187 1028 5239 mortuus
1056 5186 1111 5238 et
1139 5182 1402 5254 sepultus.

348 5254 415 5328 D.
447 5257 585 5318 Post
609 5262 759 5319 hanc
789 5269 1261 5338 praedicationem
1293 5271 1433 5343 quid
1457 5271 1676 5329 factum
1698 5271 1830 5330 est?
1852 5273 1927 5330 M.

275 5342 340 5402 In
386 5344 516 5418 ipsa
563 5351 973 5422 praedicatione
1022 5342 1481 5432 comprehensus
1528 5365 1618 5420 est
1647 5379 1681 5420 a
1709 5361 1930 5420 Judaais

273 5432 500 5506 iniquis
527 5442 585 5494 et
613 5440 875 5510 perﬁdis,
908 5459 943 5498 a
972 5444 1188 5516 quibus
1219 5455 1456 5522 propter
1485 5451 1768 5508 invidiam
1799 5451 1927 5509 illo-

273 5538 407 5612 rum
437 5528 496 5580 et
523 5531 766 5599 propter
813 5536 1050 5601 peccata
1091 5542 1313 5605 nostra,
1348 5538 1534 5598 multa
1581 5539 1930 5612 blaspheme

273 5611 612 5700 multasque
642 5617 948 5688 passiones
977 5622 1085 5678 sub
1131 5624 1334 5683 Pontio
1381 5626 1586 5699 Pilato,
1621 5627 1721 5700 qui
1743 5629 1927 5700 judex

271 5703 400 5756 erat
419 5699 520 5758 illo
542 5706 805 5778 tempore
831 5707 890 5764 in
917 5699 1691 5779 Judaaa,sustinuit.D.Unde
1711 5699 1928 5773 dicitur

271 5788 561 5854 Pontius?
591 5791 666 5851 Μ.
700 5795 746 5852 Α
775 5794 900 5854 loco
931 5797 1030 5856 ubi
1059 5805 1231 5862 natus
1263 5805 1392 5873 fuit,
1428 5804 1535 5860 hoc
1584 5821 1794 5860 nomen
1828 5823 1925 5862 ac-

2043 717 2192 772 ﬁxus
2225 721 2398 785 est,et
2431 718 2488 774 in
2522 719 2727 774 eadem
2759 735 2931 776 cruce
2963 718 3492 788 mortuus,deinde
3517 718 3708 792 sepul.

2044 810 2140 861 tus
2171 809 2282 862 est.

2043 896 2080 949 5
2190 898 2480 953 Descendit
2510 898 2579 952 ad
2607 899 2834 968 inferna
2865 915 2879 954 :

2195 986 2368 1040 Tertia
2401 985 2489 1040 dte
2521 988 2827 1041 resurrexit
2857 1003 2890 1040 a
2919 987 3171 1042 mortuis.

2121 1075 2187 1130 Et
2220 1079 2493 1130 manente
2528 1091 2768 1147 corpore
2799 1075 2858 1130 in
2895 1075 3184 1146 sepulcro,
3219 1075 3433 1131 anima
3481 1076 3609 1147 ejus
3647 1075 3711 1130 ad

2051 1163 2280 1219 inferna
2310 1164 2634 1220 descendit.
2669 1165 2747 1220 De
2779 1181 2896 1237 quo
2929 1165 3158 1220 inferno
3190 1170 3440 1220 sanctos
3480 1165 3716 1237 patriar-

2051 1253 2215 1319 chas,
2249 1252 2493 1318 scilicet,
2528 1253 2846 1319 Abraham,
2882 1255 3042 1309 Isaac
3091 1259 3149 1310 et
3177 1253 3367 1310 Jacob
3404 1258 3466 1308 et
3495 1256 3715 1310 sanctos

2053 1341 2368 1414 prophetas
2397 1342 3052 1408 lsaiam,Jeremiam,et
3083 1342 3373 1415 reliquos,
3407 1347 3466 1398 et
3495 1348 3718 1398 caeteros

2053 1449 2258 1486 omnes
2291 1449 2439 1502 quos
2471 1432 3134 1502 elegit,miscricorditer
3158 1433 3534 1488 liberavit.Et
3562 1430 3717 1487 tertia

2054 1520 2146 1575 die
2179 1520 2361 1575 victor
2391 1522 2729 1577 resurrexit.
2765 1521 2832 1577 D.
2869 1521 3187 1595 Postquam
3221 1520 3556 1577 resurrexit
3585 1519 3715 1592 quid

2055 1609 2234 1664 fecit?
2267 1609 2342 1663 M.
2374 1609 2508 1664 Post
2540 1609 2971 1668 nobilissimam
3014 1617 3070 1668 et
3119 1610 3572 1668 sanctissimam
3600 1610 3714 1681 ejus

2057 1697 2956 1770 resurrectionem,conversatus
2985 1705 3075 1756 est
3097 1700 3504 1773 quadraginta
3523 1698 3716 1754 diebus

2057 1795 2107 1842 et
2159 1787 2530 1860 quadraginta
2591 1789 2862 1846 noctibus
2911 1806 3046 1846 cum
3097 1789 3419 1863 discipulis
3469 1788 3596 1845 suis
3626 1805 3639 1842 :
3668 1790 3717 1842 et

2060 1877 2437 1932 manducavit
2463 1895 2597 1933 cum
2647 1878 2785 1946 illis,
2821 1878 3007 1935 multa
3035 1880 3252 1938 docens
3285 1885 3346 1937 et
3379 1878 3628 1952 loquens
3655 1875 3717 1932 de

2061 1982 2236 2038 regno
2269 1965 2368 2020 Dei
2405 1968 2542 2037 (Art.
2578 1971 2638 2034 ι).

2054 2055 2090 2110 6
2197 2055 2449 2112 Ascendit
2475 2056 2545 2111 ad
2575 2057 2733 2112 cwlos
2765 2075 2784 2113 :

2197 2144 2353 2200 Sedet
2382 2145 2451 2200 ad
2481 2145 2768 2202 dexteram
2796 2147 2897 2203 Dei
2923 2148 3109 2204 Patris
3140 2148 3561 2221 omnipotentis.

2129 2236 2194 2287 D.
2219 2233 2366 2297 Quid
2391 2236 2637 2306 postea?
2659 2235 2733 2290 Μ.
2762 2235 2899 2291 Post
2919 2235 3039 2292 haec
3063 2253 3196 2294 vero
3222 2237 3566 2294 videntibus
3588 2231 3712 2299 illis,

2055 2321 2335 2378 Ascendit
2364 2322 2423 2378 in
2457 2322 2688 2390 coelum,
2721 2325 2824 2380 ubi
2874 2325 3168 2398 quomodo
3215 2325 3347 2383 vult
3391 2331 3452 2382 et
3479 2322 3718 2398 qualiter

2055 2410 2200 2479 vult,
2233 2411 2396 2467 sedet
2424 2412 2496 2468 ad
2528 2414 2829 2470 dexteram
2857 2415 3047 2471 Patris
3088 2413 3546 2488 omnipotentis.

2051 2511 2091 2564 ‘7
2201 2509 2330 2565 Inde
2361 2519 2620 2566 venturus
2649 2519 2726 2568 est
2760 2529 2774 2568 :
2804 2512 3062 2570 Judicare
3090 2516 3239 2570 vivos
3268 2523 3324 2570 et
3353 2520 3616 2570 mortuos.

2130 2606 2195 2662 D.
2229 2608 2378 2673 Quid
2411 2614 2542 2681 post
2571 2609 2693 2666 haec
2725 2610 2988 2667 facturus
3021 2611 3173 2668 erit?
3195 2611 3271 2667 Μ.
3301 2611 3497 2668 Finito
3524 2603 3711 2664 mundi

2059 2697 2332 2764 termino,
2367 2716 2504 2754 cum
2537 2699 2664 2771 ipso
2704 2717 2964 2772 corpore,
2997 2717 3130 2756 cum
3183 2718 3300 2774 quo
3355 2697 3620 2757 ascendit
3659 2694 3711 2749 in

2060 2785 2294 2853 coelum,
2322 2793 2605 2843 venturus
2637 2793 2725 2844 est
2747 2789 3017 2860 judicare
3054 2791 3212 2846 vivos
3245 2794 3303 2847 et
3339 2794 3620 2847 mortuos.
3649 2783 3707 2839 D.

2061 2875 2206 2941 Quid
2235 2882 2374 2931 sunt
2405 2878 2517 2932 vivi
2550 2883 2606 2932 et
2635 2879 2776 2950 quid
2809 2885 2948 2936 sunt
2979 2879 3238 2937 mortui?
3270 2881 3351 2936 M.
3375 2879 3516 2946 vivi,
3541 2871 3706 2948 justi;

2063 2965 2300 3034 mortui,
2335 2971 2688 3038 peceatores.

2060 3063 2095 3116 8
2206 3063 2374 3118 Credo
2405 3065 2464 3119 in
2496 3065 2764 3136 Spiritum
2796 3073 3066 3121 sanctum.

2204 3151 2462 3207 Sanctam
2493 3154 2796 3209 Ecclesium
2827 3155 3174 3211 catholicam.

2134 3247 2200 3302 D.
2229 3250 2426 3304 Credis
2460 3250 2515 3305 in
2571 3251 2855 3322 Spiritum
2905 3253 3219 3308 sanctum?
3249 3253 3327 3309 M.
3367 3253 3550 3309 Credo
3597 3246 3708 3303 sine

2063 3337 2242 3392 dubio
2278 3338 2334 3393 in
2367 3339 2653 3411 Spiritum
2687 3346 2979 3397 sanctum.
3011 3343 3078 3399 D.
3112 3342 3259 3410 Quid
3292 3344 3430 3400 cst?
3462 3341 3538 3398 Μ.
3569 3338 3708 3394 Deus

2063 3430 2153 3481 est
2183 3431 2239 3481 et
2271 3427 2328 3482 in
2361 3427 2644 3483 Trinitate
2672 3430 2842 3485 tertia
2869 3432 3292 3504 persona,quia
3323 3431 3448 3487 alia
3477 3433 3563 3486 est
3591 3440 3705 3500 per-

2063 3533 2208 3572 sona
2253 3515 2463 3584 Patris,
2497 3517 2610 3573 alia
2641 3517 2791 3588 Filii,
2825 3519 2942 3575 alia
2969 3520 3224 3593 Spiritus
3267 3521 3482 3578 sancti.
3516 3519 3578 3574 In
3603 3527 3707 3586 qua

2061 3605 2342 3661 Trinitate
2375 3624 2558 3663 unum
2589 3607 2772 3664 Deum
2799 3609 3040 3669 omnino
3071 3627 3199 3666 esse
3244 3613 3420 3668 credo
3452 3614 3510 3666 et
3539 3601 3704 3663 conﬁ-

2063 3698 2205 3752 teor.
2229 3700 2292 3752 D.
2326 3695 2530 3753 Credis
2561 3697 2620 3752 in
2655 3703 2918 3755 sanctam
2941 3698 3259 3755 Ecclesiam
3283 3695 3703 3757 catholicam,el

2061 3789 2397 3841 sanctorum
2418 3787 2893 3843 communionem
2911 3788 2939 3842 ‘P
2957 3788 3222 3845 M.Credo
3241 3795 3506 3845 sanctam
3528 3779 3702 3841 Eccle-

2060 3874 2231 3942 siam,
2265 3876 2366 3930 sed
2400 3893 2512 3932 non
2546 3876 2606 3932 in
2639 3876 2798 3933 illam
2832 3878 3024 3946 credo,
3060 3879 3200 3951 quia
3247 3896 3363 3935 non
3415 3879 3585 3941 Deus,
3609 3867 3698 3927 sed

2058 3965 2394 4021 convocatio
2413 3966 2497 4021 vel
2517 3968 2891 4040 congregatio
2921 3967 3389 4024 Christianorum
3423 3972 3480 4024 et
3504 3965 3700 4020 domus

2060 4052 2160 4108 Dei
2195 4060 2302 4109 est.
2341 4059 2404 4110 Ι).
2438 4055 2695 4111 Ecclesia
2728 4055 3069 4130 qualingua
3098 4057 3358 4113 dicitur?
3386 4059 3462 4114 M.
3497 4055 3696 4108 θυεεοᾶ-

2058 4141 2124 4197 Ι).
2159 4143 2305 4222 Quid
2341 4144 2760 4218 interpretatur
2792 4145 3412 4203 Latine.l\l.com'ocatio
3453 4160 3552 4200 seu
3589 4152 3699 4222 conf

2053 4221 2296 4304 gregatio
2327 4233 2982 4306 Christianorum,sicut
3011 4236 3281 4308 superius
3307 4236 3450 4293 dixi.
3473 4233 3537 4290 D.
3561 4221 3694 4294 Quid

2053 4326 2141 4378 est
2171 4322 2502 4380 catholica?
2531 4323 2606 4380 Μ.
2641 4323 3022 4392 Universalis,
3055 4325 3112 4380 id
3145 4330 3234 4380 est
3265 4343 3368 4398 per
3398 4329 3580 4381 totum
3612 4330 3694 4370 οι·-

2052 4411 2184 4468 bcm
2218 4412 2452 4469 ditl‘usa.

2192 4512 2516 4568 Sanctorum
2545 4514 3000 4569 communionem.

2119 4609 2464 4665 Sanctorum
2516 4627 2747 4683 quoque
2796 4611 3297 4677 communionem,
3328 4610 3386 4666 id
3433 4612 3520 4666 est
3564 4612 3685 4658 cum

2046 4698 2269 4754 sanctis
2325 4699 2662 4756 societatem
2714 4704 2770 4756 et
2816 4700 3292 4756 communionem
3343 4717 3436 4755 mc
3488 4693 3687 4752 habere

2045 4787 2238 4856 credo,
2270 4788 2319 4842 si
2357 4788 2531 4844 ﬁdem
2565 4789 2814 4846 ﬁrmiter
2842 4795 3086 4846 tenuero
3115 4793 3172 4846 et
3201 4788 3478 4862 operibus
3507 4792 3686 4842 serva-

2042 4892 2178 4934 νει-ο
2188 4917 2200 4928 .

2041 4973 2078 5028 9
2188 4974 2578 5030 "emissionem
2598 4985 2966 5048 peccatorum.

2114 5071 2181 5126 D.
2215 5073 2413 5128 Credis
2447 5073 2506 5128 in
2542 5073 2951 5131 remissionem
2985 5074 3400 5147 peccatorum?
3429 5073 3504 5130 Μ.
3543 5066 3677 5124 Non,

2041 5161 2143 5218 sed
2176 5178 2305 5219 esse
2336 5161 2742 5220 remissionem
2776 5168 3150 5236 peccatorum
3180 5163 3371 5231 credo,
3404 5160 3540 5236 quia
3557 5167 3676 5229 pro-

2041 5254 2170 5325 pter
2195 5250 2304 5307 hoc
2335 5251 2613 5325 dignatus
2645 5257 2736 5308 est
2767 5252 2863 5308 Dei
2893 5251 3074 5308 Filius
3105 5268 3339 5308 carnem
3373 5255 3674 5309 assumere.

2039 5345 2104 5397 ut
2134 5357 2240 5397 nos
2268 5341 2366 5414 qui
2415 5347 2651 5415 propter
2700 5347 2939 5415 peccata
2987 5347 3188 5399 nostra
3235 5342 3378 5398 salvi
3421 5354 3544 5399 esse
3571 5343 3671 5389 non

2037 5435 2397 5504 poteramus,
2429 5432 2558 5503 ejus
2589 5433 2993 5490 misericordia
3022 5431 3406 5492 salvaremur.

2041 5529 2108 5583 10
2183 5530 2377 5585 Carnis
2398 5533 2872 5588 resurrectionem.

2108 5627 2173 5681 D.
2207 5627 2409 5684 Credis
2439 5627 2498 5682 in
2533 5629 2728 5684 carnis
2746 5629 3232 5685 resurrectionem
3255 5627 3498 5685 PM.Non
3517 5613 3667 5708 crede

2035 5716 2095 5772 in
2129 5715 2289 5771 illam
2317 5733 2329 5772 :
2356 5716 2457 5772 sed
2492 5733 2728 5774 carnem
2761 5735 2940 5791 quam
2963 5719 3022 5774 in
3045 5717 3153 5773 hac
3175 5716 3296 5772 vita
3322 5717 3434 5774 sub
3458 5699 3666 5771 morti!li

2037 5806 2367 5864 conditione
2397 5812 2723 5880 portamus,
2750 5811 3209 5865 resurrecturam
3233 5823 3364 5862 esse
3397 5799 3667 5861 immorta-
