3878 6500
257 456 383 550 31m;
1054 487 1449 562 COMMENT,
1510 447 1623 534 1F
1674 441 2172 599 ‘l‘lMIONEM
2217 506 2669 599 nummum,
2718 526 2885 593 mc.

254 619 372 679 lem
405 624 596 694 credo,
629 628 685 683 et
714 643 816 700 pro
841 632 1119 689 consortio
1145 618 1597 705 cjus,animam
1640 587 1935 669 rationem
1969 620 2034 694 Α
2103 633 2139 689 3
2206 639 2359 700 Fides
2385 656 2561 707 autem
2588 656 2851 717 catholica
2874 662 2992 722 haec
3016 674 3094 726 est
3118 687 3139 727 :

250 711 640 769 reddituram,
2201 730 2461 835 Ut‘unum
2483 740 2650 799 Deum
2680 748 2738 802 in
2764 752 3030 825 trinitate,
3062 765 3115 814 et
3140 762 3441 825 trinitatem
3469 772 3528 829 in
3552 779 3686 835 uni-

2262 825 2372 879 tate
2398 843 2730 890 veneremur.

2116 903 2279 1003 lflunc
2310 915 2643 976 manifestat
2664 925 2803 996 quid
2827 932 2916 983 est
2937 931 3099 1000 fides,
3117 937 3204 993 vel
3227 942 3479 1013 qualiter
3505 952 3682 1011 unus-

3571 555 3692 617 569.

248 818 310 873 11
390 820 456 875 Et
486 823 657 876 vitam
684 827 971 881 aeternam.
997 828 1179 883 Amen.

313 905 508 962 Vitam
542 914 820 966 aeternam
843 928 971 969 vero
1002 913 1121 971 sine
1143 915 1315 971 dubio
1342 930 1447 969 nos
1474 895 1925 965 consecuturos

234 996 541 1052 credimus
569 1015 583 1052 :
608 997 657 1053 si
682 997 796 1053 ista
821 1016 948 1071 quae
972 1002 1269 1075 hucusque
1290 997 1713 1075 exposuimus»
1740 984 1921 1049 ﬁrmi-

231 1087 330 1139 ter
358 1088 669 1142 teneamus
695 1090 754 1141 et
787 1090 1062 1160 operibus
1094 1091 1463 1164 impleamus.

563 1218 847 1275 LAUDES
887 1221 1068 1279 POST
1106 1223 1579 1280 NOCTURNUM.

229 1323 474 1363 HYMNUS
505 1324 669 1370 QUEM
698 1325 949 1366 SANCTUS
979 1328 1308 1369 AMBROSIUS
1337 1330 1404 1369 Π
1433 1326 1694 1369 SANCTUS
1721 1326 1907 1368 AUGU-

620 1396 827 1435 STINUS
858 1398 1093 1438 INVICEM
1123 1400 1445 1441 CONDIDERU
1454 1403 1524 1440 NT

646 1494 933 1565 (Sequitur
962 1503 1136 1553 textus
1167 1499 1250 1553 Tn
1280 1498 1495 1570 DEUM.)

375 1624 580 1681 FlDES
621 1626 1319 1757 ΟΑΤΗΟΙΑὲὲῗΒὲὃίξΙΟΤΙ
1358 1632 1743 1690 ATHANASII

258 1829 283 1883 1
369 1829 699 1901 Quicunque
727 1832 846 1887 vult
869 1832 1054 1887 salvus
1082 1850 1195 1889 esse
1223 1854 1243 1889 :

364 1921 508 1973 Ante
537 1920 727 1973 omnia
757 1936 893 1990 opus
921 1927 999 1976 est
1025 1929 1087 1977 ut
1107 1927 1287 1978 teneat
1314 1925 1643 1982 catholicum
1669 1928 1849 1998 ﬁdem.

290 2022 402 2078 Hic
435 2023 648 2079 beatus
672 2023 1035 2082 Athanasius
1059 2026 1312 2083 liberum
1342 2030 1646 2087 arbitrium
1675 2033 1890 2105 posuit,
1921 1997 1968 2063 Β

220 2111 381 2168 sicut
413 2111 559 2167 dicit
590 2112 651 2168 in
682 2113 913 2185 psalmo
938 2132 950 2169 :
974 2114 1115 2178 Quis
1138 2121 1229 2172 est
1252 2116 1429 2174 homo
1451 2119 1551 2191 qui
1572 2120 1893 2179 vultvitam

219 2200 400 2271 (Psal.
432 2199 653 2271 xxxm),
682 2204 739 2255 et
785 2200 997 2257 iterum
1044 2202 1104 2258 in
1156 2204 1464 2276 Evangelio
1510 2207 1638 2279 ipsa
1665 2209 1894 2267 Veritas

221 2287 406 2343 dicit:
434 2288 543 2351 Qui
575 2286 703 2342 vult
731 2294 865 2360 post
906 2306 999 2345 me
1037 2291 1230 2347 venire
1258 2293 1465 2363 (Matth.
1500 2297 1636 2367 xvi).
1674 2297 1889 2353 Simili-

220 2381 311 2432 ter
337 2379 399 2432 et
430 2375 547 2430 hic.
591 2376 939 2449 Quicunque
984 2378 1107 2434 vult
1154 2380 1350 2437 salvus
1391 2399 1538 2439 esse.
1572 2385 1696 2439 Non
1729 2386 1888 2456 dicit,

218 2464 364 2521 velis
391 2469 497 2520 aut
528 2481 670 2531 non,
696 2464 896 2521 salvus
926 2467 1061 2535 eris,
1095 2470 1194 2524 sed
1226 2470 1565 2544 quicunque
1586 2474 1729 2541 vult,
1753 2476 1892 2547 quia

220 2554 378 2609 Deus
409 2553 792 2625 omnipotens
823 2554 1051 2611 nullum
1079 2556 1377 2614 hominem
1411 2560 1658 2617 invitum
1683 2568 1783 2618 aut
1802 2582 1892 2620 co-

218 2648 413 2698 actum
447 2642 633 2698 trahit
662 2642 738 2698 ad
774 2643 968 2699 ﬁdem.
1002 2646 1111 2701 Sed
1146 2647 1486 2719 quicunque
1516 2650 1641 2705 vult
1684 2651 1884 2709 salvus

222 2730 581 2786 mternaliter
606 2747 738 2786 esse
770 2731 829 2785 in
861 2749 1099 2804 corpore
1118 2735 1203 2789 vel
1239 2736 1297 2789 in
1329 2737 1548 2806 anima,
1572 2740 1890 2797 necessitas

218 2818 301 2874 illi
334 2824 425 2875 est
458 2821 526 2874 ut
556 2822 753 2874 teneat
784 2819 1130 2876 catholicam
1162 2822 1358 2878 ﬁdem.
1383 2827 1530 2890 Quia
1559 2833 1694 2883 ante
1716 2846 1889 2885 omne

222 2925 370 2979 opus
404 2924 647 2963 necesse
692 2911 786 2963 cst
830 2912 895 2963 ut
942 2910 1087 2965 fides
1136 2913 1451 2981 praecedat;
1486 2921 1621 2970 ante
1651 2933 1885 2973 omnem

221 2996 651 3068 Operationem,
676 3000 814 3051 ante
836 3014 1069 3052 omnem
1094 2998 1545 3070 inchoationem,
1561 3008 1693 3060 ante
1714 3022 1887 3062 omne

224 3084 583 3156 principium
618 3083 942 3155 unicuique
958 3103 1105 3157 opus
1125 3092 1214 3142 est
1244 3092 1308 3142 ut
1328 3092 1521 3145 teneat
1540 3091 1883 3149 catholicam

220 3173 415 3240 ﬁdem,
449 3173 688 3227 dicente
726 3172 1003 3243 Apostolo
1039 3190 1050 3230 :
1084 3174 1220 3230 Sine
1248 3175 1361 3231 fide
1406 3177 1770 3251 impossibile
1799 3188 1887 3237 est

222 3261 446 3333 placere
471 3266 587 3316 Deo
613 3263 801 3332 (Hebr.
827 3265 928 3329 x1).
954 3262 1117 3317 Unde
1152 3264 1421 3320 Habacuc
1444 3268 1729 3340 propheta
1755 3269 1836 3324 ait
1865 3286 1878 3325 :

216 3348 423 3406 Justus
482 3353 686 3405 autem
748 3366 819 3405 ex
878 3351 989 3406 ﬁde
1035 3351 1171 3406 vivit
1204 3355 1423 3422 (Habac.
1453 3357 1534 3428 ιι).
1566 3356 1879 3452 Catholica,
1909 3355 1952 3422 C
1991 3373 2105 3429 Deo
2137 3376 2369 3444 dicitur,
2392 3348 2519 3452 qua;

2040 991 2287 1090 quisque
2317 1015 2445 1059 eam
2478 991 2706 1067 credere
2737 1013 2961 1073 debeat.
2992 1020 3063 1077 Ut
3083 991 3264 1084 unum
3296 1032 3475 1092 Deum
3500 1037 3557 1095 in
3580 1042 3681 1097 tri-

2032 1079 2212 1191 Initate
2241 1091 2299 1142 et
2330 1089 2647 1153 trinitatem
2679 1098 2738 1156 in
2761 1104 2982 1162 unitate
3003 1079 3561 1191 venemmu-rIiEest

2027 1166 2235 1268 bemus
2270 1179 2502 1237 credere
2530 1184 2745 1243 trinum
2778 1194 2834 1247 et
2856 1210 3068 1267 unum;
3092 1214 3278 1259 unum
3308 1166 3367 1263 iri
3399 1210 3671 1273 substan-

2023 1254 2122 1363 tjia,
2148 1261 2487 1339 trinumque
2518 1271 2576 1327 in
2608 1278 2903 1349 personis;
2945 1300 3050 1341 nec
3080 1296 3316 1363 propter
3344 1297 3663 1361 trinitatem

2017 1342 2300 1452 debemus
2331 1342 2626 1416 dimittere
2646 1342 2950 1437 unitatem,
2975 1342 3659 1452 nec‘prdpterruniidtzt‘;

2013 1433 2296 1495 debemus
2327 1441 2618 1504 dimittere
2648 1433 2988 1514 trinitatem.
3008 1433 3080 1518 Ut
3100 1433 3658 1545 ips—urmiqu—e—inﬂco‘li:

2010 1538 2167 1591 mus,
2201 1543 2384 1585 unum
2416 1548 2760 1595 veneremur
2799 1547 2857 1598 et
2901 1547 3154 1621 trinum;
3189 1538 3372 1616 nam};
3419 1552 3657 1639 Ρτοριδι.

2010 1610 2292 1639 ...ιξιηιημ
2331 1619 2491 1639 ,ηιμ
2581 1622 2617 1639 ,ο
2745 1632 2755 1639 .
2800 1628 2811 1639 .

2006 1610 2296 1671 unitatem
2326 1619 2698 1697 substantias;
2739 1628 2961 1689 trinum
2991 1610 3227 1712 propter
3267 1610 3651 1719 persd'nai'iim

2003 1700 2305 1771 vocabula,
2339 1722 2704 1780 veneremur,
2727 1714 2785 1771 id
2827 1723 2917 1776 est
2953 1700 3650 1809 adoremus‘amuecola-

2036 1876 2069 1930 4
2141 1878 2325 1950 Neque
2349 1886 2744 1956 confundentes
2763 1908 3029 1964 personas
3052 1920 3072 1956 .-

2139 1972 2324 2040 Neque
2350 1974 2710 2035 substantiam
2733 1984 3069 2054 separantes.

2074 2053 2438 2117 Confundere
2476 2066 2566 2118 est
2610 2053 3006 2145 commiscere,
3037 2079 3333 2150 quianon
3365 2088 3663 2153 debemus

2006 2144 2232 2237 tantum
2256 2162 2434 2203 unam
2455 2166 2766 2222 personam
2790 2144 3208 2234 cmdere,sicut
3228 2144 3648 2237 Sabadius—li;-

2002 2229 2218 2326 reticus
2250 2237 2568 2307 asserebat,
2597 2243 2697 2297 sed
2731 2248 2868 2316 tres,
2892 2249 2952 2305 id
2982 2229 3073 2310 est
3100 2229 3641 2326 Patrem

2000 2320 2057 2371 et
2088 2318 2370 2424 Spiritu‘m
2422 2331 2712 2424 sanctum,
2738 2349 2842 2389 nec
2884 2337 3274 2403 substantiam
3323 2318 3638 2424 separare:

2000 2408 2066 2459 ut
2092 2406 2264 2462 Arius
2303 2408 2606 2470 haereticus
2652 2422 2975 2495 asserebat;
3007 2429 3237 2489 dicebat
3282 2406 3639 2514 enimZ‘quo‘d

2000 2491 2152 2547 sicut
2181 2500 2347 2551 erant
2374 2502 2491 2555 tres
2518 2519 2799 2574 personae,
2824 2509 2906 2567 ita
2930 2491 3179 2575 fuissent
3208 2491 3640 2589 tres—subslit;

1998 2578 2109 2635 tite.
2136 2582 2361 2640 Patrem
2393 2592 2689 2648 asserebat
2718 2599 2997 2669 majorem
3026 2604 3189 2674 Filio,
3214 2578 3639 2676 Filium—mino-

1999 2684 2116 2723 rem
2142 2671 2328 2731 Patre.
2353 2674 2634 2745 Spiritum
2665 2690 2932 2744 sanctum
2957 2671 3291 2756 ministrum
3322 2671 3641 2763 eorum—dvi-

1996 2757 2181 2813 cebat.
2223 2760 2562 2821 Substantia
2617 2769 2939 2841 dicitur,eo
2989 2783 3145 2851 quod
3202 2803 3271 2842 ex
3323 2757 3649 2868 semetipsa

1996 2844 2267 2902 subsistit
2284 2866 2297 2915 ;
2314 2852 2647 2912 substantia
2668 2876 2801 2916 vero
2824 2844 3133 2926 commune
3162 2877 3253 2929 est
3276 2892 3488 2938 nomen
3511 2844 3634 2939 01in-

1995 2933 2159 2989 nium
2192 2953 2388 2993 rerum
2421 2957 2547 3013 qum
2578 2950 2737 3016 sunt,
2760 2950 2990 3023 ccelum,
3014 2956 3121 3026 sol,
3149 2959 3308 3031 luna,
3331 2968 3506 3037 terra,
3538 2987 3635 3028 ar-

1994 3021 2192 3091 bores;
2227 3024 2493 3085 homines
2547 3034 2720 3091 etiam
2761 3021 3116 3101 substantia:
3142 3021 3633 3117 dicunturfl'leus

1990 3109 2172 3182 igitur
2193 3113 2523 3174 substantia
2544 3125 2650 3190 est,
2669 3128 2727 3179 et
2748 3142 2982 3187 summa
3005 3133 3355 3209 substantia,
3370 3109 3634 3216 etprima

1990 3202 2047 3253 et
2071 3201 2334 3255 omnium
2367 3206 2827 3269 substantiarum
2860 3233 3055 3291 causa,
3081 3221 3219 3296 quia
3245 3201 3629 3289 omnin-mre-

1991 3303 2119 3340 rnm
2146 3294 2372 3345 creator
2394 3298 2484 3348 est
2504 3296 2692 3364 (Exod.
2709 3301 2811 3371 in).
2826 3294 3291 3393 Essentiaigitnr
3305 3319 3537 3389 proprie
3555 3304 3643 3377 de.

2551 3399 2783 3459 semper
2807 3395 2896 3448 est
2923 3397 3078 3466 quod
3108 3404 3217 3473 est,
3239 3402 3379 3475 qu'ia
3404 3404 3628 3465 incom-

215 3440 450 3495 Graecus
499 3454 698 3494 sermo
747 3443 857 3503 est,
895 3439 1095 3495 Latine
1143 3440 1560 3542 interpretatur
1606 3448 1878 3542 generalis
1986 3464 2285 3521 mutabilis
2315 3439 2562 3540 θέίωαο,
2600 3475 2656 3542 ι),

216 3527 334 3582 sive
365 3527 743 3592 universalis;
770 3525 1079 3597 generalis,
1107 3527 1355 3598 pertinet
1376 3530 1447 3584 ad
1469 3546 1672 3587 omnes
1694 3532 1879 3587 homi-

216 3632 347 3683 nes;
400 3613 787 3679 universalis,
810 3612 947 3685 quia
986 3631 1090 3686 per
1139 3616 1474 3672 universum
1534 3620 1733 3675 orbem
1791 3626 1880 3677 est

213 3700 450 3758 diMa.
487 3702 665 3759 Fides
697 3701 1017 3758 credulitas
1059 3708 1136 3758 est
1176 3722 1305 3777 qua,
1338 3706 1560 3763 scilicet
1604 3710 1882 3765 veraciter

211 3792 538 3859 credimus,
554 3791 613 3846 id
638 3790 798 3862 quod
822 3807 1191 3863 nequaquam
1210 3793 1403 3849 videre
1419 3795 1701 3853 valemus.
1719 3798 1880 3855 Unde

211 3880 536 3953 Apostolus
567 3880 654 3933 ait
686 3897 700 3933 :
737 3878 909 3934 Fides
939 3884 1027 3933 est
1057 3883 1410 3952 sperandum
1442 3885 1774 3940 substantia
1797 3903 1881 3943 re-

210 3986 362 4036 rum,
388 3971 825 4041 argumentum
866 3984 977 4022 non
1013 3972 1629 4073 apparentiumnwebr.
1652 3976 1752 4073 xi).
1779 3975 1879 4073 Di.-

209 4056 362 4111 citur
393 4072 663 4127 namque
696 4054 866 4119 ﬁdes,
891 4070 956 4109 co
982 4057 1136 4127 quod
1161 4057 1225 4139 tit
1249 4058 1399 4112 inter
1421 4058 1599 4114 Deum
1623 4065 1682 4116 et
1701 4060 1883 4159 homi-

210 4161 331 4200 nes.
359 4145 547 4200 lstam
605 4143 809 4209 fidem,
844 4142 1018 4198 istam
1059 4145 1461 4201 credulitatem
1505 4153 1637 4203 ante
1683 4150 1883 4205 omnia

208 4248 354 4304 opus
385 4238 481 4288 est
514 4230 739 4287 habere
766 4230 957 4298 nobis,
983 4232 1120 4303 quia
1151 4234 1294 4288 ﬁdes
1325 4235 1770 4291 fundamentum
1793 4242 1883 4293 est

208 4320 476 4375 omnium
508 4320 829 4386 virtutum,
856 4325 912 4375 et
940 4320 1068 4375 ideo
1099 4322 1263 4392 prius
1293 4322 1652 4378 aedificamus
1684 4325 1878 4389 fidem,

209 4422 333 4480 qua:
365 4414 459 4465 est
492 4408 981 4475 fundamentum,
1007 4413 1062 4463 et
1093 4426 1271 4481 super
1293 4426 1419 4465 eam
1444 4415 1678 4466 czeteras
1703 4413 1881 4466 virtu-

208 4500 311 4561 tes,
340 4497 485 4569 quia
519 4498 654 4552 sine
689 4495 807 4550 fide
830 4495 1028 4552 nullus
1059 4497 1255 4552 salvus
1278 4514 1405 4597 esse
1429 4499 1883 4597 p-otest.‘l‘)icitur

206 4582 384 4655 igitur
440 4587 618 4651 ﬁdes,
661 4582 984 4639 credulitas
1043 4585 1162 4641 sive
1220 4585 1532 4641 credentia.
1561 4586 1877 4653 Catholica,

206 4673 563 4729 universalis
595 4672 841 4740 dicitur,
866 4670 924 4726 id
958 4677 1049 4728 est
1076 4678 1251 4738 recta,
1273 4691 1447 4746 quam
1480 4674 1753 4733 universa
1783 4674 1883 4731 Ec-

204 4759 379 4817 clesia
410 4768 622 4819 tenere
648 4762 845 4817 debet.
871 4762 1127 4818 Ecclesia
1147 4779 1281 4817 vera
1312 4762 1687 4834 congregatio
1716 4763 1882 4818 Chri-

204 4848 537 4906 stianorum
572 4851 699 4906 sive
732 4854 1053 4905 conventus
1084 4850 1434 4923 pepulorum
1467 4850 1700 4907 dicitur.

234 4956 271 5008 2
342 4956 527 5025 Quam
557 4958 681 5012 nisi
726 4956 958 5027 quisque
1004 4958 1270 5028 integram
1312 4958 1743 5030 inviolatamque
1773 4974 1892 5015 ser-

433 5047 646 5100 vaverit
675 5062 695 5100 :

433 5063 443 5089 ν
576 5063 590 5075 ο
625 5061 645 5100 ι
675 5062 695 5100 :

341 5061 573 5205 Abisle
592 5063 769 5189 dubio
799 5133 860 5187 in
889 5139 1154 5189 alternum
1178 5136 1394 5206 peribit.

272 5196 684 5283 Quam-tidem
733 5220 1008 5293 quisque,
1043 5222 1099 5277 id
1132 5196 1217 5277 est
1267 5196 1702 5296 unusquisque.
1749 5229 1913 5287 Inte-

2018 3550 2056 3605 5
2125 3553 2251 3607 Alia
2278 3563 2354 3611 est
2379 3560 2529 3613 enim
2549 3577 2783 3631 persona
2808 3570 2993 3627 Patris
3021 3591 3041 3627 :

2127 3642 2251 3696 Alia
2281 3646 2430 3713 Filii,
2462 3649 2576 3704 alia
2604 3650 2843 3722 Spiritus
2868 3661 3062 3716 scmcti.

2060 3729 2161 3783 Hic
2192 3736 2390 3788 contra
2422 3735 2738 3795 Sabellium
2781 3749 2918 3801 sunt
2960 3764 3220 3820 personas
3241 3740 3459 3824 divisse,
3483 3774 3633 3831 quas

1989 3818 2197 3873 asserit
2218 3837 2346 3877 esse
2369 3829 2716 3899 unam,quia
2735 3832 2905 3889 Pater
2923 3818 2981 3891 in
3015 3855 3122 3896 sua
3141 3854 3393 3913 persona
3411 3848 3637 3906 non'est

1990 3905 2191 3974 Filius,
2214 3910 2311 3964 sed
2336 3914 2564 3970 tantum
2598 3917 2792 3988 Pater;
2824 3939 2929 3979 nec
2962 3905 3223 3985 Filius-in
3252 3942 3360 3988 sua
3386 3938 3637 4007 persona

1989 3995 2077 4047 est
2108 3994 2293 4063 Pater,
2323 4000 2423 4055 sed
2457 4005 2681 4061 tantum
2716 4007 2989 4076 Filius,et
3019 3994 3547 4086 Spiritus'sanctus
3576 4023 3637 4079 in

1990 4097 2098 4135 sua
2130 4099 2377 4153 persona
2405 4105 2521 4144 non
2552 4096 2641 4147 est
2680 4095 2865 4163 Pater,
2897 4115 3003 4155 nec
3033 4102 3233 4171 Filius,
3263 4106 3363 4161 sed
3403 4112 3638 4167 tantum
3701 4096 3709 4103 ’

1990 4167 2243 4239 Spiritus
2274 4181 2533 4243 sanctus,
2585 4197 2654 4235 ex
2704 4187 2951 4258 utroque
2998 4190 3338 4260 procedens.
3387 4194 3643 4256 Persona

1990 4255 2145 4313 dicta
2173 4264 2280 4325 est,
2314 4278 2379 4317 eo
2410 4268 2564 4336 quod
2601 4286 2700 4339 per
2728 4288 2790 4326 se
2821 4255 3011 4330 sonat:

2022 4347 2058 4399 6
2130 4345 2234 4401 Sed
2264 4353 2449 4407 Patris
2477 4358 2530 4408 et
2560 4356 2694 4411 Filii
2719 4366 2771 4414 et
2793 4358 3032 4432 Spiritus
3078 4369 3257 4424 sancti
3276 4376 3279 4383 ’
3300 4372 3415 4427 uita
3438 4379 3520 4429 est
3546 4373 3639 4429 di-'

2204 4437 2294 4490 vin
2303 4439 2408 4492 itas
2439 4456 2452 4493 :

2131 4523 2379 4596 .‘Equalis
2408 4529 2609 4597 gloria,
2642 4543 2913 4592 comterna
2939 4539 3214 4612 maiestas.

2063 4608 2175 4664 Sed
2207 4611 2395 4670 Patris
2426 4619 2483 4671 et
2512 4617 2641 4673 Filii
2674 4624 2732 4676 et
2771 4608 3038 4695 Spiritus.
3066 4628 3256 4683 sancti
3288 4645 3409 4687 una
3436 4628 3526 4687 est
3554 4634 3644 4689 di-

1915 4711 1961 4775 D
1989 4695 2225 4765 vinitas,
2250 4700 2358 4757 hoc
2389 4709 2478 4759 est
2508 4722 2625 4762 una
2656 4710 3007 4769 substantia.
3035 4714 3297 4788 Eqnalis
3328 4718 3535 4792 gloria,
3556 4728 3650 4777 oo-

1994 4789 2211 4842 aaterna
2232 4792 2531 4862 majestas,
2553 4794 2612 4850 id
2634 4800 2723 4852 est
2742 4799 3076 4872 coaequalis,
3098 4804 3225 4861 sine
3243 4789 3412 4863 initio
3433 4796 3647 4878 et‘fine,’

1997 4877 2057 4929 et
2088 4875 2292 4947 gloria,
2325 4884 2380 4934 et
2408 4886 2688 4953 potestas.

2036 4962 2076 5014 7
2150 4968 2342 5035 Qualis
2371 4973 2537 5025 Pater
2566 4973 2692 5027 talis
2721 4974 2897 5030 Filius
2928 4994 2946 5031 :

2160 5055 2302 5111 Talis
2330 5061 2382 5112 et
2409 5059 2649 5116 Soiritus
2677 5067 2895 5119 sanctus
2920 5080 2940 5119 :

2093 5142 2245 5208 Quia
2288 5143 2438 5201 sicut
2494 5147 2660 5204 Pater
2714 5153 2965 5207 internus
3021 5156 3110 5209 est
3141 5144 3237 5209 vel
3293 5154 3662 5227 omnipotens

2017 5247 2141 5289 seu
2199 5231 2527 5306 invisibilis,
2558 5234 2823 5293 similiter
2868 5241 2957 5294 est
2984 5243 3041 5295 et
3068 5240 3250 5298 Filius
3304 5245 3363 5298 et
3412 5242 3666 5314 Spiritus

212 5322 392 5376 grain,
424 5311 481 5365 id
535 5315 632 5366 est
694 5308 1040 5381 plenamet
1088 5311 1406 5381 perfectam,
1442 5314 1511 5365 ut
1564 5331 1704 5375 eam
1781 5336 1916 5376 non
2021 5322 2305 5376 sanctus.

211 5394 431 5453 scindat
462 5416 570 5471 per
603 5396 907 5463 hzeresim,
933 5414 1111 5469 neque
1134 5399 1243 5454 ullo
1267 5400 1577 5459 schismate
1597 5425 1921 5471 corrum-

215 5489 323 5552 pat,
346 5486 727 5553 ιυνίοιειιειιη,
756 5486 813 5540 id
850 5490 937 5539 est
965 5503 1086 5541 eam
1126 5504 1227 5542 non
1259 5489 1417 5543 violet
1444 5492 1922 5565 maledicendo

214 5576 375 5642 atque
406 5575 817 5653 praedicando,
852 5577 908 5626 et
936 5573 981 5629 si
1014 5590 1131 5629 eam
1170 5593 1270 5630 non
1313 5580 1653 5645 custodierit
1736 5598 1923 5654 inte-

217 5673 369 5727 grain
398 5669 455 5719 et
495 5664 870 5726 inviolatam,
896 5661 1099 5732 absque
1140 5663 1292 5719 dubio
1315 5665 1370 5719 in
1399 5670 1605 5736 aeterna
1676 5691 1918 5746 dam-

220 5749 434 5806 natione
462 5753 701 5824 peribit.

2072 5412 2117 5464 8
2200 5408 2461 5464 lncreatus
2490 5412 2666 5479 Pater,
2700 5414 2965 5470 increatus
2994 5415 3167 5471 Filius
3198 5434 3216 5470 :

2209 5497 2474 5553 lncrcatus
2504 5499 2734 5571 Spiritus
2762 5508 2997 5556 sanctus.

2138 5587 2166 5643 Ι
2179 5589 2440 5641 screatus
2460 5586 2640 5642 Pater.
2656 5587 2742 5653 1n,
2763 5587 3210 5659 praepositio,est
3224 5589 3283 5644 in
3302 5589 3410 5644 hoc
3423 5587 3566 5650 loco,
3580 5600 3683 5656 pro

2028 5692 2204 5751 non
2234 5674 2564 5744 composita.
2586 5675 2872 5730 lncreatus
2895 5675 3077 5741 Pater,
3100 5675 3157 5730 id
3186 5680 3275 5730 est
3301 5690 3414 5771 non
3440 5675 3687 5771 creatus,

2028 5799 2083 5856 q
2106 5765 2237 5825 uia
2266 5761 2385 5833 ipse
2415 5767 2503 5818 est
2538 5763 2789 5818 omnium
2815 5762 3063 5831 Greater,
3084 5765 3139 5816 et
3184 5779 3219 5816 a
3262 5757 3419 5815 nullo
3447 5758 3690 5823 creatus;
