3878 6412
305 360 446 424 563-

1239 363 1298 424 S.
1352 365 1750 426 BRUNONIS
1797 363 2417 429 HERBIPOLESSIS
2466 367 2839 431 EPISCOPI.

3596 367 3706 436 εει

307 495 439 570 Ipse
459 497 549 552 est
577 493 843 553 omnium
877 495 1072 564 l'rcter,
1095 499 1151 553 et
1180 515 1214 553 a
1244 497 1404 554 nullo
1427 498 1633 556 factus.
1661 499 1962 557 Increatus
1989 499 2045 568 Α
2074 498 2298 558 buisset
2327 499 2561 570 Filium,
2596 520 2902 577 nunquam
2934 500 3240 561 habuisset
3266 519 3483 562 nomen
3510 502 3701 577 Patris,

309 584 514 656 Filius,
528 584 826 642 increatus
842 584 1163 658 etSpiritus
1180 590 1744 646 sanctus.lncreatus
1761 591 1962 659 Filius,

311 693 428 732 non
454 679 740 741 creatura,
766 675 918 732 sicut
940 676 1111 732 Arius
1133 678 1379 745 dicebat,
1405 680 1543 751 quia
1564 680 1762 736 omnia
1787 681 1964 736 simul

311 763 530 822 creavit
559 780 694 818 cum
727 763 915 832 Patre,
939 765 1209 822 similiter
1238 771 1293 822 et
1324 767 1578 838 Spiritus
1609 775 1870 827 sanctus.

347 851 384 905 9
453 852 752 909 Immensus
778 854 962 920 Pater,
987 856 1284 912 immensus
1313 858 1496 912 Filius
1525 876 1547 912 .·

455 942 755 998 Immensus
779 945 1023 1015 Spiritus
1051 953 1289 1001 sanctus.

387 1029 719 1087 Immensus
768 1031 962 1101 Pater,
995 1034 1136 1106 quia
1181 1035 1312 1106 ejus
1361 1035 1830 1108 magnitudinem
1881 1036 1968 1093 vel

315 1119 706 1190 quantitatem
729 1119 929 1178 nullus
951 1138 1295 1180 mensurare
1327 1130 1539 1197 potest,
1566 1143 1692 1198 quae
1719 1125 1861 1182 cmlo
1883 1131 1973 1182 est

315 1206 615 1277 excelsior,
641 1212 797 1266 terra
825 1211 1171 1283 profundior
1199 1218 1258 1270 et
1298 1214 1473 1270 latior
1512 1213 1660 1271 mari
1690 1215 1826 1284 (Job.
1851 1217 1927 1285 xu)
1955 1232 1968 1270 :

313 1299 371 1352 et
421 1300 510 1353 est
564 1297 1133 1373 incircumscriptus,
1176 1301 1582 1376 incorporeus,
1623 1303 1972 1373 inlocabilis,

313 1385 531 1459 ubique
559 1390 713 1444 totus
734 1405 746 1443 :
767 1393 825 1444 et
846 1406 962 1444 non
984 1395 1075 1447 est
1099 1390 1264 1448 locus
1282 1391 1382 1447 ubi
1407 1409 1520 1447 non
1544 1393 1638 1458 sit,
1655 1393 1976 1466 sicutIdicit

312 1475 370 1530 in
403 1475 654 1548 psalmo.
687 1477 746 1532 Si
786 1480 1103 1536 ascendere
1155 1481 1215 1536 in
1264 1481 1499 1549 coelum,
1533 1485 1595 1536 tu
1647 1480 1763 1537 illic
1796 1501 1887 1551 es;
1921 1466 1976 1538 si

311 1565 667 1623 descendere
690 1567 760 1622 ad
785 1569 1105 1635 infernum,
1130 1570 1296 1637 ades;
1319 1576 1375 1626 et
1407 1570 1454 1625 si
1480 1572 1597 1627 iere
1623 1572 1694 1627 ad
1717 1577 1978 1627 extrema

312 1653 516 1720 maris,
536 1655 617 1711 ibi
645 1672 738 1710 me
759 1656 994 1713 dextera
1012 1662 1112 1714 tua
1135 1659 1354 1714 tenebit
1374 1662 1546 1728 (Psal.
1569 1661 1826 1732 xxxvm).
1849 1661 1978 1732 Ipse

311 1747 400 1798 est
429 1743 586 1800 intra
612 1745 831 1814 omnia,
856 1751 914 1802 et
970 1765 1086 1802 non
1145 1749 1496 1818 conclusus;
1527 1756 1692 1806 extra
1753 1751 1974 1816 omnia,

2074 589 2346 646 similiter
2372 596 2426 646 et
2458 591 2713 664 Spiritus
2744 599 2987 649 sanctus
3019 611 3133 648 non
3165 611 3200 649 a
3236 611 3320 660 se,
3345 593 3446 649 sed
3478 592 3704 666 alicujus

2077 679 2330 752 Spiritus
2364 685 2472 736 est.
2513 682 2615 736 Est
2658 686 2716 738 et
2755 681 2914 738 aliud
2948 682 3316 751 vocabulum,
3343 682 3443 738 ubi
3481 682 3708 756 Spiritus

2076 773 2318 824 sanctus
2344 769 2577 824 relative
2597 770 2834 836 dicitur,
2849 770 3070 827 scilicet
3085 771 3328 838 donum,
3342 771 3556 827 dicitur
3572 773 3711 828 enim

2075 857 2299 925 denum
2332 858 2652 926 donateris,
2687 867 2746 914 et
2775 861 3022 916 donator
3050 860 3207 916 doni.
3233 864 3577 917 Donatorem
3601 859 3712 917 dico

2078 964 2206 1002 esse
2234 947 2462 1002 Patrem
2485 948 2706 1004 donum
2729 965 2862 1005 vero
2885 948 3171 1022 Spiritum
3199 955 3493 1017 sanctum,
3515 951 3713 1006 donum

2079 1052 2210 1090 vero
2245 1036 2494 1091 refertur
2523 1037 2595 1092 ad
2626 1037 2972 1093 donatorem
3015 1041 3074 1094 et
3111 1039 3362 1095 donator
3391 1039 3464 1095 ad
3495 1039 3710 1094 donum.

2081 1123 2221 1179 Ecce
2251 1141 2368 1195 qua
2398 1124 2622 1180 ratione
2652 1125 2908 1199 Spiritus
2948 1132 3189 1184 sanctus
3229 1127 3471 1184 relative
3503 1128 3713 1184 dicitur.

2084 1213 2152 1268 15
2223 1215 2303 1268 Ita
2331 1213 2470 1268 Deus
2495 1216 2662 1269 Pater
2695 1231 2708 1268 :
2742 1216 2880 1271 Deus
2911 1216 3094 1271 Filius
3127 1233 3141 1272 :

2225 1306 2368 1358 Deus
2398 1311 2448 1358 et
2479 1303 2719 1375 Spiritus
2747 1311 2987 1360 sanctus.

2155 1390 2309 1446 Deus
2329 1392 2631 1463 preprium
2658 1409 2873 1449 nomen
2897 1399 2986 1449 est
3005 1393 3330 1462 Trinitatis,
3347 1395 3636 1468 pertinens
3654 1395 3717 1450 ad

2085 1479 2312 1534 Patrem
2346 1485 2402 1535 et
2432 1480 2642 1536 Filium
2673 1486 2730 1536 et
2755 1481 3038 1554 Spiritum
3061 1487 3358 1552 sanctum,
3385 1483 3716 1540 translatum

2083 1585 2152 1624 ex
2181 1571 2377 1625 Graeca
2420 1567 2830 1642 appellatione.
2863 1571 3009 1628 Nam
3053 1571 3206 1628 Deus
3235 1575 3430 1628 Grece
3478 1573 3617 1629 theos
3642 1572 3718 1627 di-

2085 1657 2254 1723 citur,
2287 1657 2344 1713 id
2388 1664 2477 1714 est
2527 1659 2722 1715 timor.
2757 1659 2922 1717 Unde
2968 1664 3191 1717 tractus
3239 1665 3333 1718 est
3385 1666 3554 1730 Deus,
3582 1661 3718 1734 quod

2084 1762 2218 1801 cum
2251 1746 2578 1803 colentibus
2610 1747 2688 1804 sit
2713 1749 2907 1805 timor.
2937 1749 3244 1822 Proprium
3264 1768 3404 1807 vero
3427 1768 3630 1807 nomen
3648 1754 3724 1806 est

309 1836 367 1938 et
396 1848 513 1889 non
556 1833 840 1938 excelsus.
868 1835 1149 1893 Similiter
1198 1841 1254 1893 et
1297 1837 1496 1906 Filius,
1521 1838 1621 1912 qui
1668 1838 1902 1910 attingit
1931 1857 1965 1894 a
1997 1875 2040 1938 Β
2084 1833 2649 1938 Ραῑιὲῗλιμιίαοεοιυξι
2699 1837 3025 1938 θεξνξξιιιοιη
3077 1844 3135 1895 et
3177 1840 3488 1938 proprium
3533 1856 3722 1896 nomen

311 1921 425 1976 line
458 1939 566 1995 usq
595 1938 644 1978 .e
671 1923 741 1978 ad
767 1924 942 1980 finem
967 1926 1190 1982 fortiter
1212 1928 1362 1999 (Sap.
1385 1931 1529 1997 vui),
1555 1928 1624 1982 de
1647 1946 1760 2000 quo
1783 1929 1964 2001 scrip-

308 2013 436 2066 tum
449 2012 755 2068 est.Verbo
769 2013 1136 2072 Dominicmli
1160 2016 1375 2071 ﬁrmati
1400 2018 1719 2086 sunt(Psal.
1735 2021 1956 2084 χχχιιι).

308 2099 438 2154 Pari
471 2101 644 2157 modo
673 2105 733 2158 et
760 2102 1014 2176 Spiritus
1043 2107 1303 2161 sanctus.
1338 2105 1500 2162 Unde
1537 2105 1752 2161 dicitur
1783 2123 1796 2161 :
1831 2105 1959 2178 Spi-

307 2191 404 2244 tus
434 2187 668 2246 Domini
699 2190 939 2264 replevit
967 2193 1168 2249 orbem
1204 2199 1490 2250 terrarum
1524 2197 1671 2267 (Sap.
1707 2197 1765 2267 ι).

309 2280 379 2334 10
449 2281 704 2336 Ai'ternus
730 2282 915 2350 Pater,
948 2291 1189 2340 aeternus
1218 2285 1412 2340 Filius.

446 2377 705 2428 zEternus
734 2373 971 2444 Spiritus
993 2381 1230 2430 sanctus.

374 2461 478 2518 Hic
498 2465 772 2530 aeternus,
794 2479 896 2534 pro
919 2462 1276 2534 sempiterno
1298 2462 1581 2518 debemus
1613 2461 1954 2534 intelligere.

304 2553 562 2610 litemus
590 2553 805 2610 dicitur
832 2553 986 2608 Deus
1017 2551 1360 2622 Pater,quia
1390 2550 1515 2606 sine
1547 2551 1712 2607 initio
1741 2556 1799 2607 et
1828 2553 1958 2608 sine

307 2643 422 2698 line
452 2645 701 2709 constat,
733 2639 1004 2696 similiter
1031 2644 1088 2694 et
1118 2638 1300 2695 Filius
1322 2643 1378 2694 et
1407 2639 1660 2711 Spiritus
1693 2646 1954 2707 sanctus,

305 2731 447 2804 quia
477 2729 629 2786 sicut
657 2745 962 2802 nunquam
1006 2746 1121 2784 non
1169 2733 1358 2794 Pater,
1389 2728 1471 2785 ita
1499 2747 1805 2802 nunquam
1839 2749 1955 2788 non

307 2819 490 2877 Filius
520 2835 587 2875 ac
615 2817 872 2892 Spiritus
901 2822 1161 2878 sanctus.

307 2910 370 2966 11
447 2913 517 2966 Et
546 2917 730 2964 tamen
756 2924 866 2964 non
894 2916 1002 2964 tres
1027 2908 1230 2966 atomi
1262 2925 1275 2963 :

446 2998 550 3054 Sed
578 3014 722 3054 unus
746 3005 1003 3055 (aeternus.

375 3091 445 3146 Et
473 3093 670 3146 tamen
703 3105 819 3144 non
850 3093 968 3144 tres
997 3085 1219 3154 aeterni,
1241 3087 1344 3143 sed
1377 3104 1530 3144 unus
1551 3091 1825 3157 aeternus,
1848 3091 1957 3148 sci-

299 3177 435 3235 licet
463 3179 524 3236 in
554 3177 906 3236 substantia.

301 3271 370 3336 12
441 3270 596 3327 Sicut
621 3285 734 3327 non
761 3277 868 3326 tres
901 3269 1138 3324 increati
1165 3283 1262 3322 nec
1293 3271 1401 3322 tres
1433 3268 1688 3323 immensi
1720 3286 1733 3324 :

439 3359 542 3416 Sed
568 3375 713 3415 unus
737 3360 1017 3414 increatus
1041 3364 1094 3413 et
1123 3373 1266 3412 unus
1297 3359 1611 3412 immensus.

367 3447 516 3514 Quia
544 3464 698 3504 unus
729 3451 818 3502 est
846 3447 1000 3503 Deus
1031 3446 1090 3500 in
1123 3463 1232 3501 sua
1261 3445 1612 3501 substantia.

298 3539 365 3594 13
437 3538 710 3592 Similiter
737 3537 1074 3608 omnipotens
1103 3536 1288 3598 Pater,
1318 3535 1656 3604 omnipotens
1686 3537 1738 3590 F
1737 3536 1869 3590 ilius
1897 3553 1910 3590 :

438 3625 795 3694 Omnipotens
823 3631 874 3678 et
905 3623 1143 3694 Spiritus
1171 3625 1414 3676 sanctus.

368 3712 752 3784 Omnipotens
771 3709 989 3766 dicitur
1009 3708 1348 3780 Pater,quia
1372 3709 1570 3764 omnia
1591 3715 1807 3782 potest;
1834 3730 1946 3769 non

2069 1929 2157 1978 est
2192 1923 2344 1990 Filii,
2377 1925 2517 1996 quia
2557 1925 2720 1981 solus
2763 1925 2944 1982 Filius
2965 1931 3052 1984 est
3083 1944 3119 1984 a
3147 1927 3268 1984 solo
3297 1929 3500 1997 Patre;
3523 1933 3578 1984 et
3606 1944 3722 2001 pro-

2069 2011 2264 2084 prium
2297 2031 2506 2069 nomen
2549 2018 2636 2069 est
2679 2014 2932 2086 Spiritus
2977 2015 3188 2082 sancti,
3210 2016 3354 2088 quia
3385 2017 3460 2073 ab
3494 2021 3717 2089 utroque

2071 2101 2349 2172 procedit.
2380 2103 2528 2158 Deus
2549 2108 2637 2158 cst
2659 2102 2853 2171 Pater,
2881 2103 3022 2176 quia
3053 2104 3181 2178 ipse
3211 2109 3301 2161 est
3333 2105 3468 2162 fons
3496 2110 3554 2162 et
3581 2103 3722 2176 origo

2069 2187 2328 2258 deitatis;
2364 2189 2640 2246 similiter
2679 2195 2736 2246 et
2782 2191 2964 2248 Filius
2995 2193 3149 2250 Deus
3178 2197 3287 2260 est,
3321 2199 3385 2249 et
3414 2194 3523 2251 hoc
3554 2211 3657 2250 non
3689 2210 3719 2249 ει

2069 2278 2404 2350 semetipso,
2430 2281 2563 2351 quia
2612 2296 2718 2335 non
2764 2285 2852 2336 est
2881 2298 2915 2336 a
2945 2298 3027 2350 se,
3061 2282 3162 2338 sed
3193 2299 3227 2338 ιι
3255 2282 3387 2340 solo
3434 2284 3597 2340 Patre
3641 2285 3718 2338 est

2066 2367 2329 2438 genitus;
2366 2368 2490 2440 pari
2524 2369 2695 2424 modo
2717 2373 2772 2425 et
2795 2369 3048 2442 Spiritus
3077 2376 3339 2439 sanctus,
3364 2390 3484 2429 non
3506 2389 3540 2429 a
3560 2375 3715 2429 sees!

2067 2455 2242 2521 Deus,
2261 2457 2361 2512 sed
2387 2474 2420 2512 a
2451 2457 2619 2514 Patre
2645 2463 2700 2513 et
2733 2457 2877 2514 Filio
2909 2460 3228 2532 procedens
3253 2465 3367 2518 est.

2070 2544 2136 2598 16
2209 2546 2272 2601 Et
2305 2550 2486 2602 tamen
2521 2565 2628 2601 non
2658 2556 2766 2602 tres
2795 2548 2881 2604 dii
2913 2567 2927 2605 :

2209 2634 2311 2689 Sed
2343 2653 2483 2690 unus
2513 2645 2592 2692 est
2624 2637 2784 2692 Deus.

2208 2725 2290 2780 Ila
2319 2725 2582 2781 Dominus
2612 2727 2794 2793 Pater,
2829 2727 3091 2782 Dominus
3119 2729 3299 2786 Filius
3332 2746 3349 2785 :

2211 2813 2476 2870 Dominus
2500 2816 2744 2887 Spiritus
2773 2824 3014 2872 sanctus.

2208 2907 2274 2960 Et
2303 2910 2486 2959 tamen
2519 2921 2628 2960 non
2655 2912 2763 2960 tres
2796 2906 3022 2960 Domini
3053 2923 3067 2961 :

2203 2993 2312 3050 Sed
2339 3010 2483 3048 unus
2514 3001 2596 3050 est
2616 2994 2902 3050 dominus.

2133 3083 2299 3137 Sicut
2328 3081 2613 3155 scriptum
2655 3088 2745 3138 est
2777 3099 2790 3138 :
2826 3081 2976 3138 Audi
3026 3082 3222 3150 Israel,
3259 3083 3545 3140 Dominus
3573 3083 3706 3139 Deus

2060 3173 2200 3227 tuus
2248 3188 2403 3226 unus
2441 3172 2726 3244 est(')eut.
2760 3174 2860 3240 γι).
2894 3170 3174 3227 Dominus
3221 3171 3444 3228 dicitur
3492 3173 3651 3228 Pater
3676 3187 3705 3226 ιι

1981 3242 2026 3309 C
2063 3259 2484 3328 dominatione,
2501 3242 2566 3316 eo
2593 3261 2748 3333 quod
2773 3264 3099 3316 creaturam
3122 3277 3290 3316 suam
3315 3265 3525 3335 regnat
3545 3265 3702 3333 atque

2061 3349 2361 3421 gubernet,
2393 3348 2659 3405 similiter
2689 3354 2747 3405 et
2777 3349 2960 3406 Filius
2990 3353 3048 3405 et
3077 3349 3331 3422 Spiritus
3364 3355 3619 3408 sanctus.

2064 3439 2130 3492 17
2204 3440 2354 3509 Quia
2382 3440 2522 3494 sicut
2551 3439 2885 3509 singillatim
2914 3455 3359 3512 unamquamque
3385 3454 3699 3512 personam:

2204 3528 2374 3582 Deum
2409 3531 2464 3583 et
2515 3529 2808 3584 Dominum
2850 3528 3100 3599 conﬁteri
3129 3527 3451 3585 Christiana
3495 3530 3704 3585 veritate

2273 3617 2676 3688 compellimur.
3570 3641 3627 3690 ο

2131 3703 2275 3770 Quia
2307 3705 2461 3761 sicut
2489 3705 2854 3779 singillatim,
2886 3705 2942 3761 id
2989 3709 3078 3763 est
3125 3705 3278 3761 sicut
3323 3706 3596 3764 distincte
3623 3700 3699 3759 vel

295 3821 332 3860 a
363 3800 657 3876 patiendo,
682 3799 838 3872 quod
891 3815 1007 3854 non
1036 3797 1181 3863 vult,
1209 3797 1308 3853 sed
1358 3814 1392 3852 a
1441 3798 1704 3854 faciendo
1750 3800 1949 3857 omnia
2058 3793 2375 3866 separatim
2417 3812 2900 3867 unamquamque
2939 3811 3248 3868 personam
3281 3795 3413 3852 dico
3447 3796 3622 3852 Deum
3651 3796 3701 3848 ei

295 3906 661 3965 quaecunque
689 3887 833 3954 vult,
857 3892 914 3944 et
943 3885 1089 3942 nihil
1120 3884 1206 3941 illi
1238 3885 1598 3958 impossibile
1623 3891 1730 3943 est.
1754 3889 1948 3945 Omni-
2055 3883 2392 3951 Dominum,
2420 3884 2559 3957 quia
2579 3884 2628 3940 si
2653 3901 2745 3940 me
2769 3883 3216 3956 interrogaveris
3239 3883 3382 3956 quid
3415 3888 3502 3941 est
3523 3885 3696 3948 Pater.

295 3986 503 4056 potens
531 3983 589 4036 et
614 3977 972 4050 Filius,quia
995 3974 1279 4049 quidquid
1312 3980 1503 4048 potest
1532 3976 1719 4045 Pater,
1754 3983 1948 4050 potest
2053 3988 2159 4044 ego
2191 3974 2534 4068 respondeo,
2559 3973 2785 4068 Deuset
2817 3973 3128 4068 Dominus;
3155 3972 3432 4068 similiter
3458 3973 3508 4068 si
3512 3971 3698 4068 _intcr-

289 4077 347 4127 et
378 4071 586 4137 Filius;
621 4067 1007 4125 nihilominus
1045 4070 1101 4123 et
1143 4065 1396 4137 Spiritus
1427 4071 1689 4124 sanctus.
1716 4067 1860 4141 Ergo
1892 4069 1942 4124 si
2053 4062 2366 4133 rogaveris,
2390 4062 2532 4134 quid
2564 4067 2651 4117 est
2684 4061 2886 4130 Filius,
2919 4078 3026 4136 ego
3056 4061 3207 4130 dico,
3235 4061 3390 4117 Deus
3424 4067 3482 4118 et
3511 4061 3694 4118 Domi-

286 4160 487 4218 omnia
515 4160 722 4233 potest,
747 4158 890 4231 quid
938 4161 1030 4214 est
1063 4156 1218 4229 quod
1265 4173 1380 4212 non
1414 4156 1641 4228 potest?
1667 4156 1776 4213 hoc
1824 4176 1939 4215 non
2049 4167 2191 4219 nus;
2216 4155 2281 4248 _et
2312 4151 2360 4206 si
2393 4151 2541 4206 dicis
2572 4150 2707 4248 quid
2745 4156 2832 4248 est
2881 4150 3450 4248 ὃρὶιᾷιιιε,εειιιιιιιιιβἶ
3475 4163 3690 4248 θεοητο-

285 4254 497 4324 potest,
512 4249 668 4324 quod
701 4266 816 4304 non
849 4247 1120 4303 convenit
1151 4245 1538 4318 omnipotenti
1571 4264 1758 4319 posse.
1795 4247 1936 4304 Falli
2047 4241 2328 4338 spondeo,
2365 4247 2513 4295 Deus
2549 4244 2604 4294 et
2636 4239 2941 4338 Dominus,
2974 4244 3033 4338 et
3069 4243 3268 4338 tamen
3299 4239 3358 4338 in
3391 4239 3486 4296 his
3516 4239 3690 4338 tribus

283 4357 398 4396 non
430 4343 640 4412 potest,
665 4338 803 4412 quia
828 4337 1041 4393 veritas
1069 4340 1126 4392 et
1155 4334 1444 4408 sapientia
1473 4340 1561 4392 est
1592 4352 1606 4392 :
1639 4337 1936 4408 .‘Egrotare
2044 4329 2332 4404 personiS.
2364 4346 2478 4385 non
2512 4333 2629 4385 ires
2669 4329 2836 4397 Deos,
2871 4345 2974 4384 nec
3019 4332 3138 4384 tres
3169 4327 3469 4396 Dominos,
3504 4327 3600 4384 sed
3629 4327 3683 4380 in

280 4433 383 4486 aut
409 4417 707 4484 inﬁrmari
728 4445 844 4484 non
869 4428 1080 4499 potest,
1096 4423 1234 4497 quia
1253 4425 1474 4482 sanitas
1496 4430 1620 4481 est:
1647 4425 1791 4482 Mori
1817 4443 1931 4483 non
2042 4420 2254 4488 tribus,
2277 4418 2432 4475 sicut
2451 4419 2579 4490 jam
2611 4435 2793 4490 supra
2821 4416 3044 4473 dictum
3075 4421 3184 4488 est,
3211 4433 3396 4472 unum
3429 4417 3609 4474 Deum
3637 4416 3688 4469 et

276 4522 488 4591 potest,
511 4515 1019 4591 quiaimmortalis
1045 4517 1171 4570 est:
1198 4513 1376 4569 Finiri
1410 4532 1525 4571 non
1557 4518 1769 4587 potest,
1793 4515 1930 4588 quia
2041 4508 2356 4566 Dominum
2389 4507 2688 4564 confiteor.

274 4606 542 4663 inﬁnitas
571 4611 631 4662 et
660 4605 936 4679 perennis
966 4609 1073 4660 est.
1295 4591 1308 4622 ¹
1957 4616 2006 4681 D
2041 4601 2106 4655 18
2180 4600 2264 4653 Ita
2289 4605 2396 4652 tres
2428 4597 2558 4651 Deos
2587 4598 2686 4650 aut
2721 4596 2986 4651 Dominos
3017 4593 3196 4650 dicere
3232 4611 3244 4650 :

273 4697 340 4752 14
412 4698 478 4752 Et
506 4704 690 4753 tamen
715 4712 828 4751 non
855 4702 962 4751 tres
993 4693 1384 4765 omnipotentes
1417 4707 1430 4745 :
2176 4685 2459 4743 Catholica
2488 4684 2757 4752 religione
2781 4683 3165 4756 prohibemur.

412 4787 515 4843 Sed
543 4800 689 4841 unus
718 4785 1093 4854 Omnipotens.
2103 4773 2509 4839 Probibemur,
2547 4771 2604 4827 id
2636 4777 2726 4828 est
2758 4777 3045 4828 vetamur.

335 4876 464 4931 Non
497 4879 615 4930 tres
637 4877 832 4927 tamen
858 4870 1310 4942 omnipotentes,
1329 4868 1468 4943 quia
1497 4868 1926 4941 omnipotentis
2036 4863 2104 4920 19
2175 4866 2342 4918 Pater
2370 4879 2405 4917 a
2433 4863 2588 4918 nullo
2616 4870 2695 4918 est
2717 4865 2914 4934 ﬂictus.

267 4968 358 5020 est
387 4963 446 5017 in
498 4959 850 5028 substantia,
872 4959 972 5014 sed
1002 4975 1206 5014 eorum
1246 4976 1364 5014 una
1421 4963 1511 5014 est
1567 4958 1920 5016 substantia.
2174 4952 2281 5007 Nec
2307 4955 2522 5045 creatus
2553 4969 2650 5005 nec
2678 4953 2918 5021 genitus.
3015 5040 3026 5045 Α
3102 5039 3112 5045 -
3355 5042 3362 5045 _
3569 5035 3579 5045 ι

267 5049 598 5107 Paternitas
627 5063 759 5101 vero
791 5045 848 5100 in
899 5046 1176 5102 relatione
1223 5049 1296 5102 ad
1345 5047 1592 5102 alterum
1625 5053 1732 5115 est,
1769 5050 1924 5106 unde
2106 5042 2273 5098 Pater
2302 5059 2335 5096 α
2365 5039 2526 5096 nullo
2575 5044 2665 5096 est
2713 5041 2902 5096 factus
2929 5040 3068 5112 quia
3101 5039 3224 5112 ipse
3281 5042 3370 5094 ρει
3427 5039 3679 5094 omnium

269 5143 328 5194 et
359 5134 601 5190 nomina
630 5132 817 5188 Patris
846 5139 902 5188 et
935 5133 1062 5190 Filii
1094 5141 1150 5190 et
1177 5135 1428 5207 Spiritus
1460 5137 1648 5191 sancti
1691 5137 1929 5194 relativa
2033 5133 2042 5186 l

2136 5139 2234 5197 ‘Lor,
2262 5134 2626 5185 ncc‘creatus
2657 5130 2757 5186 sed
2789 5133 3034 5198 creator,
3065 5146 3168 5184 nec
3199 5127 3434 5200 genitus
3466 5124 3564 5182 sed
3592 5137 3678 5195 ge-

268 5228 426 5290 sunt,
444 5222 582 5294 quia
606 5219 721 5275 alia
749 5221 821 5274 ad
845 5221 957 5276 alia
986 5222 1338 5286 referuntur,
1365 5225 1520 5280 sicut
1547 5225 1704 5280 verbi
1735 5226 1923 5298 gratia
2031 5221 2204 5286 nitor,
2230 5221 2400 5276 Pater
2425 5219 2582 5275 enim
2614 5219 2828 5286 Graece,
2855 5219 3056 5275 Latine
3082 5219 3303 5288 genitor
3331 5216 3559 5272 dicitur.

264 5328 469 5370 servus
497 5309 567 5363 ad
600 5307 926 5376 dominum,
949 5309 1225 5366 dominus
1257 5314 1327 5366 ad
1359 5329 1615 5380 servum,
1642 5315 1922 5386 magister
2027 5313 2098 5366 20
2169 5312 2347 5365 Filius
2377 5327 2411 5364 a
2436 5311 2602 5364 Patre
2628 5309 2744 5364 solo
2773 5317 2851 5364 est
2884 5325 2897 5363 :

263 5401 338 5458 ad
371 5395 751 5466 discipulum,
787 5393 1113 5465 discipulus
1143 5400 1212 5453 ad
1248 5399 1620 5471 magistrum,
1651 5407 1816 5474 pater
1845 5404 1916 5459 ad
2170 5405 2291 5457 Non
2318 5401 2514 5470 factus,
2545 5415 2644 5454 nec
2671 5402 2887 5453 creatas
2916 5397 3008 5452 sed
3035 5397 3273 5468 genitus.

263 5488 473 5550 filium,
504 5482 658 5537 filius
691 5481 761 5536 ad
797 5485 1018 5551 patrem
1044 5497 1056 5532 :
1082 5484 1221 5552 quia
1252 5486 1451 5543 nullus
1481 5493 1647 5559 pater
1678 5490 1912 5560 dicitur,
2097 5489 2279 5544 Filius
2311 5505 2346 5542 a
2374 5488 2541 5564 Patre
2573 5485 2695 5542 solo
2727 5492 2836 5555 est,
2870 5504 2983 5542 non
3031 5485 3242 5551 factus,
3267 5481 3408 5555 quia
3440 5481 3560 5554 ipse
3589 5477 3670 5574 est

261 5574 372 5632 nisi
408 5573 619 5627 habeat
653 5569 838 5624 lilium
870 5569 1041 5638 cujus
1071 5569 1147 5623 sit
1180 5578 1342 5642 pater
1374 5592 1386 5628 :
1421 5580 1477 5629 et
1507 5577 1726 5644 nullus,
1757 5578 1914 5635 ﬁlius
2023 5578 2289 5634 omnium
2324 5578 2506 5632 factor
2535 5575 2712 5632 simul
2745 5593 2880 5632 cum
2916 5575 3102 5639 Patre,
3131 5589 3236 5627 nec
3267 5575 3521 5634 creatus,
3545 5569 3672 5638 quia

259 5662 373 5720 nisi
407 5659 620 5714 habeat
651 5660 876 5730 patrem
908 5655 1079 5725 cuius
1109 5656 1266 5714 ﬁlius
1297 5660 1391 5731 sit,
1412 5663 1550 5732 quia
1579 5665 1629 5720 si
1661 5684 1773 5722 non
1810 5667 1910 5724 ha-
2023 5669 2147 5739 ipse
2179 5672 2268 5723 est
2299 5665 2564 5721 omnium
2605 5669 2852 5734 creator,
2884 5665 2982 5722 sed
3021 5661 3272 5736 genitus,
3299 5659 3462 5716 solus
3493 5675 3527 5714 a
3554 5650 3668 5710 solo
