3878 6504
188 358 323 419 565

1028 359 1442 425 COMMENT.
1490 361 1566 423 IN
1613 357 2070 424 ORATIONL'IM
2119 362 2587 427 DOMINICAM.
2632 364 2803 427 E'l‘C.

3489 364 3612 429 566

182 490 464 549 Patre.Et
493 506 862 567 unaquaque
894 512 1139 568 persona
1166 492 1347 550 habet
1378 492 1683 567 proprium
1707 493 1863 566 quod
1891 499 1943 559 Α
1973 497 2215 566 mus,ita
2235 497 2629 555 credamus.Si
2648 514 2779 555 vero
2792 500 3064 555 aeternam
3078 495 3327 556 salutem
3340 498 3611 557 volumus

178 598 313 637 non
341 581 521 638 habet
567 581 702 649 alia,
736 584 1039 656 pr0prium
1087 584 1261 639 habet
1305 581 1366 637 in
1417 599 1667 655 persona
1695 583 1866 639 Pater

174 671 349 741 quod
378 670 545 726 solus
568 675 657 726 est
681 672 878 738 Pater;
913 676 969 728 et
1000 672 1300 744 proprium
1333 669 1511 726 habet
1533 670 1591 724 in
1615 686 1865 742 persona

174 758 527 831 tilius,quia
557 758 721 815 solus
754 778 789 815 a
819 760 942 815 solo
970 761 1134 814 Patre
1160 759 1396 831 genitus
1427 759 1652 813 est.Sed
1676 762 1733 813 et
1759 758 1860 813 ha-

168 847 287 902 bet
314 846 477 903 aliud
511 849 823 920 proprium
857 848 1057 915 Filius,
1094 848 1248 920 quod
1300 864 1415 901 non
1469 846 1643 901 habet
1694 846 1862 900 Pater

169 952 297 991 nec
321 937 589 1008 Spiritus
620 941 884 1002 sanctus,
907 937 1082 992 habet
1107 934 1491 991 aeternitatem
1524 951 1658 990 cum
1695 934 1858 988 Patre

168 1029 233 1079 et
268 1024 493 1096 Spiritu
529 1030 755 1094 sancto,
790 1031 845 1079 et
875 1025 1051 1080 habet
1090 1024 1147 1079 in
1201 1028 1462 1095 tempore
1493 1022 1867 1093 nativitatem.

165 1113 250 1166 de
294 1118 503 1177 matre,
538 1130 719 1185 quam
770 1130 886 1169 non
934 1113 1109 1167 habet
1156 1111 1412 1183 Spiritus
1464 1115 1704 1166 sanctus
1753 1126 1858 1165 nec

169 1206 362 1257 Pater
386 1219 401 1257 :
436 1202 581 1273 quia
610 1218 727 1257 non
755 1203 1007 1272 suscepit
1043 1201 1212 1255 Pater
1240 1215 1477 1255 carnem
1510 1198 1569 1252 in
1594 1215 1701 1253 sua
1728 1214 1855 1268 per-

168 1305 350 1355 sona,
385 1307 495 1345 nec
526 1290 784 1361 Spiritus
817 1294 1075 1355 sanctus,
1112 1289 1211 1343 sed
1243 1292 1473 1342 tantum
1508 1285 1689 1342 Filius
1732 1302 1745 1339 :
1792 1290 1857 1340 ut

172 1378 356 1433 nobis
380 1378 441 1433 in
476 1395 541 1433 se
573 1379 907 1434 ostenderet
930 1377 1079 1432 duas
1109 1376 1323 1431 habere
1358 1380 1629 1441 naturas;
1674 1390 1851 1429 unam

170 1474 318 1522 ante
358 1467 564 1522 omnia
612 1465 829 1521 smcula
879 1483 997 1537 qua
1044 1466 1277 1536 genitus
1325 1470 1415 1518 est
1463 1480 1529 1518 ex
1581 1462 1765 1530 Patre,
1798 1466 1854 1517 et

171 1557 248 1612 de
280 1573 403 1627 qua
433 1554 585 1610 dixit
606 1555 790 1611 Isaias
820 1573 833 1610 :
859 1553 1264 1627 generationes
1303 1554 1431 1623 ejus
1455 1552 1588 1623 quis
1616 1567 1850 1605 enarra-

169 1646 304 1700 bit?
338 1647 497 1715 (Isai.
533 1645 681 1711 Lm.)
713 1643 958 1699 alteram
1009 1643 1068 1697 in
1120 1649 1400 1713 tempore,
1446 1642 1517 1695 de
1565 1656 1681 1712 qua
1712 1639 1854 1694 dicit

169 1732 400 1790 Paulus
432 1731 742 1805 apostolus
765 1750 777 1787 :
798 1731 943 1787 Cum
972 1735 1168 1786 autem
1200 1730 1354 1783 venit
1381 1728 1680 1801 plenitudo
1712 1733 1853 1783 tem-

169 1822 361 1895 poris,
395 1821 565 1876 misit
594 1825 747 1876 Deus
782 1819 991 1875 Filium
1026 1836 1200 1874 suum
1250 1821 1455 1871 natum
1486 1833 1553 1871 ex
1580 1815 1844 1880 muliere,

170 1912 402 1966 factum
437 1912 553 1964 sub
586 1908 715 1979 lege
748 1909 886 1979 (Gal.
921 1909 1018 1977 iv).
1046 1907 1107 1961 In
1141 1922 1256 1977 quo
1286 1904 1639 1976 complacuit
1671 1903 1847 1975 pleni-

173 1999 449 2054 tudinem
483 1996 815 2051 divinitatis
845 1995 1109 2050 habitare
1131 1992 1507 2064 corporaliter
1529 1992 1843 2061 (COIOSSJI).

172 2091 251 2142 De
284 2086 461 2141 Patre
492 2085 619 2141 sine
649 2084 817 2139 initio
847 2089 903 2139 et
934 2084 1060 2139 sine
1090 2084 1237 2149 tine;
1269 2082 1339 2137 de
1381 2085 1563 2136 matre
1612 2081 1846 2135 initium

174 2175 408 2230 habens
438 2179 499 2229 et
524 2173 688 2229 nullo
715 2171 1087 2228 concluditur
1106 2172 1239 2225 fine.

172 2265 237 2318 21
317 2265 574 2335 Spiritus
602 2266 824 2316 sanctus
853 2278 887 2315 a
916 2262 1077 2315 Patre
1103 2266 1155 2314 et
1180 2259 1327 2313 Filio
1360 2275 1374 2313 :

318 2355 440 2409 Non
471 2356 656 2423 [actus
686 2366 788 2406 nec
814 2357 1030 2405 creatus
1058 2365 1157 2402 nec
1185 2349 1399 2417 genitus
1426 2346 1518 2401 sed
1536 2345 1843 2417 procedens.

246 2440 565 2512 Proprium
599 2439 779 2493 habet
806 2437 1057 2509 Spiritus
1105 2439 1368 2500 sanctus,
1415 2434 1555 2504 quia
1604 2450 1718 2487 non
1758 2437 1849 2487 est

178 2529 346 2585 Pater
375 2535 437 2584 et
474 2528 681 2591 Filius,
717 2527 817 2582 sed
854 2525 1107 2597 Spiritus
1155 2524 1475 2594 procedens
1516 2540 1550 2577 a
1599 2522 1761 2576 Patre
1792 2526 1848 2576 et

182 2618 339 2672 l-‘ilio.
374 2616 566 2671 Audis
607 2616 751 2686 quia
798 2615 906 2668 iste
951 2613 1024 2667 ab
1071 2612 1379 2676 ambobus,
1415 2610 1595 2664 Filius
1625 2611 1696 2664 ab
1731 2626 1846 2664 uno

181 2705 349 2761 Pater
369 2723 405 2760 a
436 2703 605 2759 nullo
642 2721 656 2758 :
692 2720 758 2757 ac
783 2719 886 2774 per
916 2700 1025 2755 hoc
1057 2706 1252 2771 aperte
1284 2703 1689 2753 monstrantur
1714 2714 1849 2768 pro-

181 2795 454 2865 prietates
489 2809 717 2847 eorum.
756 2791 889 2844 ldeo
935 2793 1129 2843 autem
1182 2788 1436 2858 Spiritus
1467 2786 1565 2840 Dei
1608 2790 1847 2839 sanctus

180 2889 471 2937 vocatur:
508 2881 649 2953 quia
702 2878 892 2934 Patris
945 2883 1001 2932 et
1050 2877 1173 2931 Filii
1223 2876 1503 2929 sanctitas
1553 2879 1675 2940 est;
1711 2891 1845 2928 nam

184 2987 312 3025 cum
346 2971 426 3025 sit
456 2975 517 3025 et
550 2969 721 3023 Pater
751 2966 1026 3038 Spiritus,
1060 2969 1116 3018 et
1148 2963 1327 3019 Filius
1350 2962 1623 3033 Spiritus,
1655 2968 1711 3015 et
1745 2962 1846 3014 Pa-

181 3064 265 3113 ter
293 3061 630 3112 sanctuset
665 3056 848 3110 Filius
898 3058 1157 3117 sanctus,
1194 3051 1424 3123 preprie
1477 3053 1671 3106 tamen
1721 3048 1847 3119 ipse

185 3152 419 3201 vocatur
448 3144 709 3218 Spiritus
739 3146 1001 3198 sanctus.

1970 584 2265 655 habere,id
2290 593 2376 644 est
2397 605 2530 643 cum
2552 587 2779 643 Christo
2808 586 2933 642 sine
2966 587 3079 642 ilne
3110 601 3611 658 regnare,necesse

1969 677 2057 729 est
2088 680 2151 729 ut
2182 675 2639 730 incarnationem
2673 674 2901 729 Domini
2928 674 3111 729 nostri
3142 674 3281 730 Jesu
3313 674 3527 730 Christi
3549 676 3614 730 {i-

1969 762 2175 817 deliter
2194 764 2825 829 credamus.Quomodo
2848 761 3255 817 ﬁdeliter?Non
3276 762 3608 834 adoptivum

1969 850 2069 904 sed
2098 852 2395 922 proprium
2449 851 2547 906 Dei
2596 852 2825 921 Filium,
2858 851 3011 905 sicut
3053 850 3203 904 dixit
3247 850 3605 923 Apostolus:

1966 938 2205 1009 Proprio
2237 939 2379 993 Filio
2410 956 2517 994 suo
2568 956 2681 993 non
2734 939 2989 1010 pepercit
3017 938 3192 1005 Deus,
3225 939 3326 995 sed
3359 956 3461 1011 pro
3505 955 3609 995 no-

1967 1027 2056 1082 bis
2088 1027 2363 1084 omnibus
2388 1028 2630 1083 tradidit
2659 1026 2824 1082 illum
2856 1028 3028 1098 (Rom.
3062 1027 3205 1098 vui).

1962 1118 2031 1169 27
2105 1117 2197 1171 Est
2216 1133 2341 1187 ergo
2370 1116 2503 1187 ﬁdes
2534 1123 2673 1171 recta
2704 1125 2764 1170 ut
2792 1116 3074 1172 credamus
3105 1124 3156 1171 et
3184 1116 3540 1186 con/iteamur
3564 1133 3585 1172 :

2106 1208 2255 1275 Quia
2284 1206 2547 1260 Dominus
2596 1213 2775 1259 noster
2821 1206 2946 1261 Jesu
2998 1204 3243 1260 Christus
3280 1206 3380 1261 Dei
3403 1206 3606 1262 Filius.

2174 1294 2314 1348 Deus
2338 1295 2554 1364 pariter
2581 1300 2632 1348 et
2658 1293 2812 1347 homo
2842 1300 2938 1347 est.

2034 1380 2203 1436 Modo
2234 1381 2469 1436 inchoat
2498 1397 2790 1447 enarrare,
2824 1380 3148 1436 secundum
3180 1380 3605 1438 humanitatem

1960 1467 2172 1523 Christi
2205 1470 2358 1541 quod
2390 1468 2467 1522 sit
2498 1469 2639 1523 tides
2673 1473 2845 1524 recta.
2893 1471 2994 1523 Est
3041 1470 3193 1524 enim
3253 1470 3398 1525 fides
3451 1474 3608 1526 recta

1962 1561 2026 1610 ut
2056 1556 2480 1611 humanitatem
2513 1558 2700 1627 ipsam
2727 1557 3035 1611 credamus
3076 1556 3134 1611 in
3161 1558 3351 1625 corde,
3382 1562 3440 1613 et
3470 1576 3606 1614 con-

1960 1645 2231 1699 titeamur
2260 1645 2538 1711 ore,sicut
2566 1645 2711 1699 dicit
2739 1644 3049 1715 Apostolus
3081 1662 3094 1700 :
3126 1645 3307 1700 Corde
3350 1646 3609 1702 creditur

1958 1732 2029 1788 ad
2054 1733 2373 1802 justitiam,
2407 1750 2505 1787 ore
2552 1736 2745 1787 autem
2781 1732 3069 1788 confessio
3115 1733 3182 1787 ﬁt
3232 1733 3304 1787 ad
3353 1732 3601 1789 salutem

1959 1822 2135 1891 (Rom.
2160 1822 2239 1890 κ).
2274 1820 2429 1876 Deus
2459 1824 2515 1875 et
2546 1820 2720 1875 homo
2754 1837 2907 1875 unus
2937 1823 3025 1874 est
3053 1836 3226 1875 verus
3256 1820 3353 1875 Dei
3401 1820 3602 1892 Filius,

1957 1909 2095 1980 quia
2126 1910 2449 1964 secundum
2478 1908 2858 1973 divinitatem,
2888 1907 3035 1963 nihil
3058 1909 3251 1979 majus
3272 1907 3358 1964 vel
3381 1908 3600 1977 minus,

1956 2013 2132 2068 quam
2180 1997 2333 2051 Deus
2384 1998 2587 2063 Pater;
2620 1996 2944 2051 secundum
2975 1996 3401 2052 humanitatem
3446 1996 3597 2053 nihil

1954 2085 2152 2140 minus
2175 2086 2358 2155 (extra
2379 2085 2700 2155 peccatum)
2728 2101 2905 2155 quam
2937 2083 3131 2140 homo.

1952 2174 2024 2227 28
2095 2174 2233 2229 Deus
2266 2181 2344 2229 est
2370 2190 2440 2228 ex
2466 2174 2779 2228 substantia
2807 2173 2992 2228 Patris
3024 2181 3150 2229 ante
3201 2172 3406 2230 saecula
3448 2174 3602 2243 geni-

2176 2266 2264 2316 tus
2297 2277 2310 2317 :

2096 2352 2157 2404 Et
2184 2352 2340 2405 homo
2369 2366 2439 2404 ac
2464 2350 2769 2403 substantia
2793 2349 2988 2403 matris
3019 2349 3077 2402 in
3104 2348 3304 2405 saeculo
3333 2357 3516 2404 natus.

2026 2439 2105 2493 Ex
2130 2436 2461 2493 substantia
2488 2436 2758 2502 Patris,id
2788 2440 2877 2491 est
2903 2452 2971 2490 ex
3001 2436 3328 2507 (equalitate
3352 2441 3595 2492 naturae.

1953 2528 2101 2581 Ante
2132 2525 2344 2580 saecula
2374 2524 2688 2595 genitus,id
2716 2528 2803 2578 est
2827 2529 2961 2577 ante
2992 2540 3223 2578 omnem
3245 2530 3596 2591 creaturam,

1955 2616 2107 2670 sicut
2130 2615 2268 2668 dicit
2294 2614 2349 2668 iu
2377 2613 2602 2686 psalmo
2632 2629 2643 2666 :
2681 2614 2758 2666 Ex
2791 2615 2951 2666 utero
2982 2616 3113 2666 ante
3146 2612 3474 2667 Luciferum
3500 2627 3598 2684 ge-

1956 2703 2055 2758 nui
2090 2708 2143 2757 te
2175 2703 2344 2773 (Psal.
2373 2702 2506 2771 Cix).
2542 2702 2618 2755 Ex
2650 2699 2896 2765 utcro,id
2929 2702 3017 2754 est
3045 2716 3114 2753 es
3143 2716 3273 2754 mea
3321 2699 3596 2755 substan-

1956 2791 2056 2846 tia.
2078 2793 2223 2845 Ante
2254 2788 2669 2854 Lucit’eruni,id
2703 2792 2790 2841 cst
2820 2790 2952 2841 ante
2981 2802 3216 2841 omnem
3247 2791 3595 2843 creaturam.

1953 2880 2023 2934 Et
2050 2879 2225 2933 homo
2255 2883 2344 2932 est
2371 2876 2691 2931 substantia
2722 2875 2926 2930 matris
2956 2874 3014 2929 in
3055 2874 3266 2930 sa3culo
3313 2879 3508 2942 natus,
3541 2875 3599 2932 id

1954 2972 2042 3021 est
2074 2972 2228 3021 totus
2259 2965 2434 3019 homo
2465 2981 2599 3020 cum
2630 2979 2868 3033 corpore
2896 2966 2953 3018 et
2980 2961 3275 3028 anima,in
3307 2962 3506 3018 omnia
3525 2962 3600 3018 si-

1955 3054 2112 3110 milis
2143 3054 2309 3109 nobis
2330 3053 2551 3123 absque
2584 3057 2815 3121 peccato
2847 3050 3025 3120 (Hebr.
3058 3050 3242 3119 iv).Ex
3270 3050 3602 3107 substantia

1957 3142 2248 3208 matris,id
2279 3145 2367 3195 est
2396 3141 2466 3194 de
2494 3138 2822 3209 aequalitate
2861 3143 3080 3192 naturae
3103 3139 3330 3193 matris.
3351 3138 3415 3193 In
3439 3155 3599 3194 secu-

186 3237 253 3287 22
327 3205 641 3304 Unusergo
666 3241 829 3304 pater
857 3247 966 3287 non
995 3238 1101 3285 tres
1126 3237 1304 3301 patres
1332 3246 1351 3282 :
1381 3243 1524 3282 unus
1544 3226 1723 3283 Filius
1738 3242 1845 3281 non
1877 3205 1921 3272 (ἶ
1958 3231 2013 3286 lo
2048 3205 2303 3295 natus,id
2336 3234 2426 3283 est
2455 3228 2513 3282 in
2544 3205 2637 3282 liis
2667 3225 3170 3296 temporibus,non
3200 3224 3455 3293 aliunde,
3488 3225 3601 3282 nisi

393 3340 509 3379 non
540 3331 649 3377 tres
676 3322 791 3391 ﬁlii
821 3337 840 3373 :

327 3414 478 3470 Unus
501 3412 754 3481 Spiritus
778 3411 999 3463 sanctus
1030 3423 1135 3462 non
1166 3413 1271 3461 tres
1299 3406 1538 3476 Spiritus
1563 3405 1761 3457 sancti.

258 3500 418 3556 Unus
446 3497 793 3569 Pater,quia
816 3496 975 3552 solus
994 3495 1105 3549 sibi
1128 3494 1362 3548 unicum
1386 3493 1591 3563 genuit
1613 3491 1840 3546 Filium.

188 3588 251 3643 Et
281 3607 436 3644 unus
474 3587 682 3655 Filius,
718 3586 860 3657 quia
909 3581 1287 3655 singulariter
1333 3582 1406 3636 ab
1454 3580 1625 3635 unico
1676 3584 1844 3635 Patre

185 3677 415 3747 genitus
446 3682 557 3733 est.
598 3675 766 3731 U’nus
793 3672 1051 3743 Spiritus
1082 3674 1341 3736 sanctus,
1367 3668 1505 3741 quia
1532 3685 1566 3723 a
1594 3668 1759 3725 Patre
1789 3673 1846 3724 et

187 3764 321 3820 Filio
347 3766 566 3821 unicus
602 3761 887 3835 procedit.

181 3853 249 3907 23
319 3856 381 3908 Et
412 3856 471 3908 in
502 3855 611 3907 hac
637 3852 892 3907 trinitate
921 3846 1066 3902 nihil
1093 3847 1252 3917 prius
1280 3849 1377 3900 aut
1405 3847 1673 3915 posterius
1704 3863 1723 3899 :
1753 3846 1844 3899 ni-

389 3944 474 3997 hil
503 3943 690 4011 majus
718 3946 817 3994 aut
845 3939 1055 3992 minus.
1083 3936 1183 3991 Sed
1212 3944 1339 3991 tota
1368 3943 1477 3990 tres
1503 3950 1772 4005 persona}.

321 4032 629 4087 Cozeterna:
655 4030 769 4084 sibi
795 4030 928 4081 sunt
954 4033 1008 4080 et
1035 4024 1354 4094 coaequales.

250 4118 404 4173 Nihil
440 4120 613 4190 prius
657 4120 764 4171 aut
794 4113 1105 4185 posterius,
1138 4112 1276 4182 quia
1326 4108 1526 4164 nullus
1573 4111 1846 4177 anterior,

189 4209 241 4258 et
270 4207 469 4263 nullus
501 4204 831 4279 posterior;
864 4201 1065 4256 nullus
1092 4199 1348 4264 inferior,
1376 4202 1432 4252 et
1456 4196 1656 4252 nullus
1678 4215 1847 4270 supe-

194 4293 334 4360 rior;
366 4296 472 4351 sed
505 4298 815 4351 coaeternm
847 4290 957 4345 sibi
989 4293 1127 4345 sunt
1157 4292 1213 4342 et
1237 4284 1580 4355 coaequales.
1598 4286 1728 4341 ldeo
1761 4287 1849 4341 ni-

194 4380 271 4435 hil
303 4383 377 4436 ibi
406 4384 495 4439 vel
532 4384 735 4452 majus
766 4378 852 4434 vel
885 4379 1105 4433 minus.

195 4470 260 4523 24
329 4472 410 4527 Ita
442 4481 505 4528 ut
531 4488 635 4543 per
663 4470 876 4532 omnia,
906 4470 1048 4522 sicut
1063 4466 1186 4534 jam
1221 4462 1598 4534 supradictum
1621 4472 1717 4529 est,

1954 3321 2025 3375 de
2057 3319 2277 3373 semine
2307 3316 2568 3371 mulieris
2590 3315 2715 3369 sine
2738 3312 2891 3368 coitu
2924 3312 3031 3369 viri
3054 3329 3290 3369 carnem
3320 3313 3597 3386 suscepit.

1954 3407 2114 3463 Unde
2144 3406 2417 3462 Salomon
2447 3404 2587 3460 dicit
2620 3420 2633 3456 :
2672 3401 2972 3473 Sapientia
3000 3401 3305 3457 aedificavit
3336 3402 3446 3456 sibi
3496 3402 3601 3458 do-

1953 3513 2117 3551 mum
2161 3497 2342 3566 (Prov.
2375 3498 2452 3562 ix)
2486 3511 2498 3548 :
2534 3493 2641 3547 hoc
2686 3496 2776 3546 est
2821 3490 3088 3546 Christus
3134 3489 3440 3546 aediﬁcavit
3486 3489 3599 3546 sibi

1952 3602 2187 3641 carnem
2218 3584 2289 3638 de
2315 3584 2484 3638 beata
2510 3582 2690 3636 Maria
2720 3584 2776 3635 et
2806 3578 2943 3635 alibi
2976 3578 3190 3651 legitur
3222 3595 3236 3634 :
3269 3579 3377 3645 Qui
3412 3579 3599 3635 factus

1952 3676 2043 3727 est
2070 3688 2139 3726 ex
2170 3671 2392 3725 semine
2423 3669 2597 3724 David
2631 3667 2957 3722 secundum
2987 3683 3220 3723 carnem
3248 3668 3423 3739 (Rom.
3455 3667 3517 3738 ι).

1951 3762 2019 3813 29
2094 3757 2377 3830 Perfectus
2406 3760 2543 3813 Deus
2563 3758 2833 3828 perlectus
2861 3756 3015 3810 homo
3049 3771 3062 3809 :

2094 3849 2178 3902 Ea:
2203 3849 2393 3901 anima
2418 3844 2681 3900 rationali
2707 3851 2758 3897 et
2784 3842 3031 3897 humana
3048 3857 3214 3899 carne
3248 3843 3564 3899 subsistens.

2026 3934 2318 3989 Perfectus
2347 3930 2641 3997 dicitur,id
2672 3932 2762 3985 est
2792 3928 3129 4001 plenus,qui
3157 3928 3303 3983 nihil
3325 3928 3601 4001 indiguit,

1958 4022 2247 4094 perfectus
2277 4018 2581 4089 homo,qui
2614 4015 2759 4071 nihil
2792 4015 2990 4071 minus
3019 4016 3228 4071 habuit
3254 4016 3438 4087 (extra
3475 4030 3606 4087 pec-

1956 4112 2178 4176 catum)
2204 4124 2383 4179 quam
2413 4106 2609 4161 homo.
2643 4105 2724 4159 Ex
2772 4102 2970 4159 anima
3018 4101 3309 4170 rationali,
3340 4102 3607 4159 Christus

1956 4214 2152 4253 veram
2186 4196 2440 4251 animam
2474 4192 2700 4259 habuit,
2736 4191 2834 4247 ubi
2874 4192 3164 4264 sapientia
3202 4208 3462 4247 crescere
3505 4206 3610 4263 po-

1957 4285 2347 4350 tuisset,sicut
2375 4281 2515 4337 dicit
2557 4281 2615 4335 in
2666 4280 2976 4352 Evangelio
3009 4296 3023 4336 :
3056 4281 3228 4336 Jesus
3273 4278 3615 4352 proficiebat

1960 4373 2252 4449 sapientia
2281 4378 2335 4426 et
2366 4374 2529 4425 axtate
2560 4370 2710 4439 (Luc.
2758 4369 2821 4439 ιι)
2879 4385 2892 4423 ;
2945 4368 3235 4441 sapientia
3281 4368 3341 4423 in
3390 4367 3610 4435 anima,

1962 4469 2129 4521 aetate
2160 4465 2218 4519 in
2244 4460 2579 4531 corpore.Et
2611 4457 2872 4513 humana
2893 4473 3066 4513 carne
3089 4456 3453 4513 subsistens:
3475 4454 3617 4527 quia

337 4564 400 4615 Bt
429 4564 626 4616 unitas
658 4561 721 4613 in
759 4557 1022 4611 Trinitate
1049 4558 1101 4609 ct
1135 4553 1371 4608 Trinitas
1416 4552 1476 4605 in
1526 4555 1733 4608 unitate
1764 4568 1848 4607 ve-
1885 4565 1933 4630 Ι)
1966 4554 2187 4612 humus
2237 4556 2391 4606 terra
2437 4546 2670 4613 dicitur,
2712 4545 2783 4601 de
2831 4545 3196 4601 humanitate
3237 4561 3474 4603 carnem
3522 4559 3618 4600 as-

404 4648 661 4703 nerunda
690 4648 788 4702 sit.

268 4736 558 4793 Debemus
590 4736 784 4793 colere
812 4737 870 4789 et
898 4733 1137 4787 adorare
1157 4729 1500 4786 Trinitatem
1525 4729 1583 4785 in
1610 4729 1853 4798 unitate,

201 4825 254 4873 et
277 4824 560 4882 unitatem
594 4825 656 4880 in
688 4822 991 4879 ‘l‘rinitate.

202 4909 268 4961 25
337 4914 441 4979 Qui
471 4917 589 4970 vult
620 4929 749 4984 ergo
778 4911 960 4967 salvus
987 4925 1098 4964 esse
1124 4925 1137 4962 :

338 5004 421 5055 tta
449 5002 517 5057 de
548 5003 817 5057 Trinitate
842 4999 1062 5062 sentiat,

272 5085 369 5142 Hic
400 5095 566 5160 rogat
597 5096 657 5146 et
685 5089 1043 5151 admonet,et
1072 5082 1465 5153 unusquisque
1496 5085 1707 5146 doctor
1736 5100 1850 5141 me-

215 5174 440 5229 moriter
468 5196 599 5233 eam
634 5179 851 5242 teneat,
885 5178 940 5229 et
971 5171 1210 5226 ﬁrmiter
1236 5168 1499 5231 credat,et
1531 5181 1694 5240 alios
1716 5190 1853 5245 prae-

224 5256 451 5318 :licando
478 5269 707 5321 doceat.

223 5347 288 5399 '15
354 5350 452 5406 Sed
480 5368 853 5409 necessarium
881 5353 959 5403 est
986 5347 1055 5403 ad
1078 5356 1325 5403 .eternam
1349 5344 1587 5425 saliuam
1630 5374 1647 5413 ε

363 5439 422 5493 L't
480 5441 922 5497 incarnationem
973 5451 1169 5508 quoque
1216 5430 1412 5487 Domini
1458 5443 1691 5522 ηθμγί
1726 5443 1845 5497 Iesu
1926 5496 1939 5504 ,

428 5528 633 5584 Christi
660 5526 800 5600 ﬁdet
806 5528 905 5579 iter
927 5522 1115 5577 credat.

303 5608 527 5672 Necesse
557 5622 646 5675 est
675 5615 835 5672 enim
866 5609 1023 5668 nobis
1053 5612 1123 5673 ut,
1165 5605 1289 5661 sicut
1323 5619 1453 5685 supQ
1468 5640 1655 5711 rius
1700 5617 1834 5674 dixi-

1964 4647 2359 4805 ἔδιωῗέἓξιαιίδ
2388 4724 2544 4779 Patri
2573 4721 2869 4777 secundum
2898 4722 3245 4778 divinitatem
3275 4741 3293 4777 ε

2108 4827 2290 4883 Minor
2313 4815 2473 4869 Patre
2490 4810 2789 4867 secundum
2811 4809 3225 4866 humanitatem.

2033 4911 2307 4999 «Equinis
2354 4918 2370 4957 '.
2422 4900 2744 4999 secundum
2783 4896 2949 4999 illud,
2981 4914 3086 4969 ego
3132 4901 3191 4999 et
3436 4913 3622 4999 ullum

1959 4984 2190 5077 smmis
2217 5006 2406 5080 (Joan.
2434 4987 2741 5080 x)._i\linor
2786 4986 3157 5080 juxtaquod
3204 4984 3345 5080 dicit
3397 5003 3410 5040 :
3462 4984 3629 5080 Pater

1952 5073 2173 5182 majo}
2229 5073 2338 5158 ὡς
2514 5077 2698 5182 (toan.
2756 5079 2865 5143 xv)
2896 5090 2910 5129 ε
2941 5074 3085 5130 etin
3143 5089 3257 5146 quo
3293 5073 3471 5131 homo
3514 5075 3632 5144 est.

2032 5166 2165 5225 :1"
2236 5188 2335 5225 mi-
2363 5193 2397 5225 a
2423 5166 2724 5225 divinitate.

2278 5288 2293 5333 ;_
2325 5265 2445 5333 licet
2473 5259 2601 5314 Deus
2630 5255 2699 5309 sit
2724 5260 2773 5306 ct
2801 5250 2949 5304 homo
2982 5266 2996 5303 :

2159 5306 2443 5423 ρξῗῖιιᾶῖο
2472 5357 2658 5409 tamen,
2688 5339 2771 5396 sed
2800 5355 2934 5393 unus
2956 5345 3031 5393 est
3059 5338 3318 5393 Christus.

2178 5400 2678 5513 ῇθηαζξνοᾷᾇδιιῃέὶ
2706 5426 2877 5483 voluit
2900 5426 3000 5480 Dei
3029 5424 3205 5479 Filius
3235 5439 3367 5478 cum
3403 5420 3661 5475 humana

2308 5483 2546 5608 512C};
2557 5483 2669 5579 bis
2712 5515 2925 5573 duabus
2960 5509 3297 5569 substantiis
3341 5508 3498 5562 ﬁeret
3549 5516 3666 5555 una
