3878 6414
323 380 442 444 561

767 382 830 442 S.
866 382 1267 444 BIiUNOVIS
1305 382 1719 442 llliltDlPOL.
1761 381 2001 440 EPISC.
2038 379 2442 440 CtlkiMIENT.
2483 380 2559 440 ΙΝ
2599 381 2830 440 t‘llA'l‘.
2880 378 3096 453 Πολι,
3132 382 3303 442 ETC.

3630 383 3728 445 568

321 513 394 571 32
469 513 618 572 Unus
641 521 828 572 autem
854 530 966 571 non
991 515 1338 570 conversione
1385 512 1696 570 divinitatis
1745 514 1800 568 in
1850 528 1976 568 mr-
2007 513 2063 582 Α
2091 510 2261 569 statis
2291 511 2642 582 aspicientes
2663 511 2723 568 in
2745 511 3272 580 c-mlum,hicJesu.s
3287 511 3398 588 qui
3413 520 3730 588 assumptus

541 619 717 660 nem:

465 691 576 750 Sed
597 697 974 765 assumptione
1002 693 1363 749 humanitatis
1390 695 1445 748 in
1477 694 1602 748 Deo.

397 782 524 840 Non
556 781 711 852 quod
747 781 850 840 illa
869 781 1294 855 divinitas,qua
1313 787 1403 838 est
1429 782 1613 838 Filius
1635 781 1825 848 Dei,se
1850 797 1983 835 con-

326 869 602 932 vortisset
627 870 696 930 in.
717 869 1164 943 humanitatem(
1174 876 1236 927 ut
1255 872 1363 928 hoc
1385 872 1539 944 quod
1571 876 1694 928 erat
1714 871 1979 926 divinum

329 959 493 1016 ﬁeret
513 958 990 1028 humanum),sed
1015 962 1374 1018 assumendo
1397 965 1655 1015 nostram
1685 966 1978 1023 naturam,

328 1047 414 1103 sic
442 1051 533 1104 est
560 1065 717 1105 unus
745 1050 1004 1117 eil‘ectus,
1033 1054 1099 1108 ut
1128 1067 1244 1106 non
1283 1050 1577 1106 amitteret
1623 1049 1778 1122 quod
1832 1054 1979 1118 erat,

329 1137 432 1198 sed
459 1143 787 1197 assumeret
815 1139 971 1212 quod
1005 1156 1121 1197 non
1151 1143 1293 1196 erat.
1327 1139 1663 1212 Assumpsit
1683 1138 1839 1195 enim
1873 1138 1980 1194 hu-

329 1227 695 1294 manitatem,
726 1233 784 1286 et
807 1246 922 1287 non
955 1229 1156 1288 amisit
1186 1229 1572 1286 divinitatem.

327 1317 398 1373 33
473 1317 619 1374 Unns
647 1319 870 1375 omnino
896 1335 1006 1375 non
1029 1318 1354 1393 confusione
1377 1319 1703 1375 substantia?
1728 1335 1747 1372 :

467 1406 575 1464 Sed
598 1408 811 1466 unitate
835 1425 1107 1481 personae.

398 1495 526 1552 Non
556 1496 619 1554 in
644 1512 713 1553 ea
742 1501 1087 1556 naturarum
1119 1498 1451 1556 commistio
1481 1502 1606 1554 est:
1634 1501 1699 1553 ut
1719 1495 1803 1553 vel
1837 1495 1983 1553 divi-

328 1585 483 1642 nitas
507 1589 834 1645 mutaretur
848 1585 908 1643 in
927 1592 1200 1645 naturam
1229 1586 1750 1644 humanitatiszvel
1774 1587 1982 1641 huma-

328 1675 486 1734 nitas
497 1676 1064 1733 converteremturin
1077 1680 1348 1734 naturam
1362 1676 1680 1732 divinitatis
1697 1695 1709 1744 ;
1725 1677 1826 1732 sed
1841 1675 1983 1732 utri-

329 1778 447 1836 que
470 1767 696 1821 naturm
715 1781 824 1822 sua
844 1769 1041 1822 manet
1060 1765 1384 1838 proprietas
1406 1766 1463 1821 in
1486 1771 1987 1838 perpetuum,tan-

2090 605 2180 656 est
2211 617 2244 654 a
2273 600 2436 656 vobis
2483 599 2544 656 in
2585 599 2819 668 coelum,
2874 602 2957 658 sic
3009 603 3198 658 veniet
3245 605 3730 675 quemadmodum

2089 689 2320 745 vidistis
2346 706 2482 745 eum
2514 695 2750 746 euntem
2783 692 2840 745 in
2873 690 3084 747 cmlum
3117 693 3249 760 (Act.
3277 697 3346 761 ι).
3379 693 3526 759 Quis
3549 711 3733 752 secun-

2088 779 2230 834 dum
2255 778 2616 834 divinitatem
2642 779 2712 835 ad
2740 779 2968 836 nullum
2987 785 3178 852 potest
3197 783 3521 840 ascendam
3541 783 3735 851 locum,

2090 869 2191 925 sed
2225 869 2443 940 ubique
2474 873 2632 923 totus
2659 874 2768 924 est.
2793 871 2967 926 Sedet
2997 871 3068 926 ad
3100 871 3408 927 dexteram
3439 871 3541 928 Dei
3571 873 3738 929 Patris

2090 956 2510 1028 omnipotentis
2543 958 2841 1014 dexteram
2883 963 3081 1014 autem
3131 959 3228 1015 Dei
3287 977 3411 1016 non
3442 960 3738 1027 carnalem,

2090 1063 2206 1100 non
2239 1045 2600 1117 corporalem
2627 1045 2800 1116 (sicut
2821 1046 3084 1102 humana
3104 1047 3280 1104 habet
3312 1051 3669 1120 natura),sed
3689 1050 3737 1106 in

2089 1134 2200 1192 hoc
2231 1134 2356 1190 loco
2387 1134 2634 1206 gloriam
2667 1135 2764 1191 Dei
2799 1136 3069 1194 convenit
3100 1136 3464 1209 accipere,ac
3493 1139 3541 1194 si
3565 1145 3741 1212 aperte

2091 1225 2246 1280 dicat
2279 1242 2292 1280 :
2327 1225 2550 1296 Regnat
2582 1225 2640 1279 in
2673 1223 2860 1296 gloria
2890 1225 3012 1293 Dei,
3045 1229 3103 1281 et
3132 1226 3344 1283 sedere
3376 1243 3485 1299 pro
3523 1244 3742 1300 regnare

2093 1314 2329 1372 dicitur.

2090 1404 2160 1459 37
2237 1403 2364 1459 Inde
2420 1411 2678 1460 venturus
2735 1408 2812 1460 est

2307 1501 2426 1548 tuos
2435 1533 2447 1547 .

2163 1582 2461 1638 Venturus
2491 1585 2583 1638 est
2611 1581 2670 1638 in
2701 1583 2904 1639 eadem
2939 1582 3144 1652 forma,
3175 1582 3236 1640 in
3269 1601 3399 1657 qua
3428 1584 3741 1654 cruciﬁxus,

2093 1670 2153 1726 in
2185 1688 2302 1743 qua
2334 1676 2623 1738 mortuus,
2659 1673 2716 1728 in
2749 1689 2867 1745 qua
2897 1672 3165 1746 sepultus
3195 1679 3311 1742 est,
3347 1678 3408 1731 et
3440 1674 3500 1731 in
3527 1691 3640 1748 qua
3668 1690 3740 1730 re-

2095 1761 2347 1816 surrexit
2381 1777 2394 1816 :
2431 1777 2546 1816 non
2575 1762 2631 1816 in
2664 1779 2732 1817 ea
2762 1766 2960 1818 tamen
2983 1761 3325 1820 humilitate
3354 1763 3416 1820 in
3451 1781 3570 1837 qua
3596 1768 3747 1820 antea

2873 1422 2886 1460 :
2943 1404 3211 1462 Judicare
3273 1406 3434 1463 vivos
3501 1414 3554 1462 et
3613 1422 3742 1463 mor-

329 1857 396 1954 ta
437 1856 634 1954 tamen
683 1853 1049 1954 conjunction
1066 1859 1155 1910 est
1202 1859 1568 1954 naturarum,
1603 1855 1851 1954 ut‘idem
1883 1855 1982 1926 qui
2015 1889 2062 1954 Β
2097 1849 2626 1954 fuit,.s‘ed'glori‘a
2642 1852 3120 1954 etiiiajestate.Et
3145 1852 3278 1953 ideo
3389 1853 3521 1926 ipsa
3539 1854 3741 1910 forma:

330 1939 680 1998 eternaliter
725 1959 795 1998 ex
841 1943 957 2000 Deo
1011 1943 1176 2000 Patre
1222 1943 1456 2016 genitus
1505 1949 1611 2011 est,
1672 1943 1846 1998 homo
1907 1945 1985 1999 sit
2016 1938 2060 1954 "
2095 1943 2158 1994 ut
2187 1938 2376 1994 videat
2407 1939 2660 1996 Herodes
2691 1945 2747 1996 et
2781 1940 2999 1995 Pilatus
3027 1958 3201 2013 quem
3225 1942 3667 2013 judicaverunt,
3691 1946 3748 1997 ut

330 2045 504 2088 verus
539 2047 552 2087 :
586 2033 644 2086 et
673 2029 769 2088 ille
802 2032 902 2104 qui
935 2036 1112 2090 natus
1150 2037 1259 2102 est,
1293 2031 1692 2104 temporaliter
1737 2050 1804 2088 ex
1851 2033 1984 2087 Vir-

332 2117 490 2191 gine,
512 2119 668 2176 Deus
700 2120 777 2177 sit
802 2137 976 2178 verus
1009 2139 1022 2178 :
1058 2127 1296 2195 propter
1326 2122 1742 2195 suscipientem
1779 2127 1980 2189 Deum,

330 2207 488 2266 Deus
524 2225 716 2278 verus,
751 2209 907 2268 Deus
957 2211 1057 2268 Dei
1094 2210 1277 2268 Filius
1311 2227 1324 2267 :
1359 2217 1594 2284 propter
1643 2217 1984 2283 susceptum

329 2297 835 2367 hominem,homo
863 2317 1056 2356 verus.
1092 2299 1405 2356 Personam
1439 2301 1653 2373 quippe
1703 2301 1824 2356 Filii
1860 2301 1982 2367 Dei,

329 2405 446 2444 non
485 2403 556 2444 ex
583 2389 815 2446 duabus
845 2389 1115 2462 personis
1147 2389 1453 2456 unitatem,
1487 2391 1588 2446 sed
1636 2407 1705 2446 ex
1755 2390 1987 2446 duabus

330 2476 559 2536 naturis
586 2477 831 2535 existere
860 2477 1156 2535 credimus
1208 2497 1221 2536 :
1271 2479 1464 2536 dicere
1509 2483 1704 2536 autem
1754 2481 1986 2537 duabus

333 2567 600 2638 personis
629 2567 1038 2640 compositam,
1072 2572 1138 2623 ut
1170 2569 1333 2624 nefas
1361 2569 1638 2624 vitamus.

331 2654 402 2710 34
474 2656 615 2711 Nam
659 2657 802 2712 sicut
848 2657 1041 2712 anima
1098 2657 1390 2712 rationalis
1449 2660 1501 2712 et
1545 2673 1673 2712 caro
1724 2674 1866 2714 unus
1911 2668 1989 2714 est

549 2743 710 2800 homo
739 2761 759 2800 :

479 2833 560 2888 Ita
589 2833 729 2889 Deus
756 2839 808 2889 et
835 2832 994 2888 homo
1021 2848 1166 2888 unus
1195 2841 1273 2889 est
1297 2833 1559 2889 Christus.

405 2921 567 2978 Sicut
609 2920 768 2978 enim
815 2937 886 2978 ex
931 2937 1106 2978 carne
1146 2925 1204 2978 et
1250 2922 1451 2978 anima
1498 2940 1682 2978 unum
1734 2923 1989 2980 dicimus

334 3009 724 3083 hominem,et
741 3010 1153 3083 unusquisque
1181 3010 1358 3067 habet
1378 3013 1526 3068 duos
1554 3012 1821 3068 homines
1845 3013 1900 3068 in
1929 3030 1994 3069 se

335 3101 546 3174 (unum
577 3099 892 3170 carnalem,
927 3099 1107 3157 alium
1136 3100 1460 3173 spiritalem
1488 3119 1501 3168 ;
1557 3119 1739 3157 unum
1790 3103 1988 3158 visibi-

333 3189 660 3260 lcm,alium
682 3189 1034 3247 invisibilem
1057 3207 1071 3258 ;
1098 3207 1282 3247 unum
1307 3190 1633 3258 mortalem,
1660 3191 1842 3248 alium
1886 3194 1991 3247 im-

334 3279 666 3351 mortalem)
691 3298 704 3350 ;
737 3279 821 3337 ita
845 3284 998 3337 Deus
1027 3285 1084 3336 et
1113 3279 1287 3337 homo
1320 3297 1474 3336 unus
1506 3284 1596 3336 est
1624 3280 1914 3337 Christus.

334 3369 438 3440 35_
479 3371 586 3439 Qui
603 3387 800 3442 passus
827 3378 909 3428 est
932 3387 1030 3442 pro
1059 3371 1236 3427 salute
1263 3379 1454 3426 nostra
1476 3389 1494 3426 :

481 3459 769 3516 Descde
797 3459 870 3515 ad
899 3461 1104 3530 inferos
1137 3475 1150 3515 :
1184 3461 1488 3516 resurrecit
1519 3478 1552 3515 (ι
1583 3462 1835 3516 mortuis.

420 3548 482 3602 In
514 3564 630 3618 quo
659 3564 893 3619 passus,
924 3547 982 3602 in
1027 3563 1145 3619 quo
1190 3547 1518 3615 videbatur,
1551 3547 1610 3603 in
1661 3566 1776 3620 quo
1821 3548 1995 3604 homo

344 3639 490 3702 erat,
524 3635 582 3689 in
617 3652 733 3707 quo
771 3634 1106 3701 cruciﬁxus,
1155 3635 1214 3690 in
1262 3653 1378 3707 quo
1429 3642 1718 3703 mortuus,
1770 3637 1827 3692 in
1879 3655 1995 3708 quo

345 3722 702 3796 sepultus,in
735 3741 852 3796 quo
882 3725 1231 3780 resurrexit:
1256 3725 1395 3795 quia
1424 3725 1700 3781 divinitas
1731 3727 1996 3798 impassi-

344 3809 482 3869 bilis
511 3813 728 3883 est,sed
761 3812 819 3868 in
851 3812 1264 3884 conjunctione
1295 3830 1558 3885 personae
1588 3814 1747 3870 ﬁlius
1776 3815 1877 3871 Dei
1909 3815 1994 3870 di-

344 3899 499 3957 citur
528 3918 762 3974 passus,
794 3907 852 3958 et
883 3901 943 3957 in
975 3919 1111 3958 vera
1138 3905 1349 3958 natura
1397 3902 1554 3959 filius
1601 3902 1858 3960 hominis
1909 3910 1997 3959 est

341 4007 576 4063 passus.
609 3990 926 4048 Descendit
952 3991 1024 4047 ad
1056 3990 1296 4056 inferos,
1347 3991 1569 4047 scilicet
1615 3992 1812 4049 anima
1859 4010 1991 4048 cum

339 4079 532 4136 Verbo
559 4097 574 4136 :
605 4080 745 4154 quia
773 4085 1086 4154 postquam
1117 4079 1460 4137 humanitas
1489 4086 1796 4154 assumpta
1843 4088 1932 4140 est
1961 4101 1996 4140 a

335 4169 784 4239 divinitate,non
806 4174 897 4226 est
915 4177 1186 4244 separata
1205 4188 1240 4227 a
1257 4171 1572 4238 Verbo,sed
1595 4171 1726 4244 ipsa
1743 4173 1942 4230 anima
1963 4192 1997 4230 a

333 4275 578 4331 corpore
607 4260 875 4332 separata
903 4263 992 4316 est
1023 4275 1038 4315 :
1072 4259 1211 4332 quia
1240 4259 1290 4317 si
1330 4277 1446 4316 non
1500 4265 1656 4316 esset
1701 4267 1994 4335 separata,

335 4345 551 4420 corp‘us
593 4365 710 4408 non
754 4348 1043 4422 potuisset
1073 4349 1221 4408 mori
1253 4364 1268 4405 :
1303 4353 1362 4406 et
1390 4349 1500 4406 iste
1549 4351 1869 4410 descensus
1911 4351 1990 4409 "ad

335 4437 815 4495 solam-animam
841 4439 1113 4512 pertinet.
1157 4439 1496 4496 Resurrexit
1541 4458 1578 4496 a
1623 4443 1895 4508 mortuis,
1928 4447 1994 4498 ut

334 4527 506 4594 nobis
560 4526 896 4602 exemplum
945 4528 1390 4589 resurrectionis
1452 4530 1784 4586 ostenderet
1839 4532 1992 4588 sicut

2090 2027 2327 2085 videant
2355 2029 2539 2083 Judaei
2574 2045 2750 2100 quem
2783 2028 3256 2096 tradiderunt,ut
3285 2031 3529 2087 videant
3550 2030 3744 2087 milites

2093 2135 2270 2191 quem
2302 2118 2737 2188 crucitixerunt,
2775 2126 2837 2173 ut
2867 2118 3100 2174 videant
3148 2119 3318 2192 impii
3369 2138 3547 2193 quem
3590 2137 3744 2194 nega-

2092 2212 2320 2262 verunt.
2355 2206 2528 2261 Vives
2579 2223 2593 2262 :
2645 2224 2794 2278 quos
2847 2207 2976 2277 ejus
3025 2207 3314 2265 adventus
3365 2210 3650 2268 invenerit
3692 2211 3742 2264 in

2095 2313 2337 2368 corpore
2369 2295 2648 2352 viventes.
2705 2296 2968 2353 Mortuos
3018 2313 3034 2352 :
3079 2296 3181 2368 qui
3229 2299 3454 2355 mortui
3497 2299 3743 2354 erantab

2095 2385 2265 2442 initio
2315 2403 2505 2458 usque
2551 2385 2608 2440 in
2658 2385 2826 2440 illum
2877 2386 3054 2442 diem.
3086 2384 3189 2442 Vel
3238 2387 3435 2455 aliter,
3484 2387 3656 2455 vivos,
3693 2387 3738 2440 id

2098 2481 2187 2531 est
2217 2480 2472 2543 sanctos,
2503 2479 2788 2542 mortuos,
2823 2475 2879 2530 id
2906 2481 2995 2532 est
3024 2481 3386 2548 peccatores.

2096 2567 2166 2621 38
2239 2563 2318 2620 Ad
2347 2566 2504 2635 cujus
2533 2565 2824 2619 artrentum
2857 2585 2875 2620 :

2243 2656 2438 2710 Omnes
2467 2655 2712 2710 homines
2744 2671 3027 2724 resurgere
3051 2656 3253 2712 habent
3275 2675 3410 2713 cum
3454 2657 3742 2728 corporibus

2313 2745 2432 2799 suis
2452 2761 2472 2799 :

2169 2833 2232 2889 In
2266 2833 2516 2888 adventu
2562 2831 2794 2888 Domini
2841 2834 3276 2906 unusquisque,
3311 2835 3443 2892 sive
3466 2833 3612 2906 justi
3639 2832 3740 2887 sive

2103 2927 2452 2995 peccatores,
2523 2939 2827 2994 resurgere
2906 2923 3125 2980 habent
3201 2940 3344 2982 cum
3429 2921 3742 2996 corporibus

2101 3013 2247 3067 suis.

2099 3103 2169 3157 39
2242 3101 2308 3156 Et
2332 3099 2606 3156 reddituri
2629 3109 2758 3157 sunt
2787 3101 2852 3157 de
2873 3102 3035 3173 factis
3061 3102 3305 3172 propriis
3329 3104 3618 3158 rationem.

2175 3190 2432 3246 Reddere
2463 3195 2658 3245 autem
2695 3191 2978 3248 rationem
3015 3208 3028 3246 :
3062 3207 3176 3247 non
3210 3191 3414 3248 fabula
3432 3190 3736 3249 verborum,

2020 3263 2064 3330 Ο
2105 3281 2206 3336 sed
2252 3279 2650 3336 recordatione
2701 3280 2967 3336 omnium
3017 3297 3145 3352 quae
3192 3281 3350 3349 fecit,
3387 3281 3506 3337 sive
3546 3279 3740 3336 bonum

2105 3369 2224 3425 sive
2257 3369 2566 3434 malum,et
2590 3371 2912 3424 secundum
2937 3369 3043 3424 hoc
3073 3370 3494 3442 unusquisque
3513 3365 3739 3438 recipere

2104 3459 2276 3514 debet
2307 3477 2323 3513 :
2352 3459 2486 3513 boni
2523 3459 2696 3523 bona,
2730 3458 2868 3514 mali
2901 3475 3034 3514 vero
3062 3458 3237 3516 mala.

2105 3549 2174 3604 40
2245 3550 2310 3603 Et
2341 3549 2438 3618 qui
2470 3549 2608 3604 bona
2637 3556 2884 3618 egerunt,
2917 3549 3076 3604 ibunt
3103 3549 3164 3603 in
3195 3550 3368 3606 vitam
3397 3556 3657 3607 .rtemam
3683 3558 3699 3594 :

2249 3641 2365 3709 Qui
2395 3655 2518 3694 vero
2550 3639 2718 3703 mala,
2752 3641 2807 3692 in
2842 3639 3024 3709 ignem
3051 3643 3346 3694 a‘ternum.

2177 3725 2240 3781 In
2271 3727 2448 3781 vitam
2482 3731 2760 3782 internum
2794 3743 2807 3782 :
2842 3727 2983 3798 quia
3013 3743 3246 3798 semper
3267 3730 3443 3782 erunt
3473 3721 3607 3780 boni
3638 3718 3744 3774 sine

2106 3816 2218 3870 ﬁne
2251 3815 2306 3868 in
2341 3815 2529 3887 gloria
2560 3814 2880 3887 regnaturi.
2918 3815 2977 3871 In
3031 3816 3225 3888 ignem
3259 3821 3544 3870 mternum
3575 3827 3588 3866 :
3620 3805 3740 3880 quia

2104 3921 2337 3974 semper
2366 3904 2475 3959 erit
2509 3903 2679 3960 malis
2729 3903 2857 3960 sine
2909 3905 3024 3960 ﬁne
3057 3922 3228 3976 pmna
3279 3903 3513 3969 inferni,
3545 3904 3601 3955 et
3635 3895 3745 3951 sine

2104 3990 2223 4046 ulla
2254 3992 2628 4049 miseratione
2658 4008 2792 4048 cum
2826 4008 3067 4064 corpore
3095 3997 3152 4050 et
3180 3991 3526 4061 anima,non
3555 3999 3741 4042 consu-

2102 4082 2323 4140 mendi.
2358 4083 2460 4138 sed
2511 4099 2742 4154 semper
2785 4081 2974 4139 arsuri
3008 4099 3021 4138 :
3055 4087 3112 4140 et
3143 4097 3450 4154 nunquam
3499 4072 3743 4135 deﬁcient

2103 4172 2163 4228 in
2195 4173 2426 4228 aeternis
2453 4172 2638 4244 pomis
2671 4171 2958 4230 mansuri.

2102 4263 2160 4319 41
2243 4263 2371 4319 Haec
2397 4271 2472 4318 est
2502 4261 2633 4333 ﬁdes
2660 4262 2927 4318 catholica
2958 4279 2978 4316 :

2244 4352 2420 4420 Quam
2447 4351 2563 4406 nisi
2589 4352 2818 4423 quisque
2862 4350 3104 4421 ﬁdeliter
3151 4352 3498 4424 ﬁrmiterque
3523 4339 3736 4404 credide-

2315 4442 2410 4507 rit,
2437 4441 2619 4496 saivus
2641 4456 2755 4496 esse
2784 4456 2895 4495 non.
2920 4442 3142 4511 poterit.

2173 4529 2300 4586 Hzee
2331 4534 2422 4585 est
2439 4529 2588 4586 ﬁdes
2619 4527 2905 4584 catholica
2934 4545 2947 4584 :
2995 4528 3151 4586 sicut
3175 4530 3449 4603 superius
3477 4521 3730 4582 diximus.

332 4616 623 4691 propheta
661 4616 744 4674 ait
789 4617 934 4680 (05$
959 4621 1040 4685 vr)
1073 4634 1087 4673 :
1121 4618 1258 4673 Post
1299 4618 1448 4673 duos
1498 4617 1623 4674 dies
1677 4621 1992 4677 suscitabit
2022 4637 2066 4702 ι)
2098 4618 2214 4673 ista
2242 4622 2332 4674 est
2364 4618 2510 4674 fides
2539 4617 2848 4675 catholica.
2883 4617 2991 4675 Per
3019 4617 3128 4676 hoc
3158 4617 3256 4675 hic
3285 4621 3450 4691 rogat
3469 4619 3523 4673 et
3546 4609 3731 4702 edint)"

329 4723 460 4778 nos,
491 4711 551 4764 et
577 4706 749 4764 tertia
776 4722 1176 4780 resurgemus,
1209 4710 1268 4763 et
1297 4707 1356 4762 in
1387 4711 1704 4780 conspectu
1735 4709 1864 4781 ejus
1900 4709 1985 4766 vi-

327 4813 557 4854 vemus.

325 4886 397 4944 36
470 4884 816 4942 Ascenditad
839 4884 998 4942 celos
1027 4904 1048 4942 :

467 4973 628 5030 Sedet
651 4973 724 5030 ad
751 4975 1036 5032 dacteram
1061 4975 1162 5032 Dei
1191 4976 1372 5032 Patris
1403 4977 1810 5048 omnipotentis.

399 5061 676 5116 Ascendit
701 5063 775 5118 ad
805 5061 1004 5131 cados,
1037 5063 1258 5120 scilicet
1299 5063 1428 5136 ipsa
1472 5065 1812 5123 humanitas
1855 5084 1983 5139 quae

329 5145 442 5207 ﬁt“
471 5144 668 5217 passa,
698 5148 850 5215 sicut
879 5149 1072 5222 angeli
1099 5150 1371 5207 dixerunt
1403 5168 1416 5206 :
1449 5152 1986 5226 Vimdidilzeiguid

2096 4711 2287 4774 net,ut
2315 4706 2726 4780 unusquisque
2751 4707 3023 4764 sacerdos
3049 4706 3340 4766 hoc.scia_t
3367 4712 3423 4764 et
3459 4695 3727 4778 pradicet.

2095 4799 2303 4864 Quam,
2331 4795 2392 4852 id
2419 4800 2510 4852 est
2535 4812 2714 4868 quam
2745 4797 2942 4866 ﬁdem,
2976 4796 3248 4870 quisque,
3281 4797 3342 4854 id
3393 4798 3484 4855 est
3511 4781 3723 4859 aliquis.

2094 4883 2385 4954 Fideliter,
2418 4888 2482 4941 ut
2512 4886 2583 4941 de
2612 4901 2679 4943 ea
2713 4903 2828 4942 non
2858 4886 3110 4946 dubitet.
3143 4887 3434 4956 Firmiter,
3458 4886 3522 4940 ut
3545 4872 3725 4956 nullus

2095 4992 2129 5032 a
2155 4980 2259 5032 tua
2289 4975 2403 5032 {ide
2447 4979 2504 5032 te
2553 4991 2848 5033 removere
2879 4977 3086 5050 possit,
3121 4975 3286 5034 nullo
3316 4954 3622 5036 schismate
3647 4954 3723 5017 vel

2093 5065 2320 5122 haeresi.
2352 5066 2423 5122 Et
2471 5065 2519 5122 si
2572 5066 2653 5123 ita
2702 5084 2818 5124 non
2871 5066 3188 5125 credideris
3217 5066 3414 5126 salvus
3459 5073 3585 5120 esse
3621 5064 3719 5108 ηοη

2093 5155 2330 5228 poteris.
