3852 6484
251 424 384 487 593

1423 430 1523 491 DE
1567 427 2115 493 CONVERSIONE
2156 430 2227 494 B.
2272 429 2524 493 AFRE.

3551 437 3671 500 594

252 557 465 625 dabat,
503 563 572 615 ut
610 557 759 615 bene
806 557 913 616 tibi
962 564 1303 632 congrueret
1348 562 1502 633 quod
1551 561 1828 618 scribitur
1856 562 1916 619 in
1946 564 2001 630 Α
2033 563 2214 636 igitur
2233 563 2492 637 pontifex
2515 568 2731 630 noster,
2754 564 2964 633 clerus,
2991 564 3282 637 simulque
3310 569 3673 642 congaudent

252 644 517 717 psalmo,
538 645 824 717 quoniam
855 645 952 702 Dei
986 646 1167 702 Filius
1197 648 1447 703 tenuerit
1477 666 1719 704 manum
1733 650 1922 707 dexte—

252 750 390 788 ram
414 738 606 798 tuam,
630 738 685 788 et
708 733 766 789 in
800 734 1092 790 voluntate
1124 740 1224 789 tua
1254 740 1307 790 te
1336 737 1657 803 deduxerit,
1684 742 1742 792 et
1766 756 1916 794 mar-

249 822 413 892 tyrio
445 826 795 877 coronatum
830 826 885 878 te
915 840 1224 878 assumens
1272 827 1445 895 atque
1494 826 1564 880 ad
1599 826 1727 879 ecin
1761 826 1918 897 pala-

248 910 414 964 tium
450 910 837 978 transferens,
870 915 926 965 et
956 912 1105 966 inter
1136 917 1433 967 senatores
1465 915 1640 968 curia:
1669 914 1919 971 cmlestis

248 1001 315 1051 te
351 996 724 1051 constituens
754 996 811 1051 in
843 994 1082 1069 collegio
1104 1014 1306 1052 eorum
1338 998 1712 1069 disposuerit.
1748 1001 1917 1072 Ergo,

248 1085 479 1139 fratres
511 1084 870 1151 charissimi,
888 1085 1164 1157 quoniam
1188 1086 1357 1140 nobis
1373 1086 1496 1141 dies
1520 1092 1690 1142 tantae
1715 1088 1922 1144 solem-

248 1173 470 1227 nitatis
528 1172 885 1228 confessoris
940 1173 1176 1239 Christi,
1205 1173 1503 1245 nostrique
1558 1175 1805 1246 apostoli
1864 1182 1921 1233 et

247 1261 545 1332 martyris
562 1260 818 1331 [illuxit],
842 1262 1059 1333 gratias
1082 1266 1137 1315 et
1168 1261 1370 1318 laudes
1399 1263 1713 1318 reddamus
1736 1266 1920 1320 omni-

248 1347 684 1419 potentissimo
697 1346 950 1402 Creatori
969 1365 982 1415 ;
999 1347 1156 1403 illius
1174 1349 1455 1419 praelibati
1476 1350 1918 1415 Narcissi,tloris

246 1433 535 1489 videlicet
566 1435 846 1507 paradisi,
882 1453 987 1491 nos
1028 1437 1342 1492 subdentes
1374 1438 1643 1503 orationi,
1676 1444 1733 1494 et
1764 1442 1919 1511 quod

243 1524 488 1579 amavit
528 1539 821 1589 amemus,
855 1528 912 1579 et
946 1525 1099 1597 quod
1138 1526 1308 1580 verbo
1358 1527 1688 1597 praedicavit
1719 1528 1918 1585 creda-

241 1629 416 1679 mus,
452 1616 511 1667 et
535 1611 695 1684 quod
726 1611 1001 1685 operibus
1031 1611 1293 1670 exhibuit
1314 1613 1631 1671 imitemur.
1663 1616 1921 1673 Exsultat

2029 652 2285 724 populus
2302 654 2630 709 universus.
2652 654 2938 719 Quoniam
2964 653 3115 710 sicut
3135 655 3335 721 Roma,
3355 672 3481 727 quis
3496 663 3672 731 caput

2028 746 2085 795 et
2115 739 2419 813 speculum
2452 745 2541 797 est
2571 742 2751 797 totius
2780 742 2959 808 orbis,
3004 760 3039 798 a
3076 743 3189 798 Deo
3218 746 3539 816 promeruit
3567 746 3670 802 ha-

2029 829 2164 882 bere
2196 829 2453 899 primum
2486 829 2883 900 apostolorum
2906 835 2964 884 et
2992 831 3312 903 principem
3342 849 3461 888 sua
3491 834 3671 889 salva-

2028 915 2225 980 tionis,
2262 916 2520 982 Petrum,
2554 917 2636 971 ita
2665 934 2897 989 quoque
2923 918 3196 973 Gerunda
3226 919 3518 975 doctorem
3551 937 3668 976 suis

2028 1003 2231 1059 salutis
2258 1005 2460 1059 florem
2485 1004 2737 1075 paradisi
2757 1006 3666 1076 promeruithabereNarcissum.

2029 1092 2232 1145 Omnis
2264 1092 2386 1146 haec
2416 1092 2538 1148 dies
2571 1093 2628 1147 in
2688 1093 2897 1149 Christi
2955 1093 3231 1150 laudibus
3286 1097 3666 1167 expandatur,

2027 1185 2199 1251 atque
2230 1180 2447 1235 divinis
2468 1182 2517 1251 ej
2529 1198 2595 1237 us
2617 1180 2871 1237 cultibus
2893 1181 3224 1251 dedicetur;
3255 1183 3525 1241 desinant
3543 1202 3671 1241 esse

2019 1266 2317 1339 jurgia,qu
2329 1268 2383 1322 ia
2400 1267 2824 1339 pradicationis
2838 1269 2996 1341 pacis
3015 1270 3349 1326 recoluntur
3364 1271 3668 1341 solemnia;

2028 1355 2299 1410 desinant
2319 1372 2448 1411 esse
2469 1358 2919 1413 comessationes
2939 1363 2997 1413 et
3013 1358 3486 1431 ebrietates,quia
3500 1361 3671 1431 cuius

2028 1441 2199 1497 hodie
2227 1443 2510 1498 festivitas
2540 1444 2868 1500 celebratur
2895 1444 3452 1504 talesaChristianis
3479 1447 3671 1520 prohi-

2029 1530 2155 1585 buit
2185 1529 2531 1601 voluptates.

1930 1971 2036 2074 ΙΙ

1016 2179 1416 2267 INCIPIT
1474 2177 2125 2271 CONVERSIO
2180 2180 2565 2268 BEAT/E
2620 2181 2931 2270 AFBIE

1175 2372 1361 2454 Apud
1382 2374 1752 2456 provinciam
1778 2373 2164 2449 Aria-(ensem,
2199 2374 2434 2438 civitate
2472 2374 2769 2457 Augusta.

314 2682 465 2736 Erat
495 2677 815 2735 Narcissus
832 2676 1141 2750 episcopus
1159 2677 1358 2731 eodem
1379 2681 1635 2750 tempore
1656 2694 1771 2750 quo
1786 2679 1918 2734 Dio-
1952 2681 1999 2746 Β
2031 2679 2484 2745 mocinarentur,
2518 2695 2629 2733 nox
2689 2678 2922 2734 initium
2975 2680 3251 2751 sumpsit,
3282 2684 3340 2735 et
3389 2680 3673 2752 incipiens

240 2769 500 2826 cletiani
569 2767 869 2824 ferebatur
926 2765 1175 2821 insania.
1209 2765 1482 2820 Nesciens
1531 2767 1631 2822 ubi
1661 2766 1925 2833 intraret,

250 2860 560 2932 profugus
592 2855 667 2910 ad
704 2853 1068 2909 meretricem
1115 2853 1417 2925 ingressus
1457 2860 1564 2920 est,
1597 2855 1792 2910 Afram
1825 2872 1926 2910 no-

251 2949 440 3011 mine,
477 2961 623 3001 cum
678 2942 923 2997 diacono
974 2958 1079 2998 suo
1126 2941 1330 2997 Felice.
1366 2941 1466 2996 Illa
1503 2947 1695 2997 autem
1725 2944 1929 2999 videns

249 3038 550 3093 honestos
581 3032 745 3087 viros
774 3030 1175 3095 adventantes,
1210 3029 1551 3084 existimans
1581 3030 1927 3101 impudicos,

252 3128 429 3200 parat
451 3137 693 3177 cmnam
712 3123 768 3174 et
790 3118 992 3173 omnia
1012 3135 1160 3189 quae,
1177 3117 1344 3172 solito
1367 3134 1547 3184 more,
1563 3134 1695 3173 cum
1720 3119 1930 3189 puellis

251 3213 385 3269 suis
417 3224 642 3284 parare
674 3210 1074 3262 consueverat.
1111 3205 1431 3278 Episcopus
1466 3209 1660 3262 autem
1694 3207 1932 3263 veniens

255 3306 321 3358 ut
352 3300 566 3356 cibum
600 3299 841 3367 caperet
870 3310 1035 3350 orare
1066 3294 1239 3365 cmpit
1271 3298 1326 3348 et
1359 3293 1622 3365 psallere.
1657 3295 1793 3349 Afra
1825 3312 1931 3350 au-

253 3395 400 3455 tem,
435 3386 588 3459 quia
620 3400 933 3453 nunquam
964 3382 1086 3437 haec
1116 3382 1377 3437 audierat
1406 3399 1508 3438 nec
1534 3383 1771 3453 viderat,
1805 3389 1934 3438 stu-

254 3478 496 3553 pefacta
520 3470 707 3544 coepit
738 3470 1033 3542 inquirere
1064 3469 1163 3543 qui
1194 3474 1369 3541 esset,
1401 3474 1457 3525 et
1489 3474 1552 3526 ut
1581 3472 1784 3526 didicit
1808 3488 1934 3527 esse

254 3566 620 3638 episcopum
654 3558 1147 3626 Christianorum,
1182 3558 1449 3630 protinus
1481 3559 1728 3629 procidit
1749 3560 1818 3614 ad
1844 3576 1937 3631 pe-

253 3654 361 3711 des
391 3654 535 3723 ejus
568 3650 781 3704 dicens
816 3664 829 3703 :
864 3646 1129 3712 Domine,
1163 3646 1404 3717 indigna
1455 3663 1609 3713 sum,
1641 3651 1697 3701 et
1733 3647 1792 3702 in
1824 3648 1936 3702 ista

254 3742 499 3798 civitate
524 3737 700 3793 nulla
723 3750 819 3790 me
843 3735 1068 3806 turpior
1089 3734 1288 3805 aliqua
1317 3734 1560 3788 inveniri
1589 3739 1798 3806 potest.
1831 3736 1935 3790 Cui

255 3832 339 3887 ait
359 3828 696 3885 Narcissus
718 3824 1032 3895 episcopus
1050 3840 1061 3876 :
1077 3822 1340 3877 Salvator
1359 3838 1525 3876 meus
1542 3840 1576 3877 a
1591 3824 1937 3894 turpissima

255 3924 455 3974 tactus
489 3910 804 3986 inquinari
839 3927 953 3965 non
1004 3910 1214 3982 potuit,
1245 3909 1403 3965 illius
1466 3926 1600 3964 nam
1651 3912 1931 3965 sanctitas

256 4022 469 4062 omnes
524 4001 742 4058 sordes
791 3999 920 4069 ejus
970 3997 1177 4052 delevit
1225 4003 1398 4069 atque
1446 3999 1768 4099 mundavit.
1799 4000 1925 4099 l‘lon
1959 4032 2003 4099 Ο

257 4096 464 4152 sordes
498 4087 833 4162 inquinata:
865 4086 1172 4157 inquinare,
1205 4090 1473 4158 poterunt
1503 4085 1730 4140 Domini
1763 4086 1929 4141 clari-

257 4187 462 4247 tatem,
503 4195 649 4235 nam
685 4179 745 4230 et
777 4174 895 4228 dux
934 4174 1191 4239 veniens,
1225 4177 1282 4227 et
1314 4172 1587 4244 splendor
1618 4174 1758 4228 solis
1788 4174 1930 4229 dum

259 4271 415 4326 circa
448 4267 697 4326 cloacas
729 4267 790 4317 et
834 4259 1151 4316 lutulentas
1183 4260 1403 4332 plateas
1437 4260 1698 4315 funditur
1727 4278 1760 4316 a
1790 4260 1933 4316 caelo

259 4358 631 4422 mundus,et
662 4349 931 4407 mundus
963 4348 1219 4404 elevatur
1250 4348 1308 4402 in
1342 4346 1751 4403 cmlum.Unde
1773 4353 1828 4403 et
1846 4354 1930 4415 tu,

260 4442 670 4514 filia,suscipe
702 4439 908 4495 lumen
941 4436 1173 4503 ﬁdei,ut
1202 4435 1510 4507 purificata
1531 4436 1601 4490 ab
1632 4436 1936 4509 omnipec-

260 4540 388 4591 cato
421 4531 630 4605 possis
661 4530 737 4583 de
761 4542 892 4581 meo
916 4525 1151 4580 introitu
1178 4528 1456 4597 perpetua
1480 4521 1776 4579 alacritate
1800 4541 1938 4596 gau-

259 4623 417 4677 dere.
454 4620 615 4677 Dicit
671 4616 724 4671 ei
774 4613 960 4668 Afra:
994 4614 1133 4684 Ego,
1185 4630 1310 4684 qua:
1369 4610 1655 4682 ampliora
1703 4619 1938 4684 peccata

258 4709 534 4765 commisi
574 4720 766 4777 quam
800 4701 1006 4773 quanti
1056 4705 1194 4755 sunt
1251 4700 1361 4753 mei
1413 4699 1603 4770 capilli
1637 4701 1696 4756 in
1730 4700 1934 4772 capite,

260 4794 561 4867 quomodo
588 4803 848 4864 possum
863 4803 897 4840 a
910 4787 1091 4842 tantis
1105 4787 1287 4842 dilui?
1300 4786 1938 4857 ResponditNarcissus

260 4884 581 4954 episcopus
620 4897 634 4934 :
673 4879 941 4933 Tantum
972 4877 1036 4928 tu
1067 4876 1254 4940 crede,
1275 4881 1332 4929 et
1358 4875 1672 4945 baptizare,
1697 4881 1753 4930 et
1782 4874 1941 4931 salva

261 4972 396 5027 eris.
427 4971 603 5026 Tunc
638 4965 810 5029 Afra,
846 4978 1166 5017 convocans
1197 4962 1423 5035 puellas
1441 4979 1598 5031 suas,
1624 4963 1802 5019 dixit:
1829 4964 1939 5019 Iste

264 5042 438 5115 homo
471 5058 812 5129 episcopus
839 5049 1301 5105 Christianorum
1336 5051 1475 5104 dicit
1508 5051 1649 5106 mihi
1684 5069 1697 5105 :
1730 5052 1785 5106 Si
1818 5068 1939 5107 cre-

261 5146 481 5201 dideris
512 5144 767 5201 Christo
802 5140 863 5192 et
893 5137 1181 5208 baptizata
1211 5138 1409 5203 fueris,
1430 5140 1503 5192 ab
1532 5142 1687 5194 omni
1722 5140 1937 5211 poteris

266 5235 541 5290 mundari
570 5232 849 5305 peccato.
866 5226 1012 5289 Quid
1035 5227 1196 5282 vobis
1214 5226 1442 5280 videtur
1458 5227 1485 5281 ?
1504 5228 1936 5299 Respondentes

264 5321 470 5394 Digna,
510 5314 824 5376 Eunomia
857 5317 915 5368 ct
954 5313 1228 5387 Eutropia
1275 5314 1542 5369 dixerunt
1576 5334 1587 5370 :
1621 5319 1702 5372 'I‘u
1740 5334 1934 5377 nostra

2036 2767 2284 2823 Domino
2315 2783 2522 2823 canere
2552 2783 2683 2821 cum
2717 2782 2823 2821 suo
2870 2766 3115 2823 diacono
3155 2769 3464 2840 cpiscopus
3493 2773 3674 2826 totam

2038 2859 2265 2909 noctem
2297 2856 2516 2910 orando
2537 2859 2596 2909 et
2620 2855 2919 2926 psallendo
2950 2856 3362 2926 pertransiens,
3387 2857 3563 2913 simul
3581 2858 3679 2914 ha-

2036 2943 2161 2998 buit
2189 2944 2387 2997 Afram
2419 2959 2553 2999 cum
2586 2943 2794 3013 puellis
2824 2944 2948 3000 suis
2973 2948 3321 3000 consortem.

2109 3031 2274 3085 Mane
2306 3035 2503 3085 autem
2534 3035 2657 3085 orto
2689 3031 2801 3096 die,
2833 3031 3142 3103 episcopus
3170 3032 3478 3089 Narcissus
3508 3035 3680 3105 coepit

2037 3118 2255 3188 inquiri
2288 3134 2323 3173 a
2352 3119 2842 3189 persecutoribus,
2882 3123 2942 3174 et
2969 3119 3175 3175 dicunt
3198 3122 3373 3176 Afra):
3409 3122 3515 3177 Ubi
3540 3126 3682 3178 sunt

2039 3204 2139 3277 qui
2162 3206 2234 3259 ad
2271 3210 2326 3260 te
2352 3205 2701 3260 introierunt
2731 3205 2943 3261 nocte?
2969 3206 3074 3261 Illa
3103 3211 3295 3263 autem
3352 3208 3500 3264 dixit
3544 3209 3630 3265 eis
3660 3227 3674 3265 :

2040 3294 2310 3364 Hospites
2330 3298 2618 3349 amatores
2640 3293 2781 3348 mihi
2805 3294 3039 3350 fuerunt
3050 3298 3107 3349 et
3126 3295 3394 3351 abierunt
3412 3297 3486 3352 ad
3506 3296 3680 3352 sacri-

2042 3383 2357 3436 ficandum.
2383 3382 2454 3436 Et
2484 3386 2756 3453 putantes
2808 3398 2907 3437 eos
2963 3384 3035 3438 ad
3092 3382 3430 3455 capitolium
3470 3388 3575 3442 aut
3603 3385 3676 3441 ad

2040 3467 2323 3539 templum
2352 3469 2587 3535 abiisse,
2622 3475 2963 3537 tacuerunt;
2996 3472 3096 3526 sed
3125 3472 3406 3527 remansit
3427 3489 3583 3531 unus
3612 3490 3682 3529 ex

2041 3555 2126 3610 eis
2158 3557 2257 3626 qui
2290 3557 2505 3611 diceret
2532 3557 2602 3611 ad
2634 3574 2761 3612 eam
2796 3574 2809 3612 :
2843 3558 2959 3630 Ego
2988 3560 3225 3629 cognovi
3255 3558 3523 3633 illos,qui
3552 3577 3680 3617 sero

2039 3649 2342 3711 venerunt,
2372 3645 2510 3716 quia
2536 3645 2851 3701 Christiani
2882 3651 3066 3714 erant,
3091 3664 3226 3703 nam
3257 3646 3317 3703 in
3347 3649 3506 3704 omni
3538 3649 3682 3704 hora

2042 3731 2357 3803 signabant
2386 3734 2604 3789 frontes
2637 3751 2772 3789 suas
2820 3736 2987 3807 signo
3025 3735 3235 3802 crucis,
3268 3753 3385 3809 qua
3412 3736 3680 3792 Christus

2040 3836 2244 3876 eorum
2276 3838 2487 3895 passus
2517 3828 2622 3877 est.
2652 3822 2802 3877 Dicit
2821 3822 2870 3877 ei
2894 3824 3062 3877 Afra:
3087 3825 3172 3879 Ad
3195 3841 3288 3881 me
3316 3825 3680 3880 meretricem

2040 3906 2323 3963 baberent
2380 3909 2595 3963 intrare
2641 3908 2990 3963 Christiani!
3022 3911 3107 3964 Ad
3140 3926 3234 3965 me
3272 3928 3388 3966 non
3417 3912 3680 3977 veniunt,

2042 3994 2153 4048 nisi
2178 3996 2278 4066 qui
2303 3996 2413 4050 mei
2433 3996 2655 4051 similes
2679 4001 2835 4051 sunt.
2858 3997 3014 4050 Abiit
3033 3996 3150 4062 hic,
3172 3997 3466 4051 nuntiavit
3485 3999 3685 4053 omnia

2042 4097 2168 4151 qua:
2180 4083 2393 4137 dixerat
2407 4125 2419 4147 ,
2437 4099 2681 4154 quaque
2703 4084 2984 4151 audierat,
2999 4082 3072 4137 iis
3086 4085 3184 4154 qui
3208 4068 3547 4153 quagrebant
3559 4101 3679 4141 eos.

2041 4170 2206 4225 Tunc
2229 4170 2371 4226 abiit
2391 4172 2526 4224 Afra
2550 4174 2620 4225 ad
2646 4175 2889 4226 matrem
2913 4187 3104 4237 suam,
3129 4168 3405 4225 Hilarium
3426 4172 3681 4241 nomine,

2042 4262 2099 4313 et
2128 4259 2269 4313 dicit
2296 4258 2346 4313 ei
2380 4274 2395 4314 :
2427 4259 2748 4329 Episcopus
2778 4257 3242 4312 Christianorum
3280 4260 3437 4313 venit
3463 4260 3536 4314 ad
3567 4277 3682 4328 me,

2043 4347 2308 4403 nesciens
2339 4346 2438 4401 ubi
2468 4346 2732 4409 intraret,
2765 4349 2822 4399 et
2852 4362 2954 4417 per
2989 4350 3169 4400 totam
3212 4350 3439 4400 noctem
3471 4363 3683 4418 expan-

2044 4436 2189 4491 dens
2220 4451 2430 4490 manus
2461 4450 2599 4488 suas
2630 4434 2699 4488 ad
2736 4434 2919 4488 Deum
2952 4448 3149 4500 suum,
3177 4436 3420 4488 cantans
3446 4433 3498 4487 ei
3530 4435 3685 4506 quod

2048 4525 2224 4589 novit,
2258 4529 2314 4578 et
2345 4539 2450 4577 nos
2489 4522 2625 4577 fecit
2656 4520 2831 4576 simul
2861 4536 3026 4576 orare
3056 4536 3294 4588 secum;
3327 4520 3481 4575 circa
3508 4521 3688 4595 gallo-

2047 4631 2178 4669 rum
2210 4618 2443 4668 cantum
2475 4608 2749 4665 exstinxit
2788 4626 2849 4664 se
2901 4608 3100 4663 lumen
3156 4607 3430 4675 candelis,
3460 4613 3518 4663 et.
3542 4610 3689 4681 ccepi

2049 4704 2327 4759 festinare
2384 4705 2449 4753 ut
2498 4699 2886 4764 incenderem,
2936 4701 2993 4751 et
3037 4713 3153 4752 non
3211 4700 3491 4767 poteram.
3530 4696 3694 4751 Tunc

2053 4794 2198 4849 dixit
2229 4788 2370 4844 mihi
2404 4787 2688 4843 diaconus
2719 4789 2848 4860 ejus
2881 4802 2895 4839 :
2929 4784 3052 4841 Noli
3086 4799 3344 4859 qurerere
3368 4781 3568 4837 lumen
3598 4799 3693 4838 ex-

2056 4876 2425 4953 stinguibile;
2454 4877 2625 4931 modo
2642 4876 2746 4930 tibi
2769 4874 3110 4930 ostendetur
3127 4870 3382 4941 lux,quze
3402 4869 3696 4943 exstingui

2060 4989 2175 5030 non
2211 4971 2416 5041 potest.
2454 4964 2581 5019 Ηωο
2613 4981 2747 5019 cum
2781 4963 3040 5020 audisset
3068 4960 3375 5031 episcopus
3395 4957 3578 5013 oravit
3604 4958 3699 5012 di-

2066 5075 2205 5123 cens
2238 5072 2251 5112 :
2282 5052 2449 5116 Veni,
2495 5053 2619 5107 Lux
2648 5069 2782 5107 vera
2812 5052 2882 5107 de
2908 5049 3070 5115 ccalo,
3100 5054 3157 5103 et
3184 5045 3396 5103 ostende
3425 5045 3584 5100 nobis
3614 5047 3703 5114 fa-

2073 5160 2211 5218 ciem
2240 5149 2470 5207 tuam,et
2498 5142 2637 5194 salvi
2663 5143 2898 5202 erimus,-
2918 5154 3051 5193 mox
3070 5134 3226 5190 venit
3251 5132 3445 5205 fulgur
3474 5132 3543 5187 de
3564 5130 3704 5187 ccelo

2083 5244 2233 5312 sicut
2264 5230 2373 5300 sol,
2400 5234 2455 5283 et
2483 5228 2638 5282 venit
2667 5228 2818 5283 sicut
2845 5226 3191 5290 tonitruum,
3218 5224 3274 5277 et
3300 5237 3418 5312 non
3441 5218 3706 5312 recessit;

2092 5308 2191 5403 scil
2226 5319 2427 5386 tandiu
2459 5317 2535 5371 ibi
2566 5315 2743 5382 stetit,
2781 5314 3037 5403 quandiu
3073 5326 3280 5403 aurora
3305 5308 3625 5403 inciperet;
3655 5309 3714 5359 et

268 5391 508 5466 (ιοξηίηα
538 5426 629 5477 es,
666 5409 729 5461 et
765 5401 815 5456 si
852 5405 1060 5455 secuta:
1116 5418 1323 5456 sumus
1379 5400 1448 5456 ad
1496 5403 1928 5475 inquinamenta.
1971 5406 2053 5486 Β
2095 5391 2243 5505 31,-“,
2274 5412 2371 5472 ille
2399 5405 2707 5461 orationem
2738 5419 2903 5458 suam
2935 5398 3365 5505 ﬁnisset,jusfit
3385 5411 3490 5489 nos
3506 5391 3716 5505 sibilis;

269 5498 625 5561 facinorum,
642 5488 956 5566 quomodo
974 5506 1086 5544 non
1106 5489 1495 5560 scquemurad
1516 5491 1918 5565 indulgentiam

273 5590 646 5656 peccatorum
671 5583 701 5636 ?
738 5579 835 5635 Tu
864 5581 1037 5647 caput
1069 5584 1261 5631 noster
1291 5593 1370 5635 es.
1396 5594 1730 5653 quocunque
1761 5583 1905 5658 ieris,

269 5678 323 5728 et
352 5676 625 5731 membra
658 5667 1002 5741 sequantur
1030 5682 1258 5721 necesse
1290 5664 1623 5725 est.luterca
1651 5688 1774 5727 cum
1796 5692 1901 5731 ser-

2267 5510 2404 5565 derc
2432 5498 2485 5547 et.
2514 5492 2694 5547 dicere
2725 5507 2739 5543 ι
2775 5494 2991 5551 Amen;
3023 5493 3079 5542 et
3123 5487 3222 5539 lux
3277 5476 3719 5565 fulguris‘illius

2310 5534 2404 5559 UIU
2433 5534 2485 5547 ιν
2515 5534 2694 5547 ι--υυιν
2727 5534 2739 5543 .
2775 5534 2951 5543 .-.μνη
2978 5534 2991 5551 η
3026 5534 3079 5542 ν,
3126 5534 3222 5539 ____
3279 5534 3333 5537 Η
3363 5534 3398 5551 υ

2357 5580 2580 5645 recessit
2610 5579 2677 5634 ab
2698 5576 2878 5631 oculis
2902 5573 3135 5630 nostris.
3167 5573 3301 5625 Post
3328 5568 3446 5662 haec
3476 5561 3721 5662 misi‘me

2123 5625 2582 5791 9‘3‘;:3;;”;§;1$}
2610 5625 2674 5724 ἐξ
2692 5625 2916 5722 Ᾱίέῖὶιιί
2948 5680 2961 5717 ε
2995 5657 3271 5730 Iniuriam
3318 5650 3420 5707 tibi
3449 5644 3720 5717 grandem

2133 5761 2163 5791 τι

2133 5761 2163 5806 3
