3852 6400
330 471 448 534 595
1315 467 1573 530 OLIVAE
1615 465 1970 533 VICENSIS
2015 463 2368 526 EPISCOI‘I
2415 464 2766 527 SCRIPTA.
3612 460 3705 520 396

327 602 537 674 fecisti,
561 603 701 677 quia
723 601 793 658 ad
818 617 909 656 me
935 599 1186 656 introisti
1213 617 1225 656 ε
1251 617 1382 655 sum
1416 600 1572 655 enim
1606 599 1818 654 mulier
1850 614 1981 670 pec~
2012 601 2066 666 Α
2099 597 2366 669 nunquid
2394 597 2586 653 locum
2613 597 2865 662 invenio,
2890 595 2988 652 ubi
3021 597 3111 652 est
3141 593 3383 666 spiritus
3415 591 3708 649 castitatis?

330 692 550 756 catrix;
580 696 637 745 et
667 689 765 744 ille
793 688 938 743 dixit
977 686 1121 742 mihi
1157 703 1169 741 :
1205 687 1309 742 L'bi
1344 705 1436 741 me
1469 688 1620 742 Deus
1656 704 1822 742 meus
1854 688 1989 741 fecit
2099 687 2200 742 llic
2232 691 2291 741 tu
2329 687 2470 758 quid
2504 687 2755 753 intrasti,
2781 688 2879 741 ubi
2907 687 3212 758 inquinata
3231 689 3374 740 sunt
3401 700 3641 756 corpora,
3667 689 3710 738 et

331 779 584 852 ingredi,
617 777 697 832 ibi
731 777 988 831 introivi.
1021 776 1190 831 Mane
1222 781 1418 831 autem
1449 777 1604 831 circa
1635 777 1838 830 horam
1875 781 1985 830 ter-
2101 775 2329 847 polluta:
2355 779 2492 829 sunt
2516 776 2764 830 anima)?
2788 776 2951 830 Tunc
2975 775 3283 829 Narcissus
3307 773 3452 827 dixit
3470 773 3712 828 ei:Jube-o

332 869 478 924 tiam
512 867 894 923 ostenderunt
925 881 986 920 se
1019 865 1185 932 mihi,
1222 866 1344 935 qui,
1381 871 1695 936 antequam
1746 864 1985 930 luceret,
2099 865 2224 926 tibi,
2253 864 2556 918 immunde
2580 865 2844 935 spiritus,
2865 868 2926 918 ut
2947 865 3050 918 des
3075 863 3130 916 in
3156 879 3499 934 responsum
3523 861 3656 932 quod
3672 866 3712 914 te

333 957 598 1014 insidiati
630 956 879 1023 fuerant,
926 958 991 1008 ut
1020 959 1326 1008 exeuntem
1366 958 1647 1017 tenerent,
1676 959 1728 1007 et
1761 954 1988 1007 oecide-
2098 951 2547 1020 interrogavero.
2581 953 2682 1006 Dic
2727 953 2894 1017 mihi,
2927 953 3200 1006 damnate
3235 969 3248 1006 :
3280 951 3408 1005 Scis
3440 951 3711 1005 Dominum

337 1050 496 1113 rent;
531 1044 632 1100 sed
663 1061 796 1099 cum
827 1043 1101 1105 exissem,
1138 1047 1534 1097 convenerunt
1566 1059 1676 1095 me.
1713 1043 1824 1110 Ego
1857 1058 1988 1094 vero
2100 1057 2296 1094 meum
2320 1041 2520 1094 Jesum
2542 1040 2835 1094 Christum
2855 1041 3217 1094 Nazarenum
3241 1036 3716 1108 tentatum.llagel-

337 1135 436 1191 ubi
465 1135 617 1189 faces
649 1132 719 1187 de
751 1131 869 1187 lino
900 1131 1210 1197 habebam,
1243 1131 1522 1185 abscondi
1553 1148 1670 1185 eos.
1699 1131 1899 1185 Timeo
1921 1146 1988 1183 ne
2098 1129 2304 1192 latum,
2341 1129 2732 1200 sputamentis
2765 1130 2820 1182 in
2857 1129 3064 1183 faciem
3097 1132 3458 1194 attestatum,
3493 1127 3716 1181 cibatum

339 1226 632 1279 scrutetur
661 1220 824 1276 locus
857 1219 1021 1292 ipse;
1055 1218 1100 1272 si
1137 1219 1332 1290 jubes,
1367 1218 1606 1273 domina
1639 1225 1842 1284 mater,
1877 1218 1990 1271 huc
2101 1219 2251 1284 felle,
2288 1224 2550 1289 potatum
2600 1225 2784 1287 aceto,
2827 1220 3068 1273 allixum
3115 1218 3174 1271 in
3205 1233 3400 1282 cruce,
3433 1221 3716 1281 mortuum,

335 1327 434 1368 eos
467 1310 716 1366 transire
748 1309 978 1375 faciam,
1016 1307 1155 1379 quia
1207 1307 1478 1379 promisit
1536 1307 1680 1361 mihi
1740 1307 1940 1361 dicens
1975 1325 1986 1362 :
2099 1313 2156 1363 et
2190 1307 2509 1378 sepultura,
2543 1312 2599 1361 et
2629 1307 2720 1362 die
2753 1307 2920 1362 tertio
2962 1305 3354 1362 resurrexisse
3385 1323 3418 1359 a
3459 1303 3720 1359 mortuis?

335 1401 504 1457 Facio
535 1405 592 1455 te
620 1397 1035 1464 Christianam,
1073 1401 1140 1452 ut
1199 1396 1398 1451 omnia
1459 1402 1693 1467 peccata
1739 1400 1838 1451 tua
1889 1397 1989 1450 de-
2101 1397 2214 1450 scis
2247 1396 2356 1451 hoc
2390 1397 2655 1450 factum?
2687 1395 3008 1467 Respondit
3037 1395 3291 1464 daemon,
3323 1398 3382 1448 et
3413 1393 3554 1448 dixit
3585 1409 3596 1447 :
3627 1391 3722 1446 Uti-

335 1489 586 1547 leantur.
2102 1503 2237 1539 nam
2273 1485 2417 1538 mihi
2447 1485 2553 1539 hoc
2587 1485 2812 1540 nescire
2844 1483 3106 1538 licuisset
3133 1480 3145 1536 !
3181 1500 3320 1538 nam
3352 1499 3421 1538 ea
3443 1481 3598 1548 hora,
3623 1498 3720 1551 qua

405 1580 668 1636 Audiens
697 1577 807 1632 hoc
855 1579 1044 1630 mater
1092 1575 1243 1644 ejus,
1276 1575 1491 1644 gaudio
1526 1574 1762 1646 repleta,
1795 1574 1939 1628 dixit
1974 1593 1986 1630 :
2100 1573 2416 1629 crucifixus
2447 1579 2554 1640 est,
2589 1574 2862 1645 princeps
2893 1577 3092 1628 n'oster
3121 1572 3359 1644 fugiens
3390 1588 3425 1626 a
3454 1570 3589 1626 facie
3615 1570 3722 1639 ejus

335 1669 578 1724 Praestet
605 1665 715 1720 hoc
745 1665 922 1732 Deus,
960 1668 1022 1718 ut
1051 1663 1193 1717 mihi
1229 1663 1338 1718 hoc
1363 1664 1682 1732 contingat.
1711 1664 1812 1718 Cui
1847 1663 1991 1718 dixit
2102 1663 2158 1718 in
2185 1662 2467 1734 templum
2504 1664 2599 1716 Dei
2633 1681 2695 1717 se
2728 1662 2910 1728 misit,
2926 1667 2984 1717 et
3009 1663 3137 1716 ideo
3171 1661 3366 1716 velum
3399 1658 3589 1730 templi
3608 1657 3721 1712 scis-

337 1757 507 1813 Afra:
543 1755 690 1826 Ergo
723 1756 894 1807 nocte
925 1751 1189 1806 veniente
1221 1751 1574 1821 transmigro
1605 1769 1702 1805 eos
1738 1751 1988 1805 huc.Cui
2102 1769 2232 1805 sum
2266 1758 2372 1817 est,
2408 1751 2548 1822 quia
2578 1752 2850 1806 virtutem
2883 1750 3296 1822 persequentis
3335 1750 3480 1805 ferre
3510 1765 3613 1802 non
3639 1762 3721 1818 po-

339 1843 645 1917 respondit
674 1846 862 1897 mater
891 1858 1000 1896 sua
1034 1857 1046 1896 :
1082 1840 1269 1895 Etiam
1300 1840 1347 1895 si
1381 1840 1652 1907 noluerit,
1675 1858 1812 1911 roga
1833 1857 1986 1894 eum.
2101 1842 2211 1894 tuit
2239 1859 2250 1908 ;
2286 1847 2422 1894 tunc
2471 1858 2610 1896 saxa
2661 1841 2787 1912 ipsa
2832 1840 3022 1895 solida
3070 1839 3510 1906 scindebantur,
3542 1842 3591 1891 et
3621 1853 3720 1889 mo-

339 1933 593 2006 Vesperc
609 1934 804 1986 autem
819 1930 954 1984 Afra
975 1927 1993 2000 rogavitS.Narcissum,etmigravit
2025 1971 2070 2034 B
2104 1934 2386 1983 nurnenta
2426 1935 2625 1999 aperta
2670 1934 2828 1992 sunt,
2863 1933 2917 1982 et
2950 1931 3333 1982 surrexerunt
3386 1924 3564 1982 sancti
3615 1923 3720 1987 viri,

395 2023 410 2034 ν
550 2024 560 2034 ι
767 2020 777 2030 ι
915 2019 932 2034 1
1337 2023 1345 2034 ι
1500 2018 1513 2034 ἱ
1755 2018 1789 2034 n
1849 2017 1892 2034 ιν
2193 2018 2200 2026 ·
2277 2018 2285 2026 ·
2315 2018 2326 2034 1
2490 2023 2498 2034 ι
2540 2018 2550 2034 1
2679 2019 2702 2034 ιο
2772 2022 2782 2034 ι
2998 2033 3002 2034 ,
3090 2017 3104 2034 I
3157 2033 3161 2034 ν
3231 2017 3240 2026 ’
3305 2033 3315 2034 κ
3412 2033 3422 2034 κ
3467 2018 3641 2034 ,__L__
3667 2012 3719 2034 -l.

343 2023 414 2080 ad
448 2024 695 2076 matrem
727 2020 876 2090 ejus.
915 2019 1221 2088 Ingressus
1253 2023 1448 2073 autem
1481 2018 1722 2072 domum
1755 2018 1814 2070 S.
1849 2017 1992 2071 Nar-
2025 2012 2070 2034 ”
2103 2018 2201 2088 qui
2237 2018 2506 2072 viderunt
2540 2018 2646 2071 hoc
2677 2019 2918 2082 factum,
2952 2017 3108 2088 quod
3154 2017 3431 2088 princeps
3465 2018 3642 2069 noster
3665 2012 3722 2064 ab

344 2111 537 2166 cissus
565 2107 896 2181 episc0pus,
924 2107 1140 2162 factum
1173 2111 1258 2161 est
1288 2107 1568 2178 gaudium
1604 2107 1995 2175 magnum,ita
2103 2122 2169 2161 eo
2201 2106 2300 2176 qui
2351 2107 2665 2160 crucilixus
2713 2110 2802 2160 est
2849 2109 3045 2159 tentus
3091 2111 3179 2160 est
3226 2109 3285 2159 et
3324 2104 3542 2160 catenis
3569 2100 3722 2172 igneis

343 2205 410 2256 ut
435 2197 653 2255 llilaria
682 2213 784 2269 per
813 2200 932 2251 tres
977 2195 1153 2250 horas
1203 2194 1430 2266 plantas
1480 2196 1609 2266 ejus
1661 2200 1898 2261 teneret,
1938 2199 1994 2248 et
2104 2199 2193 2249 est
2225 2193 2522 2264 religatus.
2550 2193 2867 2264 Respondit
2907 2193 3218 2249 Narcissus
3269 2198 3328 2248 et
3373 2192 3516 2248 dixit
3546 2209 3558 2246 :
3587 2187 3719 2256 Quod

342 2288 586 2345 diceret:
613 2286 863 2342 Obsecro
894 2290 968 2351 te,
997 2284 1254 2350 domine,
1291 2288 1354 2339 ut
1386 2301 1476 2338 me
1509 2285 1690 2338 facias
1721 2284 1990 2337 mundari
2106 2298 2316 2338 nomen
2351 2289 2439 2338 est
2471 2283 2751 2354 principis
2781 2282 2993 2336 vestri?
3015 2282 3167 2337 Dixit
3197 2282 3247 2336 ei
3281 2282 3544 2336 daemon:
3576 2279 3721 2334 Satan

344 2375 650 2451 apeccatis
683 2373 1028 2430 meis.Tunc
1061 2373 1371 2428 Narcissus
1402 2373 1714 2444 episcopus
1736 2373 1881 2427 dixit
1909 2373 1990 2427 ei:
2107 2387 2315 2425 nomen
2349 2379 2434 2426 est
2467 2372 2570 2438 illi,
2605 2372 2758 2444 quod
2810 2372 3229 2442 interpretatur
3277 2373 3504 2426 initium
3540 2368 3719 2422 mortis.

344 2467 523 2523 Beata
551 2468 640 2520 est
660 2463 805 2518 fides
826 2466 1092 2534 tua,quaz
1124 2465 1434 2532 antequam
1466 2461 1722 2516 disceres
1753 2461 1994 2516 verbum
2105 2460 2256 2515 Dicit
2279 2460 2328 2514 ei
2351 2461 2685 2516 Narcissus:
2715 2460 2810 2516 Dic
2839 2460 3004 2526 mihi,
3030 2460 3168 2532 quid
3195 2459 3456 2532 peccavit
3475 2456 3721 2514 Dominus

343 2553 626 2618 veritatis,
658 2552 848 2624 ipsam
879 2550 1200 2615 veritatem,
1235 2567 1412 2621 quam
1465 2567 1566 2621 per
1612 2551 1854 2604 verbum
1905 2549 1998 2604 vix
2107 2553 2308 2602 noster
2335 2547 2509 2602 Jesus
2539 2548 2828 2613 Christus,
2854 2552 2916 2602 ut
2959 2552 3121 2602 tanta
3160 2546 3506 2618 pateretur?
3535 2543 3662 2600 Dicit
3682 2541 3719 2594 ei

349 2658 668 2717 agnoscere
698 2643 946 2713 possunt
977 2639 1267 2708 homines,
1293 2639 1350 2692 in
1375 2643 1478 2693 tua
1497 2645 1690 2693 mente
1714 2638 1994 2693 fundasti.
2109 2635 2335 2690 diunon
2363 2654 2375 2691 :
2399 2636 2710 2708 Nunquam
2745 2636 3018 2708 peccavit.
3055 2635 3206 2690 Dicit
3237 2637 3290 2691 ei
3324 2635 3618 2690 Narcissus
3641 2648 3651 2684 :
3671 2631 3721 2683 Et

349 2735 572 2790 Tamen
588 2729 727 2803 quia
748 2728 912 2784 video
931 2733 986 2783 te
1003 2745 1274 2800 capacem
1307 2726 1580 2782 audiendi
1604 2729 1842 2782 verbum
1875 2727 1997 2792 Dei,
2109 2723 2208 2794 qui
2238 2741 2542 2795 nunquam
2577 2724 2851 2796 peccavit,
2877 2741 3058 2796 quare
3080 2728 3243 2778 tanta
3263 2741 3476 2796 passus
3504 2720 3617 2777 est?
3638 2719 3720 2773 Rc-

348 2821 522 2878 hodie
555 2818 793 2891 incipite
821 2822 1017 2873 tenere
1047 2815 1366 2888 jejunium,
1399 2821 1456 2871 et
1489 2833 1589 2886 per
1619 2821 1842 2887 septem
1875 2817 1998 2870 dies
2109 2813 2349 2885 spondit
2378 2814 2606 2867 daemon
2633 2829 2646 2866 :
2680 2813 2804 2868 Non
2839 2829 2942 2886 pro
2974 2812 3098 2868 suis
3133 2814 3393 2885 peccatis
3414 2826 3612 2884 passus
3635 2811 3722 2873 est,

342 2912 628 2984 jejunate,
661 2907 964 2964 audientes
996 2921 1326 2961 sermonem
1358 2903 1864 2971 veritatis;octava
1893 2922 1998 2959 au-
2110 2903 2211 2957 sed
2249 2919 2350 2973 pro
2381 2901 2644 2957 alterius.
2679 2902 2828 2957 Dicit
2858 2902 2909 2958 ei
2942 2901 3253 2958 Narcissus
3307 2903 3637 2975 episc0pus:
3665 2895 3724 2949 Et

349 3003 469 3056 tem
501 2998 594 3054 die
625 2994 1081 3069 puriﬁcabimini
1131 2994 1203 3049 ab
1252 2992 1412 3049 omni
1465 2999 1717 3066 peccato,
1751 2998 1808 3049 et
1838 2994 2001 3048 eritis
2110 3007 2207 3046 ore
2225 2997 2396 3045 tuote
2419 2991 2795 3058 condemnas,
2821 2991 3126 3047 immunde
3158 2991 3433 3063 spiritus.
3457 2993 3591 3044 Cum
3616 3000 3722 3054 ergo

347 3087 497 3146 tales
515 3085 716 3160 quales
738 3083 935 3140 fuistis
957 3083 1234 3149 infantes,
1261 3100 1372 3138 non
1397 3082 1680 3137 habentes
1701 3083 1999 3137 conscien-
2110 3080 2263 3134 scias
2286 3080 2600 3135 Dominum
2626 3097 2820 3135 meum
2839 3080 3044 3136 Jesum
3067 3080 3370 3136 Christum
3395 3096 3506 3135 non
3524 3072 3723 3150 prosuis

345 3177 491 3234 tiam
516 3175 695 3232 ullius
715 3173 1003 3237 criminis,
1029 3171 1324 3242 ulliusque
1347 3171 1744 3243 peccati.Dicit
1765 3170 1815 3226 ei
1855 3171 2001 3225 Hila-
2111 3170 2210 3224 sed
2237 3186 2339 3241 pro
2362 3167 2568 3224 alienis
2591 3169 2845 3240 peccatis
2866 3170 3150 3236 occisum,
3173 3169 3416 3225 discede
3441 3167 3512 3224 ab
3537 3165 3602 3220 iis
3623 3179 3722 3218 mu-

344 3266 434 3322 ria
468 3282 481 3320 :
515 3265 574 3321 Si
598 3262 1066 3336 jubes,dicimus
1098 3261 1252 3333 quod
1286 3259 1556 3330 colimus,
1580 3266 1635 3314 et
1658 3259 1738 3314 ita
1759 3259 1997 3314 domum
2047 3332 2074 3336 _
2111 3257 2374 3324 lieribus,
2409 3257 2547 3329 quia
2575 3274 2677 3329 pro
2711 3258 2824 3314 illis
2856 3275 3067 3330 passus
3089 3262 3179 3313 est
3202 3257 3309 3330 qui
3339 3259 3411 3314 ad
3435 3256 3597 3311 ﬁdem
3625 3253 3723 3322 ejus

344 3355 486 3411 doce
508 3370 614 3409 nos
635 3351 775 3425 quid
800 3350 1085 3406 colamus.
1105 3332 1321 3404 Dicitei
1341 3349 1653 3403 Narcissus
1668 3347 1996 3419 episc0pus:
2034 3332 2076 3399 C
2111 3351 2168 3402 et
2216 3347 2466 3418 gratiam
2523 3348 2931 3418 confugerunt.
2961 3347 3114 3402 Dicit
3161 3346 3212 3402 ei
3270 3347 3501 3402 daemon
3529 3361 3542 3398 :
3573 3343 3724 3406 Quare

345 3441 412 3498 In
444 3441 554 3496 hoc
583 3443 826 3512 apparet
857 3437 1012 3510 quod
1045 3437 1191 3492 bene
1223 3437 1467 3508 potestis
1500 3436 1795 3507 suscipere
1844 3437 1998 3506 quod
2112 3435 2281 3490 docet
2311 3435 2401 3490 lex
2429 3441 2652 3502 sancta,
2683 3442 2738 3491 et
2763 3437 2935 3507 jubet
2964 3442 3028 3491 ut
3057 3453 3148 3492 res
3181 3435 3408 3492 alienas
3458 3451 3566 3490 non
3595 3427 3726 3485 tollat

347 3528 534 3585 colere
563 3525 846 3594 debeatis,
874 3542 1010 3580 cum
1045 3524 1184 3596 quid
1209 3523 1503 3579 colueritis
1525 3523 1818 3579 evidenter
1838 3541 2004 3596 expo-
2113 3524 2366 3596 aliquis;
2402 3529 2464 3580 tu
2495 3526 2594 3597 qui
2629 3530 2868 3581 sanctus
2898 3542 2980 3593 es,
3018 3541 3110 3580 res
3154 3541 3320 3580 meas
3373 3523 3511 3597 quid
3559 3514 3726 3576 tollis?

350 3616 547 3682 natis;
579 3613 673 3669 dic
697 3629 834 3685 ergo
865 3612 1159 3667 culturam
1192 3615 1376 3666 tuam.
1411 3612 1630 3667 llilaria
1661 3614 2000 3683 respondit:
2113 3613 2262 3678 Quid
2296 3614 2441 3668 mihi
2472 3614 2628 3668 tollis
2662 3613 2890 3669 animas
2921 3631 3071 3686 quas
3103 3614 3247 3669 mihi
3290 3613 3549 3670 lucratus
3585 3603 3727 3664 sum?

351 3704 630 3759 Parentes
661 3701 775 3756 mei
806 3716 1015 3771 genere
1047 3699 1236 3770 Cyprii
1290 3699 1546 3765 fuerunt,
1581 3705 1638 3755 et
1671 3701 1802 3755 inde
1835 3718 2003 3757 vene-
2113 3703 2264 3758 Dicit
2284 3703 2333 3758 ei
2353 3703 2661 3760 Narcissus
2687 3722 2699 3760 :
2725 3705 2792 3758 Et
2815 3705 3046 3768 fractor,
3071 3708 3127 3758 et
3157 3703 3251 3758 fur
3281 3721 3346 3760 es
3378 3709 3461 3769 tu,
3495 3700 3563 3756 ab
3592 3692 3726 3752 initio

355 3793 516 3848 runt.
549 3789 696 3844 Cum
728 3804 895 3846 sacra
923 3787 1184 3854 Veneris,
1212 3791 1268 3843 et
1297 3787 1496 3843 Venus
1526 3787 1634 3843 coli
1669 3806 1782 3844 non
1820 3795 2006 3860 potest
2113 3792 2391 3848 damnate
2421 3797 2478 3848 et
2503 3792 2836 3857 inveterate,
2859 3809 2994 3847 nam
3029 3793 3172 3847 istas
3193 3793 3427 3849 animas
3449 3789 3727 3846 aCreatore

357 3878 473 3936 nisi
505 3878 578 3935 ab
608 3877 683 3933 iis
722 3875 956 3932 feminis
1003 3894 1130 3948 quae
1181 3876 1556 3931 merctricatzn
1608 3877 1840 3946 fuerint,
1875 3879 2002 3935 ideo
2113 3897 2220 3935 suo
2252 3885 2310 3935 et
2343 3881 2584 3936 Domino
2609 3887 2670 3935 tu
2706 3881 3020 3952 separasti;
3054 3897 3160 3953 ego
3191 3883 3367 3937 modo
3399 3886 3452 3936 te
3483 3879 3651 3933 furem
3667 3876 3726 3924 te-

353 3968 607 4041 denique
627 3983 732 4039 ego
758 3965 936 4022 filiam
959 3982 1151 4021 meam
1165 3966 1349 4021 sacris
1364 3965 1608 4021 Veneris
1629 3983 2000 4036 consecrans,
2115 3985 2243 4036 neo,
2278 3973 2334 4024 et
2362 3969 2615 4026 Creatori
2642 3975 2971 4025 creaturam
2997 3987 3169 4026 suam
3201 3972 3469 4026 restituo.
3503 3967 3727 4034 Respon°

351 4057 522 4132 quasi
547 4057 664 4113 dea:
685 4054 894 4112 Veneri
927 4055 1271 4111 servituram
1307 4055 1438 4110 inde
1472 4055 1799 4112 meretricio
1833 4056 2000 4130 placi~
2111 4058 2198 4113 dit
2219 4059 2268 4113 ei
2293 4059 2520 4114 daemon
2544 4059 2775 4115 dicens:
2795 4063 2859 4114 Et
2881 4076 2986 4132 ego
3009 4063 3278 4116 creatura
3298 4061 3426 4131 ejus
3449 4072 3598 4121 sum,
3616 4063 3727 4118 ergo

350 4152 546 4205 turam
581 4147 638 4202 in
679 4143 1000 4218 prostibulo
1058 4161 1293 4200 manere
1325 4145 1584 4216 permisi,
1620 4147 1862 4202 credens
1893 4146 2002 4203 hoc
2111 4152 2170 4202 et
2196 4164 2288 4203 me
2322 4146 2574 4204 Creatori
2607 4165 2736 4204 meo
2771 4148 3030 4204 restitue.
3056 4149 3208 4204 Dicit
3228 4149 3280 4204 ei
3303 4148 3602 4206 Narcissus
3623 4158 3634 4195 :
3656 4137 3726 4192 Tu

349 4237 506 4310 quod
540 4235 682 4292 mihi
715 4238 869 4290 esset
900 4233 1151 4306 propitia
1181 4234 1397 4302 Venus,
1427 4233 1475 4289 si
1502 4234 1682 4290 filiam
1705 4252 1897 4292 meam
1921 4237 2003 4291 di-
2111 4236 2235 4308 ipse
2267 4254 2365 4292 ore
2395 4243 2494 4292 tuo
2526 4238 2832 4292 confessus
2856 4256 2917 4292 es
2943 4237 3240 4294 Christum
3264 4255 3369 4310 pro
3391 4230 3630 4310 peccatis
3646 4227 3726 4281 ho-

344 4326 498 4383 vinis
529 4327 657 4398 ejus
687 4322 1118 4380 imitationibus
1155 4341 1534 4396 occupasscm
1561 4341 1575 4393 ;
1611 4341 1744 4380 nam
1781 4333 2000 4397 quanto
2111 4325 2338 4381 minum
2373 4343 2644 4397 passum;
2670 4333 2726 4381 et
2745 4327 2792 4382 si
2821 4343 2937 4399 quo
2971 4327 3144 4384 modo
3175 4344 3280 4400 pro
3307 4323 3554 4399 peccatis
3574 4311 3728 4374 homi-

345 4414 542 4488 plures
572 4417 862 4470 amatores
893 4412 1108 4468 habere
1139 4413 1352 4484 poterit
1390 4412 1603 4468 mulier
1631 4431 1757 4485 qua:
1791 4415 1998 4471 Veneri
2109 4432 2252 4470 num
2285 4432 2497 4486 passus
2527 4421 2615 4470 est
2644 4420 2702 4470 et
2731 4433 2835 4488 pro
2858 4416 3120 4471 dmmone
3151 4433 3362 4489 passus
3389 4415 3554 4476 esset,
3583 4401 3724 4462 resti-

344 4503 604 4570 serviret,
630 4506 792 4559 tanto
824 4500 958 4574 plus
988 4500 1194 4557 Veneri
1223 4499 1448 4573 placere
1484 4518 1654 4573 posse
1675 4519 1709 4556 a
1731 4505 1998 4559 sacerdo-
2107 4507 2330 4559 tuerem
2363 4503 2618 4559 Creatori
2645 4508 2950 4571 tuo;nunc
2983 4510 3177 4560 autem
3212 4505 3295 4560 sic
3317 4517 3522 4576 passus
3543 4499 3623 4552 est
3640 4504 3723 4564 pro

341 4592 501 4649 tibus
526 4589 768 4648 Veneris
798 4591 1146 4645 afﬁrmatur.
1312 4629 1325 4636 -
2108 4593 2362 4663 peccatis
2392 4593 2700 4648 hominum
2735 4599 2799 4648 ut
2829 4599 3091 4650 vestrum
3123 4593 3444 4666 principem
3476 4579 3721 4660 ligaretin

410 4681 668 4737 Audiens
689 4679 811 4735 bch
831 4679 918 4734 vir
939 4679 1040 4735 Dei
1061 4679 1372 4736 Narcissus
1403 4678 1690 4751 ingemuit
1724 4685 1780 4734 et
1811 4680 1992 4754 lacry-
2026 4701 2072 4765 Β
2109 4681 2400 4737 infernum
2433 4687 2488 4736 et
2520 4682 2915 4754 principatum
2949 4683 3241 4754 diriperet.
3261 4680 3410 4737 Dicit
3430 4680 3476 4736 ei
3500 4677 3719 4731 daemon:

342 4788 472 4828 mas
517 4769 683 4837 fudit,
715 4767 979 4840 dixitque
1025 4769 1095 4823 ad
1141 4768 1455 4824 diaconum
1484 4785 1657 4823 suum
1695 4769 1938 4825 Felicem
1975 4789 1988 4826 :

339 4859 546 4932 Surge,
571 4859 824 4926 frater,et
845 4857 1055 4913 demus
1076 4857 1401 4913 lamentum
1426 4874 1602 4928 super
1626 4856 1798 4912 istam
1815 4859 1990 4914 talem

339 4949 652 5018 culturam,
686 4951 743 5002 et
779 4964 1055 5018 rogemus
1087 4947 1427 5014 Dominum,
1461 4951 1526 5001 ut
1557 4946 1652 5001 ubi
1691 4947 1993 5004 abundavit

339 5034 632 5106 iniquitas,
663 5034 1065 5106 superabundet
1094 5043 1146 5090 et
1173 5037 1373 5105 gratia.
1399 5036 1640 5090 Factum
1674 5041 1761 5091 est
1794 5043 1988 5092 autem

340 5125 426 5188 ut,
448 5138 584 5177 cum
607 5125 855 5190 orarent,
881 5124 1152 5195 apparuit
1175 5123 1468 5196 ZEgyptius
1501 5126 1740 5195 quidam
1770 5126 1992 5196 nigrior

340 5227 530 5270 corvo,
565 5208 759 5263 nudus
791 5213 846 5264 et
877 5211 1213 5267 vulneribus
1244 5213 1661 5284 elephantiasis
1692 5219 1811 5269 toto
1864 5233 1986 5270 cor-

341 5312 479 5368 pore
513 5294 746 5366 plenus;
773 5296 909 5351 dare
939 5299 1113 5368 coepit
1143 5297 1429 5371 mugitum
1453 5305 1509 5354 et
1534 5301 1724 5356 dicere
1749 5319 1760 5356 :
1785 5303 1826 5355 Ο
1852 5321 1984 5356 san-

341 5389 429 5440 cte
442 5382 709 5438 Narcisse
722 5384 1009 5454 episcopo,
1026 5403 1058 5455 q
1071 5385 1167 5439 uid
1183 5387 1282 5440 tibi
1309 5405 1440 5442 cum
1457 5389 1634 5444 chara
1650 5407 1776 5444 mea
1790 5391 1817 5444 ?
1839 5392 1985 5456 Quid

342 5473 448 5528 tibi
472 5488 604 5527 cum
640 5471 867 5526 ancillis
897 5473 1062 5539 meis,
1081 5490 1227 5543 quas
1260 5491 1364 5544 ego
1397 5493 1628 5548 semper
1649 5477 1704 5532 in
1729 5479 1988 5535 amicitia

342 5577 472 5616 mea
503 5558 725 5614 habui?
761 5560 913 5614 Deus
946 5563 1083 5614 tuus
1115 5563 1366 5615 mundas
1398 5565 1646 5626 animas.
1676 5571 1732 5620 et
1768 5569 1988 5622 munda

342 5665 584 5720 corpora
613 5645 822 5720 diligit,
857 5647 980 5704 ista:
1018 5648 1146 5718 jam
1197 5666 1334 5703 mea:
1368 5657 1524 5716 sunt,
1560 5653 1681 5706 alia:
1713 5671 1840 5707 esse
1871 5672 1984 5709 non

343 5739 611 5808 possunt.
643 5736 918 5810 Nunquid
953 5753 1060 5807 ego
1112 5734 1264 5792 intro
1317 5737 1415 5792 ubi
1463 5741 1701 5796 castitas
1735 5743 1987 5811 regnat?

2106 4771 2216 4826 Fac
2245 4770 2520 4842 pietatem
2554 4787 2732 4842 super
2763 4787 2876 4834 me,
2904 4775 2961 4826 et
2987 4772 3063 4826 da
3104 4771 3249 4827 mihi
3299 4771 3360 4826 in
3409 4763 3720 4840 potestatem

2104 4877 2280 4914 uuam
2313 4860 2594 4915 animam.
2622 4860 2769 4916 Dicit
2795 4861 2845 4916 ei
2875 4860 3182 4917 Narcissus
3207 4878 3219 4916 :
3241 4861 3298 4915 Si
3331 4858 3536 4914 dedero
3557 4845 3648 4904 tibi
3675 4845 3718 4897 in

2104 4955 2450 5020 potestatem
2485 4966 2663 5003 unam
2696 4950 2980 5014 animam,
3013 4950 3157 5021 quid
3190 4950 3261 5005 de
3289 4965 3357 5004 ea
3386 4939 3598 5002 facies?
3625 4935 3721 4990 Dm-

2102 5055 2239 5092 mon
2272 5038 2416 5092 dixit
2451 5054 2463 5092 :
2499 5038 2786 5094 lnterlicio
2818 5039 3141 5104 hominem,
3173 5045 3227 5094 et
3272 5037 3464 5094 lucror
3489 5028 3716 5112 animas}

2101 5128 2248 5197 ejus.
2285 5127 2434 5182 Dicit
2465 5127 2516 5181 ei
2550 5128 2896 5182 Narcissus:
2937 5127 3104 5182 Mane
3138 5127 3327 5200 prima
3355 5124 3480 5179 luce.
3508 5131 3604 5188 ego
3631 5109 3716 5164 tibi

2100 5217 2252 5271 dabo
2283 5221 2632 5288 potestatem
2681 5215 2852 5271 hanc.
2886 5221 2952 5270 ut
2992 5215 3113 5271 haec
3147 5214 3345 5270 facias.
3375 5208 3518 5268 Dicit
3545 5204 3591 5260 ei
3617 5201 3716 5254 da?-

2101 5321 2237 5359 mon
2273 5321 2284 5360 :
2323 5305 2418 5359 Dic
2451 5305 2593 5358 mihi
2630 5309 2762 5360 ante
2801 5306 2978 5360 Deum
3012 5305 3151 5375 quia
3181 5305 3288 5360 das
3321 5299 3459 5357 mihi
3490 5292 3712 5375 animam

2100 5392 2252 5446 intra
2279 5411 2489 5465 corpus
2515 5393 3020 5465 inclusam,quam
3051 5392 3260 5448 lucrer.
3287 5391 3432 5448 Dicit
3453 5387 3501 5444 ei
3521 5373 3712 5468 Narcis-

2100 5499 2204 5536 sus
2238 5498 2252 5536 :
2285 5461 2431 5536 Ante
2479 5484 2657 5538 Deum
2710 5461 2908 5537 meum
2961 5481 3218 5553 spondeo
3271 5479 3422 5552 quod
3461 5473 3596 5530 dabo
3625 5461 3708 5518 tibi

2100 5571 2358 5625 animum
2394 5571 2448 5625 in
2484 5589 2724 5643 corpore
2749 5572 2996 5644 positam
3022 5567 3517 5630 manducantis,et
3537 5557 3708 5644 bibf‘n’

2099 5659 2194 5718 tis.
2229 5664 2285 5714 et
2310 5641 2677 5724 dormientis,
2707 5641 2763 5715 et
2793 5660 3003 5715 iterum
3035 5657 3352 5728 vigilantis.
3390 5651 3524 5710 Dicit
3551 5641 3704 5735 cide:

2100 5761 2236 5799 mon
2265 5763 2277 5800 :
2313 5747 2480 5802 Modo
2503 5749 2648 5820 jube
2681 5765 2773 5804 me
2804 5748 2898 5804 hic
2934 5727 3166 5802 manere
3213 5743 3330 5798 ista
3378 5743 3553 5798 nocte.
3581 5727 3706 5786 Dicit
