4938 6352
348 427 466 488 597

1518 431 1617 490 DE
1663 429 2207 492 CONVERSIONE
2250 430 2321 491 B.
2354 430 2605 493 AFRzE.

3628 433 3748 497 598

348 561 401 619 ei
428 560 855 620 Narcissus:Si
889 565 1053 636 potes
1085 562 1390 620 nobiscum
1426 580 1682 632 manere,
1706 564 1999 620 mane.Di-
2026 559 2084 629 Α
2114 561 2499 620 cidentalibus
2532 562 2762 638 pupulis
2791 581 2934 621 vera:
2970 562 3099 621 fidei
3139 564 3338 622 lumen
3382 568 3654 637 ostendit,
3690 573 3747 624 et

347 653 431 708 cit
462 651 515 707 ei
543 653 773 707 dmmon
809 669 822 708 :
857 653 912 708 Si
948 653 1228 725 expandis
1256 670 1465 708 manus
1497 657 1630 709 tuas
1660 654 1727 708 ad
1763 653 1994 721 coelu'n,

345 746 408 798 et
439 741 625 796 ﬂectis
657 757 849 813 genua
880 746 982 796 tua
1012 746 1066 795 et
1096 741 1297 814 psallis
1328 743 1440 797 Deo
1470 745 1722 807 tuo,non
1755 758 1995 813 possum

342 829 444 886 hic
478 846 733 884 manere.
771 830 921 883 Dicit
960 829 1009 883 ei
1053 830 1358 884 Narcissus
1395 849 1407 885 :
1440 831 1751 901 Nunquam
1783 831 1888 884 tibi
1922 829 1997 884 sit

341 918 840 983 bene,immunde
870 917 1141 989 spiritus;
1167 935 1279 972 non
1307 918 1494 971 solum
1526 922 1717 972 autem
1750 919 1993 989 ego,sed

342 1011 405 1062 et
435 1007 533 1060 isti
580 1022 785 1061 omnes
835 1010 955 1059 tota
1005 1011 1173 1060 nocte
1224 1023 1452 1061 mecum
1506 1006 1751 1060 Domino
1798 1010 1995 1059 nostro

342 1096 585 1150 flectent
613 1111 823 1164 genua,
861 1099 918 1148 et
947 1094 1148 1148 laudes
1181 1095 1229 1149 ei
1263 1112 1380 1148 una
1429 1094 1730 1147 nobiscum
1762 1098 1992 1148 canent.

342 1184 518 1238 Tunc
550 1183 776 1237 dromon
801 1182 938 1236 dira:
962 1182 1117 1237 vocis
1143 1182 1504 1237 teterrimum
1530 1181 1815 1237 ululatum
1834 1182 1994 1236 emit-

342 1277 484 1327 tens
518 1289 812 1343 nusquam
838 1270 1182 1343 comparuit.

417 1365 478 1414 S.
514 1364 709 1414 autem
738 1359 1044 1414 Narcissus
1066 1360 1375 1431 cpiscopus
1400 1360 1530 1414 fecit
1553 1364 1682 1432 post
1700 1360 1993 1431 jejunium

340 1450 591 1505 reﬁcere
619 1449 817 1503 Afram
850 1464 983 1503 cum
1016 1452 1199 1503 matre
1231 1466 1339 1504 sua
1360 1452 1568 1503 etcum
1603 1447 1813 1520 puellis
1847 1448 1993 1515 suis,

340 1556 500 1611 quas
529 1540 842 1592 trementes
876 1553 977 1608 pro
1006 1554 1070 1592 eo
1103 1538 1255 1608 quod
1286 1536 1551 1591 viderant
1581 1542 1635 1592 et
1668 1538 1994 1602 audierant,

339 1628 474 1683 suis
506 1625 746 1681 monitis
776 1630 833 1680 et
862 1625 1222 1680 orationibus
1255 1626 1616 1680 conforlavit.
1652 1627 1777 1696 Ipse
1800 1630 1993 1680 autem

338 1732 483 1770 cum
518 1716 577 1770 S.
610 1714 796 1769 Felice
844 1714 1087 1767 diacono
1137 1730 1242 1767 suo
1294 1730 1408 1768 non
1460 1714 1677 1778 refecit,
1710 1714 1900 1768 sciens
1933 1731 1993 1768 se

341 1820 524 1858 mane
567 1803 781 1857 iterum
831 1818 962 1855 cum
998 1802 1256 1856 daemone
1287 1806 1579 1856 certamen
1612 1801 1949 1856 habiturum
1977 1820 1989 1867 ;

2109 654 2260 725 apud
2292 654 2621 709 Gerundam
2654 653 2907 726 gloriosa
2928 658 3111 709 morte
3134 654 3429 727 requievit.
3444 656 3587 712 Cum
3609 672 3745 730 ergo

2108 741 2323 797 multos
2356 743 2425 797 ad
2457 742 2667 796 Christi
2700 743 2873 797 fidem
2898 746 3274 808 converteret,
3299 745 3551 815 quadam
3575 745 3744 801 diein

2106 830 2377 885 Gerunda
2407 830 2559 884 inter
2588 830 2717 902 ipsa
2744 832 3160 886 sacriﬁciorum
3193 832 3539 903 mysteria,a
3559 849 3748 905 perse-

2108 918 2407 973 cutoribus
2430 918 2755 973 trucidatus
2773 918 2829 973 in
2849 920 3213 974 confessione
3233 920 3533 976 Trinitatis
3556 920 3745 976 tribus

2105 1006 2746 1072 vulneribus,videlicet
2776 1008 2833 1062 in
2868 1008 3209 1074 humero,et
3237 1013 3471 1079 gutture
3501 1013 3556 1064 et
3586 1026 3745 1076 sura,

2106 1098 2191 1149 est
2225 1094 2586 1149 debilitatus.
2621 1095 2898 1167 Denique,
2932 1096 3218 1167 completo
3248 1097 3586 1153 venerandae
3618 1115 3748 1170 pas-

2093 1182 2289 1237 .sionis
2313 1200 2485 1237 cursu
2513 1184 2841 1255 magniﬁco,
2862 1201 3133 1240 coronam
3157 1184 3351 1257 gloriae
3373 1190 3462 1242 est
3478 1203 3749 1242 consecu-

2105 1274 2200 1325 tus
2231 1288 2265 1325 a
2295 1271 2538 1326 Domino
2571 1272 2697 1326 etin
2728 1276 3004 1327 :eternum
3034 1278 3237 1344 regnat
3265 1290 3399 1329 cum
3430 1273 3744 1346 illo.Cujus

2104 1358 2428 1414 venerabile
2460 1376 2670 1431 corpus
2697 1360 2980 1416 hactenus
3001 1360 3404 1433 incorruptum
3426 1364 3495 1417 ad
3516 1362 3745 1435 insigne

2106 1452 2302 1503 manet
2334 1447 2681 1503 miraculum
2708 1467 2719 1515 ;
2757 1449 2996 1521 spiritus
3030 1454 3223 1505 autem
3256 1453 3602 1522 conjunctus
3632 1452 3743 1507 Do-

2105 1536 2263 1591 mino
2296 1536 2352 1590 in
2382 1536 2713 1591 ccelcstibus
2740 1537 2933 1609 regnis
2966 1538 3215 1593 exsultat
3244 1556 3377 1594 cum
3406 1539 3524 1595 illo.
3558 1542 3747 1607 Quan-

2104 1642 2277 1696 quam
2312 1625 2465 1679 enim
2519 1625 2734 1698 ubique
2783 1626 3052 1681 Christus
3094 1644 3231 1682 suos
3260 1626 3320 1682 in
3352 1629 3638 1683 mundum
3669 1629 3741 1684 ad

2104 1714 2536 1785 praedicandum
2573 1713 2831 1768 misisset
2857 1714 3170 1785 apostolos,
3206 1715 3523 1787 multisque
3552 1717 3743 1771 adhuc

2102 1802 2444 1873 gentilitatis
2472 1801 2767 1858 erroribus
2794 1802 3031 1874 plurimi
3062 1804 3307 1859 fuissent
3338 1806 3623 1877 occupati,
3657 1809 3744 1861 ta-

337 1891 587 1948 transiit
619 1907 853 1962 quoque
883 1895 1112 1944 noctem
1144 1890 1402 1944 oratione
1425 1894 1480 1944 et
1502 1890 1862 1961 psalmorum
1898 1907 1989 1944 ca-
2028 1928 2071 1991 Β
2107 1909 2232 1945 men
2260 1890 2356 1945 Dei
2382 1891 2776 1946 misericordia
2797 1908 2861 1946 ac
2885 1892 3286 1964 Redemptoris
3308 1893 3489 1949 nostri
3522 1895 3743 1951 favente

338 1981 596 2035 noribus
630 1978 883 2051 plenam.
919 1979 1018 2033 Die
1049 1982 1240 2033 autem
1274 1983 1418 2042 orto,
1452 1980 1617 2033 adest
1648 1980 1873 2033 daemon
1905 1978 1991 2032 di-

340 2087 490 2125 cens
523 2087 535 2124 :
572 2072 788 2123 Memor
817 2072 963 2133 esto,
1000 2071 1193 2122 sancte
1241 2066 1527 2138 episcopo,
1552 2067 1875 2137 juramenti
1908 2067 1991 2121 tui

341 2158 505 2231 quod
538 2156 749 2212 dedisti
781 2160 916 2211 ante
946 2157 1151 2221 Deum,
1177 2160 1231 2210 ct
1260 2156 1335 2210 da
1366 2154 1510 2210 mihi
1540 2156 1794 2210 animam
1823 2157 1992 2226 cujus

341 2263 564 2319 corpus
596 2244 1227 2311 occidam,etanimam
1250 2243 1438 2315 ipsam
1471 2261 1697 2297 mecum
1723 2243 1988 2298 habeam.

340 2334 793 2406 Responditque
819 2333 876 2387 S.
901 2332 1208 2387 Narcissus
1229 2332 1427 2387 dicens
1452 2349 1464 2387 :
1494 2333 1562 2386 Et
1594 2338 1655 2386 tu
1680 2333 1818 2401 jura
1850 2331 1992 2385 mihi

340 2423 403 2478 in
440 2422 684 2477 nomine
737 2421 967 2476 Domini
1015 2421 1127 2475 mei
1159 2426 1225 2475 ut
1254 2421 1448 2475 statim
1481 2420 1790 2475 interticics
1819 2437 1991 2491 quem

342 2511 451 2566 tibi
499 2510 736 2576 dedero,
770 2515 828 2565 et
876 2510 968 2564 dic
1000 2509 1165 2574 mihi,
1202 2510 1248 2563 si
1287 2526 1397 2563 non
1430 2508 1765 2572 intertieias,
1791 2509 1995 2579 jubeat

342 2601 453 2655 tibi
492 2605 642 2654 Deus
676 2603 740 2653 ut
790 2599 967 2653 vadas
1016 2598 1072 2652 in
1122 2598 1416 2669 abyssum.
1452 2597 1605 2652 Dixit
1636 2597 1682 2651 ei
1717 2598 1940 2651 daemon
1978 2614 1990 2651 :

340 2689 453 2744 Per
484 2688 681 2760 ipsum
704 2690 842 2758 jure
876 2687 971 2758 qui
1003 2703 1108 2741 nos
1140 2704 1272 2741 cum
1301 2686 1560 2758 principe
1605 2690 1802 2740 nostro
1835 2685 1990 2751 vicit,

341 2777 390 2832 si
416 2776 731 2847 nonjubcs
756 2776 837 2830 ire
860 2775 917 2829 in
940 2774 1237 2845 abyssum,
1255 2775 1407 2845 quod
1433 2773 1629 2829 statim
1654 2772 1993 2829 interticiam

341 2883 480 2922 eum
508 2882 683 2937 quem
709 2863 853 2918 mihi
876 2864 1104 2918 dederis
1128 2863 1185 2916 in
1210 2867 1573 2933 potestatem.
1604 2863 1751 2916 Dixit
1779 2862 1829 2917 ei
1849 2862 1995 2916 Nar-

339 2953 540 3011 cissus
574 2970 587 3008 :
623 2953 779 3007 Vade
801 2954 970 3022 juxta
997 2951 1212 3005 fontem
1243 2950 1475 3022 Alpium
1508 2949 1818 3017 Juliarum,
1841 2951 1994 3005 unde

340 3059 523 3097 nemo
556 3046 749 3113 potest
780 3058 991 3111 aquam
1025 3039 1239 3103 bibere,
1275 3056 1387 3093 non
1421 3038 1612 3106 homo,
1649 3056 1761 3093 non
1796 3056 1992 3109 pecus,

342 3148 461 3185 non
512 3130 634 3183 fera
664 3127 881 3200 aliqua,
917 3128 1055 3198 quia
1084 3128 1255 3181 draco
1288 3125 1365 3180 ibi
1398 3125 1639 3192 habitat,
1671 3130 1725 3179 et
1756 3126 1823 3179 de
1857 3126 1994 3180 flatu

341 3221 723 3289 ejus,omnes
756 3217 855 3288 qui
886 3217 956 3271 ad
991 3217 1207 3271 fontem
1240 3215 1608 3283 accesserint,
1643 3215 1991 3268 moriuntur.

2104 1980 2427 2044 clementia,
2445 1979 2650 2034 beatus
2677 1980 2986 2035 Narcissus
3017 1981 3217 2036 doctor
3246 1982 3415 2037 nobis
3446 1982 3744 2053 apostolus

2100 2074 2187 2123 est
2218 2068 2493 2122 directus.
2530 2068 2754 2139 Itaque,
2790 2068 3180 2135 dilectissimi,
3208 2070 3530 2126 imitatores
3584 2070 3742 2127 illius

2100 2160 2285 2211 estote
2329 2156 2650 2210 secundum
2700 2156 2995 2227 egregiam
3052 2156 3518 2228 praedicationem
3556 2158 3738 2226 Pauli,

2100 2245 2253 2299 sicut
2294 2249 2349 2299 et
2398 2244 2490 2297 ille
2539 2244 2757 2298 exstitit
2809 2244 3043 2300 Christi.
3079 2246 3136 2301 Si
3172 2246 3303 2318 quis
3336 2252 3526 2302 autem
3562 2246 3741 2319 parti-

2101 2332 2572 2403 culamjustitize,
2599 2333 2712 2387 Deo
2735 2333 3107 2403 concedente,
3132 2334 3191 2387 in
3218 2335 3385 2389 corde
3407 2351 3513 2390 suo
3544 2350 3740 2390 sense-

2102 2421 2193 2485 rit,
2227 2421 2298 2476 ad
2332 2420 2801 2491 praedicationem
2846 2419 3061 2493 egregii
3111 2421 3380 2494 martyris
3422 2422 3739 2495 confugiat,

2103 2527 2173 2563 ne
2204 2510 2352 2580 quod
2386 2510 2439 2562 iu
2471 2526 2531 2564 se
2577 2514 2798 2564 rectum
2831 2509 3059 2565 videtur
3086 2514 3259 2577 stare,
3295 2510 3586 2566 ullatenus
3616 2527 3741 2566 cor-

2104 2602 2251 2652 ruat.
2276 2598 2330 2650 Si
2359 2598 2489 2668 quis
2520 2614 2672 2662 vero,
2699 2598 2852 2668 quod
2886 2597 3057 2664 absit,
3081 2598 3425 2654 enormitate
3456 2598 3739 2655 scelerum

2102 2702 2339 2758 pressus
2354 2687 2423 2740 ad
2453 2687 2670 2740 foveam
2696 2685 2878 2740 tendit
2901 2686 3739 2757 desperationis,pmnitentiam

2100 2775 2245 2829 Afrae
2279 2774 2682 2845 sociarumque
2716 2774 2874 2829 illius
2908 2774 3191 2830 imitando
3224 2775 3528 2830 intueatur
3557 2792 3741 2831 mere-

2103 2862 2284 2927 tricis,
2317 2880 2441 2933 qum
2474 2879 2575 2932 per
2605 2862 2942 2916 Narcissum
2978 2864 3286 2928 edoctaz,et
3316 2880 3418 2935 per
3445 2863 3741 2920 Christum

2103 2950 2351 3016 salvatae,
2380 2951 2651 3013 fructum,
2678 2950 2906 3005 Christo
2929 2951 3506 3023 donante,percipere
3522 2968 3744 3008 merue-

2103 3043 2239 3092 runt
2263 3036 2524 3107 justitire.
2563 3038 2708 3107 Ipse,
2745 3039 2842 3109 qui
2877 3054 3035 3093 more
3064 3038 3254 3093 Elisazi
3287 3038 3739 3096 amaritudinem

2101 3143 2263 3197 aquae
2286 3125 2504 3180 orando
2534 3126 2705 3179 vertit
2731 3125 2788 3179 in
2820 3124 3209 3193 dulcedinem,
3236 3128 3447 3198 poterit
3477 3132 3739 3199 peccato-

2104 3232 2231 3269 rum
2257 3218 2585 3268 nostrorum
2619 3214 2834 3272 orando
2862 3214 3073 3284 pellere
3104 3214 3653 3280 amaritudinem,et
3668 3217 3753 3273 de,

342 3312 516 3361 Hunc
545 3305 879 3370 draconem,
904 3305 1069 3367 vade,
1102 3304 1377 3368 interfice,
1413 3308 1469 3356 et
1498 3302 1754 3357 animam
1786 3302 1913 3372 ejus
1938 3303 1995 3356 in
2026 3289 2067 3354 C
2106 3302 2314 3356 Christi
2364 3300 2549 3373 gratia
2602 3301 2830 3371 pietatis
2882 3319 3084 3373 parare
3129 3303 3555 3358 remissionem.
3586 3303 3742 3359 Inter

340 3400 512 3451 tuam
541 3394 737 3464 redige
760 3393 1300 3464 potestatem.’1‘unc
1325 3391 1897 3445 exclamavitdzemon
1913 3390 1999 3444 di-

346 3500 491 3538 cens
529 3499 543 3536 :
576 3482 619 3535 0
650 3482 993 3552 episcopum
1029 3479 1404 3543 mentiosum,
1441 3480 1678 3550 insuper
1708 3480 1881 3534 etiam
1911 3496 2001 3533 me

348 3569 639 3642 obligavit
685 3569 1021 3639 juramcnto
1066 3574 1130 3622 ut
1158 3567 1412 3622 amicum
1467 3584 1662 3621 meum
1718 3568 1998 3636 occidam,

344 3676 532 3731 quem
569 3656 617 3713 si
651 3674 764 3712 non
796 3657 1074 3721 occiders,
1110 3655 1424 3727 compellar
1469 3655 1553 3709 ire
1600 3656 1657 3710 in
1704 3656 1999 3727 abyssum.

345 3749 504 3804 Tum
543 3746 770 3801 daemon
802 3745 1086 3801 abscessit
1114 3750 1169 3799 et
1196 3743 1404 3799 occidit
1431 3744 1761 3812 draconem,
1786 3749 1841 3799 et
1863 3744 2001 3798 lihe-

344 3841 517 3892 ratus
558 3839 645 3889 est
676 3835 804 3889 fons
833 3834 904 3889 ad
940 3850 1113 3889 usum
1145 3832 1450 3887 hominum
1482 3849 1668 3902 usque
1692 3833 1751 3887 in
1782 3831 2006 3888 hodier-

344 3943 496 3981 num
532 3922 718 3978 diem.

419 4019 534 4069 Per
567 4011 694 4067 dies
724 4014 920 4066 autem
950 4009 1233 4082 plurimos
1271 4010 1467 4064 docuit
1495 4026 1592 4065 eas
1614 4010 1858 4065 verbum
1890 4010 2005 4064 Do-

344 4101 521 4166 mini,
566 4104 623 4155 et
653 4100 943 4171 baptizata
972 4102 1061 4153 est
1089 4097 1308 4153 Hilaria
1338 4101 1394 4153 et
1422 4097 1543 4152 ﬁlia
1574 4115 1681 4153 sua
1706 4098 1842 4152 Afra
1873 4114 2005 4151 cum

344 4189 574 4263 puellis
597 4188 742 4256 suis,
768 4192 979 4243 etcum
1001 4187 1276 4242 omnibus
1298 4185 1489 4240 charis
1510 4185 1653 4250 suis,
1678 4190 1733 4240 et
1754 4186 1885 4240 fecit
1907 4186 2006 4240 do-

348 4296 522 4334 mum
558 4275 793 4332 Hilaria:
822 4274 1146 4340 ecclesiam,
1171 4278 1227 4329 et
1248 4273 1535 4329 ordinavit
1554 4274 1636 4329 eis
1669 4274 2007 4345 episcopum

351 4367 666 4423 Zozimum
689 4363 1040 4419 avunculum
1065 4364 1231 4418 Afrae.
1258 4364 1383 4434 Ipse
1402 4367 1595 4418 autem
1614 4363 2008 4428 S.Narcissus,

350 4455 635 4529 perfectis
660 4453 863 4508 ordine
888 4453 1080 4519 rebus,
1098 4456 1229 4523 post
1246 4467 1476 4506 menses
1501 4468 1705 4524 novem
1720 4451 1789 4506 ad
1805 4451 2010 4523 Hispa-

354 4544 519 4599 niam
555 4542 854 4614 profectus
884 4545 972 4596 est
1000 4541 1072 4596 ad
1103 4540 1396 4595 civitatem
1429 4540 1782 4605 Gerundam,
1808 4538 1866 4592 in
1895 4556 2013 4610 qua

2110 3392 2248 3456 haec,
2281 3388 2639 3444 dilectissimi
2676 3391 2899 3455 fratres,
2932 3389 2989 3444 in
3041 3390 3379 3462 hujusmodi
3427 3390 3744 3447 venerabili

2109 3479 2270 3535 cultu
2305 3479 2614 3541 funestam,
2647 3478 2988 3551 sacrilegam
3039 3483 3210 3550 atque
3260 3496 3587 3550 perversam
3638 3481 3749 3537 He-

2110 3570 2396 3624 braeorum
2446 3567 2717 3637 corripite
2767 3566 3015 3637 plebem,
3045 3570 3109 3621 ut
3140 3567 3217 3622 ita
3246 3567 3434 3623 discat
3466 3568 3752 3624 solemnia

2112 3655 2383 3727 martyris
2424 3655 2682 3709 venerari
2736 3672 2907 3726 quem
2958 3672 3260 3727 nunquam
3308 3655 3508 3713 volens
3549 3657 3755 3713 didicit

2114 3761 2309 3799 amare
2337 3742 2422 3797 vel
2455 3744 2707 3798 credere.
2742 3744 2873 3809 Sed,
2908 3760 2939 3797 ο
2972 3744 3077 3799 ﬂos
3108 3745 3383 3816 paradisi,
3417 3744 3755 3802 beatissime

2112 3830 2845 3903 Narcisse,qualescunque
2868 3836 3097 3888 nostras
3118 3836 3175 3887 et
3194 3833 3443 3888 nimium
3466 3833 3643 3890 exiles
3656 3851 3755 3890 no-

2114 3924 2367 3976 strorum
2402 3919 2630 3990 suscipe
2660 3919 2956 3985 laudes,et
2977 3920 3074 3990 qui
3099 3919 3158 3974 in
3185 3924 3499 3993 conspectu
3522 3921 3755 3977 Domini

2116 4007 2184 4062 de
2204 4011 2303 4062 tua
2316 4024 2546 4077 semper
2562 4024 2762 4062 manes
2782 4006 3052 4062 felicitate
3074 4022 3333 4075 securus,
3355 4011 3479 4063 esto
3500 4007 3753 4065 clemen-

2115 4100 2202 4150 ter
2231 4096 2300 4150 de
2331 4100 2664 4149 nostrarum
2696 4095 2947 4165 pondere
2977 4094 3345 4150 miseriarum
3377 4094 3756 4163 sollicitus,et

2116 4184 2215 4254 qui
2250 4183 2305 4237 in
2340 4182 2609 4254 praesenti
2644 4183 2712 4237 de
2744 4188 2845 4237 tua
2876 4200 3083 4238 sumus
3113 4182 3442 4239 celebritate
3468 4182 3752 4253 laetantes,

2116 4276 2351 4326 tuorum
2374 4272 2434 4325 in
2459 4276 2737 4325 aeternum
2774 4287 3102 4326 mereamur
3129 4270 3471 4326 meritorum
3486 4272 3609 4327 fore
3630 4289 3758 4344 par-

2116 4360 2340 4433 ticipes,
2366 4359 2462 4414 illo
2487 4360 2852 4426 concedente,
2879 4359 2978 4430 qui
3003 4362 3057 4413 te
3080 4360 3150 4413 ad
3173 4358 3403 4414 laudem
3425 4362 3483 4415 et
3510 4358 3757 4432 gloriam

2119 4449 2375 4504 nominis
2394 4448 2479 4503 sui
2509 4447 2854 4502 mirabiliter
2867 4447 3589 4520 coronavit,perpetureque
3610 4446 3763 4504 salu-

2120 4537 2195 4592 tis
2214 4541 2269 4591 ct
2299 4536 2589 4592 commodi
2623 4535 2923 4607 praesentis
2955 4533 3347 4591 consultorem
3379 4534 3767 4592 misericordi-

353 4631 617 4688 multum
642 4628 925 4701 populum
944 4645 1046 4701 per
1067 4633 1183 4684 tres
1205 4644 1391 4684 annos
1415 4628 1658 4682 Domino
1682 4627 2008 4699 acquisivit,
2044 4651 2086 4715 Ι)
2123 4631 2210 4681 ter
2238 4625 2585 4680 condonavit.
2614 4625 2783 4679 Jcsus
2832 4624 3100 4678 Christus
3146 4628 3204 4679 et
3233 4623 3513 4678 Dominus
3545 4628 3761 4690 noster,

353 4727 411 4777 et
445 4722 533 4776 ita
566 4720 808 4774 demum
852 4719 923 4773 ad
982 4718 1241 4789 martyrii
1298 4717 1553 4789 palmam
1613 4734 1747 4771 cum
1806 4722 2007 4772 sancto

351 4809 606 4865 diacono
666 4822 773 4860 suo
834 4804 1017 4860 Felice
1072 4805 1323 4871 attinxit,
1356 4807 1523 4875 cujus
1565 4804 1855 4877 passionis
1886 4805 2006 4877 glo-

353 4898 505 4953 riam
542 4896 602 4950 in
653 4894 1039 4964 sequentibus
1086 4894 1368 4948 dicemus.
1406 4894 1614 4948 Beatus
1645 4893 1823 4965 igitur
1856 4912 2007 4949 mar-

353 4991 448 5059 tyr
478 4984 716 5040 Domini
750 4982 1056 5037 Narcissus
1078 4982 1258 5036 divini
1286 4983 1439 5038 verbi
1473 4983 1817 5053 praedicator
1846 5000 2010 5054 egre-

354 5075 512 5147 gius,
549 5076 609 5128 et
658 5070 967 5126 sacerdotii
1028 5070 1307 5142 dignitate
1360 5070 1737 5141 resplenduit,
1772 5074 1827 5124 et
1878 5087 2010 5125 cum

355 5160 667 5233 triumpho
701 5157 964 5230 martyrii
996 5158 1189 5212 aulam
1231 5158 1479 5212 cmlestis
1525 5157 1683 5229 regni
1719 5157 1897 5212 victor
1927 5158 2013 5212 in-

351 5252 555 5315 travit,
590 5247 857 5321 primum
916 5244 1152 5317 quidem
1211 5246 1614 5311 orientalibus,
1656 5251 1859 5317 postea
1918 5263 2012 5301 oc-

2119 4714 2211 4768 cui
2245 4717 2331 4768 est
2363 4731 2495 4768 cum
2531 4712 2693 4766 Patre
2715 4717 2770 4767 et
2790 4712 3006 4783 Spiritu
3027 4714 3225 4767 sancto
3247 4712 3439 4766 omnis
3460 4711 3609 4780 laus,
3638 4727 3766 4783 gra-

2118 4802 2329 4857 tiarum
2354 4800 2521 4867 actio,
2544 4804 2818 4872 potestas,
2838 4800 3041 4867 virtus,
3058 4799 3447 4854 etbenedictio
3471 4799 3527 4853 in
3552 4799 3766 4856 smcula

2120 4889 2485 4946 smculorum.
2524 4891 2727 4943 Amen.
2754 4888 2966 4943 Passus
2998 4887 3108 4941 fuit
3137 4888 3344 4942 beatus
3375 4886 3681 4943 Narcissus
3702 4887 3761 4942 in

2122 4978 2365 5033 ecclesia
2395 4979 2452 5032 S.
2485 4975 2687 5031 Felicis
2719 4976 3133 5043 Gerundensis,
3158 4992 3283 5046 quae
3314 4980 3452 5031 tunc
3482 4975 3763 5047 temporis

2123 5071 2180 5124 S.
2218 5066 2409 5122 Maria:
2442 5070 2603 5119 extra
2635 5081 2833 5119 muros
2866 5064 3197 5128 vocabatur,
3220 5080 3353 5119 cum
3383 5063 3625 5119 diacono
3657 5064 3764 5120 s’uo

2127 5156 2311 5212 Felice
2343 5172 2495 5208 anno
2528 5152 2753 5206 Domini
2785 5155 2889 5206 207
2922 5152 2980 5206 in
3013 5152 3136 5207 loco
3169 5151 3230 5205 in
3260 5169 3375 5223 quo
3410 5169 3563 5207 nunc
3587 5153 3764 5222 jacet,

2127 5262 2239 5316 quo
2271 5247 2394 5298 erat
2417 5240 2661 5298 ecclesia
2692 5240 3042 5297 cathedralis
3074 5244 3334 5312 tempore
3362 5240 3708 5297 infidelium.
