4938 6472
187 464 310 528 601

1700 469 2131 531 EPISTOLE.

3492 474 3609 536 603

146 580 153 589 ’
189 597 533 659 retulerunt
564 600 910 659 mandatum
936 605 993 657 et
1010 597 1431 657 sollicitudines
1451 598 1632 657 animi
1652 599 1847 658 vestri.
1879 601 1935 669 Α
1964 619 2068 675 per
2094 601 2202 658 hoc
2235 601 2590 671 contineant,
2617 601 2739 660 haec
2769 603 2840 661 ab
2870 602 2989 662 illis
3018 603 3090 661 ad
3120 606 3385 680 posteros
3428 606 3611 665 missa

266 693 328 747 2.
360 691 553 765 Igitur
582 692 654 748 de
682 691 813 758 hoc,
846 690 1000 746 unde
1032 688 1250 763 placuit
1280 694 1482 745 vestrae
1526 689 1859 746 celsitudini

194 784 476 838 nostram
507 780 804 853 inquirere
833 778 1199 852 parvitatem,
1233 778 1520 851 quidquid
1552 778 1761 835 melius
1792 795 1860 835 ex

190 868 339 944 lege
363 873 423 926 et
451 868 772 943 prophetis,
804 867 893 925 vel
924 868 994 924 de
1023 867 1243 923 ceteris
1288 867 1502 923 divinis
1544 866 1861 940 Scripturis

189 957 486 1031 colligere
515 957 839 1031 potuimus,
869 957 1077 1013 vestris
1107 955 1407 1012 obtutibus
1439 955 1688 1028 dirigere
1735 959 1863 1011 stu-

188 1047 475 1103 duimus.
510 1046 723 1113 Quanti
753 1061 890 1118 ergo
921 1046 999 1100 sit
1027 1044 1290 1100 criminis
1321 1043 1611 1117 conjugali
1635 1043 1862 1099 vinculo

188 1135 512 1209 proximos
541 1135 894 1207 conjungere
924 1132 1226 1207 sanguinis
1271 1132 1364 1188 lex
1408 1133 1632 1189 Veteris
1663 1134 1862 1188 Testa-

191 1225 401 1281 menti
432 1224 1091 1297 pronuntiat,prophetw
1123 1222 1647 1293 clamant,apostoli
1669 1226 1863 1277 osten-

193 1314 700 1385 dunt,sanctique
728 1316 861 1384 post
889 1311 1020 1368 illos
1050 1312 1248 1366 Patres
1278 1311 1402 1366 suis
1450 1310 1863 1365 dictaminibus

188 1401 494 1459 innuunt.
512 1403 581 1458 Et
609 1402 765 1474 quod
793 1401 967 1456 veteri
1000 1400 1124 1472 lege
1145 1401 1459 1456 damnatur
1486 1416 1519 1454 a
1547 1399 1863 1471 prophetis,

188 1492 265 1546 id
298 1490 504 1563 ipsum
536 1489 903 1546 interdicitur
930 1490 1003 1545 ab
1034 1488 1336 1561 apostolis;
1364 1488 1797 1552 contradicitur,
1812 1492 1868 1543 et

188 1598 237 1636 a.
264 1579 503 1635 caeteris
532 1579 909 1651 postmodum
939 1577 1141 1632 divinae
1173 1576 1425 1633 scientia:
1470 1575 1867 1650 cognitoribus

188 1666 1001 1724 anathematizatur.Clamat
1030 1665 1279 1737 denique
1304 1665 1582 1720 Dominus
1614 1665 1737 1736 ipse
1768 1682 1869 1737 per

190 1758 478 1830 Moysem
507 1755 568 1812 in
589 1755 739 1811 libro
766 1754 1016 1812 Levitico
1044 1773 1057 1811 :
1083 1755 1268 1810 Omnis
1297 1753 1452 1810 homo
1473 1753 1541 1809 ad
1556 1756 1870 1825 proximam

112 1912 117 1915 _
185 1848 302 1902 sui
350 1846 643 1917 sanguinis
688 1860 799 1900 non
844 1842 1080 1910 accedat,
1128 1847 1192 1898 ut
1236 1843 1430 1899 reveth
1476 1843 1870 1913 turpitudinem

187 1935 353 2007 ejus.
389 1932 691 1990 Subinfert
720 1948 953 2004 quoque
999 1934 1131 2003 post
1175 1947 1362 2003 pauca
1401 1934 1458 1986 et
1502 1930 1642 1986 dicit
1689 1947 1701 1985 :
1737 1932 1872 1987 Cum

188 2038 389 2078 uxore
406 2022 657 2094 proximi
686 2022 773 2076 tui
799 2035 905 2076 uon
930 2021 1222 2083 coibis,nec
1243 2020 1469 2074 seminis
1497 2020 1871 2075 commistione

187 2111 599 2167 macutaberis.
626 2110 770 2165 Item
799 2108 860 2165 in
891 2109 1129 2165 eodem:
1155 2107 1343 2164 Omnis
1373 2109 1562 2162 anima
1582 2123 1705 2180 qua:
1722 2110 1869 2179 fece-

190 2202 287 2255 rit
344 2198 420 2254 de
447 2197 956 2254 abominationibus
1006 2196 1308 2268 quidpiam,
1337 2196 1540 2267 peribit
1585 2196 1651 2251 de
1696 2197 1869 2252 medio

184 2288 413 2363 populi
437 2285 699 2342 sui.Item
731 2289 865 2356 post
893 2284 1199 2357 paululum
1237 2283 1298 2340 in
1319 2285 1875 2353 eodeszuicoierit

192 2394 342 2434 cum
372 2391 546 2431 uxore
570 2375 871 2446 patrui,vet
898 2374 1162 2430 ammenti
1187 2374 1353 2441 sui,et
1394 2373 1710 2429 reretaverit
1753 2378 1897 2428 tur-‘

176 2465 530 2540 'yitudincm
559 2463 695 2535 ejus,
722 2463 1020 2534 portabunt
1046 2462 1203 2518 ambo
1233 2463 1578 2533 iniquitatem
1614 2478 1790 2527 suam,
1823 2470 1872 2517 et

200 2555 424 2625 absque
501 2552 689 2607 liberis
744 2550 1221 2606 morientur.ltem
1279 2549 1540 2606 Ezechiel
1592 2550 1874 2622 propheta

204 2642 365 2698 dicit
396 2642 470 2696 de
498 2640 607 2695 hoc
638 2639 789 2695 inter
819 2643 1026 2694 caetera
1058 2655 1073 2693 ε
1111 2639 1171 2694 Si
1197 2641 1446 2710 genuerit
1493 2638 1648 2693 homo
1694 2639 1875 2709 ﬁlium

203 2731 554 2800 sanguinem
582 2728 968 2801 effundentem,
1001 2736 1053 2782 et
1080 2744 1308 2783 umorem
1328 2729 1577 2800 proximi
1621 2728 1712 2781 sui
1753 2728 1877 2799 pot-

209 2822 486 2885 luentem,
518 2815 775 2888 nunquid
805 2818 979 2871 vivet?
1008 2816 1131 2873 Non
1179 2815 1347 2871 vivet.
1380 2816 1442 2869 In
1491 2819 1724 2886 peccato
1769 2831 1874 2870 suo

210 2908 376 2981 quod
411 2910 689 2978 operatus
737 2908 829 2959 est
871 2905 931 2959 in
981 2903 1108 2975 ipso
1158 2904 1457 2959 morietur.
1491 2902 1633 2957 Hinc
1662 2903 1874 2958 iterum

210 2997 365 3053 Osee
394 2993 682 3067 propheta
710 2990 971 3063 loquitur
1001 2992 1150 3046 inter
1178 2990 1325 3047 alia:
1351 2992 1874 3056 Matedictum,men-

212 3086 466 3150 dacium,
499 3082 880 3146 homicidium,
912 3090 963 3137 et
991 3085 1207 3152 furtum
1256 3086 1309 3136 et
1349 3081 1680 3137 adulterium
1712 3083 1875 3136 inun-

209 3176 512 3238 daverant,
544 3177 596 3227 et
622 3172 846 3242 sanguis
893 3171 1224 3239 sanguinem
1274 3171 1475 3237 tetigit.
1507 3172 1733 3240 Propter
1781 3171 1878 3224 hoc

210 3261 602 3335 inﬁrmabitur
627 3267 775 3314 terra
805 3266 854 3314 et
882 3260 1059 3313 omnis
1089 3260 1187 3329 qui
1214 3259 1423 3313 habitat
1443 3257 1502 3312 in
1526 3274 1589 3313 ea
1622 3260 1679 3313 in
1712 3260 1878 3313 bestia

1966 690 2391 748 demonstrant.
2425 692 2505 749 De
2536 692 2792 761 incestis,
2826 709 2896 749 ex
2926 693 3166 750 concilio
3192 692 3491 764 IIerdensi,
3522 713 3612 753 ca-

1967 779 2150 851 pitulo
2177 780 2320 836 4:Hi
2352 781 2452 853 qui
2483 798 2545 836 se
2575 781 2779 836 incesti
2809 780 3129 854 pollutione
3160 782 3609 852 commaculant,

1969 868 2186 943 quique
2218 869 2276 924 in
2306 869 2416 925 hoc
2446 870 2789 927 detestando
2820 871 3199 927 contubernio
3222 876 3612 944 perseverant,

1969 973 2104 1013 cum
2133 957 2295 1013 nullo
2325 958 2786 1016 Christianorum
2832 960 3029 1016 cibum
3078 965 3338 1017 sumant.
3372 962 3511 1017 Item
3545 963 3615 1017 de

1969 1045 2083 1113 his,
2118 1046 2217 1119 qui
2248 1047 2529 1125 prqximis
2559 1064 2621 1104 se
2651 1049 3108 1121 conjungunt,ex
3130 1046 3373 1106 concilio
3396 1049 3617 1106 Toleta-

1972 1134 2326 1206 no,capitulo
2347 1135 2637 1193 5:Nullus
2667 1137 2925 1193 fidelium
2956 1138 3346 1211 propinquam
3380 1139 3615 1211 sangui-

1972 1224 2064 1279 nis
2094 1224 2183 1279 sui
2216 1224 2275 1278 in
2301 1225 2670 1282 matrimonio
2694 1225 2806 1281 sibi
2837 1226 3105 1298 copulet;
3140 1228 3295 1298 quod
3326 1226 3377 1283 si
3398 1227 3614 1294 fecerit,

1973 1314 2133 1366 tanto
2166 1316 2421 1385 tempore
2452 1331 2485 1369 a
2515 1313 2724 1369 Christi
2747 1331 2984 1386 corpore
3013 1319 3069 1370 et
3099 1315 3349 1371 fraterno
3380 1332 3616 1372 consor-

1972 1400 2050 1455 tio
2082 1401 2617 1458 excommunicatus
2638 1403 2847 1459 existat
2868 1407 3084 1475 quanto
3102 1404 3274 1459 fuerit
3289 1403 3402 1461 ista
3427 1408 3619 1461 conta-

1972 1488 2141 1561 gione
2171 1489 2602 1561 pollutus.1tem
2635 1508 2702 1546 ex
2733 1492 2996 1547 concidio
3026 1492 3340 1564 Agathensi
3362 1493 3616 1565 capitulo

1976 1578 2044 1632 12
2075 1595 2087 1633 :
2122 1582 2195 1632 De
2224 1578 2460 1635 incestis
2498 1584 2556 1635 et
2580 1580 2985 1651 junctionibus
3016 1580 3158 1635 nihil
3184 1597 3422 1652 prorsus
3437 1581 3615 1637 veniae

1976 1668 2477 1735 reservamus,nisi
2510 1684 2644 1723 cum
2678 1667 3031 1724 adulterium
3057 1668 3418 1740 separatione
3448 1686 3619 1726 sana-

1973 1753 2179 1815 verint.
2214 1756 2471 1812 Incestos
2501 1772 2634 1812 vero
2667 1756 2941 1823 dicimus,
2974 1756 3076 1829 qui
3123 1755 3384 1813 relictam
3426 1758 3621 1815 fratris

1977 1859 2214 1899 uxorem
2245 1844 2572 1915 acceperint
2617 1848 2718 1901 aut
2764 1845 2961 1902 fratris
3013 1861 3373 1919 germanam,
3389 1850 3489 1903 aut
3517 1864 3619 1903 no-

1976 1937 2335 1998 vercam,aut
2365 1932 2905 1999 consobrinam,aut
2925 1933 2995 1989 de
3026 1932 3261 2006 propria
3279 1934 3623 2007 cognatione

1976 2034 2163 2089 usque
2183 2019 2242 2074 in
2264 2020 2576 2092 septimam
2600 2020 3165 2093 generationem,aut
3194 2037 3432 2078 uxorem
3448 2039 3625 2079 avun.

1978 2105 2093 2162 culi
2122 2106 2210 2163 vel
2243 2107 2423 2163 tiliam
2452 2107 2745 2176 avunculi,
2766 2108 2854 2164 vel
2886 2108 3068 2164 filiam
3100 2109 3288 2183 patrui
3321 2113 3422 2166 aut
3449 2111 3625 2184 privi-

1977 2210 2101 2267 gnae
2134 2196 2493 2267 sum,quibus
2524 2195 2798 2253 omnibus
2815 2196 3150 2268 conjunctio
3167 2195 3371 2254 illicita
3392 2189 3627 2255 interdi-

1978 2284 2296 2340 citur.Item
2326 2284 2637 2357 Gregorius
2668 2302 2819 2358 papa
2846 2284 3257 2342 sanctissimus
3285 2286 3344 2343 in
3380 2287 3625 2345 concilio

1980 2372 2239 2427 Romano
2272 2373 2352 2427 ait
2381 2373 2451 2428 de
2479 2372 2588 2427 hoc
2613 2372 2766 2428 inter
2794 2376 3000 2428 caetera
3032 2388 3045 2428 :
3079 2372 3138 2428 Si
3171 2372 3304 2446 quis
3331 2375 3625 2432 consobri-

1981 2476 2117 2514 nam
2168 2460 2395 2515 duxerit
2424 2460 2483 2514 in
2517 2460 2808 2533 conjugio,
2838 2464 2939 2515 aut
2986 2476 3223 2516 uxorem
3273 2462 3345 2517 de
3394 2463 3629 2536 propria

1982 2546 2437 2621 cognatione,vel
2467 2564 2646 2619 quam
2677 2551 2961 2619 cognatus
2991 2547 3198 2623 habuit
3229 2565 3417 2621 usque
3445 2549 3504 2606 in
3535 2566 3628 2607 se-

1982 2635 2225 2708 ptimam
2255 2636 2707 2708 generationem,
2743 2636 3055 2691 anathema
3085 2637 3185 2693 sit.
3216 2638 3286 2693 Et
3315 2639 3626 2710 responde-

1983 2729 2121 2780 runt
2149 2724 2315 2780 tertio
2347 2741 2549 2781 omnes
2572 2725 2670 2796 qui
2703 2728 2868 2780 erant
2897 2723 2955 2779 in
2987 2724 3231 2781 concilio
3268 2726 3629 2783 :Anathema

1984 2813 2077 2870 sit.

2055 2902 2105 2957 4.
2140 2901 2267 2956 Haec
2300 2900 2495 2973 itaque
2528 2906 2724 2969 sunt,o
2754 2903 2902 2958 bone
2932 2919 3030 2958 rex
3061 2906 3117 2958 et
3138 2902 3460 2961 clarissime
3482 2903 3633 2977 prin-

1984 3007 2140 3062 ceps,
2174 2989 2377 3045 incesti
2406 2990 2678 3045 connubii
2711 2991 2948 3046 damna.
2984 2992 3111 3046 Hac
3146 2992 3430 3049 divinitus
3459 2992 3634 3048 inter-

1985 3078 2151 3133 dictae
2183 3078 2403 3150 copulae
2432 3079 2797 3146 detrimenta,
2833 3096 3008 3152 super
3046 3096 3173 3151 quae
3217 3079 3406 3137 multo
3457 3080 3631 3137 latius

1985 3171 2291 3221 auctorum
2337 3183 2651 3222 numerosa
2705 3182 3151 3237 congereremus
3197 3168 3481 3240 exempla,
3514 3169 3626 3225 nisi

1986 3272 2090 3310 nos
2122 3260 2178 3310 et
2206 3255 2456 3310 brevitas
2486 3248 2787 3327 temporis,
2832 3260 2889 3310 et
2938 3255 3278 3310 nuntiorum
3322 3260 3630 3327 properata

207 3327 361 3424 agri,
393 3357 445 3406 et
464 3349 681 3404 volucre
725 3348 867 3417 coeti,
909 3354 962 3402 et
1007 3348 1068 3401 in
1101 3327 1352 3417 piscibus
1397 3347 1589 3401 maris.
1622 3347 1874 3418 Sanguis
1903 3327 1949 3395 (ἶ
1986 3343 2295 3416 regressio,
2329 3347 2383 3399 et
2412 3342 2715 3416 prolixitas
2745 3342 2955 3399 charta:
3008 3346 3280 3416 cogerent
3309 3345 3381 3399 ab
3409 3344 3636 3417 incepto

211 3438 439 3497 etenim
461 3435 813 3509 sanguinem
831 3434 1189 3507 tangit,dum
1212 3433 1625 3490 irrationabilis
1656 3433 1874 3506 copula:

209 3528 470 3603 profana
518 3523 850 3580 commistio
896 3522 1201 3596 sanguinis
1260 3522 1529 3577 affinitati
1573 3539 1632 3578 se
1654 3523 1872 3595 jungit.

209 3623 397 3689 atque
439 3614 501 3669 in
532 3612 937 3669 fornicationis
968 3612 1188 3667 nodum
1219 3610 1564 3667 connubiale
1590 3629 1873 3668 commer-

206 3708 381 3763 cium
424 3701 658 3759 transit.
710 3701 1027 3772 Hucusque
1075 3701 1145 3754 de
1191 3699 1503 3755 veteribus.
1536 3700 1874 3756 Christianae

208 3808 457 3869 quoque
478 3789 782 3863 religionis
813 3792 945 3861 post
965 3787 1262 3843 Christum
1284 3787 1587 3843 institutor
1606 3792 1661 3842 et
1678 3789 1878 3844 doctor

207 3879 523 3957 apostolus
542 3877 757 3934 Paulus
786 3876 1132 3949 hujusmodi
1152 3892 1338 3949 genus
1363 3876 1762 3932 fornicationis
1783 3879 1877 3933 de-

204 3977 468 4039 testans,
505 3968 566 4025 in
598 3967 855 4040 Epistola
888 3967 959 4021 ad
991 3965 1321 4021 Corinthios
1364 3964 1551 4036 prima
1600 3966 1680 4021 ait
1728 3966 1878 4022 inter

205 4064 429 4117 caetera
478 4074 492 4112 :
546 4055 772 4113 Nescitis
815 4056 948 4125 quia
993 4070 1219 4125 corpora
1260 4061 1434 4109 vestra
1479 4056 1722 4110 membra
1752 4063 1880 4110 sunt

206 4146 471 4207 Christi?
496 4146 706 4202 Totiens
734 4159 863 4214 ergo
890 4144 1136 4198 membra
1168 4141 1608 4211 Chmtifaeium
1633 4143 1878 4198 membra

202 4237 564 4295 meretricis?
606 4233 779 4290 AbSit.
811 4233 896 4288 An
944 4232 1165 4287 nescitis
1209 4232 1470 4303 quoniam
1506 4231 1604 4302 qui
1632 4231 1877 4297 adliceret

203 4325 517 4391 meretrici,
549 4339 725 4379 unum
752 4336 945 4392 corpus
973 4317 1257 4398 efﬁcitur?
1290 4320 1481 4384 Erunt,
1514 4317 1726 4390 inquit,
1770 4319 1877 4374 duo

207 4418 276 4473 in
302 4429 472 4470 carne
500 4428 633 4467 una.
669 4409 776 4479 Qui
801 4417 987 4465 autem
1013 4407 1257 4464 adhaeret
1286 4411 1535 4472 Domino,
1572 4423 1743 4482 unus,
1761 4409 1875 4480 spi-

205 4506 364 4561 ritus
395 4504 642 4557 est.ltem
674 4498 733 4554 in
768 4498 973 4553 eodem
1003 4495 1129 4552 loco
1164 4513 1177 4550 :
1210 4496 1396 4565 Fugite
1439 4496 1873 4565 fornicationem.

204 4593 392 4651 0mm
420 4596 699 4662 peccatum
727 4586 1084 4659 quodcunque
1130 4585 1325 4657 fecerit
1370 4584 1525 4639 homo
1565 4592 1722 4641 extra
1765 4599 1879 4639 cor-

1983 3431 2533 3487 desistere.0ramus
2556 3436 2749 3486 autem
2779 3448 2878 3486 vos
2903 3434 2959 3487 et
2989 3431 3364 3487 obsecramus
3392 3448 3494 3504 per
3522 3432 3631 3489 Do-

1982 3520 2209 3575 minum
2238 3520 2534 3586 Jesum,ut
2562 3519 2723 3575 omni
2771 3519 3211 3575 circumstantia
3255 3536 3359 3576 vos
3410 3522 3484 3576 ab
3532 3521 3624 3577 his

1980 3609 2348 3663 exsecrandis
2377 3608 2650 3679 operibus
2675 3606 3328 3679 custodiatis,nulloque
3359 3607 3634 3682 deinceps

1985 3697 2156 3751 modo
2173 3714 2478 3752 assensum
2502 3701 2622 3751 tam
2643 3696 2910 3753 nefandis
2928 3697 3134 3752 usibus
3160 3697 3639 3769 praebeatisﬂuO'

1986 3784 2141 3840 niam
2174 3785 2325 3840 sicut
2355 3786 2494 3840 dicit
2522 3786 2727 3841 beatus
2750 3784 2965 3841 Paulus
2996 3785 3297 3857 apostolus
3322 3802 3334 3841 :
3359 3788 3471 3856 Qui
3499 3788 3638 3843 tatia

1983 3881 2152 3944 agunt
2181 3874 2340 3942 digni
2366 3878 2496 3928 sunt
2540 3882 2729 3940 morte,
2761 3890 2871 3929 non
2916 3874 3095 3930 solum
3139 3875 3236 3946 qui
3276 3876 3514 3946 faciunt,
3543 3877 3636 3933 sed

1983 3970 2033 4017 et
2065 3964 2162 4034 qui
2187 3964 2527 4017 consentiunt
2548 3963 2877 4033 facientibus

2052 4052 2107 4106 5.
2140 4049 2248 4105 Sed
2281 4051 2523 4105 fortasse
2571 4050 2724 4105 dicet
2770 4048 2984 4121 aliquis
3017 4066 3030 4104 :
3062 4048 3122 4106 Si
3155 4066 3252 4105 rex
3298 4049 3635 4122 imperatori

1985 4139 2200 4195 sororis
2230 4136 2567 4211 conjugium
2598 4154 2714 4192 non
2746 4138 3064 4208 negaverit,
3096 4141 3235 4193 tunc
3268 4155 3636 4211 perseveran-

1984 4228 2064 4282 tia
2094 4227 2252 4299 pacis
2280 4231 2336 4281 et
2365 4242 2723 4297 paganorum
2753 4225 2985 4293 deletio,
3019 4230 3077 4281 et
3126 4226 3510 4283 Ecclesiarum
3559 4230 3632 4284 ad

1983 4315 2171 4388 legem
2204 4314 2299 4369 Dei
2331 4331 2432 4386 per
2460 4331 2661 4369 omnes
2692 4313 2927 4369 illorum
2951 4319 3134 4370 terras
3159 4315 3495 4372 restituetur
3514 4334 3637 4373 cor-

1986 4405 2183 4461 rectio.
2217 4403 2378 4466 Quod
2410 4401 2457 4457 si
2488 4418 2604 4457 non
2636 4402 3021 4475 fecerit,pacis
3052 4402 3447 4471 dissidium,et
3476 4403 3633 4462 leva-

1986 4493 2067 4567 tio
2099 4509 2481 4565 paganorum,
2512 4495 2568 4547 et
2598 4491 3013 4546 detrimentum
3042 4489 3101 4546 in
3132 4491 3233 4546 Dei
3254 4490 3482 4565 legibus
3504 4510 3630 4565 per-

1986 4581 2270 4643 severabit
2298 4579 2709 4635 Ecclesiarum.
2741 4579 2904 4635 Vana
2934 4597 3175 4652 prorsus
3207 4584 3296 4635 est
3326 4581 3437 4645 ista
3475 4582 3631 4654 cogi-

202 4698 318 4756 pus
350 4686 448 4743 est,
483 4678 591 4745 Qui
620 4683 803 4747 autem
831 4674 1230 4745 fornicatur,in
1258 4688 1450 4743 corpus
1475 4687 1637 4727 suum
1670 4676 1874 4742 peccat.
1906 4688 1955 4754 Β
1986 4671 2147 4749 tatio,
2182 4674 2237 4725 et
2266 4674 2330 4724 ut
2357 4668 2548 4724 verius
2580 4664 3000 4735 fatear,diaboli
3033 4668 3092 4723 in
3124 4669 3397 4725 cordibus
3421 4669 3630 4729 huma-

204 4769 368 4826 Hinc
386 4765 543 4820 idem
556 4762 871 4836 Apostolus
887 4763 946 4817 in
968 4759 1226 4833 Epistola
1236 4760 1307 4815 ad
1326 4757 1876 4837 Thessalonicenses

202 4860 377 4914 inter
405 4853 520 4911 alia
551 4870 565 4908 :
599 4855 727 4910 ΠιΈο
773 4859 852 4907 est
895 4852 1045 4906 enim
1093 4850 1343 4905 voluntas
1387 4849 1486 4903 Dei
1519 4850 1877 4919 sanctiﬁcatio

201 4949 419 5011 uestra,
468 4948 530 4997 ut
582 4942 906 4997 abstineatis
953 4955 1041 4995 vos
1096 4955 1128 4994 a
1181 4937 1565 5010 fornicatione,
1626 4944 1684 4991 ut
1739 4937 1879 4991 sciat

200 5031 594 5103 unusquisque
622 5047 783 5085 suum
813 5044 906 5084 vas
933 5026 1203 5100 possidere
1246 5026 1307 5082 in
1353 5025 1783 5094 sanctificatione
1829 5032 1881 5080 et

201 5127 441 5187 hanore,
491 5134 604 5174 non
653 5120 715 5173 in
755 5117 1010 5189 passione
1055 5114 1331 5181 desiderii,
1381 5120 1523 5168 sicut
1591 5116 1644 5167 et
1698 5120 1876 5183 gentes

199 5226 340 5288 quae
389 5211 649 5280 ignorant
691 5206 1003 5279 Dominum.
1044 5203 1114 5258 Et
1145 5205 1274 5274 post
1322 5217 1552 5273 pauca:
1585 5205 1703 5258 Non
1720 5202 1877 5258 enim

192 5299 423 5361 vocavit
451 5312 551 5352 nos
584 5299 730 5350 Deus
762 5295 822 5348 in
854 5289 1283 5356 immunditiam,
1316 5288 1408 5344 sed
1459 5290 1517 5343 in
1564 5289 1871 5358 sanctiﬁca-

190 5394 438 5452 tionem.
463 5385 653 5455 Itaque
682 5383 782 5453 qui
804 5382 923 5438 lucc
948 5381 1180 5451 spernit,
1202 5393 1311 5433 non
1341 5378 1613 5433 hominem
1640 5378 1868 5445 spernit,

183 5480 299 5542 sed
330 5472 765 5543 Dominum,qui
788 5478 957 5525 etiam
975 5468 1123 5524 dedit
1151 5466 1424 5538 Spiritum
1441 5468 1692 5521 sanctum
1708 5482 1871 5520 suum

184 5575 263 5630 in
289 5566 469 5623 vobis.

270 5659 329 5712 3.
362 5651 596 5709 Abhinc
629 5650 961 5718 sequuntur
1010 5642 1275 5714 exempla
1322 5659 1634 5708 canonum,
1687 5641 1786 5714 qui
1837 5660 1871 5698 a

185 5744 425 5809 sanctis
459 5737 741 5797 Patribus
772 5732 967 5789 divino
989 5730 1208 5805 Spiritu
1233 5729 1421 5803 plenis
1446 5728 1752 5802 editi,quid
1776 5747 1869 5787 su-

1987 4760 2078 4831 his
2109 4757 2418 4824 immissio,
2450 4762 2507 4812 et
2536 4757 2608 4812 ab
2637 4756 2796 4811 omni
2827 4756 3091 4811 funditus
3120 4757 3340 4814 ratione
3368 4758 3631 4814 veritatis

1963 4847 2297 4921 absistens.
2331 4847 2641 4917 Nunquam
2669 4845 2824 4900 enim
2870 4861 2938 4900 ex
2985 4844 3390 4917 hujuscemodi
3423 4846 3633 4919 copula

1985 4948 2097 5009 pax
2124 4933 2424 5007 processit,
2457 4937 2558 4988 aut
2587 4949 2654 4988 ex
2682 4937 2803 4988 tam
2844 4932 3059 4989 incesto
3107 4931 3397 4990 connubio
3443 4933 3630 4990 divini

1985 5023 2177 5091 cultus
2199 5021 2478 5079 securitas
2497 5021 3074 5093 emanavit.Denique
3093 5021 3372 5094 Spiritum
3391 5025 3633 5094 sanctus

1984 5111 2253 5171 deridens
2283 5113 2402 5165 tam
2452 5107 2767 5164 stultorum
2819 5091 3151 5163 hominum'
3180 5091 3626 5185 cogitatusfqui

1983 5197 2318 5269 existimant
2347 5197 2501 5269 quod
2534 5212 2601 5251 ex
2630 5194 2960 5252 istiusmodi
2995 5194 3199 5253 illicita
3227 5182 3630 5259 convenientia

1978 5266 2139 5361 pacis
2171 5266 2468 5359 proveniat
2496 5282 2937 5351 status,inducit
2962 5284 3105 5339 tales
3136 5284 3193 5339 in
3226 5284 3479 5356 quodam
3502 5282 3630 5339 loco

1980 5378 2235 5433 dicentes
2269 5391 2281 5428 :
2314 5375 2598 5428 Faciamus
2627 5373 2796 5437 mata,
2846 5379 2907 5428 ut
2952 5375 3178 5427 veniant
3226 5375 3383 5428 bona.
3441 5374 3525 5426 An
3571 5376 3629 5426 et

1978 5460 2074 5520 isti
2107 5480 2221 5517 non
2254 5467 2395 5517 sunt
2426 5461 2637 5516 horum
2659 5458 2881 5516 similes
2902 5464 2958 5516 et
2979 5460 3264 5517 haereticis
3285 5458 3624 5531 coaequales,

1979 5542 2076 5625 (qui
2095 5569 2160 5607 ex
2182 5550 2497 5621 sponsione
2520 5549 2698 5620 hujus
2715 5548 2933 5620 copulae
2950 5549 3313 5605 occasionem
3338 5547 3627 5603 subintro-

1977 5640 2127 5698 ducu
2140 5637 2599 5711 ntadipiseenda:
2616 5638 2774 5709 pacis
2790 5641 2965 5709 atque
2989 5638 3230 5708 justitia:
3244 5631 3622 5693 ?Audivimus

1976 5734 2170 5787 autem
2203 5731 2259 5784 et
2283 5726 2556 5786 credimus
2582 5730 2805 5801 propter
2856 5726 2995 5800 quod
3040 5733 3090 5780 et
3135 5724 3426 5797 loquimur.
3476 5718 3622 5782 Quo‘
