4938 6468
142 472 250 533 603

1005 470 1106 531 DE
1149 470 1539 532 ΕΟΟΕΕΞΙίΕ
1582 470 1930 532 VICENSIS
1971 471 2640 533 CONSECRATIONE.

3406 469 3528 533 606

204 598 455 673 Denique
482 596 555 665 is,
580 597 650 656 de
677 617 790 673 quo
814 618 992 673 supra
1012 601 1341 670 retulimus,
1368 602 1619 659 domnus
1640 602 1771 658 Gui-
1799 603 1854 668 Α
1884 618 2069 673 usque
2100 602 2158 657 in
2193 604 2433 659 fluvium
2467 604 2663 671 Teser,
2688 606 2746 658 et
2775 603 3035 675 pervenit
3062 619 3250 675 usque
3272 604 3342 659 ad
3368 601 3528 676 plan-

137 691 329 747 fredus
341 688 609 744 Ecclesiae
627 689 879 745 Narbon.
896 690 1271 763 archiprmsul
1284 690 1616 758 eximius,et
1634 691 1781 746 mul-

141 781 238 835 tim
251 778 375 834 odis
393 776 670 832 laudibus
685 776 1011 832 efferendus
1030 780 1369 850 pontiﬁcum
1384 779 1491 833 sibi
1513 781 1783 834 assisten-

144 867 290 922 tium
319 865 845 934 chorus,jueundaa
868 866 1218 921 celebritatis
1248 866 1519 922 laudibus
1549 867 1781 939 perpul-

148 955 287 1010 chra:
337 953 546 1008 salutis
593 953 894 1026 divinique
925 958 1329 1010 consummato
1356 955 1469 1010 ﬁne
1499 955 1779 1027 mysterii,

143 1043 283 1098 hanc
307 1040 741 1097 constitutionis
773 1042 966 1096 dotem
997 1043 1185 1097 cidem
1226 1043 1478 1098 ecclesiae
1521 1043 1781 1098 contule-

144 1135 427 1197 runt,eam
438 1145 552 1201 que
570 1134 847 1202 perpetua
861 1130 986 1203 lege
1002 1130 1309 1186 valituram
1328 1131 1641 1202 pontiﬁcali
1659 1148 1784 1186 cen-

152 1236 279 1274 sura
308 1217 845 1289 promulgaverunt.
872 1220 933 1273 In
967 1219 1199 1274 nomine
1230 1220 1443 1274 summi
1479 1223 1533 1274 ct
1562 1220 1782 1275 incom-

143 1305 439 1361 mutabilis
470 1304 571 1360 Dei
611 1308 667 1360 et
693 1305 1005 1361 Salvatoris
1045 1307 1225 1362 nostri
1252 1308 1389 1362 Jesu
1425 1309 1657 1375 Christi,
1678 1326 1781 1381 ego

145 1393 443 1449 Guifredus
469 1392 672 1464 primae
696 1394 853 1449 sedis
876 1395 1267 1450 Narbonensis
1289 1395 1779 1468 archiepiscopus‘

151 1489 201 1538 et
221 1482 373 1537 Oliva
396 1482 657 1554 pontifex
677 1484 1055 1549 Ausonensis,
1072 1490 1125 1539 et
1146 1484 1528 1556 Berengarius
1549 1485 1787 1540 Elenen-

141 1571 252 1638 sis,
286 1576 341 1624 et
383 1568 795 1625 Guislabcrtus
840 1570 1349 1641 Barchinonensis,
1392 1578 1447 1627 et
1501 1573 1790 1628 Eriballus

154 1657 521 1730 Urgellensis,
539 1663 595 1712 et
615 1658 928 1714 Guifredus
946 1660 1445 1725 Carcassonensis,
1460 1679 1575 1716 uno
1592 1662 1785 1717 animo

142 1750 193 1800 et
218 1745 472 1801 indivisa
503 1746 796 1801 sententia
825 1747 1003 1801 simul
1036 1765 1238 1803 omnes
1269 1748 1417 1803 hanc
1448 1750 1637 1804 dotem
1663 1766 1786 1804 cor-

143 1833 529 1889 roborationis
559 1838 770 1888 sanctae
792 1834 963 1889 matri
990 1836 1246 1891 ecclesire
1269 1838 1591 1892 Ausonensi
1612 1838 1670 1891 in
1692 1838 1790 1892 ho-

1886 691 2193 762 tatios,qui
2226 691 2511 746 terminus
2535 695 2623 745 est
2654 691 2803 746 inter
2822 691 3129 747 Gerunden
3164 695 3219 747 et
3246 692 3527 747 terminos

1887 779 2341 850 Ausoris,usque
2360 779 2414 833 in
2442 779 2629 833 rivum
2646 780 2920 848 Ausoris;
2942 780 3279 835 conscendit
3300 796 3528 850 quoque

1887 883 1989 937 per
2020 867 2207 939 ipsam
2238 869 2467 923 Serram
2507 884 2693 939 usque
2740 867 2799 923 in
2850 868 3290 934 Gerundellam;
3325 867 3531 922 deinde

1887 961 2006 1026 per
2032 956 2222 1027 ipsam
2252 957 2426 1021 viam,
2462 973 2588 1027 qum
2619 955 2773 1011 venit
2819 957 2891 1011 ad
2937 956 3157 1012 Bellam
3208 955 3444 1028 pellam,
3477 957 3534 1010 et

1888 1045 2248 1116 progrediter
2278 1061 2465 1116 usque
2487 1046 2556 1099 ad
2581 1044 2881 1112 terminos,
2909 1045 3006 1116 qui
3032 1049 3171 1100 sunt
3195 1044 3346 1100 inter
3362 1044 3536 1098 Joan-

1890 1136 1989 1187 net
2017 1137 2073 1187 et
2102 1132 2290 1204 ipsam
2335 1132 2607 1199 Elzetam,
2631 1137 2686 1187 et
2714 1133 2872 1188 venit
2902 1133 2959 1187 in
2995 1133 3211 1188 ﬁnibus
3253 1131 3532 1199 Arbutize,

1890 1225 1946 1275 et
1976 1220 2109 1275 inde
2135 1221 2435 1276 descendit
2480 1237 2667 1292 usque
2712 1222 2785 1276 ad
2835 1237 3112 1276 cacumen
3163 1220 3397 1287 montis,
3434 1220 3533 1292 qui

1890 1308 2105 1363 dicitur
2134 1310 2290 1376 Sera,
2317 1313 2373 1364 et
2412 1326 2597 1380 usque
2646 1309 2717 1363 ad
2767 1308 2950 1375 Calm,
2974 1325 3100 1380 quae
3133 1308 3348 1363 dicitur
3396 1308 3534 1362 Era-

1892 1396 2065 1462 mala,
2098 1402 2154 1453 et
2193 1397 2449 1468 pervenit
2496 1413 2681 1468 usque
2732 1397 2789 1451 in
2823 1396 3026 1451 collem
3078 1397 3294 1452 montis
3323 1396 3484 1469 Nigri
3517 1413 3531 1451 :

1893 1485 2098 1539 deinde
2121 1486 2190 1539 ad
2218 1485 2404 1539 rivum
2433 1485 2706 1555 Congusti
2730 1485 2887 1539 venit
2917 1501 3103 1555 usque
3124 1486 3193 1539 ad
3226 1483 3533 1540 castellUm

1894 1571 2164 1639 Bertillis,
2194 1577 2249 1627 et
2282 1589 2465 1643 usque
2506 1589 2683 1643 super
2721 1589 2924 1643 rupem
2956 1573 3013 1627 S.
3040 1572 3291 1639 Genesii,
3317 1577 3373 1627 et
3402 1572 3536 1627 inde

1895 1661 1963 1716 ad
2017 1666 2271 1716 montem
2306 1662 2364 1715 S.
2399 1660 2718 1727 Saturnini,
2763 1666 2820 1714 et
2865 1661 2935 1715 ad
2968 1664 3226 1715 montem
3275 1660 3533 1726 Calvum,

1895 1751 2068 1818 atque
2108 1747 2241 1802 inde
2290 1748 2655 1820 protenditur
2684 1764 2870 1819 usque
2918 1748 2989 1802 ad
3041 1750 3293 1802 montem
3344 1752 3537 1802 Serra-

1896 1840 2043 1890 tum.
2076 1836 2448 1908 Progreditur
2477 1840 2670 1891 autem
2713 1853 2814 1907 per
2853 1835 3073 1891 medios
3103 1834 3402 1903 terminos,
3438 1835 3539 1907 qui

140 1938 274 1977 nore
306 1922 619 1977 beatorum
653 1923 1050 1994 apostolorum
1078 1925 1227 1979 Petri
1260 1929 1315 1979 et
1347 1925 1505 1980 Pauli
1538 1927 1787 1981 fundata:
1822 1964 1866 2027 Β
1898 1928 2034 1980 sunt
2063 1923 2215 1979 inter
2245 1925 2564 1980 marchiam
2597 1924 3124 1979 Barchinonensem
3156 1928 3212 1978 et
3240 1926 3538 1979 Ausonen-

142 2014 199 2065 et
225 2014 575 2065 consecratae
597 2011 1066 2079 concedimus,ct
1086 2014 1521 2082 conﬁrmamus,
1551 2019 1691 2068 etut
1716 2016 1785 2068 ir-

147 2097 465 2170 refragabili
485 2099 646 2170 juris
678 2100 1059 2171 perpetuitate
1085 2101 1428 2157 inconvulsa
1455 2108 1791 2174 permaneat

150 2186 252 2240 sub
272 2186 449 2240 divini
476 2186 737 2241 nominis
756 2187 1160 2255 obtestatione,
1175 2192 1231 2243 et
1247 2190 1428 2244 nostri
1447 2191 1669 2245 ordinis
1693 2208 1790 2245 au-

141 2274 393 2329 ctoritate
411 2292 519 2329 san
533 2274 745 2329 cimus.
762 2276 821 2330 In
844 2276 1049 2347 primis
1069 2278 1336 2333 eamdem
1355 2278 1653 2333 ecclesiam
1680 2284 1792 2334 sta-

139 2361 361 2417 tuimus
382 2378 513 2417 esse
542 2363 781 2417 omnino
814 2362 1079 2431 liberam,
1107 2382 1207 2419 nec
1234 2366 1638 2437 cujuscunque
1672 2385 1790 2422 ser-

142 2449 256 2503 vitii
287 2450 555 2521 qualibet
586 2451 954 2506 exsecutione
985 2451 1313 2507 obnoxiam.
1348 2454 1561 2510 Omnes
1603 2456 1786 2510 eccle-

147 2536 278 2605 sias,
300 2539 387 2593 vel
413 2539 691 2594 universa
715 2540 925 2611 prcedia
949 2546 1399 2612 quantacunque
1425 2541 1512 2596 vel
1542 2542 1787 2597 ubicun-

145 2641 251 2697 que
274 2626 676 2697 quorumlibet
699 2627 955 2683 ﬁdelium
992 2629 1140 2684 dono
1168 2628 1275 2684 sibi
1300 2630 1459 2699 juste
1491 2647 1784 2695 concessa,

141 2712 431 2785 velusque
456 2713 517 2769 in
554 2720 899 2787 perpetuum
924 2718 1084 2787 juste
1106 2718 1473 2772 concedenda
1500 2717 1676 2774 libere
1710 2727 1790 2774 te-

149 2804 296 2867 neat,
319 2806 375 2857 et
396 2819 604 2857 secure
625 2805 953 2874 possideat,
972 2822 1038 2860 ea
1057 2804 1342 2873 videlicet,
1364 2824 1488 2878 quae
1511 2807 1793 2862 hactenus

150 2887 444 2958 babuit,et
470 2907 632 2946 nunc
657 2890 939 2956 habet,vel
964 2892 1247 2963 quidquid
1272 2894 1328 2946 in
1355 2893 1625 2948 omnibus
1650 2912 1797 2949 mor-

138 2974 345 3031 talium
372 2978 742 3050 temporibus
766 2979 1054 3045 habuerit,
1078 2980 1307 3035 tertiam
1331 2986 1553 3053 partem
1581 2983 1649 3037 de
1675 2984 1797 3038 red-

149 3064 366 3121 ditibus
392 3066 900 3135 ecclesiarum,vel
935 3066 1232 3136 silvarum,
1253 3073 1354 3124 aut
1376 3070 1445 3123 de
1468 3071 1670 3141 pratis,
1699 3074 1797 3125 aut

145 3153 370 3223 eremis,
397 3155 520 3210 sive
571 3155 892 3227 raﬁgis,vel
941 3173 1087 3227 quos
1133 3156 1313 3227 hujus
1360 3157 1559 3228 patriae
1586 3158 1796 3231 vulgus

150 3241 348 3297 tertios
366 3243 641 3298 absolute
661 3244 1353 3314 vocat,quemadmodum
1378 3245 1678 3317 hucusque
1700 3247 1797 3301 ha-

1897 2029 2042 2080 sem,
2069 2013 2223 2067 sicut
2247 2013 2586 2067 dividuntur
2616 2013 2752 2084 ipsa:
2779 2011 3072 2077 marchiw,
3097 2016 3153 2066 et
3170 2010 3324 2065 vadit
3356 2028 3541 2082 usque

1897 2103 2178 2168 castrum,
2204 2102 2356 2172 quod
2381 2101 2595 2155 dicitur
2615 2100 2861 2166 Cheralt,
2882 2105 2937 2155 et
2958 2100 3145 2172 pergit
3168 2116 3267 2171 per
3288 2099 3540 2155 mediam

1898 2188 2239 2244 divisionem
2272 2188 2533 2260 ipsarum
2559 2188 2973 2252 marchiarum,
3002 2205 3188 2259 usque
3219 2188 3277 2242 in
3301 2187 3540 2242 ﬂuvium

1897 2276 2167 2349 Sigorim,
2202 2277 2470 2331 similiter
2500 2277 2570 2331 ab
2599 2293 2663 2330 eo
2695 2276 3061 2347 latere,quod
3100 2277 3369 2346 superius
3399 2275 3541 2329 scri-

1900 2370 2065 2436 ptum
2097 2368 2184 2418 est
2216 2364 2271 2418 in
2304 2363 2519 2418 ﬁnibus
2548 2363 2857 2435 Bergitani,
2889 2363 3045 2417 vadit
3086 2362 3210 2434 ipse
3250 2362 3540 2417 terminus

1900 2453 2050 2507 inter
2081 2453 2401 2507 marchiam
2433 2455 2832 2506 Ausonensem
2863 2456 2919 2506 et
2948 2450 3269 2506 marchiam
3303 2450 3541 2506 Barchi-

1900 2545 2222 2606 tancusem,
2248 2540 2399 2594 sicut
2419 2540 2765 2595 dividuntur
2796 2540 2933 2610 ipsae
2960 2539 3253 2606 marchiaa,
3277 2543 3333 2594 et
3356 2538 3546 2610 pergit

1902 2646 2089 2700 usque
2119 2629 2176 2682 in
2212 2628 2453 2683 fluvium
2485 2629 2754 2701 Sigorim.

1973 2718 2049 2772 De
2082 2718 2208 2787 ipsa
2240 2733 2470 2788 quoque
2499 2720 2673 2783 terra,
2706 2715 2794 2770 vel
2826 2715 3114 2771 universis
3145 2715 3425 2783 ecclesiis,
3447 2719 3549 2769 aut

1904 2805 2216 2876 parochiis,
2268 2804 2357 2859 vel
2414 2804 2918 2876 qualibuscumque
2974 2804 3228 2876 praediis,
3288 2816 3415 2875 quae
3475 2804 3544 2858 ad

1903 2894 2240 2951 canonicam
2273 2893 2536 2963 ejusdem
2589 2892 2744 2947 sedis
2776 2893 2837 2947 B.
2872 2891 3025 2947 Petri
3069 2890 3316 2964 apostoli
3366 2891 3548 2963 perti-

1905 2988 2063 3050 nent,
2088 2980 2381 3046 videlicet,
2409 2981 2561 3052 quod
2596 2981 2766 3035 hodie
2807 2980 2970 3050 juste
3019 2980 3297 3051 possidet,
3329 2979 3416 3035 vel
3447 2980 3550 3035 ab-

1903 3072 2040 3127 hinc
2073 3087 2175 3142 per
2203 3069 2475 3124 universa
2504 3072 2766 3139 tempora
2788 3070 2949 3139 juste
2981 3068 3322 3140 possederit,
3346 3067 3434 3123 vel
3464 3083 3551 3122 ac-

1905 3159 2194 3232 quisierit,
2218 3174 2318 3230 per
2365 3156 2768 3211 auctoritatem
2803 3157 2864 3210 B.
2900 3156 3048 3211 Petri
3092 3154 3337 3227 apostoli
3388 3155 3548 3227 prin-

1906 3249 2072 3321 cipis,
2107 3251 2161 3301 et
2201 3263 2303 3317 per
2348 3245 2608 3301 ordinem
2660 3250 2925 3299 nostrum
2975 3244 3551 3299 excommunicamus

144 3328 292 3397 buit,
313 3330 403 3386 vel
436 3331 656 3385 habere
684 3332 903 3398 debuit,
932 3331 1017 3386 vel
1051 3333 1225 3387 etiam
1258 3334 1595 3404 pascuarios
1625 3336 1803 3390 unde-
1836 3323 1878 3389 C
1908 3342 1963 3393 et
1994 3334 2419 3399 interdicimus,
2456 3338 2691 3405 excepto
2736 3337 3022 3404 quantum
3068 3333 3246 3386 frater
3274 3335 3329 3386 et
3359 3330 3549 3403 coepi-

152 3432 382 3490 cunque
415 3419 618 3486 habet,
641 3418 728 3474 vel
779 3420 989 3474 habere
1019 3421 1207 3488 debet,
1237 3425 1300 3475 ut
1348 3420 1408 3476 in
1455 3428 1798 3495 perpetuum

144 3504 268 3561 sine
291 3507 697 3578 quorumlibet
724 3508 1137 3579 impedimento
1158 3510 1471 3580 possideat,
1497 3511 1800 3567 conﬁrma-

144 3610 295 3663 mus,
321 3599 379 3650 et
412 3599 481 3650 ut
522 3612 757 3667 semper
785 3596 994 3651 habeat
1024 3597 1340 3652 statuimus
1370 3602 1661 3673 monetam
1692 3617 1797 3670 pu-

139 3680 350 3738 blicam
376 3701 499 3740 suae
525 3684 801 3756 regionis,
826 3688 881 3739 et
913 3683 1206 3739 toloneum
1230 3686 1299 3740 de
1320 3686 1591 3742 marcatis
1611 3687 1798 3759 ipsius

137 3768 244 3826 loci
277 3775 336 3827 et
367 3772 690 3840 Minorisaa,
721 3776 788 3827 ut
835 3788 1065 3844 semper
1113 3773 1387 3841 obtineat,
1417 3775 1573 3830 omni
1627 3777 1797 3832 modo

141 3860 514 3916 roboramus.

200 3946 625 4004 Interdicimus
647 3965 879 4021 quoque
903 3950 1069 4021 justa
1097 3953 1314 4005 statuta
1338 3954 1673 4006 sanctorum
1699 3969 1796 4007 ca-

136 4051 379 4102 nonum,
396 4041 455 4092 et
478 4036 886 4092 auctoritatem
914 4038 1291 4110 antiquorum
1311 4039 1568 4109 Patrum,
1585 4042 1649 4094 ut
1676 4039 1799 4093 nul-

132 4121 223 4179 lus
255 4124 669 4196 quorumlibet
696 4125 1042 4196 pontiﬁcum
1084 4126 1237 4181 intra
1281 4127 1425 4182 ﬁnes
1455 4126 1642 4198 ipsius
1673 4128 1797 4199 epi-

134 4217 412 4283 scopatus
439 4212 753 4268 ecclesiam
777 4213 1235 4279 consecrare,vel
1269 4214 1613 4285 pmnitentes
1642 4217 1798 4286 ejus-

134 4299 265 4355 dem
316 4301 585 4374 episcopi
618 4301 931 4372 suscipere,
957 4318 1062 4356 nec
1094 4302 1221 4372 ejus
1262 4301 1501 4358 clericos
1531 4303 1800 4359 ordinare

131 4394 456 4458 praesumat
517 4390 632 4445 nisi
690 4390 835 4445 forte
892 4389 1103 4462 przesul
1162 4390 1594 4461 praenominatae
1644 4391 1799 4446 sedis

132 4490 449 4533 assensum
481 4482 804 4549 spontanee
850 4480 1125 4550 praebeat.
1154 4479 1332 4535 Nemo
1364 4480 1580 4551 praedia
1610 4480 1800 4551 ipsius

129 4564 412 4634 ecclesiae,
429 4566 775 4638 ubicunque
791 4567 988 4622 debita
1008 4566 1092 4621 illi
1115 4560 1545 4633 no'verit,celare
1565 4569 1795 4635 audeat,

1908 3442 2117 3497 scopus
2181 3428 2375 3477 noster
2432 3423 2684 3477 domnus
2734 3420 2895 3476 Oliva
2951 3419 3205 3485 solverit,
3238 3423 3302 3473 ut
3353 3418 3552 3474 nullus

1906 3513 2080 3567 homo
2114 3511 2427 3581 cujuslibet
2458 3509 2783 3581 potestatis,
2810 3512 2910 3563 aut
2940 3525 3114 3563 sexus
3160 3511 3262 3562 aut
3308 3507 3550 3569 ordinis.

1907 3600 2125 3671 aliquid
2188 3599 2323 3653 inde
2375 3599 2585 3653 audeat
2644 3597 2861 3665 tollere,
2899 3602 2999 3652 aut
3045 3596 3317 3664 alienare,
3351 3595 3439 3651 vel
3482 3596 3553 3651 ad

1909 3689 2189 3743 damnum
2222 3686 2506 3758 praedictae
2537 3685 2824 3740 canonica:
2857 3683 3117 3756 quolibet
3161 3683 3333 3739 modo
3364 3687 3553 3738 trans-

1907 3776 2075 3844 ferre,
2100 3773 2185 3829 vel
2221 3779 2601 3829 commutare.
2639 3774 2753 3827 lloc
2797 3770 2993 3844 ipsum
3039 3787 3194 3839 vero,
3220 3770 3375 3842 quod
3401 3769 3555 3841 juris

1905 3863 2094 3935 ipsius
2123 3860 2386 3917 canonici
2429 3862 2546 3916 fore
2591 3859 2982 3933 dignoscitur,
3013 3875 3079 3914 eo
3110 3862 3309 3913 tenore
3336 3856 3556 3930 obliga-

1907 3968 2060 4017 mus,
2088 3955 2152 4005 ut
2173 3950 2666 4021 quemadmodum
2718 3947 3118 4019 supradictum
3140 3950 3248 4013 est,
3270 3944 3555 4017 quidquid

1906 4039 2111 4094 exinde
2161 4038 2435 4109 prafatus
2484 4037 2741 4108 pontifex
2771 4036 2932 4091 Oliva
2985 4033 3242 4101 solverit,
3298 4032 3557 4088 solutum

1908 4129 2266 4199 permaneat,
2292 4125 2578 4197 quidquid
2614 4124 2835 4180 solvere
2864 4122 3135 4188 noluerit,
3158 4120 3555 4177 excommuni-

1908 4220 2105 4271 catum
2138 4211 2455 4285 pontiﬁcali
2488 4229 2738 4267 censura
2768 4211 3061 4283 persistat.

1980 4302 2162 4375 Igitur
2192 4301 2342 4356 hanc
2375 4300 2705 4355 universam
2748 4304 2960 4354 nostra:
2989 4296 3423 4354 constitutionis
3454 4297 3554 4353 do-

1908 4396 2027 4447 tem
2060 4389 2331 4461 superius
2362 4387 2792 4461 promulgatam
2825 4386 3065 4460 perenni
3095 4386 3221 4459 lege
3247 4384 3556 4441 valituram

1911 4496 2249 4545 censemus;
2271 4493 2622 4548 omnemque
2640 4476 2936 4532 hominem
2955 4474 3115 4531 illam
3131 4475 3555 4541 observantem,

1910 4574 1967 4624 et
1996 4573 2061 4623 ut
2090 4566 2318 4623 stabilis
2350 4568 2690 4638 permaneat
2720 4565 3091 4637 adiuvantem
3124 4580 3226 4636 pro
3257 4577 3428 4634 posse
3457 4562 3557 4617 be-

129 4654 230 4707 sed
262 4670 403 4709 mox
434 4655 543 4709 ubi
587 4656 941 4727 cognoverit,
972 4656 1043 4710 ad
1085 4657 1411 4727 profectum
1461 4655 1619 4710 illius
1668 4673 1806 4712 con-
1835 4675 1881 4739 Ι)
1913 4656 2260 4721 nedicimus,
2293 4660 2349 4710 et
2395 4660 2460 4709 ut
2508 4654 2958 4710 diuturnitatem
3003 4653 3130 4707 vita;
3173 4650 3475 4724 praesentis
3505 4653 3561 4706 et

128 4741 327 4797 festim
351 4741 741 4799 manifestare
759 4761 875 4799 non
896 4743 1329 4816 pigeat.Nullus
1351 4744 1811 4816 princeps,nulla

128 4828 412 4900 quaelibet
446 4835 712 4902 potestas
746 4848 961 4904 magna
992 4832 1079 4887 vel
1114 4849 1307 4905 parva,
1336 4850 1442 4886 nec
1473 4832 1685 4905 aliquis
1707 4850 1806 4889 cu-

123 4918 479 4991 juscunque
512 4919 838 4991 dignitatis,
872 4926 973 4975 aut
1021 4938 1213 4985 sexus,
1238 4927 1338 4976 aut
1380 4921 1602 4977 ordinis
1634 4923 1807 4978 homo

124 5006 420 5062 terminos
457 5007 653 5077 ipsius
698 5008 1066 5080 episcopatus
1098 5010 1431 5064 abbreviare
1463 5017 1798 5080 prazsumat,

118 5110 224 5148 nec
246 5096 321 5149 ad
346 5095 647 5150 damnum
677 5097 921 5167 praefatae
945 5097 1100 5151 sedis
1124 5095 1384 5168 quolibet
1406 5098 1576 5152 modo
1610 5102 1805 5152 trans-

129 5182 279 5237 ferre
310 5182 406 5237 vel
439 5182 702 5239 alienare
736 5186 1065 5240 contendat.

195 5272 533 5328 Terminus
554 5288 687 5327 vero
720 5272 901 5328 totius
933 5274 1344 5345 expiscopatus
1365 5278 1421 5326 S.
1444 5274 1809 5329 Ausonensis

126 5358 407 5414 Ecclesiae
461 5359 681 5429 incipit
710 5376 743 5414 a
773 5361 989 5416 ﬁnibus
1038 5361 1351 5433 Bergitani,
1377 5365 1431 5415 et
1470 5352 1811 5415 conscendit

124 5463 318 5519 usque
352 5447 417 5502 in
446 5450 744 5511 montem,
765 5449 863 5518 qui
894 5448 1109 5504 dicitur
1138 5448 1424 5515 Eramala,
1448 5452 1506 5502 et
1534 5465 1719 5519 usque
1749 5449 1805 5503 in

126 5539 398 5591 montem
435 5538 691 5601 Suroca,
716 5539 771 5589 et
800 5536 957 5591 venit
989 5552 1177 5608 usque
1227 5536 1297 5591 ad
1352 5540 1585 5607 pratum
1618 5523 1808 5607 campi

126 5622 420 5686 Rotundi,
452 5622 742 5691 vaditque
791 5639 893 5694 per
936 5624 1127 5696 ipsam
1178 5625 1429 5688 Serram,
1454 5622 1605 5677 sicut
1643 5641 1806 5694 aqua:

125 5709 438 5766 divertunt
463 5726 575 5781 per
594 5708 788 5779 ipsam
808 5727 1010 5781 rupem
1028 5712 1099 5767 de
1119 5710 1374 5778 Latione,
1390 5711 1809 5782 descenditque

1918 4744 2361 4817 perpetuitatem
2397 4759 2627 4814 semper
2657 4742 2948 4797 manentis
2980 4742 3258 4808 obtineat,
3286 4744 3561 4812 praeopta-

1917 4850 2071 4888 mus.
2104 4832 2428 4887 Statuimus
2460 4836 2653 4886 autem
2707 4831 2816 4885 sub
2868 4830 3043 4884 divini
3068 4828 3273 4901 judicii
3307 4828 3561 4884 obtesta-

1916 4922 2070 4976 tione
2109 4926 2165 4975 et
2211 4919 2599 4975 anathematis
2632 4918 3055 4985 interdictione,
3083 4922 3147 4972 ut
3193 4916 3241 4971 si
3287 4914 3563 4987 quislibet

1916 5008 2090 5063 homo
2121 5008 2523 5078 cujuscunque
2556 5006 2855 5078 potestatis
2894 5013 2997 5061 aut
3036 5004 3256 5060 ordinis
3289 5004 3438 5058 hanc
3467 5002 3559 5057 di-

1918 5113 2186 5167 rumpere
2238 5095 2322 5150 vel
2373 5095 2588 5149 violare
2645 5096 2812 5151 nisus
2872 5094 3064 5161 fuerit,
3096 5100 3196 5149 aut
3253 5090 3561 5165 diruperit,

1917 5189 2020 5239 aut
2044 5184 2363 5253 violaverit,
2391 5183 2483 5238 hic
2515 5184 2584 5236 de
2613 5188 2775 5254 parte
2819 5183 2912 5239 Dei
2953 5182 3388 5255 omnipotentis,
3413 5183 3469 5235 et
3498 5179 3560 5232 B.

1920 5272 2070 5327 Petri
2100 5272 2347 5343 apostoli
2369 5272 2749 5343 omniumque
2773 5277 3132 5339 sanctorum,
3156 5275 3213 5325 et
3241 5273 3440 5324 nostra
3467 5282 3562 5321 ex-

1921 5360 2388 5415 communicatus
2422 5364 2848 5431 permaneat,et
2879 5365 3161 5415 conventu
3190 5363 3244 5413 S.
3276 5353 3560 5417 Ecclesiae,

1919 5453 1975 5503 et
2005 5449 2269 5503 omnium
2297 5448 2757 5502 Christianorum
2789 5448 3013 5503 alienus
3044 5448 3274 5509 existat,
3297 5440 3562 5499 tartareis

1918 5537 2167 5591 vinculis
2216 5536 2531 5590 innodatus
2580 5536 2896 5591 inferorum
2959 5553 3160 5607 poenas
3219 5527 3563 5587 aatcrnaliter

1920 5625 2160 5691 sentiat;
2189 5624 2343 5695 quod
2376 5624 2423 5679 si
2446 5624 2517 5679 ab
2550 5622 2778 5695 incepto
2795 5624 3056 5690 desistat,
3083 5626 3141 5677 et
3170 5621 3344 5690 digna
3375 5610 3558 5686 paeni-

1918 5714 2120 5768 tudine
2144 5710 2321 5768 simul
2352 5716 2407 5769 et
2434 5711 2833 5768 emendatione
2862 5708 3201 5773 satisfaciat,
3225 5705 3299 5759 ab
3329 5703 3437 5756 hac
3458 5710 3555 5751 ex-
