4938 6430
1401 437 1523 502 607

2155 436 2420 500 οιινιΕ
2463 436 2818 499 VICENSIS
2863 436 3218 500 EPISCUPI
3263 436 3683 500 SYNODICA.
3731 435 4083 504 SCl’lPTA.
4674 449 4764 511 608

1405 567 1943 638 communicatione
1970 567 2246 627 solvatur.
2270 573 2326 626 et
2372 568 2493 626 haec
2541 572 2739 625 nostra
2767 569 3052 625 constitu-
3081 571 3134 638 Α
3165 569 3438 625 Amallus
3459 567 3959 644 archipresbyter;
3985 572 4315 632 Willclmus
4340 574 4760 652 archidiaconus;

1407 660 1492 717 tio
1539 659 1963 734 irmt‘ragabilis
2009 664 2068 716 et
2111 659 2445 716 inconvulsa
2491 658 2902 732 perpetualiter
2946 658 3051 714 ba-

1409 749 1641 806 beatur.

1482 840 1692 894 Actum
1737 843 1828 894 est
1869 839 1978 894 hoc
2004 837 2060 892 in
2095 839 2231 894 sede
2288 839 2592 893 beatorum
2655 837 3051 909 apostolorum

1412 927 1568 984 Petri
1596 933 1654 984 et
1695 926 1852 984 Pauli
1887 927 2142 983 secundo
2169 927 2561 982 Kalendarum
2595 927 3050 998 Septembrium,

1413 1033 1508 1073 an.
1529 1019 1562 1071 8
1583 1015 1744 1089 regni
1774 1015 1925 1085 regis
1954 1015 2202 1082 Henrici,
2226 1015 2509 1086 scriptum
2536 1032 2712 1069 manu
2747 1016 3052 1069 Ernwmiri

1409 1105 1673 1178 ejusdem
1693 1104 1846 1160 sedis
1875 1104 2136 1158 canonici
2177 1109 2233 1159 ct
2264 1105 2604 1176 presbyteri,
2631 1104 2700 1158 ad
2736 1104 2917 1158 vicem
2949 1107 3052 1158 Ar-

1411 1192 1588 1258 ualdi,
1622 1192 1791 1250 Olivaa
1829 1192 2122 1264 pontificis
2172 1193 2401 1247 notarii.
2439 1192 2818 1248 Raimbaldus
2858 1193 3053 1247 Arela-

1408 1281 1588 1338 tensis
1618 1281 2124 1354 archiepiscopus;
2161 1281 2400 1337 Pontius
2435 1282 2726 1353 Agnensis
2770 1283 3054 1352 archiepi-

1341 1409 1350 1416 -
1404 1370 1988 1442 scopus;Guifredus
2017 1375 2073 1425 S.
2107 1371 2507 1426 Narbonensis
2549 1371 2811 1426 Ecclesia:
2858 1372 3054 1425 archi-

1403 1459 1736 1531 episcopus,
1769 1459 1866 1527 qui
1921 1459 2071 1513 banc
2104 1459 2408 1515 ecclesiam
2461 1466 2669 1514 nostra:
2719 1460 3056 1530 metrOpolis

3163 657 3456 714 Godebalo
3497 659 3568 714 de
3610 659 3884 726 Bisaura;
3919 660 4085 717 Folco
4135 664 4504 732 vicecomite;
4536 667 4765 726 Raimun-

3164 748 3274 802 dus
3310 764 3505 802 comes
3534 753 3590 802 et
3639 749 3930 815 marcbio;
3981 750 4333 808 Adalbcrtus
4385 753 4588 820 Levita,
4618 758 4763 827 quiet

3165 836 3538 908 prmpositus;
3573 837 3938 892 l-Irmcsindis
3969 839 4157 910 gratia
4198 840 4296 896 Dei
4328 842 4643 912 comitissa;
4671 849 4764 901 Wi-

3164 927 3360 981 l'rcdus
3380 925 3567 995 gratia
3593 925 3688 979 Dei
3707 930 4191 982 (larcassonensis
4219 929 4462 1002 praesul;
4487 931 4666 986 Petrus
4681 935 4764 1005 epi-

3164 1032 3404 1085 scopus;
3437 1013 3713 1069 Arnallus
3743 1017 4087 1089 episcopus;
4123 1018 4510 1090 Berengarius
4539 1029 4666 1076 nutu
4692 1024 4764 1078 Dei

3163 1109 3218 1158 S.
3247 1104 3546 1158 Elencnsis
3571 1103 3835 1158 Ecclesia:
3870 1105 4080 1176 praesul
4111 1107 4230 1161 hinc
4263 1109 4645 1181 suprascripta
4665 1128 4764 1166 con-

3163 1195 3370 1246 firmo:
3411 1192 3739 1246 Bernardus
3771 1195 3958 1264 gratia
3992 1195 4088 1249 Dei
4124 1197 4440 1268 episcopus
4475 1196 4768 1254 Coserauen‘

3164 1283 3276 1346 sis;
3307 1282 3555 1335 Bcrnard
3569 1300 3634 1335 us
3656 1283 3745 1346 'l‘.;
3771 1283 4037 1336 (ierallus
4059 1284 4412 1352 vicccomes;
4440 1287 4766 1354 Ermeriuius,

3164 1370 3431 1441 qualmis
3459 1371 3755 1440 indignus,
3787 1373 4077 1438 sacerdos,
4106 1375 4205 1445 qui
4231 1375 4287 1427 in
4309 1377 4632 1446 supradicto
4650 1396 4767 1432 anno

3164 1459 3246 1512 vel
3281 1459 3372 1513 die
3408 1460 3614 1529 scripsi
3664 1460 3804 1526 lia-0,
3832 1479 3959 1532 qua:
4000 1464 4274 1534 superius
4321 1464 4482 1518 dicta
4525 1473 4648 1520 sunt
4689 1470 4768 1522 sul.

1405 1547 1696 1611 dedicavi,
1731 1550 1892 1601 Uina
1935 1546 2270 1618 episcopus;
2303 1547 2695 1603 Guislibertus
2734 1550 2923 1618 gratia
2956 1548 3055 1602 Dei
3155 1550 3329 1618 jussu
3368 1549 3741 1619 peieraturum
3794 1552 4136 1621 pontiﬁcum
4170 1556 4227 1608 et
4277 1569 4599 1626 procerum,
4627 1561 4674 1609 et
4700 1572 4768 1610 co-

1405 1634 1898 1702 Barchinonensis
1953 1635 2292 1708 episcopus;
2349 1636 2638 1691 Eriballus
2707 1638 3053 1710 episcopus;

3167 1636 3305 1690 ruite
3343 1636 3673 1690 Raimundo
3704 1643 3759 1691 et
3791 1641 3901 1692 sub
3933 1639 4000 1695 T.

3068 1953 3170 2057 ν

2043 2168 2562 2284 CONCILII
2634 2164 3489 2283 NAltBONENSIS
3569 2169 4178 2289 SYNODICA

1981 2379 2279 2444 Adversus
2307 2399 2505 2441 rerum
2532 2397 2839 2439 sacrarum
2883 2376 3203 2449 invaseres,
3230 2377 3336 2437 sub
3367 2381 3563 2443 Ouva
3593 2382 3640 2444 Α
3657 2383 3931 2443 ωοηεηεί

2307 2399 2505 2441 rerum
2532 2397 2839 2439 sacrarum
2883 2376 3203 2449 invaseres,
3230 2377 3336 2437 sub
3367 2381 3563 2443 Ouva
3593 2382 3933 2444 Ausonemz'
3960 2383 4237 2465 prmule.

1472 2693 1794 2751 WIFREDUS
1822 2697 1880 2750 8.
1904 2692 2102 2767 prima:
2135 2691 2293 2748 sedis
2331 2690 2728 2747 Narbonensis
2767 2689 3046 2762 archicpi-
3079 2693 3125 2759 Β
3154 2692 3582 2756 auctoritatem,
3617 2695 3672 2746 et
3723 2709 3822 2747 vos
3868 2691 4156 2764 dirigendi
4213 2694 4587 2762 facultatem,
4615 2699 4668 2750 et
4709 2710 4781 2766 per

1408 2799 1691 2856 scopus...
1705 2782 1974 2839 convenit
1988 2782 2143 2855 apud
2159 2782 2490 2836 Narbonem
2514 2781 2694 2852 synod
2706 2799 2791 2845 us,
2809 2779 3054 2834 dilectis-

1407 2871 1577 2930 simis
1605 2871 1666 2928 in
1696 2871 1928 2929 Christo
1975 2871 2112 2926 ﬁliis
2157 2871 2485 2926 Bermundo
2516 2869 2837 2924 vicecomiti
2869 2872 3052 2924 Auso-

1408 2961 1596 3031 nensi,
1627 2960 1854 3018 Gerallo
1883 2959 2270 3034 Caprariensi,
2305 2960 2594 3015 Bernardo
2625 2959 3056 3026 Gurbensi,\\'i-

1340 3097 1346 3102 .
1408 3051 1548 3108 sedo
1605 3051 1897 3118 Ellemari,
1956 3050 2291 3106 Bermundo
2356 3049 2748 3115 Foratellensi,
2797 3049 3053 3102 “'itardo

1313 3196 1322 3201 .
1405 3139 1774 3205 Mauricensi,
1816 3138 2026 3196 Mironi
2067 3137 2658 3209 Sallil‘orensi,L’goni
2700 3137 3051 3200 Cervulensi,

1307 3289 1313 3297 ,
1367 3273 1372 3278 ρ
1400 3229 1623 3288 Elorico
1649 3227 1974 3295 Aurisensi,
1998 3227 2338 3284 Seniofredo
2364 3226 2771 3293 Lausiancnsi,
2801 3226 3055 3280 Wil'redo

1397 3318 1773 3387 Balciazensi,
1797 3317 2090 3375 Bernardo
2140 3317 2507 3384 Renvirensi,
2533 3315 2801 3371 Wilelmo
2832 3315 3053 3369 Monta-

1398 3407 1667 3478 niolensi,
1691 3405 1985 3463 Bernardo
2007 3406 2256 3462 Tovensi
2279 3403 2528 3461 salutem
2557 3403 2963 3459 charissimam
2998 3408 3056 3458 et

1367 3521 1372 3527 ·
1401 3494 1872 3556 benedictionem
1899 3499 2264 3569 perpetuam.

1471 3585 1620 3646 Cum
1648 3585 1708 3640 in
1741 3583 1839 3640 Dei
1881 3583 2297 3656 omnipotentis
2343 3583 2578 3638 nomine
2611 3582 2946 3656 congregati
2981 3582 3053 3637 de

1319 3726 1328 3732 .
1408 3672 1756 3732 necessariis
1784 3689 1983 3729 rerum
2014 3673 2209 3728 causis
2242 3689 2492 3743 cunque.
2531 3713 2544 3726 .
2572 3689 2652 3726 re.
2688 3713 2701 3726 .
2740 3713 2753 3726 .
2791 3713 2804 3727 .
2839 3688 3054 3736 remur,

1311 3803 1314 3808 -
1406 3761 1664 3821 surrexit
1699 3761 1762 3818 in
1791 3761 1984 3817 medio
2017 3766 2278 3816 nostrum
2329 3759 2750 3816 dilectissimus
2799 3761 2973 3814 frater
3003 3764 3060 3814 et

1307 3901 1320 3908 -
1401 3850 1794 3934 ’coepiscopus,
1836 3855 2036 3906 noster
2082 3849 2262 3918 Oliva,
2312 3867 2559 3905 narrans
2605 3849 2857 3921 qualiter
2907 3848 3056 3903 beati

3161 2781 3425 2836 omnium
3461 2787 3723 2835 nostrum
3777 2781 3944 2835 nobis
3995 2781 4214 2852 ligandi
4246 2789 4304 2838 et
4346 2784 4613 2841 solvendi
4645 2801 4674 2838 a
4701 2784 4781 2838 Den

3163 2870 3435 2923 traditam
3471 2874 3838 2941 potestatem,
3874 2875 3940 2924 ut
3983 2870 4433 2928 reminiscentes
4486 2871 4622 2929 mali
4669 2872 4781 2944 quod

3163 2959 3371 3025 facitis,
3396 2959 3536 3012 dum
3561 2958 3658 3013 Dei
3684 2959 4112 3029 justumjuste,
4141 2961 4362 3031 injuste
4391 2962 4626 3029 tenetis,
4642 2977 4780 3032 usque

3163 3049 3232 3102 ad
3267 3053 3748 3119 superventuram
3781 3051 3837 3101 S.
3867 3047 4110 3104 Joannis
4145 3049 4426 3121 Baptista
4461 3052 4704 3124 primam
4729 3051 4777 3102 le-

3164 3137 3481 3192 stivitatem
3543 3137 3796 3192 reddatis
3854 3141 3968 3192 Deo
4025 3137 4424 3211 Ecclesireque
4459 3141 4633 3196 matri
4673 3138 4781 3211 quod

3165 3225 3436 3298 perdidit,
3474 3230 3536 3279 ut
3568 3225 3720 3280 Deus
3765 3225 3930 3280 vobis
3959 3232 4153 3281 vestra
4192 3229 4518 3297 custodiat,
4542 3246 4666 3302 quae
4691 3244 4782 3282 cen-

3165 3313 3358 3369 cessit.
3403 3314 3460 3369 Si
3506 3315 3908 3385 autem.quob
3955 3316 4133 3380 absit,
4162 3321 4436 3373 nostram
4489 3317 4786 3374 admonitio-

3165 3420 3296 3457 nem
3333 3402 3840 3474 parvipendcritis,
3864 3407 3920 3457 et
3945 3403 4410 3475 increpationem
4443 3403 4786 3480 neglexeritis.

3166 3509 3270 3546 nos
3304 3499 3644 3546 sanctorum
3695 3492 3933 3547 Patrum
3984 3493 4229 3565 vestigia
4276 3501 4630 3567 sequentes,
4663 3501 4715 3549 ut
4737 3491 4788 3545 ill.

3167 3580 3305 3635 talia
3337 3581 3782 3646 interdixerunt,
3816 3580 4246 3650 interdicimus,
4280 3587 4337 3638 et
4383 3601 4496 3656 per
4533 3585 4736 3640 Patrem
4758 3590 4792 3631 et

3167 3669 3376 3726 Filium
3427 3675 3481 3725 ct
3530 3669 3815 3742 Spiritum
3868 3677 4161 3736 sanctum,
4213 3671 4325 3726 nisi
4395 3676 4626 3730 nostris
4670 3673 4796 3725 dirus

3165 3758 3548 3824 credideritis,
3584 3777 3682 3814 vos
3713 3763 3768 3814 et
3797 3759 3897 3831 qui
3945 3759 4086 3814 talia
4127 3760 4446 3818 vobiscum
4491 3763 4708 3834 egerint
4732 3775 4794 3811 et-

3166 3848 3696 3912 communicamus,
3730 3852 3788 3902 et
3837 3865 3871 3904 a
3921 3847 4231 3904 liminibus
4287 3857 4521 3908 sancta
4585 3848 4797 3908 Ecclesia

1407 3940 1806 4016 apostolorum
1859 3938 2140 4012 principis
2189 3939 2404 4011 prazdia
2451 3937 2710 3993 fidelium
2763 3938 2872 3994 sibi
2907 3938 3058 3991 dono
3163 3955 3264 3992 vos
3293 3944 3598 3992 extraneos
3624 3936 3990 4008 judicamus,
4017 3942 4074 3992 et
4099 3955 4304 3995 omnes
4337 3931 4716 4013 presbyteros
4741 3933 4796 3987 vel

1405 4047 1707 4100 concessa,
1741 4028 1906 4086 vobis
1953 4027 2199 4101 [illicito]
2232 4028 2549 4100 usurpetis,
2584 4033 2641 4083 et
2667 4028 2758 4100 ,in
2810 4033 3052 4092 vestros,
3086 4063 3130 4130 Β
3167 4028 3570 4097 cujuscunque
3601 4025 3826 4081 ordinis
3867 4026 4132 4094 clericos,
4163 4027 4266 4100 qui
4299 4029 4394 4084 vel
4441 4030 4633 4096 vobis,
4665 4025 4798 4082 veli:

1301 4169 1340 4186 -,
1373 4119 1568 4194 iquod
1591 4119 1693 4178 Dei
1723 4123 1832 4188 est,
1852 4135 1996 4176 usus
2014 4117 2335 4191 expendere
2369 4135 2483 4172 non
2517 4116 2867 4172 formidetis.
2901 4117 3057 4181 Quo-

1404 4211 1580 4276 circa,
1603 4207 1994 4275 dilectissimi,
2017 4207 2266 4264 nimium
2300 4206 2588 4263 miramur
2607 4207 2748 4278 quid
2775 4206 2876 4270 sit,
2901 4205 3056 4276 quod

1301 4349 1313 4354 _
1404 4300 1522 4358 Deo
1551 4298 1636 4356 sic
1663 4315 1774 4355 sua
1801 4297 2039 4364 tollatis,
2061 4295 2148 4352 vel
2171 4312 2372 4368 quare,
2394 4295 2551 4368 quod
2583 4312 2794 4367 parum
2823 4294 2912 4349 sui
2948 4298 3057 4359 est,

1303 4425 1310 4432 -
1408 4406 1526 4448 non
1553 4385 1636 4444 illi
1670 4385 2022 4460 relinquitis,
2058 4390 2122 4443 ut
2151 4385 2327 4442 vestri
2377 4385 2634 4440 multum
2679 4382 3054 4456 possideatis.

1403 4479 1496 4536 An
1524 4475 1628 4550 qui
1655 4475 1818 4532 vobis
1847 4480 1938 4534 est
1983 4475 2240 4549 pontifex
2269 4473 2595 4538 ordinatus,
2620 4489 2748 4544 quae
2793 4472 2889 4528 Dei
2921 4475 3062 4528 sunt

1296 4615 1316 4621 _
1385 4584 1512 4640 pro
1539 4565 1756 4632 debito,
1777 4565 1864 4623 sic
1895 4565 2219 4638 dispensat,
2243 4567 2309 4619 ut
2330 4563 2388 4618 in
2418 4577 2608 4634 pravae
2635 4561 2952 4616 voluntatis
2985 4561 3062 4616 fa-

1410 4653 1710 4714 cinoribus
1740 4652 1842 4710 illa
1860 4651 2186 4711 distrahat?
2205 4650 2507 4716 Quomodo
2528 4654 2726 4704 autem
2749 4667 2849 4705 vos
2873 4650 3061 4705 Eccle-

1413 4745 1512 4802 sia
1570 4743 1678 4816 pia:
1735 4741 1940 4812 matris
1995 4740 2146 4798 ﬁlios
2203 4739 2534 4804 aestimatis,
2566 4737 2652 4794 vel
2686 4738 2946 4794 debitum
2997 4745 3061 4794 ut

1297 4879 1309 4885 -
1391 4831 1589 4890 ,matri
1617 4835 1674 4888 et
1703 4830 2144 4888 convenientem
2178 4829 2455 4885 honorem
2495 4827 2851 4898 impenditis,
2886 4827 2934 4883 si
2967 4845 3062 4884 ex-

1413 4924 1673 4980 terarum
1695 4935 1856 4976 more
1880 4917 1942 4974 in
1963 4920 2162 4990 partes
2183 4913 2414 4971 trahitis
2435 4914 2588 4987 quod
2613 4915 2688 4968 ab
2719 4914 2817 4969 illa
2847 4914 3060 4970 violen-

1309 5051 1318 5056 -
1414 5013 1503 5064 ter
1530 5007 1803 5066 aufertisl
1827 5005 2033 5062 Videte
2064 5007 2261 5060 autem
2293 5008 2576 5076 quantum
2608 5004 2762 5076 quod
2795 5005 2969 5076 agitis
2991 5005 3064 5060 ab

1417 5097 1580 5156 omni
1609 5095 1980 5154 rectitudinis
2000 5094 2175 5150 distet
2195 5092 2445 5161 tramite,
2469 5099 2526 5149 et
2541 5111 2638 5149 vos
2669 5093 2984 5166 immergat
3004 5094 3063 5150 in

1420 5184 1662 5257 laqueos
1688 5185 2012 5257 iniustitia),
2041 5185 2203 5253 dum,
2230 5183 2384 5256 quod
2416 5184 2920 5240 sanctissimorum
2956 5184 3065 5240 Pa-

1420 5279 1577 5332 trum
1599 5273 1966 5330 severissima
1983 5279 2212 5331 constat
2233 5272 2834 5330 excommunicatione
2856 5273 3067 5328 ﬁrmis-

1420 5363 1662 5433 simum,
1685 5363 1769 5419 sic
1798 5363 2099 5420 deducatis
2121 5364 2192 5420 ad
2224 5361 2498 5429 nihilum,
2524 5367 2585 5417 ut
2619 5379 2718 5417 vos
2737 5361 2874 5418 talis
2905 5363 3069 5417 dam-

3166 4115 3430 4184 ecclesia,
3481 4115 3536 4169 in
3588 4133 3707 4186 qua
3754 4132 3853 4170 vos
3902 4115 4150 4182 fueritis,
4182 4116 4664 4177 ecclesiasticum
4709 4114 4797 4169 ofﬁ-

3167 4204 3324 4258 cium
3357 4204 3541 4257 t'acere
3583 4202 4083 4276 prmsumpserint,
4113 4205 4393 4263 similiter
4435 4202 4800 4264 excommuni-

3168 4310 3392 4349 camus.
3427 4292 3588 4356 Quod
3648 4297 3840 4348 autem
3900 4293 4076 4350 frater
4109 4299 4166 4350 et
4195 4297 4599 4370 coepiscopus
4653 4301 4800 4351 ηυεεθΐ

3169 4382 3330 4437 Oliva
3358 4382 3561 4438 exinde
3607 4381 3862 4451 solverit,
3898 4381 4004 4438 hoc
4056 4401 4162 4440 nos
4215 4385 4542 4454 solvimus,
4577 4392 4633 4444 et
4690 4378 4802 4457 quod

3169 4471 3456 4545 ligaverit,
3492 4470 3602 4525 hoc
3636 4471 3907 4542 ligamus.
3939 4471 4224 4528 Domnam
4258 4492 4397 4530 vero
4437 4475 4800 4532 Ermesindam

3170 4559 3556 4626 comitissam,
3589 4564 3644 4615 et
3677 4559 3862 4616 lilium
3903 4561 4032 4631 ejus
4081 4563 4522 4638 Berengarium
4572 4566 4648 4622 ab
4688 4575 4803 4618 omni

3171 4652 3282 4705 ista
3313 4648 3913 4706 excommunicaticne
3952 4651 4298 4724 excipimus,
4332 4653 4650 4727 simulque
4681 4650 4802 4706 illam

3171 4757 3273 4812 per
3302 4739 3486 4794 Deum
3519 4742 3575 4794 et
3618 4755 3898 4810 rogamus
3929 4744 3984 4795 et
4016 4757 4504 4812 commonemus,
4540 4748 4608 4799 ut
4651 4747 4803 4797 sancti

3174 4829 3341 4884 Petro
3364 4845 3587 4900 suoque
3610 4827 3871 4900 pontiﬁci
3901 4829 4182 4886 honorem
4209 4830 4495 4886 debitum
4531 4828 4803 4903 impende-

3173 4935 3276 4974 nec
3336 4916 3502 4972 illum
3561 4917 3841 4990 patiatur,
3877 4919 3936 4973 in
3977 4925 4268 4990 quantum
4327 4925 4565 4992 potest,
4619 4920 4806 4990 dispar

3171 5007 3336 5062 dium
3369 5007 3659 5063 sustinere
3692 5007 3958 5080 justitiaz.
3996 5008 4161 5064 Sicut
4190 5013 4396 5065 autem
4455 5027 4599 5067 eum
4649 5004 4806 5063 videri:

3172 5097 3434 5152 divinum
3469 5113 3617 5168 opus
3667 5113 3931 5152 exercere
3961 5097 4104 5154 velle
4153 5114 4258 5170 pro
4308 5115 4524 5171 posse,
4562 5099 4645 5156 sic
4691 5099 4808 5152 curet

3174 5185 3256 5240 illi
3304 5191 3579 5240 nocentes
3641 5186 3982 5258 potestative
4040 5187 4356 5258 corrigam,
4389 5197 4452 5245 et
4495 5183 4806 5244 omnimeds‘

3174 5275 3470 5346 adjuvare,
3502 5274 3692 5330 sciens
3743 5275 3852 5330 sibi
3895 5275 4196 5348 provenire
4225 5275 4298 5332 ad
4349 5275 4630 5347 lucrum,
4661 5274 4706 5331 si
4731 5285 4806 5328 ne:

3173 5381 3305 5420 eum
3341 5381 3514 5436 passa
3571 5364 3745 5419 fuerit
3803 5363 3895 5418 sui
3955 5365 4244 5421 sustinere
4282 5365 4498 5423 solatii
4545 5365 4807 5423 detrimen-

1421 5453 1600 5522 natio,
1640 5453 1752 5508 nisi
1807 5453 1962 5512 Deus
2019 5457 2260 5522 avertat,
2295 5452 2591 5524 possideat
2644 5451 2704 5506 in
2761 5456 3064 5506 aeternum.
3100 5437 3460 5508 Dmeutum.
3538 5452 3854 5509 Guilredus
3927 5461 4138 5509 sanctae
4215 5453 4432 5526 prima:
4519 5455 4807 5512 Narbone:-

1417 5543 1816 5601 Admonemus
1846 5543 2026 5618 igitur
2053 5559 2154 5600 vos
2187 5558 2289 5614 per
2319 5541 2524 5606 Patris,
2549 5545 2605 5597 et
2637 5540 2784 5606 Filii,
2808 5545 2864 5596 et
2891 5540 3068 5612 Spiri-

1417 5638 1516 5691 tus
1545 5634 1728 5690 sancti
1759 5633 2178 5707 semmternam
2225 5647 2520 5703 unamque
2552 5630 2848 5697 deitatem,
2881 5636 2938 5686 et
2969 5647 3072 5702 per

1292 5756 1340 5784 ’,ί
1361 5761 1378 5787 ,
1409 5723 1576 5794 beati
1591 5723 1840 5798 apostoli
1863 5723 2038 5793 Petri,
2061 5722 2231 5795 cujus
2252 5720 2435 5779 vicem
2457 5721 2753 5778 immerito
2778 5725 3071 5787 tenemus,

3179 5542 3260 5597 sis
3331 5541 3596 5598 Ecclesiae
3668 5542 4002 5616 episcopus.
4075 5543 4444 5598 Adalbertus
4521 5547 4806 5618 episcopus-

3181 5632 3511 5704 Stephanus
3543 5632 3855 5704 cpiscOpus
3885 5632 4210 5705 Agatensis.
4245 5633 4608 5706 Stephanus
4635 5631 4807 5707 (διείρεο-

3181 5738 3314 5794 pus.
