4938 6458
553 439 665 502 609

3817 440 3938 502 610

554 590 3929 621 Ἥ

2567 625 2888 633 _—_——.—

1896 781 2050 821 ANNO
2089 781 2293 821 DOMINI
2332 783 2575 822 MXLVIII.

1455 923 2308 1038 BODULFUS
2381 927 3043 1039 GLABER

1769 1114 2277 1172 CLUNIACENSIS
2317 1116 2725 1173 MONACHUS.

2033 1265 2445 1283 _

1275 1383 1620 1454 NOTITIA
1673 1384 2129 1456 HISTORICA
2182 1387 2270 1456 IN
2323 1385 2780 1458 RODULFUM
2832 1384 3245 1457 GLABRUM

1103 1556 1357 1629 (Monum.
1393 1556 1568 1614 Germ.
1601 1557 1758 1613 hist..
1792 1556 2000 1631 Script.
2033 1561 2176 1630 tom,
2197 1558 2318 1628 VII,
2349 1575 2418 1614 ex
2445 1559 2602 1632 praef.
2637 1559 2704 1615 G.
2736 1557 2927 1614 Waitz
2955 1527 3408 1630 in‘itodulfum.)

623 1857 848 1915 Suculis
871 1874 908 1914 κ
938 1865 993 1914 et
1021 1874 1097 1928 x1,
1131 1858 1324 1930 quibus
1355 1859 1415 1912 in
1443 1859 1692 1914 omnibus
1719 1858 1838 1933 fere
1888 1859 2200 1918 Germaniae
2226 1861 2282 1928 Α
2311 1860 2471 1916 dicto.
2504 1861 2735 1916 Litteras
2773 1859 3028 1914 celeriter
3071 1865 3122 1914 et
3168 1874 3284 1913 non
3326 1859 3446 1914 sine
3489 1859 3673 1930 fructu
3700 1859 3956 1918 didicisse

561 1947 846 2020 provinciis
878 1947 1088 2004 litterae
1114 1946 1270 2002 valde
1293 1955 1561 2018 provectae
1599 1953 1758 2003 erant
1803 1956 1856 2004 et
1893 1948 2208 2020 praesertim

565 2052 640 2092 res
668 2040 777 2091 tam
803 2035 873 2092 ab
920 2035 1173 2108 antiquis
1217 2050 1382 2106 quam
1427 2052 1460 2090 a
1489 2037 1686 2091 coaevis
1723 2044 1890 2105 gestae
1933 2037 2122 2108 sxpius
2158 2043 2212 2092 et

565 2125 759 2182 diverso
785 2123 944 2180 modo
969 2124 1252 2180 memoriae
1281 2122 1658 2194 tradebantur,
1688 2125 1873 2181 Gallia
1901 2126 1998 2180 vix
2034 2141 2209 2180 unum

566 2213 641 2270 vel
667 2213 899 2270 alterum
938 2211 1181 2285 protulit
1226 2212 1566 2284 scriptorem,
1599 2214 1696 2284 qui
1741 2229 1776 2268 a
1821 2213 2062 2283 caligine
2100 2229 2209 2285 qua

567 2311 667 2359 tota
708 2301 899 2358 obruta
948 2307 1075 2358 erat
1115 2299 1403 2372 provincia
1451 2308 1770 2372 emergeret,
1819 2299 2210 2372 historiamque

569 2393 651 2447 sui
693 2391 952 2463 temporis
1005 2388 1382 2445 conscriberet.
1429 2393 1560 2446 Post
1607 2388 1986 2454 Flodoardum,
2019 2389 2210 2445 Ricbe-

571 2498 684 2536 rum
727 2488 777 2537 et
823 2479 1138 2546 Dudoncm,
1167 2493 1268 2552 per
1313 2479 1718 2550 quinquaginta
1772 2493 1966 2550 annos,
2010 2487 2214 2550 praeter

568 2569 881 2626 Ademarum
908 2567 1308 2640 Aquitanicum
1355 2573 1406 2622 et
1439 2566 1788 2622 Odorannum
1832 2565 2209 2635 Senonensem,

570 2659 662 2730 qui
689 2647 1034 2716 brevissimus
1065 2659 1281 2712 tantum
1307 2655 1580 2727 nimisque
1595 2656 1812 2728 jejunos
1840 2655 2068 2712 annales
2085 2671 2212 2711 con-

570 2747 740 2815 gessit,
770 2747 996 2813 nullum
1027 2745 1270 2800 invenies
1301 2745 1397 2815 qui
1443 2745 1540 2798 hoc
1587 2760 1815 2800 munere
1858 2747 2082 2816 functus
2118 2745 2208 2799 sit.

572 2835 800 2907 Denique
827 2833 1038 2891 sacculo
1069 2849 1124 2888 ιι
1154 2831 1330 2886 medio
1365 2831 1662 2886 monachus
1708 2831 1930 2902 quidam
1979 2833 2211 2887 Clunia-

573 2925 736 2977 censis
763 2923 1060 2978 historiam
1091 2921 1452 2976 uniuersalem
1469 2920 1809 2975 scribendam
1829 2920 2216 2992 suscepit,inde

575 3029 604 3066 a
634 3011 788 3070 Bedze
806 3019 858 3069 et
883 3010 1062 3066 Pauli
1105 3010 1336 3066 Diaconi
1391 3009 1719 3080 temporibus
1767 3010 1910 3064 nihil
1953 3009 2218 3081 ejusmodi

580 3106 832 3158 tentatum
857 3117 971 3158 esse
997 3114 1310 3172 persuasus.
1344 3128 1412 3138 —
1441 3097 1701 3169 Rodulfus
1727 3099 2044 3169 cognomine
2085 3098 2214 3155 Gla-

579 3191 667 3246 ber
695 3191 790 3264 (Ι),
825 3192 886 3246 in
910 3187 1242 3260 Burgundia
1290 3196 1351 3242 ut
1392 3187 1608 3242 videtur
1635 3193 1815 3252 natus,
1837 3188 1960 3258 jam
2009 3186 2209 3242 duode-

575 3282 704 3334 cimo
734 3295 880 3335 anno
910 3279 980 3333 ab
1011 3276 1284 3332 avunculo
1330 3273 1592 3330 monacho
1641 3275 1948 3347 disciplinae
1979 3275 2217 3330 traditus

575 3372 647 3424 est
699 3367 1026 3424 monasticae
1079 3367 1142 3421 in
1197 3364 1440 3420 coenobio
1483 3364 1541 3418 S.
1573 3363 1885 3435 Leodegarii
1933 3364 2220 3436 Campeilis

643 3506 714 3577 (Ι)
746 3507 807 3578 Id
833 3511 924 3562 est
953 3507 1194 3578 Calvus,-
1225 3505 1298 3561 cf.
1333 3505 1403 3561 de
1427 3504 1486 3560 Ia
1513 3504 1702 3578 (ΖΨ-μς
1733 3505 1802 3560 de
1833 3503 2122 3578 St;PeIay9
2161 3505 2217 3578 in

576 3575 718 3633 Mem.
748 3577 814 3633 de
845 3577 1053 3634 l'Acad.
1085 3577 1175 3633 des
1206 3579 1558 3648 inscriptions
1574 3576 1722 3648 XIII,
1756 3577 1969 3648 p.549.
1995 3575 2218 3648 Budul-

578 3651 929 3721 tiumyerum
954 3650 1088 3721 ejus
1121 3665 1330 3721 nomen
1363 3645 1545 3721 fuisse
1573 3645 1712 3721 Yita'
1735 3645 2008 3704 Willelmi
2029 3651 2219 3703 osten-

577 3720 680 3786 dit,
703 3719 818 3792 huc
849 3717 1320 3792 soloiinscripta;
1348 3717 1485 3792 yide
1513 3717 1684 3792 infra.

643 3791 717 3862 (2)
747 3791 812 3860 V,
844 3792 867 3848 Ι
909 3810 924 3848 :
956 3791 1103 3846 Nam
1125 3787 1258 3846 dum
1303 3787 1600 3862 aliquando
1647 3790 1730 3862 in
1759 3789 1904 3845 beati
1950 3789 2218 3862 martyris

581 3859 886 3932 Leodegarii
911 3863 1244 3917 monasterio
1285 3859 1426 3932 quod
1469 3861 1758 3931 Campellis
1805 3859 2222 3928 cognominatur

581 3932 657 4002 (in
684 3931 912 3990 dioecesi
947 3931 1329 4004 Lingonensi)
1356 3933 1560 4003 positus
1588 3932 1851 4004 degerem.
1880 3972 1892 3984 .
1919 3973 1933 3984 .
1961 3973 1974 3985 .
2006 3932 2220 4004 Interea

582 4005 822 4073 conﬁteri
848 4021 961 4061 non
987 4003 1262 4068 erubesco,
1294 4019 1382 4056 me
1410 4019 1519 4058 non
1547 4004 1722 4057 solum
1765 4003 1825 4056 in
1869 4003 2099 4072 peccatis
2123 4018 2221 4072 pa-

584 4083 791 4128 rentum
815 4091 1062 4130 meorum
1091 4076 1339 4145 genitum
1363 4075 1554 4144 fuisse,
1569 4089 1757 4127 verum
1775 4073 1954 4145 etiam
1979 4073 2220 4127 moribus

584 4145 948 4215 importunum
977 4153 1030 4202 et
1059 4143 1268 4200 actibus
1300 4143 1711 4215 intolerabilem;
1726 4143 1853 4214 plus
1881 4157 2046 4215 quam
2081 4158 2218 4215 nare

584 4213 696 4287 rari
721 4225 877 4287 queat
907 4217 1200 4272 exstitisse.
1241 4216 1300 4270 Vi
1324 4217 1493 4270 etiam
1520 4213 1804 4284 cujusdam
1831 4213 2222 4287 monachi,mei

581 4285 778 4342 scilicet
842 4287 1130 4351 avunculi,
1183 4287 1480 4341 abstractus
1526 4301 1561 4340 a
1601 4285 2028 4355 perversissima,
2053 4301 2220 4356 quam

579 4371 687 4424 prae
732 4361 943 4414 exteris
991 4358 1240 4426 agebam,
1270 4357 1558 4412 saecularis
1605 4357 1732 4410 vitae
1787 4356 2049 4426 vanitate,
2090 4371 2221 4426 cum

583 4442 740 4499 essem
765 4432 936 4499 ferme
963 4425 1246 4493 duodenis,
1262 4436 1423 4499 atque
1443 4426 1740 4499 monachili
1761 4425 1981 4499 indutus
2002 4425 2215 4491 habitu,

583 4495 681 4552 heu
705 4495 838 4570 proh
865 4501 1056 4556 dolor!
1088 4495 1346 4570 quoniam
1377 4501 1517 4553 veste
1540 4495 1892 4570 solummodo,
1911 4511 2021 4570 non
2045 4503 2221 4570 mente

583 4567 828 4652 mutatus.
863 4567 1225 4652 Qumcunque
1249 4571 1396 4652 enim
1429 4587 1461 4623 a
1479 4568 1736 4652 patribus
1764 4567 2218 4652 velspiritalibus
2245 4585 2289 4652 ο

579 4638 839 4706 fratribus
864 4637 1111 4698 modesta
1131 4637 1190 4696 'et
1219 4643 1412 4695 sancta
1439 4637 1756 4694 cbaritative
1782 4637 1924 4692 mihi
1957 4653 2215 4706 suggere-

582 4718 782 4778 rentur,
813 4713 1115 4768 truculenti
1143 4713 1320 4766 animi
1358 4711 1642 4780 inflatione
1692 4708 1970 4780 turgidum
2008 4715 2219 4762 scutum

580 4780 747 4853 cordis
772 4800 987 4853 gerens,
1023 4783 1262 4838 dictante
1288 4779 1562 4853 superbia,
1593 4797 1664 4834 ne
1687 4779 1936 4853 salubria
1961 4795 2050 4834 me
2089 4794 2216 4853 con-

579 4850 864 4926 tingerent,
919 4854 1276 4926 apponebam.
1328 4850 1532 4926 Dehinc
1574 4850 1879 4926 senioribus
1929 4866 2039 4904 non.
2093 4850 2214 4904 obe-

577 4919 746 4990 diens,
800 4919 1175 4998 coaequalibus
1237 4923 1510 4998 molestus,
1563 4922 2212 4998 junioribusonerosus,

578 4999 754 5066 atque,
773 4999 834 5050 ut
861 4992 988 5052 vere
1013 4997 1215 5066 fatear,
1229 4995 1498 5050 universis
1526 4995 1637 5048 mei
1651 4993 1948 5066 praesentia
1976 4992 2215 5066 gravedo

577 5061 707 5128 erat,
741 5065 991 5122 levamen
1013 5061 1303 5122 'absentia.
1356 5070 1628 5121 Praeterea
1653 5061 1761 5118 ’his
1806 5065 1860 5117 et
1905 5061 2218 5133 hujusmodi

573 5135 822 5208 praedicti
851 5138 1192 5208 locifratres
1221 5137 1476 5205 instigati
1501 5133 1829 5208 expulerunt
1858 5148 1945 5187 me
1972 5149 2006 5187 a
2033 5139 2220 5208 contw

579 5202 754 5262 bernio
795 5224 911 5264 sua:
958 5201 1344 5274 habitationis,
1359 5201 1584 5262 'tamen'
1606 5206 1832 5261 scientes
1878 5219 1988 5274 non
2036 5201 2217 5273 de/ore

575 5275 712 5330 mihi
734 5278 911 5334 locum
941 5280 1256 5350 quempiam
1280 5273 1658 5333 cammanendi
1679 5284 1888 5331 tantum
1919 5273 1982 5330 ob
2003 5274 2214 5328 littera-

577 5350 768 5402 toriam
790 5351 1089 5406 notionem.

645 5417 714 5493 (3)
747 5418 939 5493 Pergit
967 5419 1097 5476 loco
1127 5418 1363 5493 laudato
1396 5435 1411 5493 :_
1443 5423 1570 5475 Post
1593 5417 1690 5493 hoc
1719 5417 2214 5493 igitur_in_mo_na-

575 5488 730 5562 sterio
755 5487 942 5546 sancti
985 5491 1224 5562 Benigni
1279 5490 1632 5546 Divionensis
1675 5487 1939 5559 martyris
1987 5487 2212 5552 locatus,

575 5559 677 5612 etc.

644 5627 713 5701 (4)
749 5629 896 5703 Loco
923 5629 1168 5698 laudato
1201 5646 1214 5685 :
1251 5631 1422 5688 Tertio
1451 5645 1659 5703 quoque
1685 5644 1810 5703 cum
1856 5625 2000 5700 apud
2045 5641 2214 5682 cerno-

577 5694 719 5755 bium
761 5701 934 5761 beatae
981 5694 1296 5776 seniperque
1347 5694 1589 5772 Virginis
1629 5701 1834 5757 Mariae
1870 5694 2214 5769 cognomento

2316 1949 2560 2014 videtur;
2588 1947 2679 2004 sed
2702 1955 2924 2020 propter
2950 1947 3200 2002 animum
3229 1947 3414 2014 levem,
3447 1947 3726 2004 turbidum
3751 1956 3805 2006 et
3839 1953 3953 2004 tra-

2315 2038 2610 2105 c-ulentum,
2633 2039 2746 2108 ipso
2775 2044 2924 2104 teste,
2955 2052 2986 2091 a
3014 2033 3286 2107 fratribus
3314 2035 3569 2109 expulsus
3587 2044 3664 2094 est
3693 2037 3768 2110 (2)
3811 2038 3957 2096 Unde

2317 2127 2498 2198 ipsum
2543 2141 2642 2196 per
2693 2124 2862 2196 plura
2913 2124 3247 2181 monasteria
3303 2125 3626 2195 profectum,
3679 2124 3836 2182 modo
3895 2127 3956 2182 in

2314 2215 2372 2269 S.
2408 2213 2646 2284 Benigni
2672 2213 2987 2269 Divionensi
3015 2212 3114 2284 (3),
3149 2210 3304 2268 modo
3352 2213 3414 2266 in
3461 2210 3810 2269 Helercdensi
3855 2213 3956 2286 (4),
4049 2273 4056 2280 ,

2315 2303 2376 2356 in
2413 2303 2469 2358 S.
2505 2301 2763 2358 Germani
2815 2299 3276 2356 Antissiodorensi
3313 2298 3386 2372 (5)
3433 2303 3487 2354 et
3542 2300 3803 2356 Besuensi
3855 2302 3956 2374 (6),

2317 2389 2549 2462 denique
2582 2389 2836 2445 Cluniaci
2880 2388 3087 2460 degisse
3129 2386 3394 2443 videmus.
3423 2387 3650 2446 Divione
3701 2390 3960 2446 Willelmi

2317 2477 2526 2532 abbatis
2550 2477 2890 2532 celeberrimi
2912 2476 3351 2547 familiaritatem
3384 2475 3606 2546 adeptus
3631 2481 3730 2544 est,
3762 2479 3960 2551 quippe

2319 2582 2478 2637 quem
2511 2565 2720 2622 Christi
2747 2581 2892 2620 anno
2924 2565 3062 2619 1028
3093 2566 3152 2619 in
3197 2563 3416 2619 Italiam
3457 2566 3742 2622 comitatus
3783 2568 3854 2622 sit
3879 2567 3958 2638 (7)

2319 2661 2477 2725 atque
2519 2653 2671 2724 cujus
2723 2655 2893 2709 Vitam
2943 2655 3059 2724 ipso
3102 2659 3312 2707 mortuo
3357 2653 3733 2724 conscripserit
3775 2655 3963 2728 (quam

2321 2742 2535 2797 edimus
2562 2743 2760 2813 infra).
2796 2741 3016 2798 Ultimis
3045 2741 3173 2797 vita:
3201 2741 3366 2795 annis
3396 2742 3452 2796 in
3486 2741 3832 2798 Cluniacensi
3848 2760 3962 2800 mo-

2320 2832 2578 2895 nasterio,
2611 2830 2752 2902 quod
2802 2838 2933 2885 tunc
2976 2830 3078 2884 sub
3127 2827 3352 2884 0dilone
3397 2831 3641 2899 ﬂorebat,
3692 2833 3832 2888 vixit
3860 2831 3960 2904 (8),

2321 2921 2506 2975 abbati
2536 2921 2626 2974 illi
2651 2919 2987 2990 conjunctus,
3019 2918 3175 2989 cujus
3195 2917 3360 2988 jussu
3399 2920 3744 2992 fratrumque
3785 2923 3964 2992 preci-

2323 3008 2422 3063 bus
2450 3007 2714 3062 adduclus
2743 3014 2839 3073 est,
2867 3014 2928 3060 ut
2969 3005 3280 3073 Historiam,
3303 3005 3425 3076 jam
3481 3005 3739 3062 Willelmi
3781 3015 3964 3065 aucto-

2320 3097 2482 3150 ritate
2511 3096 2778 3166 inceptam
2808 3093 2906 3164 (9),
2938 3092 3232 3148 absolveret
3263 3093 3398 3163 (10).
3430 3093 3529 3148 Res
3565 3095 3711 3150 circa
3753 3103 3806 3152 et
3845 3103 3966 3168 post

2323 3200 2532 3238 annum
2559 3182 2916 3238 millesimum
2945 3182 3004 3235 in
3035 3187 3267 3252 quatuor
3291 3180 3488 3236 mundi
3511 3183 3762 3252 partibus
3786 3193 3966 3252 gestas

2331 3272 2672 3328 conscribere
2702 3271 2812 3342 ipsi
2835 3269 3169 3342 propositum
3189 3269 3322 3340 fuit,
3344 3283 3479 3340 quas
3524 3270 3684 3326 initio
3729 3271 3964 3337 brevius,

2321 3369 2500 3432 postea
2525 3361 2831 3414 accuratius
2860 3358 3126 3430 exposuit,
3159 3357 3237 3412 ita
3266 3363 3327 3412 ut
3367 3373 3533 3429 usque
3569 3356 3640 3412 ad
3675 3373 3768 3415 an.
3801 3359 3960 3428 1044,

2331 3500 2688 3559 Melercdense
2717 3500 3046 3566 dcmorarer,
3077 3502 3184 3554 etc.
3219 3497 3494 3569 (Moutiers
3543 3497 3599 3554 in
3650 3497 3814 3557 diwc.
3846 3502 3962 3556 Au-

2323 3573 2669 3629 tissioduren
2679 3571 2774 3641 si.)

2418 3651 2658 3720 5)V.t.

2503 3655 2679 3789 alii:
2707 3721 2872 3804 cujus
2902 3720 3040 3776 socii
3064 3722 3386 3776 revertentes
3403 3717 3560 3775 nobis
3579 3734 3703 3792 quae
3720 3719 3966 3804 diximus

2399 3802 2448 3848 tu
2471 3797 2634 3848 erunt
2659 3801 2846 3848 vosttts
2877 3796 3007 3846 tunc
3033 3789 3179 3848 apud
3218 3791 3412 3848 Besuee
3455 3795 3864 3848 monasterium.
3903 3795 3964 3848 In

2327 3789 2646 3864 retulerunt
2655 3789 2846 3864 positis
2877 3796 3007 3864 tunc
3033 3789 3179 3862 apud
3218 3791 3412 3848 Besuee
3455 3789 3864 3864 monusterium.
3903 3795 3964 3848 In

2328 3863 2545 3936 Majore
2593 3863 2950 3936 ~Mfouusterio
2998 3864 3381 3936 (Marmoutier
3436 3863 3966 3936 prope__Turonos)

2325 3931 2523 4008 ipsum
2553 3934 2765 4008 vixisse
2789 3951 2903 4008 non
2935 3932 3210 4008 putarim.
3239 3931 3384 3988 Nam
3414 3931 3590 4008 ierb'a
3627 3932 3694 3994 V,
3728 3931 3970 4008 i_:_£rat

2325 4003 2611 4076 siquidem,
2636 4013 2696 4060 ut
2721 4006 2829 4076 ipsi
2853 4003 3253 4076 perspeximus,
3284 4012 3396 4076 mos
3428 4003 3582 4076 illius
3609 4004 3858 4076 ctenobii,
3891 4004 3964 4076 {id

2327 4071 2704 4146 Cl'uniacense
2735 4071 2996 4146 épeétare
3025 4073 3310 4128 videntur.
3341 4071 3605 4146 Iualtero
3635 4073 3790 4146 enim
3813 4073 3966 4130 codi-

2327 4163 2390 4202 ce
2420 4145 2648 4202 nonnisi
2683 4143 2984 4201 recentiori
3008 4159 3186 4216 manu
3210 4158 3344 4215 pro:
3365 4143 3652 4199 Clunicnse
3677 4144 3965 4216 scriptum

2326 4221 2416 4273 est
2448 4234 2460 4273 :
2492 4217 2731 4289 Majoris
2760 4215 3106 4272 Monasterii.

2458 4306 2476 4376 )
2508 4305 2601 4371 IV,
2631 4305 2666 4358 3
2693 4321 2705 4359 :
2729 4305 2893 4376 ,Nam
2927 4310 2980 4358 et
3019 4308 3224 4376 egomet
3261 4317 3388 4376 cum
3437 4303 3636 4373 saepius
3685 4304 3963 4361 nominato

2325 4373 2515 4433 abbate
2543 4376 2678 4432 illuc
2703 4375 2990 4446 deveniens
3020 4373 3725 4446 intereram.Impostorem
3757 4389 3962 4446 quem-

2325 4449 2482 4517 dam,
2515 4447 2614 4518 qui
2649 4445 2925 4516 reliquias
2954 4446 3175 4514 ﬁxerat,
3208 4443 3522 4514 redarguit.

2395 4535 2472 4607 (8)
2505 4535 2599 4600 ΙΙΙ,
2632 4534 2701 4607 3ε
2735 4535 2873 4589 Nam
2899 4548 3022 4588 cum
3048 4548 3152 4607 ego
3167 4530 3506 4607 postmodum
3533 4533 3593 4586 in
3632 4535 3962 4590 monasterio

2327 4601 2673 4663 Cluniacensi
2707 4621 2832 4660 cum
2879 4601 3094 4659 cancris
3119 4601 3387 4674 fratribus
3414 4601 3656 4670 degerem
3705 4619 3961 4660 convene-

2324 4685 2457 4733 runt
2484 4678 2618 4732 illuc
2645 4676 2714 4731 ab
2744 4676 3023 4746 Hispaniis
3070 4673 3420 4746 q-uamplures
3463 4673 3703 4730 honestae
3739 4690 3959 4730 conver-

2322 4749 2552 4872 sationi;
2565 4750 2696 4830 jam
2722 4745 2928 4801 dudum
2971 4761 3120 4801 more
3161 4745 3395 4800 viventes
3429 4745 3672 4815 propriae
3721 4747 3961 4814 regionis

2323 4835 2518 4872 monac
2537 4835 2602 4872 u;
2984 4859 2996 4872 .

2323 4835 2602 4875 τηοηαινη.·
2984 4859 2996 4876 κ

2395 4907 2474 4977 (9)
2502 4905 2633 4960 Vita
2660 4903 2930 4962 Willelmi
2962 4919 3012 4958 c.
3147 4919 3170 4977 :_
3189 4901 3472 4977 Quondam
3517 4917 3762 4977 meorum
3783 4904 3960 4977 culpis

2322 4973 2635 5049 facinorum
2683 4977 2912 5048 oﬂ‘ensus
2959 4973 3358 5049 (Willelmus),
3390 4980 3450 5049 ut
3493 4975 3642 5049 sensi
3686 4973 3848 5049 illum
3873 4973 3960 5049 'ad

2325 5041 2515 5104 horam
2542 5041 3142 5117 antaricatum,4secessi
3167 5045 3226 5117 in
3253 5041 3409 5099 aliud
3428 5041 3736 5117 coenobium
3787 5046 3960 5117 ipsius

2321 5119 2525 5174 ditioni
2550 5119 2781 5173 minime
2807 5115 3122 5181 subditum;
3150 5114 3384 5186 dumque
3413 5114 3534 5170 illic
3575 5114 3840 5186 degerem,
3869 5115 3963 5172 ad-

2322 5191 2525 5244 stitisse
2552 5189 2696 5243 mihi
2727 5204 2841 5243 una
2869 5190 3023 5242 nocte
3063 5187 3209 5257 visus
3255 5185 3332 5241 est
3375 5189 3594 5257 aspectu
3629 5185 3866 5257 placido,
3896 5203 3962 5242 ac

2320 5277 2493 5315 manu
2523 5261 2718 5331 injecta
2745 5266 2905 5330 caput
2931 5257 3073 5312 mihi
3098 5256 3404 5331 demulcens
3439 5256 3640 5331 '_aiebat
3657 5273 3671 5312 :
3691 5257 3844 5331 Rogo
3887 5273 3961 5331 ne

2321 5347 2408 5386 me
2463 5327 2692 5395 deseras,
2713 5332 2764 5384 si
2806 5327 2918 5384 non
2957 5332 3010 5382 te
3052 5342 3240 5382 amare
3285 5327 3556 5399 ﬁngebas;
3602 5327 3740 5398 quin
3778 5327 3960 5399 potius

2321 5417 2570 5457 exercere
2597 5408 2648 5456 te
2675 5401 2828 5472 cupis
2857 5413 2982 5472 quae
3006 5399 3349 5472 promiseras.
3377 5399 3550 5470 Ipsius
3577 5413 3825 5472 namque
3841 5399 3958 5472 im-

2317 5474 2477 5544 perio
2499 5467 2755 5544 maxima
2767 5467 2987 5544 jamqex
3001 5467 3158 5544 parte
3175 5467 3960 5544 eventorupiatqueprodigio-

2321 5539 2445 5598 rum
2474 5557 2600 5614 quae
2625 5539 2780 5614 circa
2799 5549 2851 5614 et
2886 5539 3038 5614 infr'a
3083 5541 3364 5614 incarnati
3407 5539 3705 5596 Salvatoris
3750 5550 3958 5592 annum

2320 5611 2592 5684 contigere
2616 5611 2976 5668 millesimum
2998 5611 3410 5686 descripseram.

2393 5693 2505 5771 (10)
2533 5691 2676 5750 Vide
2699 5690 3124 5768 prafa‘tionem.
