3852 6422
81 429 204 489 013

1016 428 1558 493 HISTOIIIARUM
1602 430 1809 493 LIBRI
1854 431 2224 503 QUINQUE.
2260 466 2335 474 —
2366 430 2511 493 LIB.
2558 428 2607 491 Ι.

3383 435 3501 498 GM

86 562 384 634 temporis
421 580 534 617 non
568 563 865 636 quispiam
895 563 1185 631 existeret,
1220 564 1317 636 qui
1365 563 1577 619 futuris
1627 570 1749 636 post
1786 569 1838 632 Α
1870 582 1935 618 ac
1977 563 2241 618 fraterna:
2291 563 2571 619 voluntati
2624 563 2850 630 oliedio,
2900 564 3173 635 primitus
3222 567 3504 623 duntaxat

88 670 197 707 nos
234 651 598 723 multiplicia
629 653 751 707 hmc
770 671 894 725 qure
923 653 1333 707 videnturtieri
1352 659 1468 707 tam
1496 653 1549 706 in
1565 653 1753 708 Eccle-

85 740 192 795 siis
226 739 360 806 Dei,
397 757 573 812 quam
609 739 668 796 in
700 740 994 813 plebibus,
1017 740 1260 796 minime
1286 741 1754 813 abdendaquali-

88 846 329 901 cunque
388 828 524 900 styli
584 830 988 902 pernotatione
1045 830 1378 886 mandaret:
1431 831 1754 903 prmsertim

88 935 247 983 cum,
297 916 601 973 Salvatore
653 922 819 985 teste,
869 936 1054 990 usque
1086 918 1145 973 in
1194 918 1465 974 ultimam
1515 919 1755 974 extremi

92 1005 203 1060 diei
236 1006 473 1073 horam,
509 1012 711 1061 sancto
728 1006 946 1079 Spiritu
964 1008 1465 1079 eoopcrante,ipse
1497 1007 1756 1063 facturus

92 1094 166 1149 sit
198 1094 258 1148 in
295 1096 526 1150 mundo
548 1113 697 1151 nova
712 1113 847 1151 cum
881 1095 1064 1151 Patre.
1090 1097 1157 1151 Et
1189 1095 1540 1167 quoniamin
1568 1097 1755 1167 spatio

92 1184 208 1238 fere
240 1183 641 1239 ducentorum
666 1202 955 1240 annorum
984 1185 1571 1257 nemoistaappetcns
1590 1184 1759 1240 exsti-

95 1273 182 1338 tit,
217 1271 277 1327 id
310 1276 424 1338 est,
462 1278 595 1344 post
628 1274 843 1328 Bedam
869 1273 1179 1328 Britanniae
1201 1274 1626 1345 presbyterum,
1653 1290 1756 1328 seu

96 1359 270 1415 Italire
304 1359 587 1426 Paulum,
618 1362 717 1433 qui
750 1360 1127 1417 historialitcr
1158 1360 1459 1433 quidpiam
1509 1362 1755 1432 posteris

100 1448 357 1503 misisset
388 1450 714 1520 scriptum:
744 1466 994 1521 quorum
1028 1456 1270 1521 uterque
1294 1449 1596 1504 historiam
1632 1466 1758 1520 pro-

98 1536 229 1608 priae
260 1537 483 1609 gentis,
515 1536 605 1592 vel
640 1539 838 1609 patria:
860 1538 1140 1593 condidit.
1162 1538 1312 1592 Dum
1339 1538 1604 1592 videlicet
1626 1556 1756 1592 con-

101 1630 209 1680 stet
239 1629 361 1681 tam
396 1626 455 1680 in
490 1626 632 1681 orbe
684 1627 965 1691 Romano,
1020 1643 1194 1698 quam
1234 1625 1289 1679 in
1342 1625 1757 1681 transmarinis

102 1730 196 1767 seu
228 1713 507 1769 barbaris
542 1713 858 1786 provinciis
890 1714 1163 1786 perplura
1193 1714 1513 1781 devenisse,
1556 1732 1682 1785 qua:
1707 1714 1755 1767 si

103 1802 391 1856 memoriae
419 1803 981 1857 commendarentur
1010 1803 1269 1874 proﬁcua
1301 1802 1548 1856 nimium
1574 1802 1757 1857 homi-

105 1889 271 1943 nibus
305 1890 521 1955 forent,
556 1895 730 1961 atque
763 1891 834 1944 ad
874 1890 1363 1945 commodandum
1416 1889 1749 1960 quibusque

106 1978 336 2034 cautelze
364 1978 636 2032 studium
671 1979 1045 2050 potissimum
1070 1979 1363 2049 juvarent.
1397 1979 1519 2033 Non
1563 1979 1754 2033 secius

106 2083 233 2135 ergo
259 2084 387 2139 qua:
419 2066 727 2133 dicuntur,
762 2068 902 2138 quin
947 2066 1118 2121 solito
1168 2065 1550 2137 multiplicius
1601 2066 1754 2120 circa

107 2155 479 2211 millesimum
505 2155 815 2210 humanati
833 2154 1367 2209 ChristiSalvatoris
1386 2155 1753 2225 contigerunt

107 2259 335 2299 annum.
372 2245 439 2299 Et
472 2243 694 2298 idcirco
726 2247 900 2315 prout
930 2242 1088 2299 valeo
1131 2248 1331 2298 vestrae
1380 2242 1749 2315 praeceptioni

1863 658 2229 719 ostensurus,
2255 669 2591 725 quanquam
2621 652 2779 709 salus
2807 670 3091 708 annorum
3127 671 3158 707 a
3182 657 3503 712 mundiori-

1862 740 1997 813 gine
2030 746 2333 813 pernotata
2377 741 2699 796 secundum
2751 740 3119 795 Hebraeorum
3167 741 3439 797 historias
3472 762 3506 801 a

1863 828 3503 902 Septuagintainterpretumtranslationediscrepet.lllud

1864 922 2059 971 tamen
2093 919 2417 972 certissime
2431 919 2931 981 commendamus,
2948 919 3097 989 quod
3116 936 3304 975 annus
3324 919 3509 975 incar-

1866 1004 1986 1060 nati
2015 1006 2186 1060 Verbi
2221 1005 2573 1061 millesimus
2600 1007 2893 1062 secundus
2914 1007 3034 1078 ipse
3058 1007 3135 1062 sit
3161 1008 3319 1081 regni
3353 1013 3507 1065 Hen-

1866 1094 1968 1148 rici
2002 1098 2289 1150 Saxonum
2324 1094 2478 1166 regis
2520 1096 2766 1166 primus.
2802 1096 2991 1151 Isdem
3035 1113 3266 1168 quoque
3315 1115 3506 1155 annus

1866 1182 2098 1236 Domini
2134 1182 2483 1239 millesimus
2517 1184 2624 1238 fuit
2655 1184 2814 1256 regni
2848 1184 3105 1240 Rotbcrti
3150 1185 3501 1244 Francorum

1866 1271 2019 1343 regis
2052 1272 2259 1328 tertius
2283 1270 2568 1327 decimus.
2604 1272 2703 1327 Isti
2737 1272 2913 1344 igitur
2943 1274 3058 1329 duo
3090 1274 3147 1329 in
3182 1280 3379 1332 nostro
3430 1277 3507 1334 ci-

1865 1361 1953 1413 tra
1985 1360 2209 1415 marino
2242 1361 2379 1416 orbe
2411 1364 2551 1415 tunc
2599 1360 3082 1418 Christianissimi
3145 1369 3319 1436 atque
3360 1384 3503 1438 prea-

1866 1447 2103 1503 maximi
2163 1448 2550 1504 habebantur.
2603 1451 2859 1514 Quorum
2925 1450 3171 1522 primus,
3237 1452 3506 1509 videlicet

1866 1536 2168 1604 Henricus,
2213 1536 2541 1591 Romanum
2592 1539 2962 1608 postmodum
2990 1541 3268 1613 sumpsit
3318 1541 3504 1613 impe-

1866 1625 2040 1680 rium.
2107 1624 2287 1680 Icirco
2319 1642 2451 1680 vero
2494 1625 2728 1681 illorum
2778 1627 3115 1682 memoriale
3165 1629 3333 1684 seriei
3358 1635 3504 1687 tem-

1865 1730 2073 1785 porum
2108 1712 2514 1769 stabilivimus.
2540 1714 2818 1770 Praeterea
2842 1716 3119 1786 quoniam
3152 1717 3222 1773 de
3252 1723 3507 1790 quatuor

1866 1802 2147 1856 mundani
2182 1802 2341 1857 orbis
2374 1803 2627 1874 partium
2657 1804 2959 1859 eventibus
2993 1804 3231 1860 relaturi
3274 1823 3502 1873 sumus,

1863 1888 2105 1959 dignum
2139 1890 2367 1946 videtur
2398 1895 2461 1945 ut
2490 1891 2649 1946 cordi
2681 1897 2787 1958 est,
2835 1893 2933 1963 qui
2968 1893 3170 1965 utique
3217 1893 3504 1967 religiosis

1810 1965 1832 1994 ’
1864 1976 2179 2048 loquimur,
2214 1982 2278 2033 ut
2308 1978 2424 2033 vim
2454 1980 2660 2034 divina:
2683 1985 2735 2034 et
2750 1981 3050 2035 abstractae
3074 1965 3502 2053 quaternitatis,

1862 2066 2104 2137 ejusque
2132 2068 2488 2122 conformem
2529 2069 3016 2135 convenientiam,
3068 2069 3313 2126 Domino
3358 2088 3503 2143 pra:-

1861 2160 2054 2222 cunte,
2089 2159 2359 2227 suscepto
2392 2154 2550 2227 operi
2583 2155 2934 2213 inseramus.

1046 2455 2751 2467 mmm

1412 2636 1729 2720 LIBER
1791 2634 2213 2722 PRIMUS

1176 2808 1537 2863 INCIPIUNT
1577 2809 1924 2865 CAPITULA
1967 2811 2158 2865 LIBRI
2201 2812 2414 2867 PRIMI.

316 2946 357 2996 I.
440 2944 546 3007 .Dc
583 2940 779 2995 divina
802 2940 1213 3010 qualernilule.

311 3014 382 3067 II.
465 3018 552 3067 De
584 3012 831 3081 Rodat/'0
856 3028 1009 3081 rege.

313 3083 404 3138 Ill.
490 3088 573 3138 De
606 3082 876 3138 holitorio
906 3099 1060 3153 rege.

314 3153 405 3209 IV.
483 3154 601 3223 Qui
628 3155 991 3221 postmodum
1026 3160 1210 3209 Itomzr
1242 3154 1626 3223 imperatores
1656 3154 2006 3209 exstiterint.

313 3227 379 3279 ν.
485 3230 570 3280 De
593 3241 957 3295 paganorum
988 3226 1191 3294 plagis.

639 3480 873 3535 CAPUT
912 3479 1219 3535 PRIMUM.

569 3571 645 3624 Dc
675 3569 867 3623 divina
904 3570 1290 3639 quaternitm‘e.

187 3654 605 3728 Multiplicibus
666 3657 872 3728 ﬁguris
926 3656 1244 3727 formisque
1290 3655 1441 3711 Deus
1490 3657 1756 3711 conditor

125 3742 512 3799 universorum
566 3744 940 3817 distinguens
988 3759 1055 3799 ea
1081 3761 1206 3815 quze
1260 3744 1408 3814 fecit,
1461 3750 1527 3799 ut
1555 3762 1657 3817 per
1686 3762 1755 3800 ea

122 3846 237 3897 quze
262 3831 453 3886 vident
483 3832 662 3903 oeuli,
684 3833 768 3887 vel
804 3832 1076 3905 intelligit
1119 3832 1373 3898 animus,
1425 3831 1755 3888 sublevaret

122 3914 401 3974 hominem
423 3921 723 3975 eruditum
749 3921 819 3975 ad
836 3920 1161 3992 simplicem
1179 3921 1419 3976 Deitatis
1449 3922 1749 3976 intuitum.

124 4001 177 4056 ln
198 4004 285 4059 his
300 4023 434 4079 ergo
461 4009 906 4079 perscrutandis
929 4009 1463 4080 pernoscendisque
1479 4009 1754 4081 primitus

123 4089 360 4149 claruerc
416 4096 617 4151 Patres
675 4099 1004 4151 Grmcorum
1064 4095 1331 4152 catholici
1388 4095 1755 4153 mediocriter

126 4176 453 4251 philosophi.
487 4183 636 4239 Cum
651 4182 808 4238 enim
840 4183 898 4237 in
917 4182 1187 4254 plurimis
1204 4184 1545 4239 exercitatos
1578 4185 1751 4239 habe-

127 4272 243 4320 rent
272 4286 477 4326 sensus
508 4272 753 4343 perinde
785 4272 842 4326 in
865 4272 1258 4342 quarumdam
1281 4273 1751 4343 quaeternitatum

127 4354 523 4426 speculatione,
558 4377 663 4431 per
694 4377 872 4431 quam
906 4377 1163 4432 praesens
1194 4361 1453 4416 mundus
1481 4360 1752 4416 inﬁrmus

128 4442 480 4517 mundusque
494 4446 734 4503 futurus
747 4448 1175 4522 daturintelligi
1195 4450 1752 4520 supernus.Quater-

127 4526 321 4586 nitatcs
348 4549 479 4590 vero
520 4551 749 4604 earum,
801 4553 928 4608 quae
960 4535 1017 4591 in
1049 4554 1177 4592 sese
1229 4538 1499 4602 reﬂexus,
1546 4535 1686 4590 dum
1718 4553 1753 4591 a

128 4615 278 4672 nobis
297 4620 601 4693 despertiri
624 4624 1312 4697 immobilitercmperint,
1335 4630 1557 4679 mentes
1574 4623 1750 4679 simul

127 4707 282 4773 atque
300 4706 629 4767 intellectus
642 4730 703 4768 se
718 4711 1146 4784 speculantium
1162 4711 1470 4768 alacriores
1482 4713 1747 4768 reddent.

125 4786 364 4849 Quatuor
391 4797 572 4870 igitur
600 4805 739 4856 sunt
768 4801 1096 4873 Evangelia,
1130 4818 1257 4873 qua:
1298 4800 1661 4857 constituunt
1690 4800 1748 4855 in

130 4882 327 4937 nostris
357 4888 657 4943 mentibus
707 4906 1027 4961 supernum
1076 4890 1385 4944 mundum.
1438 4890 1546 4943 Tot
1594 4889 1751 4943 enim

130 4973 381 5026 constant
402 4972 713 5045 elementa,
746 4994 873 5049 qua:
906 4978 1215 5049 perﬁciunt
1242 4978 1422 5033 istum
1458 4976 1750 5032 inﬁmum.

132 5049 369 5113 Quatuor
397 5077 630 5135 quoque
671 5065 935 5134 virtutes,
986 5083 1114 5137 qua:
1162 5070 1500 5122 caeterarum
1547 5070 1761 5135 gerunt

133 5140 522 5219 Principatum,
554 5168 781 5225 nosque
812 5170 914 5225 per
929 5154 1375 5210 admirationem
1392 5151 1484 5208 sui
1513 5152 1583 5207 ad
1598 5157 1761 5209 ciete-

138 5241 218 5279 ms
248 5230 576 5294 informant.
612 5240 743 5296 Pari
775 5243 949 5297 etiam
984 5242 1205 5298 ratione
1253 5246 1505 5314 quatuor
1548 5257 1760 5297 sensus

135 5314 364 5401 existunt
395 5328 655 5398 corporis
688 5334 895 5401 praeter
923 5334 1165 5396 tactum,
1199 5331 1296 5401 qui
1346 5326 1760 5384 subtilioribus

138 5395 431 5488 famulatur
468 5395 712 5471 cazteris'.
764 5417 925 5482 Quod
974 5422 1062 5473 est
1108 5395 1241 5488 ergo
1289 5416 1469 5471 aather
1512 5414 1760 5487 igneum

137 5486 460 5581 elementum
496 5502 554 5558 in
587 5504 811 5559 mundo
842 5504 1123 5573 sensibili,
1156 5486 1303 5562 idem
1336 5504 1764 5573 cstprudentia

141 5575 193 5663 in
218 5575 599 5646 intellectuali.
632 5592 881 5647 Sursum
894 5609 1143 5663 namque
1160 5610 1281 5649 sese
1300 5592 1548 5663 erigens,
1571 5592 1765 5649 anhe-

140 5657 358 5741 lancque
386 5675 786 5737 desideranter
804 5696 929 5737 esse
950 5657 1098 5737 eirea
1118 5680 1313 5739 Deum.
1338 5657 1485 5734 Illud
1509 5696 1765 5753 quoque

1783 3484 1825 3549 (ζ
1863 3483 2015 3552 quod
2047 3499 2144 3537 aer
2175 3482 2230 3537 in
2266 3484 2483 3539 mundo
2514 3485 2819 3556 corporali,
2853 3487 3109 3560 idipsum
3144 3491 3417 3548 fortitudo
3441 3494 3500 3549 in

1862 3568 2259 3632 intellectuali,
2294 3572 2392 3642 qui
2448 3578 2673 3639 cuncta~
2713 3574 2965 3631 viventia
3009 3584 3302 3651 vegetans,
3359 3581 3501 3637 etin

1863 3664 2272 3731 quemCunque
2303 3664 2501 3715 actum
2547 3665 2949 3733 promoventia
3004 3668 3258 3725 roborat.
3309 3671 3499 3727 Simili

1862 3747 2076 3818 quippe
2106 3747 2277 3802 modo
2309 3748 2462 3819 quod
2495 3749 2644 3822 gerit
2672 3768 2825 3823 aqua
2851 3751 2911 3808 in
2943 3757 3163 3812 mundo
3195 3759 3500 3831 corporali,

1860 3831 2013 3887 idem
2064 3836 2448 3905 temperantia
2486 3837 2544 3892 in
2596 3838 2993 3897 intellectuali.
3044 3843 3248 3900 Nutrix
3289 3847 3502 3920 quippe

1860 3928 1949 3976 est
1976 3923 2281 3989 bonorum,
2315 3926 2672 3997 etfcrensque
2704 3928 2929 4000 copiam
2961 3932 3263 4000 virtutum,
3289 3951 3355 3989 ac
3386 3953 3503 3991 ser-

1861 4026 2003 4064 vans
2034 4010 2206 4064 ﬁdem
2239 4028 2341 4082 per
2370 4011 2547 4067 divini
2569 4015 2785 4070 amoris
2831 4017 3207 4073 desiderium.
3260 4022 3500 4077 Confor-

1863 4113 2017 4151 mem
2050 4114 2281 4169 quoque
2295 4103 2446 4154 terra
2456 4100 2603 4171 gerit
2616 4102 2866 4173 speciem
2884 4106 3087 4160 mundi
3105 4107 3503 4181 inﬁmi,justi-

1860 4185 1954 4240 tiae
1986 4186 2194 4256 speciei
2245 4186 2304 4241 in
2337 4187 3503 4270 intellectuali.Scilicetsubsistensatque

1860 4273 2181 4329 immobilis
2212 4273 2513 4331 collocatio
2539 4282 2705 4333 rectae
2724 4279 3173 4338 distributionis.
3207 4283 3504 4357 Dignosci-

1862 4364 1958 4417 tur
1988 4379 2239 4434 namque
2270 4379 2373 4434 per
2402 4364 2600 4421 omnia
2630 4366 2842 4423 similis
2867 4368 3312 4442 Evangeliorum
3344 4390 3502 4431 com-

1860 4449 2047 4522 plexio
2078 4450 2377 4523 spiritalis.
2412 4453 2785 4527 Evangelium
2817 4456 3013 4528 itaque
3044 4459 3298 4516 Matthaei
3338 4465 3502 4519 terrae

1860 4539 2170 4605 mysticam
2183 4540 2437 4597 continet
2451 4542 3004 4615 ﬁguram,quoniam
3020 4547 3231 4604 Christi
3247 4549 3504 4607 hominis

1858 4628 2346 4700 czeterisapertius
2358 4630 2718 4686 demonstrat
2730 4633 2921 4690 carnis
2934 4634 3504 4697 substantiam.lllud

1859 4718 2054 4769 autem
2090 4717 2414 4773 secundum
2447 4719 2708 4775 Marcum
2738 4723 3159 4794 temperantia,
3191 4743 3317 4797 quis
3339 4744 3508 4800 aqua:

1782 4847 1829 4912 Β
1861 4803 2112 4901 speciem
2145 4804 2311 4876 gerit,
2334 4823 2468 4862 cum
2499 4824 2567 4862 ex
2582 4809 2824 4865 Joannis
2843 4810 3193 4883 baptismate
3225 4815 3507 4887 pceniten-

1861 4891 2003 4946 tiam
2033 4896 2422 4973 temperanter
2450 4895 2840 4955 indicit.Illud
2855 4916 3086 4971 quoque
3105 4902 3277 4973 juxta
3290 4903 3506 4962 Lucam

1865 4972 2135 5051 aerisque
2163 4986 2221 5036 et
2252 4982 2611 5040 fortitudinis
2644 4972 3509 5066 prmfertsimilitudinem,quo-

1866 5066 2023 5121 niam
2036 5068 2334 5138 spatiatim
2346 5071 3042 5148 ditl‘usum,plurimisque
3052 5078 3410 5137 esthistoriis
3425 5100 3510 5139 ro-

1866 5154 2131 5209 boratum
2143 5155 2313 5211 .lllud
2326 5175 2456 5214 vero
2470 5163 3083 5222 secundumJoannem
3099 5166 3317 5239 igniﬁci
3332 5171 3506 5228 aethe-

1866 5241 1947 5295 ris
1976 5242 2318 5312 prudentiae,
2351 5246 2623 5318 quodque
2653 5252 2876 5306 caateris
2907 5258 3137 5310 constat
3166 5256 3505 5328 sublimius,

1866 5329 2113 5384 formam
2148 5331 2448 5403 signanter
2500 5335 2795 5406 exprimit,
2845 5339 2989 5394 dum
3048 5341 3376 5413 simplicem
3408 5344 3507 5399 Dei

1868 5416 2132 5471 notitiam
2163 5422 2221 5472 et
2234 5418 2408 5474 ﬁdem
2426 5420 2734 5478 insinuans
2749 5424 3082 5484 introducit.
3097 5430 3319 5494 Quibus
3331 5431 3505 5486 etiam

1871 5503 2244 5575 speculativis
2289 5509 2767 5576 connexionidus,
2821 5512 3241 5571 elementorum
3290 5515 3505 5571 scilicet

1872 5608 1935 5645 ac
1964 5590 2274 5663 virtutum,
2331 5593 2906 5668 Evangeliorumque,
2956 5599 3053 5657 ille
3104 5600 3507 5655 convenienter

1874 5679 2149 5747 sociatur,
2176 5679 2443 5738 videlicet
2477 5681 2669 5753 homo,
2703 5686 2872 5756 cujus
2891 5684 3007 5743 haec
3024 5686 3211 5744 invisa
3229 5699 3505 5743 concessa
