1926 3205
173 192 231 222 615

662 189 833 223 RODULFl
856 189 998 222 GLABRI
1022 189 1197 221 MONACHI
1220 189 1399 222 CLUNIAC.

1810 189 1856 221 616

173 259 242 286 sunt
259 256 410 293 obsequio.
426 257 558 293 Namque
571 257 650 284 illius
662 258 725 284 vitae
738 257 903 285 substantia
912 257 1001 285 Grzcci
1016 259 1043 291 Α
1060 256 1232 283 vivilicantis
1248 256 1347 283 omnia
1361 255 1447 283 Verbi
1463 255 1498 283 ad
1510 263 1561 283 nos
1575 263 1677 291 usque,
1687 255 1734 292 qui
1748 254 1856 282 clarucrc

173 302 341 338 philosophi
359 305 535 338 μιιρόιοσμον,
552 302 580 329 id
596 304 639 329 est
656 310 787 338 parvum.
800 301 945 329 mundum
959 300 1002 328 di-

173 348 289 373 xerunt.
306 346 395 373 Visus
411 346 518 383 quippe
531 349 560 374 et
574 347 704 374 auditus.
718 346 767 382 qui
783 346 964 373 intellectum
974 347 1003 374 et

174 390 318 418 rationem
335 390 514 422 ministrant,
532 391 674 426 superiori
690 390 870 418 conveniunt
891 390 1001 422 aetheri,

174 435 252 470 quod
267 437 382 462 constat
397 435 536 463 subtilius
552 435 579 462 in
592 435 899 471 elementis,qnodque
912 443 1002 470 quan-

173 481 237 507 tum
253 479 364 507 caeteris
391 479 561 512 sublimius,
585 487 618 507 eo
634 480 788 507 honestius
803 488 837 506 ac
862 479 999 506 lucidius.

173 523 367 559 Subsequitur
381 533 447 551 vero
461 523 595 557 ollactus,
610 525 658 560 qui
674 524 750 552 aeris
774 526 803 551 et
819 523 1000 551 fortitudinis

174 567 398 603 signiﬁcantium
411 570 488 595 sorte
504 568 649 604 exprimit.
666 570 776 596 Gustus
789 576 915 603 namque
927 568 999 595 satis

173 613 375 640 convenienter
391 622 471 648 aqua:
489 615 516 640 et
534 613 733 648 temperantia}
743 621 841 648 parem
854 612 999 648 portendit

172 657 408 693 signiﬁcantium.
426 658 534 685 Tactus
554 666 632 693 ergo,
660 658 708 693 qni
727 657 859 684 omnium
885 659 999 683 constat

173 702 301 735 intimus,
319 702 488 737 ceterisque
502 702 624 729 solidius
642 710 674 728 ac
695 701 842 735 stabilius,
860 704 940 727 terru-
967 709 998 727 ac

167 746 288 780 justitize
306 746 571 782 congruentissimc
589 746 703 781 praefert
720 745 871 772 indicium'
890 746 932 772 Ab
954 745 998 772 his

171 790 259 825 igitur
274 790 502 818 evidentissimis
519 790 719 826 complexibus
746 798 840 817 rerum
867 792 998 825 patenter

171 838 197 861 et
214 834 409 870 pulcherrime
426 834 604 869 sil..-nterque
622 834 795 870 praedicatur
822 836 906 867 Deus,
925 842 996 868 quo-

172 878 250 905 niam
267 878 337 905 dum
354 879 451 905 stabili
469 880 548 905 motu
565 878 592 905 in
603 887 665 905 sese
675 878 802 905 vicissim
814 887 871 905 una
884 882 996 913 porten—

171 923 214 950 dit
224 922 356 955 alterum,
365 931 450 950 suum
464 922 623 958 principale
636 923 827 958 primordium
840 922 995 958 [)l‘it'dlctttl-

171 968 217 999 do,
234 976 251 994 a
266 976 323 1002 quo
340 970 554 1002 processerunt,
573 970 721 1003 expetunt.
740 970 770 994 nt
786 967 812 994 in
831 966 994 993 illoiteruni

170 1012 333 1047 quiescant.
346 1012 465 1039 Constat
481 1012 568 1039 etiam
579 1013 662 1046 juxta
679 1012 821 1047 prcedictm
834 1011 995 1046 stipulatio-

172 1057 217 1083 nis
233 1057 400 1084 condictuni
428 1060 523 1083 mente
549 1060 632 1083 cauta
656 1056 761 1083 intueri
788 1056 918 1085 tlnvium,
945 1056 994 1091 qui

171 1105 270 1128 innuat
286 1110 319 1128 ex
335 1102 412 1128 l‘ldn-n
425 1101 560 1129 Orientis.
574 1101 789 1136 partilurquein
800 1100 995 1127 noniinatissi-

171 1154 233 1173 mos
249 1150 376 1181 quatuor
391 1154 503 1172 amnes.
522 1146 629 1172 llornm
656 1146 744 1179 igitur
761 1146 882 1180 primus.
907 1145 932 1171 id
951 1148 995 1171 est

171 1191 288 1223 l’liison,
305 1191 352 1226 qui
366 1192 420 1217 oris
436 1190 671 1225 upcrilindicitur.
685 1190 870 1225 prudentiam
888 1189 994 1224 signat,

169 1244 232 1270 qum
248 1244 363 1270 semper
378 1239 419 1261 est
438 1236 464 1261 in
481 1233 995 1270 optimisditl‘usactutilis.l'criner-

170 1279 239 1306 tiam
255 1280 363 1315 quippe
376 1279 530 1314 paradisus
540 1279 675 1305 sublatus
691 1278 853 1305 cstbomini
863 1287 868 1310 ;
879 1285 995 1304 necesse

170 1323 267 1355 habet,
287 1326 318 1350 ut
330 1326 459 1359 prmunte
477 1324 633 1359 prudentia
659 1325 814 1358 repetatur.
843 1322 995 1349 Secundus

170 1369 259 1399 Genu,
276 1367 326 1402 qui
341 1372 425 1394 lcrm‘
449 1368 541 1394 hiatus
564 1366 748 1401 intelligitur,
772 1367 994 1402 temperantiam

171 1412 279 1447 signat,
305 1412 448 1438 nutricem
481 1412 581 1447 utique
609 1411 764 1441 castitatis.
797 1421 859 1446 qua"
885 1411 996 1438 scilicet

172 1456 748 1492 l'rondessalubriterexstirpatvitiorum.
757 1456 995 1491 'I‘ertinsqnoqne

171 1501 276 1535 Tigris,
294 1510 380 1536 quem
400 1500 528 1528 incolunt
554 1501 674 1536 Assyrii,
693 1502 740 1536 qui
768 1500 996 1536 interpretantur

171 1545 328 1580 rlirz‘ycnh’s.
348 1545 400 1572 Pcr
411 1545 487 1572 hunc
498 1545 688 1572 nihilominus
700 1546 834 1581 signatur
844 1545 994 1576 lortitudn,

171 1599 233 1625 qua:
251 1589 372 1621 scilicet,
386 1590 498 1625 rejectis
512 1590 750 1626 prmvaricatoriis
761 1590 848 1621 vitiis,
867 1589 995 1624 dirigens

171 1635 304 1661 homines
321 1643 372 1670 per
389 1634 436 1661 Dei
453 1634 594 1661 auxilium
612 1635 646 1661 ad
664 1635 762 1661 mterni
780 1634 859 1668 regni
877 1634 994 1669 gaudia.
1010 1627 1031 1659 C

170 1680 296 1710 Quartus
309 1687 374 1706 vero
391 1679 561 1715 Euphrates,
578 1679 662 1714 cujus
678 1680 765 1706 etiam
783 1687 887 1705 nomen
908 1679 995 1705 abun—

170 1724 295 1751 dantiam
310 1726 404 1756 sonat,
421 1726 552 1758 patenter
563 1723 710 1758 justitiam
721 1724 865 1759 designat,
875 1731 938 1758 qua:
950 1731 997 1758 pa-

172 1768 227 1795 scit
241 1777 274 1795 ac
289 1767 383 1795 reficit
405 1775 521 1794 omnem
547 1768 676 1794 animam
694 1767 773 1794 illam
799 1767 998 1794 desideranter

173 1813 332 1839 amantem.
347 1811 418 1838 Cum
427 1811 516 1846 igitur
526 1811 833 1846 signiﬁcantiahorum
843 1810 995 1838 fluminum

173 1858 253 1891 gerat
267 1856 294 1882 in
303 1863 333 1882 se
341 1854 451 1891 species
458 1855 660 1891 praedictarum
669 1855 820 1887 virtutum,
833 1856 998 1890 pariterque

175 1900 298 1935 ligurum
316 1902 441 1935 quatuor
454 1899 687 1935 Evangelioruin,
700 1908 755 1926 non
767 1900 864 1926 minus
881 1900 997 1927 easdem

174 1945 295 1971 virtutes
313 1943 474 1979 figuraliter
488 1947 594 1979 gerunt
610 1946 740 1980 tempora
751 1944 892 1971 mundani
910 1944 998 1980 hujus

174 1989 271 2016 szeculi
288 1988 381 2015 divisa
398 1997 448 2024 per
461 1989 618 2024 quadrum.
631 1990 652 2015 Λ
664 1989 766 2016 mundi
779 1997 904 2025 namque
917 1989 998 2016 initio

174 2042 266 2069 usque
283 2033 317 2060 ad
336 2032 476 2060 ultionem
493 2033 604 2067 diluvii,
622 2033 650 2060 in
668 2033 713 2060 lllS
729 2033 880 2066 duntaxat,
894 2033 944 2069 qui
964 2042 997 2060 ex

173 2078 315 2114 simplicis
325 2080 433 2105 natura'
443 2078 569 2105 amando
578 2087 665 2106 suum
677 2080 873 2114 cognoverunt
883 2079 998 2106 Creato-

174 2131 244 2155 rem,
263 2122 392 2150 bonitate
408 2123 563 2158 prudentia
575 2123 677 2159 viguit,
696 2126 727 2150 ut
744 2123 771 2150 in
790 2123 868 2156 Abel,
889 2123 996 2157 Enoch,

172 2168 241 2200 Noe,
258 2167 301 2194 vel
322 2176 348 2194 m
366 2168 489 2201 cretei-is,
504 2167 554 2203 qui
579 2168 685 2196 mentis
710 2168 820 2195 ratione
845 2167 998 2204 pollentes.

174 2212 255 2239 utilia
268 2220 330 2248 qua:
347 2214 464 2248 agerent
481 2212 694 2240 intellexerunt.
712 2213 752 2240 Ab
765 2212 911 2240 Abraham
920 2221 997 2245 vero,

172 2261 200 2284 et
216 2257 243 2284 in
262 2256 381 2293 reliquis
397 2257 579 2292 patriarchis,
601 2257 651 2293 qui
678 2257 770 2293 signis
786 2259 814 2284 et
836 2257 999 2284 visionibus

173 2301 251 2330 fruiti
269 2304 348 2335 sunt,
366 2304 397 2328 ut
413 2302 440 2328 in
458 2302 548 2336 Isaac,
564 2302 663 2336 Jacob,
690 2301 810 2337 Joseph.
824 2303 851 2328 et
868 2302 895 2328 in
913 2304 995 2329 cmtc-
1015 2314 1036 2345 D

173 2347 223 2382 ris,
242 2346 435 2382 temperantia
451 2347 632 2374 conformata
647 2347 799 2383 probatur,
821 2346 870 2381 qui
887 2345 997 2374 scilicet

173 2392 248 2419 inter
264 2391 384 2418 adversa
399 2392 426 2417 et
447 2399 586 2427 prospera
613 2391 763 2427 proprium
788 2399 877 2426 super
900 2391 999 2418 omnia

172 2435 336 2463 dilexerunt
351 2438 511 2463 auctorem.
529 2436 551 2462 A
567 2435 663 2472 Moyse
679 2435 867 2472 quoqueetin
877 2435 998 2471 reliquis

172 2478 335 2516 Pruphetis,
351 2479 422 2507 viris
447 2479 579 2507 videlicet
609 2480 835 2512 robustissimis,
860 2479 997 2516 legalium

174 2525 385 2558 praeceptorum
401 2523 636 2552 institutionibus
650 2524 740 2555 tultis.
754 2525 892 2552 fortitudo
903 2524 997 2552 sanci-

171 2562 232 2600 tur,
249 2566 320 2594 dum
335 2566 480 2595 laboriosa
491 2568 864 2605 siquidemlegisprtecep’ta
874 2569 998 2597 sollicite

174 2611 210 2637 ab
225 2609 267 2638 eis
282 2610 438 2639 exercitata
453 2615 663 2642 monstrantur.
681 2614 723 2641 Ab
739 2614 863 2641 adventu
875 2614 1000 2650 denique

172 2654 317 2682 incarnati
332 2654 419 2682 Verbi
436 2663 469 2682 ac
482 2655 618 2694 deinceps
635 2666 720 2685 omne
731 2658 871 2686 saeculum
884 2659 1001 2694 justitia

175 2698 278 2735 implet
292 2698 435 2735 regitque,
445 2697 608 2729 circumdat
615 2702 880 2730 veluticaaterarum
890 2703 957 2730 linis
967 2711 999 2731 ac

174 2742 412 2775 fundamentum,
428 2741 506 2769 sicut
516 2742 588 2771 dixit
599 2753 653 2773 suo
666 2747 803 2782 Baptistae
814 2746 943 2775 Veritas:
954 2748 1001 2775 De-

168 2791 223 2823 νθεῖ,
240 2786 388 2824 inquiens,
404 2793 452 2814 nos
468 2785 582 2821 implere
594 2797 701 2817 omnem
710 2791 864 2827 justitiam.

210 2831 321 2863 Dioturi
336 2830 428 2869 igitur
443 2829 480 2858 ab
495 2837 571 2858 anno
582 2833 635 2861 900
657 2833 801 2863 incarnati
825 2836 952 2865 creantis
967 2845 1000 2866 ac

1058 301 1112 328 viri
1129 301 1157 328 in
1183 301 1314 328 Romano
1338 299 1473 328 videlicet
1492 300 1560 328 orbe
1582 299 1711 336 insignes
1732 299 1856 327 catholica

1059 345 1137 379 ﬁdei,
1154 345 1198 372 cul
1205 345 1474 381 toresquejustitim,
1483 346 1568 381 prout
1575 346 1653 373 certa
1659 343 1790 372 relatione
1797 352 1858 371 com-

1057 389 1198 425 perimus,
1215 389 1259 416 vel
1276 388 1366 417 visuri
1380 389 1598 425 superfuimns;
1616 397 1668 416 seu
1683 388 1765 416 etiam
1775 387 1858 424 quire-

1058 443 1123 461 rum
1140 438 1317 470 eventusque
1332 433 1376 462 vel
1392 433 1477 470 plura
1492 433 1678 470 contigerunt
1693 433 1858 461 memoranda

1056 482 1117 506 tam
1133 479 1161 506 in
1178 479 1270 507 sacris
1279 478 1425 512 Ecclesiis,
1436 487 1524 514 quam
1534 480 1563 506 in
1576 480 1700 514 utroque
1710 477 1807 513 populo
1815 477 1857 513 pri

1056 524 1146 551 mitus
1163 523 1197 550 ad
1214 523 1287 551 illud
1297 523 1542 559 totiusquondam
1553 521 1788 558 orbisimperium
1796 521 1858 558 prin-

1055 567 1157 603 cipale,
1168 567 1278 596 scilicet
1288 566 1672 600 Romanum,convertimus
1680 565 1791 602 stylum.
1799 566 1855 593 Cum

1055 621 1122 647 ergo
1138 612 1347 648 omnipotentis
1363 611 1470 639 Christi
1496 611 1588 639 virtus
1613 611 1714 647 utique
1735 613 1857 638 terrarum

1056 656 1201 692 principes
1218 657 1252 683 ad
1263 666 1349 684 suum
1368 655 1722 692 incurvassetimperium,
1734 657 1805 683 tanto
1814 654 1857 682 mi-

1056 710 1111 728 nus
1127 702 1215 736 viguit
1234 704 1325 728 terror
1339 703 1495 732 (Ziesarum,
1507 703 1618 738 quanto
1629 699 1858 736 juraillorumve

1055 746 1151 772 racius
1167 746 1404 781 comprobantur,
1421 744 1487 780 plus
1495 745 1643 772 exstitisse
1653 753 1686 772 ex
1695 743 1792 771 timore
1799 742 1858 770 fero-

1054 790 1160 822 citatis,
1173 798 1261 825 quam
1269 798 1302 817 ex
1311 798 1409 817 amore
1420 789 1473 826 piae
1483 789 1691 817 humanitatis.
1699 788 1744 816 Sic
1752 787 1858 823 denique

1053 837 1111 861 tota
1120 834 1259 870 paulatim
1268 834 1383 861 illorum
1392 834 1482 870 stirps
1490 842 1506 861 ε
1515 833 1635 870 praefato
1643 832 1761 869 imperio
1768 830 1858 868 disper-

1053 879 1104 906 tita
1122 882 1209 914 atque
1225 882 1372 911 cvacuata,
1391 881 1422 906 ut
1435 874 1857 914 majusindigeretsniduminio

1054 924 1122 950 urbs
1132 924 1399 959 [tomana,ejusquc
1407 922 1637 959 populus,quam
1645 921 1750 950 utolim
1758 927 1858 950 consae-

1053 971 1128 995 verat
1148 976 1279 1003 promere
1292 968 1370 1004 leges
1385 968 1491 1003 etjura
1506 967 1634 995 externis
1650 965 1750 1003 patriis
1764 973 1794 993 ac
1802 963 1857 992 civi-

1053 1013 1117 1039 bus.
1137 1013 1350 1048 (preruntque
1369 1012 1465 1048 pluns
1481 1020 1514 1039 ex
1537 1012 1687 1047 gentibus,
1710 1017 1779 1047 quas
1790 1008 1856 1046 prius

1052 1057 1233 1090 subdiderat,
1260 1057 1369 1083 crebris
1396 1056 1474 1084 illam
1501 1055 1738 1083 infestationibus
1763 1060 1856 1085 vum,

1052 1101 1131 1128 illius
1148 1110 1252 1128 nomen
1271 1101 1358 1128 etiam
1382 1100 1703 1137 imperiipraripiendo
1726 1104 1856 1134 usurpare.

1049 1145 1181 1172 nonnulli
1199 1154 1231 1172 ex
1245 1145 1499 1180 circumiectarum
1518 1144 1734 1180 provinciarum
1757 1139 1856 1179 regillﬁs

1051 1191 1132 1217 Tunc
1149 1190 1267 1225 perinde
1284 1189 1456 1217 valentiores
1468 1192 1495 1216 et
1507 1185 1856 1225 praamaximiregesgentis

1053 1235 1229 1261 Francorum
1246 1233 1599 1269 Christianitatisjustitia
1611 1233 1766 1269 pollebant,
1781 1237 1856 1258 armo-

1051 1287 1175 1314 rumque
1192 1278 1338 1306 industria
1354 1287 1386 1305 ac
1403 1278 1522 1306 militari
1534 1278 1637 1305 robore
1645 1273 1857 1305 cznterissxcelle—

1051 1324 1130 1350 bant.
1153 1325 1281 1354 Quorum
1307 1322 1441 1350 videlicet
1465 1322 1568 1350 ditioni
1594 1320 1804 1358 triumphaliter
1816 1326 1856 1354 per

1052 1368 1148 1403 plures
1164 1377 1257 1395 annos
1273 1367 1450 1403 applicatum
1467 1370 1511 1395 cst
1526 1369 1619 1394 totum
1636 1365 1749 1402 imperii
1759 1363 1855 1393 culmen

1051 1415 1129 1439 Inter
1140 1421 1213 1448 quos
1222 1412 1309 1439 etiam
1316 1411 1559 1439 excellentissime
1568 1411 1743 1443 micuerunt,
1755 1406 1854 1436 Carolus

1051 1457 1169 1489 scilicet,
1187 1458 1235 1492 qui
1253 1457 1350 1484 dictus
1366 1458 1410 1484 est
1424 1457 1558 1492 Magnus,
1577 1464 1629 1483 nec
1646 1457 1738 1484 nonet
1752 1451 1855 1482 Ludovi-

1050 1510 1102 1529 cus
1119 1505 1311 1537 cognomento
1327 1502 1404 1529 Pius.
1423 1501 1456 1529 Hi
1474 1501 1598 1537 denique
1609 1495 1854 1537 prudenticonsilio

1050 1550 1078 1573 et
1092 1547 1199 1574 virtute
1214 1555 1346 1582 quosque
1364 1546 1472 1582 in'gyro
1481 1545 1622 1574 belliones
1633 1545 1675 1574 ita
1686 1539 1855 1582 propriosub-

1046 1591 1188 1626 jugavere
1203 1590 1344 1623 dominio,
1361 1594 1392 1618 ut
1406 1590 1490 1626 quasi
1501 1599 1559 1618 una
1567 1590 1674 1618 domus
1687 1587 1855 1618 famulantur

1051 1635 1112 1663 suis
1131 1636 1356 1672 imperatoribus
1372 1635 1451 1663 orbis
1469 1635 1632 1668 Romanus;
1652 1634 1854 1671 potiusqueres-

1052 1679 1167 1715 publica
1189 1680 1223 1707 de
1245 1682 1364 1715 paterno
1391 1678 1588 1714 gratularetur
1612 1680 1757 1715 provectu,
1780 1681 1853 1712 qum

1052 1727 1113 1751 tuta
1129 1724 1291 1760 pompatice
1307 1724 1493 1752 extolleretur
1509 1724 1718 1760 imperatorum
1729 1717 1853 1750 metnSed

1053 1770 1121 1804 quia
1130 1769 1234 1796 horum
1242 1771 1323 1804 gesta
1330 1777 1386 1796 non
1393 1768 1605 1804 disposuimus,
1613 1776 1666 1796 seu
1676 1763 1853 1805 genealogiam

1053 1813 1194 1841 liistoriali
1209 1822 1288 1842 more
1305 1822 1432 1844 narrare,
1444 1813 1479 1840 ad
1496 1821 1584 1849 quem
1604 1815 1705 1841 tamen
1729 1811 1810 1839 tinem
1821 1815 1856 1835 re.

1053 1859 1160 1892 gnandi
1178 1858 1220 1885 vel
1239 1858 1529 1894 imperandiillorum
1543 1866 1636 1894 genus
1646 1851 1856 1887 devenerim)”-

1052 1903 1126 1930 viter
1140 1903 1307 1930 curavimus
1324 1903 1469 1930 intimare.
1487 1902 1683 1930 Perduravero
1697 1901 1857 1938 igitur-rogas

1052 1956 1086 1974 ex
1101 1955 1201 1974 eorum
1218 1947 1354 1983 prosapia
1369 1946 1560 1982 imperatores
1575 1949 1634 1974 tam
1646 1945 1676 1974 in
1692 1943 1772 1974 Italia
1784 1947 1857 1979 quam

1053 1991 1081 2018 in
1098 1991 1210 2023 Galliis,
1228 2000 1321 2027 usque
1334 1992 1369 2019 ad
1386 1990 1523 2018 ultimum
1534 1999 1632 2027 regem
1643 1989 1775 2019 Carolum
1785 1985 1859 2015 Hebe-

1053 2038 1109 2069 tem
1127 2036 1378 2072 cognominatum.
1389 2037 1416 2063 Is
1429 2035 1555 2071 denique
1565 2035 1691 2063 habebat
1699 2040 1785 2063 unum
1795 2030 1859 2058 inter

1054 2080 1134 2116 regni
1151 2081 1195 2107 sui
1210 2080 1348 2116 primates
1364 2080 1522 2116 quemdam
1540 2079 1733 2113 Heribertum,
1747 2075 1859 2116 όιιίιιεθὲ

1053 2115 1136 2152 sacro
1153 2125 1230 2152 fonte
1247 2124 1340 2152 [ilium
1357 2115 1535 2161 susceperat,
1553 2124 1602 2160 qui
1618 2126 1714 2152 tamen
1728 2122 1752 2150 ei
1765 2115 1859 2149 callidi-

1054 2172 1110 2197 tate
1125 2179 1179 2197 sua
1194 2169 1356 2197 certissime
1373 2171 1527 2205 suspectus
1543 2176 1607 2197 esse
1621 2163 1857 2205 potuissetﬁiillrou

1053 2215 1220 2250 excogitata:
1232 2214 1343 2241 fraudis
1351 2204 1488 2242 simultas
1495 2204 1707 2241 intervenisset.
1716 2212 1784 2252 Cani
1793 2204 1857 2252 enim

1054 2249 1231 2286 decrevisset
1248 2258 1325 2285 idem
1342 2258 1510 2286 lieribcrtus
1529 2257 1700 2293 praedictum
1817 2249 1856 2277 άθ·

1054 2303 1159 2339 Cipere,
1177 2303 1290 2339 fingens
1311 2302 1465 2338 Cujusdam
1489 2301 1669 2329 deliberandi
1693 2297 1857 2339 occasiones!

1054 2336 1171 2383 negotii,
1188 2336 1313 2383 qualiter
1329 2336 1425 2380 illum,
1441 2349 1472 2374 ut
1481 2346 1669 2382 postmodum
1680 2344 1755 2379 fecit,
1765 2336 1859 2385 de!!!“

1054 2392 1146 2419 cendo
1162 2391 1190 2418 in
1208 2400 1300 2419 unum
1318 2394 1482 2419 castrorum
1498 2399 1619 2419 suorum
1631 2385 1858 2430 introduceretyﬁc

1053 2435 1233 2464 vinculatum
1250 2436 1357 2464 carceri
1376 2435 1571 2472 manciparet;
1587 2435 1705 2463 tandem
1717 2429 1859 2472 vemaqul'

1052 2481 1177 2508 busdam
1193 2483 1365 2517 suggestum
1374 2483 1419 2509 est
1429 2471 1500 2517 regi,
1511 2479 1720 2508 utcautissime
1731 2471 1857 2517 seagttfeb

1054 2535 1088 2553 ne
1105 2516 1246 2553 Ileriberti
1262 2516 1625 2553 inv‘olvereturiraudibus.
1637 2523 1766 2559 Dumque
1779 2516 1859 2559 ille,“

1052 2571 1107 2598 hoc
1137 2570 1214 2606 quod
1231 2569 1372 2602 audierat,
1389 2569 1542 2603 credulus;
1554 2567 1696 2611 cautelam
1773 2558 1859 2611 δῆῊῗς

1056 2615 1164 2643 riberto
1179 2614 1316 2642 adhibere
1332 2613 1517 2648 decrevisset,
1533 2609 1720 2650 conﬁgituna
1733 2609 1776 2638 die
1783 2609 1858 2651 nimii

1055 2659 1188 2695 expedite
1199 2659 1336 2686 eumdem
1348 2658 1532 2686 Heribertum
1547 2665 1615 2685 cum
1624 2665 1680 2685 suo
1693 2652 1857 2695 ﬁlioinfttg"

1055 2693 1197 2740 palatium
1210 2703 1354 2731 devenire.
1366 2703 1496 2739 Surgens
1517 2702 1617 2738 itaque
1641 2698 1691 2730 rex
1703 2698 1728 2729 ei
1742 2693 1857 2741 ῳόηιιιω

1055 2748 1191 2785 porrexit.
1208 2747 1258 2776 ille
1273 2756 1340 2776 vero
1357 2749 1416 2776 toto
1431 2756 1462 2776 se
1476 2746 1639 2775 humilians
1654 2742 1857 2785 corpomﬂfs‘iu‘

1054 2781 1115 2821 lum
1133 2793 1209 2830 regis
1223 2793 1362 2829 suscepit.
1370 2791 1479 2820 Deinde
1485 2792 1551 2820 cum
1558 2786 1721 2827 ejustilinm

1054 2825 1180 2873 fuisset:
1186 2825 1454 2874 stansquojuvenis
1466 2825 1601 2874 quamvis
1611 2830 1744 2869 conscius
1751 2825 1856 2861 haud“:
