3852 6430
153 422 265 483 62!

1054 425 1596 489 HISTORIARUM
1638 426 1843 487 LIBRI
1888 424 2263 497 QUINQUE.
2308 460 2386 473 —
2426 429 2572 489 LIB.
2618 430 2668 489 Ῑ.

3430 432 3551 494 622

160 552 683 623 mandavitaQuod
733 554 936 627 utique
986 556 1126 612 dum
1164 556 1289 613 sine
1318 573 1481 612 mora
1510 562 1807 629 peractum
1838 559 1893 624 Α
1924 555 1978 611 lo
2000 556 2215 612 inventi
2240 559 3128 629 fuerant,trucidatis,miserunt
3145 561 3216 617 ad
3238 561 3549 635 imperato-

159 640 389 708 fuisset,
417 641 766 713 pergrandis
786 642 1137 699 calamitatis
1162 644 1387 700 occasio
1411 644 1649 701 exstitit.
1674 646 1808 701 Erat

158 728 317 784 enim
340 728 585 801 quidam
607 731 997 798 Crescentius,
1014 732 1408 788 Romanorum
1431 732 1573 789 civis
1586 750 1805 806 praepo-

156 822 307 884 tens,
341 818 466 889 qui,
501 822 566 873 ut
597 817 855 874 illlorum
887 836 1016 875 mos
1047 824 1156 886 est,
1191 825 1477 893 quantum
1508 822 1808 877 onerosior

155 905 436 976 pecuniae,
466 909 698 961 tantum
730 907 968 979 pronior
996 908 1253 964 serviens
1273 908 1546 966 avaritiae.
1578 909 1679 964 Hic
1710 926 1803 964 au-

156 997 272 1048 tem
305 1009 421 1047 non
457 992 651 1065 plane,
682 999 748 1050 ut
777 995 859 1051 rei
890 996 1157 1067 probavit
1180 1002 1440 1063 eventus,
1474 996 1623 1068 parti
1653 997 1805 1053 fave-

157 1081 256 1137 bat
286 1080 539 1137 Ottonis.
572 1082 720 1137 Nam
754 1082 947 1153 ipsum
975 1084 1331 1156 pontiﬁcem,
1359 1089 1635 1155 quem,ut
1664 1085 1808 1141 dixi-

154 1185 306 1233 mus,
323 1168 609 1235 ordinari,
632 1169 765 1225 Otto
781 1172 1061 1242 jusserat,
1086 1172 1239 1227 idem
1261 1172 1625 1228 Crescentius
1646 1172 1806 1229 omni

153 1257 505 1312 destitutum
538 1256 762 1313 honore
794 1275 828 1313 a
858 1260 993 1315 sede
1022 1259 1263 1332 expulit,
1297 1260 1661 1333 alterumque
1682 1278 1807 1333 pro-

154 1344 367 1399 caciter
412 1343 475 1399 in
524 1345 656 1416 ejus
702 1346 831 1402 loco
888 1347 1245 1419 subrogavit.
1277 1348 1385 1403 Sed
1418 1364 1551 1403 mox
1583 1354 1645 1403 ut
1673 1349 1803 1404 Otto

155 1431 261 1492 hoc
284 1432 506 1488 factum
533 1434 838 1505 comperit,
862 1434 949 1491 ira
968 1452 1267 1502 accensus,
1291 1452 1424 1491 cum
1447 1436 1803 1507 permaximo

150 1520 406 1576 exercitu
434 1519 682 1576 Romam
708 1523 1055 1594 properavit.
1080 1523 1241 1587 Quod
1273 1540 1407 1579 cum
1438 1523 1806 1597 cognovisset

149 1607 538 1674 Crescentius,
572 1608 740 1665 illum
775 1609 998 1666 scilicet
1037 1610 1167 1666 urbi
1215 1612 1629 1684 propinquare,
1662 1628 1800 1667 con-

148 1696 430 1752 scendens
457 1712 595 1752 cum
638 1696 767 1753 suis
813 1698 1022 1754 turrim
1053 1716 1180 1770 qua:
1211 1699 1327 1755 sita
1355 1706 1444 1757 est
1466 1704 1626 1755 extra
1657 1698 1800 1755 civi-

147 1788 319 1840 tatem
341 1789 513 1840 trans
544 1784 914 1853 Tiberim,ob
945 1786 1315 1844 altitudinem
1346 1788 1437 1843 sui
1468 1787 1799 1844 Interccnlos

146 1876 422 1947 vocatam,
455 1872 698 1929 vallavit
744 1890 894 1942 eam,
936 1875 1284 1932 defensurus
1327 1892 1430 1948 pro
1476 1876 1611 1932 vita.
1645 1878 1797 1932 Tan-

1918 660 2040 699 rem
2073 646 2213 716 quid
2242 647 2312 702 de
2333 663 2400 703 eo
2426 647 2776 721 praeciperet.
2800 649 2906 715 Qui
2928 649 3037 705 ait:
3064 650 3211 705 «Per
3230 651 3549 722 superiora,

1916 730 2129 801 inquit,
2144 736 2583 807 propugnacula
2598 735 2764 791 illum
2782 735 3009 808 dejicite
3031 740 3246 809 aperte,
3270 754 3341 792 ne
3360 738 3558 794 dicant

1917 818 2162 875 Romani
2196 839 2371 878 suum
2404 824 2663 896 princem
2694 842 2800 880 nos
2832 825 3050 881 furatos
3079 824 3318 881 fuisse.»
3348 826 3550 892 Quem,

1915 909 1982 961 ut
2002 907 2241 976 jussum
2296 910 2503 980 fuerat,
2546 912 2936 985 projicientes,
2967 912 3176 968 deinde
3224 916 3356 984 post
3391 916 3557 985 terga

1915 993 2091 1049 boum
2122 996 2431 1069 religatum
2463 1017 2566 1071 per
2587 1000 2828 1074 paludes
2855 1000 3084 1057 viarum
3113 999 3434 1073 plurimum
3459 1000 3556 1056 de-

1911 1080 2228 1151 volventes,
2259 1087 2330 1141 ad
2362 1085 2635 1143 ultimum
2666 1105 2797 1161 vero
2836 1088 2894 1143 in
2944 1092 3257 1161 conspectu
3304 1087 3552 1144 civitatis

1914 1168 1974 1223 in
2005 1170 2164 1226 trabe
2195 1174 2423 1230 excelsa
2469 1178 2718 1248 pendere
2738 1157 3134 1232 .dimiserunl.
3166 1176 3270 1231 His
3299 1175 3551 1248 denique

1913 1255 1996 1311 ita
2020 1260 2220 1329 gestis,
2237 1263 2561 1320 accersiens
2582 1265 2897 1337 imperator
2912 1264 3257 1320 Gerbertum
3282 1262 3552 1319 videlicet

1915 1343 2197 1402 Ravenna:
2229 1350 2754 1424 archiepiscopum,
2787 1352 3091 1409 constituit
3131 1351 3298 1408 illum
3329 1349 3549 1424 princi-

1913 1431 2103 1503 palem
2155 1436 2549 1495 Romanorum
2598 1441 2955 1512 pontificem.
2986 1444 3158 1512 Isque
3181 1440 3495 1496 Gerbertus
3516 1455 3550 1495 e

1911 1518 2113 1575 Galliis
2135 1524 2419 1583 oriundus
2440 1528 2677 1596 exstitit,
2696 1528 2988 1584 minorum
3006 1528 3180 1584 etiam
3196 1543 3403 1599 gerens
3413 1541 3548 1600 pro-

1910 1606 2156 1677 sapiam,
2190 1613 2290 1668 sed
2322 1618 2518 1671 tamen
2566 1616 2795 1688 ingenio
2842 1614 3183 1682 acerrimus,
3214 1614 3549 1686 artiumque

1908 1691 2238 1754 liberalium
2279 1702 2491 1759 studiis
2538 1702 2878 1775 plenissime
2926 1704 3270 1758 instructus.
3302 1701 3548 1757 Proinde

1908 1781 2230 1843 Remorum
2261 1789 2437 1845 etiam
2468 1807 2502 1846 a
2529 1807 2662 1863 rege
2693 1791 3047 1847 Francorum
3092 1789 3335 1863 Hugone
3362 1788 3551 1845 fuerat

1909 1874 2262 1932 constitutus
2309 1878 2586 1949 pontifex.
2638 1879 2749 1936 Sed
2807 1879 3107 1952 quoniam,
3150 1882 3217 1934 ut
3268 1877 3546 1944 diximus,

148 1960 274 2017 dem
304 1935 439 2016 cum
478 1960 845 2034 pervenisset
880 1935 1206 2036 imperator
1234 1965 1304 2020 ad
1327 1935 1564 2032 .urbem,
1598 1964 1799 2036 primi-
1834 1935 1879 2000 Β
1904 1964 2073 2021 valde
2105 1969 2227 2021 erat
2255 1935 2386 2022 acer
2414 1984 2481 2023 ac
2509 1935 3160 2039 providus,iutelligens
3176 1935 3547 2038 Arnulphum

146 2053 237 2104 tus
248 2048 430 2118 jussit
451 2049 952 2121 comprehendere
970 2050 1139 2106 illum
1164 2051 1314 2107 male
1332 2069 1603 2108 securum
1618 2052 1805 2125 ponti-

153 2138 334 2201 ficem,
367 2136 641 2193 videlicet
672 2138 989 2195 Crescentii
1020 2140 1355 2212 arrogantia
1388 2143 1795 2198 constitutum.

151 2225 279 2280 Com
287 2223 793 2298 prehensumque,
802 2227 1071 2298 praecepit
1083 2229 1212 2299 ejus
1226 2245 1435 2284 manus
1449 2228 1617 2300 quasi
1630 2229 1803 2284 sacri-

156 2311 310 2383 legas
338 2313 664 2384 amputari,
698 2312 907 2369 deinde
935 2330 1068 2369 vero
1114 2332 1286 2371 aures
1333 2316 1593 2372 abscindi
1625 2320 1800 2388 atque

155 2399 349 2456 oculos
396 2399 614 2473 expelli
652 2401 717 2472 [Ι.
747 2400 957 2475 evelli].
990 2403 1125 2458 Post
1172 2403 1292 2460 hazc
1337 2404 1588 2477 denique
1636 2421 1799 2460 com-

153 2488 375 2560 periens
422 2488 853 2556 Crescentium,
883 2494 949 2545 ut
978 2489 1253 2558 diximus,
1286 2495 1447 2548 turre
1494 2491 1795 2557 vallatum,

147 2594 268 2648 qua:
290 2576 517 2633 scilicet
539 2576 719 2650 paulo
739 2583 872 2649 post
900 2576 1067 2634 illum
1099 2579 1320 2634 crudeli
1352 2585 1476 2635 erat
1499 2580 1799 2635 redditura

156 2666 296 2731 neci,
313 2665 594 2739 precepit
619 2666 886 2721 eamdem
911 2666 1261 2722 circumdari
1285 2668 1466 2723 densa
1496 2667 1798 2724 obsidione

146 2752 231 2807 sui
263 2752 578 2819 exercitus,
614 2770 684 2807 ne
716 2752 983 2810 videlicet
1009 2756 1335 2812 Crescentio
1364 2772 1598 2828 quoquo
1623 2757 1795 2811 modo

148 2840 305 2896 locus
325 2842 572 2897 daretur
601 2841 878 2914 confugii.
904 2843 1147 2911 Interea,
1160 2844 1403 2914 jubente
1424 2844 1793 2916 imperatore,

150 2934 576 2985 construuntur
604 2929 663 2985 in
695 2946 837 3002 gyro
877 2930 1161 2987 machinae
1204 2948 1272 2987 ex
1301 2931 1478 3003 lignis
1505 2932 1793 2988 celsarum

151 3017 399 3073 abietum
427 3017 686 3073 nimium
710 3018 1018 3075 artificiose
1032 3020 1643 3092 compositaeﬂernens
1658 3037 1797 3092 quo-

153 3122 260 3176 que
289 3106 667 3162 Crescentius
698 3104 922 3162 nullam
956 3125 1128 3179 posse
1158 3109 1435 3165 evadendi
1454 3109 1607 3165 viam
1631 3126 1795 3182 repe-

150 3192 280 3260 rire,
303 3193 439 3250 licet
464 3194 700 3250 tardius
721 3195 1101 3266 pmnitudinis
1122 3197 1417 3253 adinvenit
1448 3198 1754 3254 consilium
1777 3216 1791 3265 ;

1910 2054 2174 2125 ejusdem
2207 2055 2370 2110 urbis
2400 2055 2923 2129 archiepiscopum,
2942 2072 3055 2127 quo
3074 2053 3299 2111 vivente
3319 2052 3549 2110 ordina-

1911 2146 2007 2197 tus
2034 2142 2220 2197 fuerat
2239 2159 2308 2197 ex
2333 2158 2621 2198 consensu
2651 2144 2916 2214 ejusdem
2950 2143 3124 2217 regis,
3142 2141 3251 2198 niti
3272 2141 3333 2197 in
3355 2139 3548 2215 pristi-

1910 2246 2046 2285 nam
2080 2230 2378 2286 reformari
2410 2231 2630 2296 sedem,
2663 2235 2828 2286 caute
2857 2232 2970 2286 iter
2996 2230 3282 2302 arripiens
3308 2230 3381 2285 ad
3406 2245 3549 2301 prai-

1909 2318 2130 2372 dictum
2156 2317 2382 2373 devenit
2400 2319 2811 2384 Ottonem.0ui
2833 2319 2977 2374 satis
2998 2317 3315 2374 honorifice
3344 2316 3417 2372 ab
3448 2331 3543 2372 eo-

1908 2405 2039 2461 dem
2054 2410 2383 2477 susceptus;
2399 2423 2572 2477 quem
2583 2405 2757 2462 etiam
2771 2406 2971 2462 statim
2984 2405 3288 2473 Ravennae,
3302 2404 3438 2460 inde
3446 2419 3541 2459 ve-

1907 2509 1991 2562 ro,
2008 2493 2356 2560 utdiximus,
2373 2494 2646 2549 Romanae
2662 2492 2824 2549 urbis
2841 2491 3176 2549 sublimavit
3186 2492 3539 2565 pontificem.

1977 2580 2227 2654 Contigit
2245 2581 2423 2653 igitur
2441 2581 2566 2653 ipso
2589 2581 2648 2636 in
2672 2585 2928 2653 tempore
2947 2586 3011 2636 ut
3029 2580 3183 2636 idem
3202 2580 3540 2653 imperator,

1904 2674 2251 2742 suggerente
2268 2674 2385 2725 tam
2402 2669 2528 2741 ipso
2546 2670 2818 2741 pontifice
2848 2685 3027 2742 quam
3047 2667 3179 2725 aliis
3208 2668 3541 2741 quibusque

1904 2757 2089 2813 zelum
2122 2759 2417 2830 profectus
2465 2756 2764 2828 religionis
2813 2757 3025 2813 domus
3054 2756 3152 2812 Dei
3181 2756 3539 2829 gerentibus,

1903 2862 2170 2917 quosque
2198 2846 2258 2900 in
2292 2845 2442 2901 beati
2468 2844 2630 2901 Pauli
2660 2844 2916 2901 Ecclesia
2948 2844 3184 2901 nomine
3210 2851 3382 2901 tenus
3412 2860 3543 2899 mo-

1905 2930 2144 2998 nachos,
2186 2935 2455 2987 caeterum
2513 2947 2684 3003 prave
2734 2932 3030 3003 degentes,
3081 2931 3217 2987 inde
3258 2929 3543 3004 expellere

1903 3017 2169 3085 deberet;
2203 3034 2269 3073 ac
2308 3018 2546 3074 alterius
2589 3018 2862 3085 instituti,
2895 3035 3043 3091 quos
3074 3018 3341 3075 videlicet
3367 3035 3541 3076 cano-

1903 3105 2064 3162 nicos
2094 3106 2364 3173 dicimus,
2398 3106 2457 3161 in
2487 3107 2689 3162 eodem
2720 3105 2846 3162 loco
2876 3107 3213 3175 servituros,
3246 3111 3314 3163 ut
3334 3107 3385 3163 ei
3409 3123 3542 3181 sug-

1901 3199 2130 3265 gestum
2146 3194 2785 3261 fuerat,substituturus
2796 3194 3235 3267 esset.Cumque
3248 3194 3356 3251 hoc
3369 3210 3537 3267 appe-

148 3298 256 3337 non
289 3287 487 3338 tamen
520 3283 573 3338 ei
607 3281 877 3356 praestitit
907 3284 1217 3340 miserendi
1252 3286 1494 3341 aditum.
1528 3288 1788 3354 Quadam
1819 3287 1864 3355 α
1900 3287 2045 3337 teret
2066 3281 2306 3354 implere
2327 3282 2643 3350 decretum,
2663 3282 2932 3354 apparuit
2950 3281 3002 3338 ei
3027 3287 3202 3339 noctu
3226 3299 3329 3355 per
3345 3283 3537 3339 visum

148 3369 318 3441 igitur
340 3371 453 3435 die,
487 3371 850 3444 quibusdam
881 3372 952 3427 de
980 3372 1348 3445 imperatoris
1379 3375 1629 3431 exercitu
1661 3392 1789 3430 con-

1897 3370 2273 3425 beatissimus
2292 3369 2589 3442 apostolus
2610 3370 2847 3439 Paulus,
2868 3374 3043 3442 atque
3065 3371 3337 3427 eumdem
3358 3371 3538 3443 impe-

144 3458 553 3527 sentientibus,
609 3459 918 3532 egrediens
975 3460 1220 3516 latenter
1272 3461 1659 3530 Crescentius,
1718 3463 1789 3517 de
1897 3463 2147 3514 ratorem
2178 3458 2519 3530 hujusmodi
2554 3475 2790 3515 monere
2835 3459 3076 3515 curavit.
3109 3483 3137 3509 α
3170 3460 3231 3515 Si
3259 3475 3410 3528 vere,
3439 3458 3537 3515 in-

142 3550 294 3602 turre
338 3546 587 3614 scilicet,
621 3547 781 3609 birro
813 3548 1076 3616 indutus,
1126 3554 1183 3604 et
1211 3555 1408 3621 Operto
1443 3552 1651 3623 capite,
1695 3568 1791 3606 ve-

144 3632 421 3707 niensque
455 3635 818 3707 improvisus
848 3637 1065 3692 corruit
1094 3638 1165 3693 ad
1194 3637 1563 3711 imperatoris
1594 3641 1791 3711 pedes,

143 3738 429 3796 oransque
456 3740 521 3780 se
553 3725 629 3780 ab
655 3723 1025 3795 imperatoris
1052 3725 1264 3797 pietate
1288 3727 1415 3781 vitae
1446 3728 1683 3784 servari.

211 3812 390 3876 Quem
422 3829 563 3868 cum
615 3813 972 3885 respexisset
1012 3814 1345 3886 imperator,
1377 3831 1690 3873 conversus
1720 3818 1793 3872 ad

147 3914 303 3966 suos,
317 3904 383 3956 ut
399 3904 528 3956 erat
552 3917 759 3956 amaro
776 3900 992 3970 animo,
1007 3901 1179 3958 dixit:
1197 3906 1372 3973 «Cur,
1387 3904 1794 3977 inquiens,Ro-

143 4002 447 4045 manorum
474 3989 832 4062 principem,
858 3989 1279 4062 imperatorum
1301 3992 1677 4061 decretorem,
1701 3994 1799 4050 da-

140 4076 436 4149 tommqiie
459 4077 690 4151 legum,
705 4082 883 4150 atque
905 4078 1298 4135 ordinatorem
1317 4080 1682 4152 pontificum,
1708 4083 1796 4137 in-

142 4166 285 4217 trare
307 4164 538 4221 sinistis
562 4162 820 4236 magalia
845 4164 1355 4221 Saxonum?Nunc
1376 4183 1607 4239 quoque
1627 4168 1799 4223 redu-

140 4246 247 4305 cite
276 4266 411 4307 eum
444 4252 519 4308 ad
555 4251 843 4308 thronum
876 4269 995 4309 sua:
1026 4251 1429 4322 sublimitatis,
1462 4256 1644 4311 donec
1673 4257 1800 4327 ejus

141 4334 337 4394 honori
370 4340 738 4414 condignam
768 4340 1035 4397 videlicet
1067 4359 1461 4415 prmparemus
1487 4346 1804 4417 susceptio-

139 4439 287 4481 nem.
320 4450 347 4477 »
381 4429 495 4495 Qui
550 4428 947 4501 suscipientes
1001 4429 1191 4498 illum,
1227 4430 1449 4487 scilicet
1479 4436 1541 4487 ut
1563 4433 1801 4504 jussum

138 4510 339 4579 fuerat,
390 4516 656 4573 illasum
706 4517 1068 4579 reduxerunt
1116 4520 1185 4575 ad
1239 4518 1417 4575 turris
1471 4520 1799 4578 introitum.

1900 3545 2129 3618 quiens,
2159 3546 2316 3603 zelus
2376 3547 2584 3603 divinae
2629 3546 2928 3603 servitutis
2974 3547 3181 3619 optimi
3239 3547 3433 3621 operis
3478 3552 3537 3604 te

1900 3634 2247 3702 adurit,vide
2266 3652 2340 3691 ne
2361 3635 2540 3706 huius
2559 3634 2840 3708 propositi
2861 3635 3195 3691 institutum
3216 3651 3540 3708 praesumus

1902 3724 1961 3779 in
1975 3722 2600 3780 monachisimmutare
2612 3722 3116 3796 expellendis.Non
3129 3724 3287 3781 enim
3299 3723 3538 3782 omnino

1902 3812 2134 3884 expedit
2161 3813 2449 3884 cujusque
2491 3811 2867 3870 ecclesiastici
2917 3812 3141 3869 ordinis
3171 3813 3440 3884 quamvis
3470 3828 3541 3869 ex

1904 3905 2070 3972 parte
2098 3900 2414 3973 depravati,
2448 3900 2747 3973 proprium
2779 3916 3041 3971 unquam
3079 3899 3252 3970 abjici
3294 3915 3397 3956 seu
3429 3901 3547 3956 im-

1905 3989 2119 4044 mutari
2168 3987 2551 4061 propositum.
2603 3989 2666 4042 In
2713 4004 2779 4043 eo
2832 4003 3091 4057 namque
3136 3986 3546 4059 unusquisque

1897 4077 2256 4148 judicandus
2310 4080 2401 4131 est
2455 4076 2677 4143 ordine,
2710 4076 2770 4129 in
2819 4090 2935 4146 quo
2992 4090 3055 4129 se
3111 4073 3383 4147 primitus
3427 4074 3545 4131 Deo

1904 4166 2060 4221 vovit
2114 4164 2347 4220 servire.
2408 4162 2788 4221 Reemendari
2860 4165 3056 4218 tamen
3132 4160 3268 4218 licet
3341 4178 3547 4219 corru~

1908 4258 2006 4326 pto
2037 4253 2245 4325 cuique
2297 4251 2356 4307 in
2403 4252 2607 4307 eadem
2654 4249 2898 4324 proprias
2942 4248 3261 4307 vocationis
3306 4254 3481 4307 sorte.
3512 4272 3543 4302 η

1909 4340 2125 4398 Taliter
2153 4340 2369 4413 quippe
2394 4339 2672 4405 monitus,
2699 4340 3015 4411 imperator
3038 4337 3238 4394 retulit
3265 4338 3393 4395 suis
3416 4355 3545 4411 quas

1909 4429 2173 4485 audierat
2201 4429 2273 4484 ab
2301 4427 2597 4500 Apostolo,
2618 4442 2936 4498 curamque
2965 4442 3144 4499 agens
3172 4426 3423 4498 qualiter
3449 4444 3544 4484 eo-

1910 4518 2178 4573 rumdem
2201 4515 2559 4583 institutum,
2581 4514 2803 4570 scilicet
2821 4513 3262 4583 monachorum,
3290 4515 3548 4587 quivisse

144 4602 576 4678 Ingressusque
612 4606 906 4661 nuntiavit
934 4623 1135 4663 secum
1164 4608 1383 4680 pariter
1403 4607 1648 4664 reclusis
1664 4626 1804 4681 quo-
1829 4642 1878 4708 Β
1914 4606 1985 4662 ad
2034 4604 2244 4661 melius
2299 4604 2634 4671 informare,
2667 4620 2782 4659 non
2838 4601 3121 4676 expellere
3176 4620 3211 4659 a
3260 4602 3384 4659 loco
3425 4620 3548 4703 .vox

148 4689 297 4746 niam
329 4692 718 4749 sblummodo
768 4699 997 4751 tantum
1047 4695 1407 4769 contingeret
1456 4696 1572 4751 illis
1616 4698 1802 4755 vivere

141 4779 395 4847 quandiu
414 4781 548 4855 ipsa
563 4782 752 4838 turris
768 4783 917 4839 tueri
929 4783 1145 4839 valeret
1155 4784 1226 4840 ab
1246 4784 1502 4841 hostium
1516 4787 1800 4857 captione,

146 4880 255 4933 nec,
276 4867 458 4924 ullam
482 4887 741 4942 prorsus
773 4870 1022 4927 salutem
1046 4872 1253 4928 debere
1278 4871 1432 4927 ultra
1454 4889 1709 4945 sperare.
1731 4877 1804 4929 At

143 4949 512 5025 imperatoris
572 4957 867 5016 exercitus
906 4977 940 5015 a
983 4959 1124 5014 foris
1176 4961 1434 5033 urgendo
1495 4961 1805 5033 impellens

1910 4695 2242 4749 immutare.
2284 4697 2510 4749 Interea
2559 4692 2757 4747 minus
2814 4691 3019 4748 idoneo
3079 4706 3224 4747 usus
3280 4690 3545 4758 consilio,

1912 4782 2170 4855 praedicti
2200 4780 2509 4836 Crescentii
2560 4779 2803 4836 Joannis
2834 4779 2891 4834 in
2922 4795 3091 4836 suam
3121 4794 3358 4835 uxorem
3388 4795 3550 4836 assu-

1912 4887 2100 4938 mens,
2117 4886 2293 4941 quam
2311 4869 2486 4924 etiam
2505 4867 2678 4939 paulo
2709 4872 2860 4940 post,
2883 4871 2949 4922 ut
2968 4865 3295 4923 inconsulte
3310 4882 3545 4940 accepe-

1910 4963 2021 5029 rat,
2053 4958 2365 5012 divortium
2397 4972 2576 5028 agens
2630 4956 2875 5012 dimisit.
2907 4955 3169 5011 Tandem
3199 4970 3432 5027 quoque
3460 4954 3548 5010 ni-

145 5042 475 5114 macbinas;
494 5045 911 5119 paulatimque
941 5051 1146 5104 euntes
1162 5048 1459 5120 applicata:
1478 5055 1617 5105 sunt
1632 5052 1802 5108 turri.
1913 5052 2045 5103 tens
2076 5061 2331 5101 remeare
2360 5046 2431 5101 ad
2479 5044 2811 5111 Saxoniam,
2854 5048 3037 5099 morte
3085 5042 3545 5115 superveniente,

146 5128 350 5201 Sicque
378 5150 598 5207 pugna
632 5133 778 5191 inito
799 5136 1410 5209 certamine,dumque
1431 5136 1530 5193 alii
1559 5138 1808 5211 desuper
1914 5136 1974 5191 in
2030 5132 2195 5189 Italia
2244 5133 2405 5192 obiit.
2442 5136 2694 5188 Gemens
2749 5148 2982 5205 quoque
3035 5131 3340 5199 exercitus,
3372 5146 3548 5204 quem

149 5222 564 5279 contendentes
591 5223 836 5292 intrare,
851 5222 948 5279 alii
969 5240 1281 5296 prorupere
1298 5225 1367 5280 ad
1391 5224 1609 5280 ostium
1624 5227 1808 5284 turris
1914 5239 2112 5280 secum
2134 5222 2394 5289 duxerat,
2410 5228 2471 5277 se
2482 5237 2589 5277 suo
2608 5220 2845 5277 domino
2865 5220 3553 5294 destitutum,coegerunt

154 5302 418 5380 illudque
449 5310 835 5367 considentes
864 5310 1135 5377 evellunt,
1161 5329 1514 5384 sursumque
1543 5316 1810 5371 certatim
1917 5329 1978 5368 se
2008 5309 2222 5384 pariter
2249 5311 2308 5364 in
2340 5325 2523 5364 unum
2556 5324 2787 5381 agmen,
2809 5324 2881 5364 ne
2911 5307 2984 5363 ab
3012 5307 3085 5363 iis
3116 5324 3264 5380 quos
3292 5308 3353 5362 in
3383 5305 3550 5363 Italia

146 5394 487 5465 gradientes,
515 5398 604 5455 ad
637 5399 823 5455 turris
850 5399 1148 5471 superiora
1177 5404 1577 5472 pervenerunt.
1608 5400 1813 5476 Respi-
1918 5402 2251 5472 presserant
2274 5397 2722 5464 trucidarentur,
2756 5395 3028 5469 imposito
3050 5400 3185 5451 ante
3215 5411 3279 5451 se
3306 5394 3366 5449 in
3397 5408 3547 5464 equo

152 5480 300 5537 ciens
326 5501 566 5559 quoque
582 5485 959 5543 Crescentius
972 5485 1153 5542 cernit
1165 5504 1224 5543 se
1247 5487 1423 5544 teneri
1446 5486 1520 5541 ab
1542 5487 1630 5543 his
1650 5507 1815 5561 quos
1921 5485 2173 5543 defuncti
2230 5484 2600 5557 imperatoris
2648 5500 2904 5555 corpore.
2940 5483 3151 5555 Sicque
3194 5482 3252 5536 in
3300 5481 3548 5552 patriam

155 5570 393 5638 putabat
413 5570 747 5649 pugnando
769 5573 1000 5645 longius
1018 5574 1195 5631 arceri
1212 5591 1399 5647 posse.
1422 5574 1599 5647 Capto
1629 5595 1814 5637 nam~
1921 5575 2033 5632 tuti
2061 5574 2458 5646 pervenientes
2496 5572 2556 5627 in
2593 5571 2944 5627 monasterio
2972 5570 3151 5625 beata;
3182 5582 3412 5638 semper
3432 5564 3548 5649 vir-

154 5657 402 5733 quoipso
417 5679 484 5722 ac
498 5648 1455 5740 gravitervulnerato,ceterisque,
1474 5663 1819 5739 quicumil-
1923 5662 2075 5739 ginis
2106 5660 2299 5719 Maria
2327 5658 2708 5736 Aquisgranis
2738 5658 3005 5717 decenter
3031 5653 3401 5732 sepelierunt.
3418 5648 3587 5727 Sus;
