3852 6408
265 453 381 514 623

1238 445 1580 507 RODULFI
1627 442 1908 504 GLABRI
1954 440 2316 502 MONACHI
2363 440 2728 503 CLUNIAC.

3585 439 3694 498 624

269 579 422 654 cepit
443 579 642 653 igitur,
659 581 792 652 post
813 579 1083 635 Ottonem
1104 577 1368 635 videlicet
1389 577 1648 645 tertium,
1673 591 1920 648 regnum
1950 574 2007 642 Î‘
2037 587 2240 646 perum
2266 577 2601 645 parentum,
2621 571 2796 646 elegit
2811 571 2975 629 exsul
2997 571 3117 628 fore
3141 567 3504 633 dominandi
3525 570 3696 628 victus

269 672 567 727 Saxonum
601 668 762 725 illius
783 668 1258 741 consanguineus
1279 667 1588 733 Henricus,
1603 665 1725 739 qui,
1749 665 1928 720 etiam

269 775 390 815 non
406 757 569 830 regni
589 756 684 813 sui
697 755 1037 825 [dominus],
1054 756 1372 829 imperator
1394 756 1582 811 factus
1608 759 1695 810 est
1717 754 1928 810 Roma-

274 863 512 904 norum.
528 845 638 902 Sed
661 845 895 901 interim
917 844 1059 902 libet
1075 864 1140 902 ex
1154 849 1315 918 parte
1329 860 1784 901 commemorare
1805 840 1934 914 qui-

273 936 388 991 bus
399 934 660 991 vicissim
675 933 966 1003 cladibus,
982 935 1458 1008 praescriptorum
1480 949 1683 1006 regum
1702 936 1816 987 tem
1825 948 1930 1003 po-

275 1025 599 1090 ribus,tam
615 1023 868 1080 externis
891 1041 1069 1097 quam
1095 1024 1390 1081 intestinis
1411 1025 1836 1093 consequenter
1857 1019 1932 1075 sit

277 1111 604 1185 flagellatus
617 1112 776 1170 orbis
799 1113 1374 1189 Romanus,Constat
1397 1111 1663 1184 igiturab
1680 1108 1931 1164 anterio-

278 1200 600 1258 ribusillud
613 1201 935 1276 principale
949 1203 1132 1258 totius
1145 1202 1305 1258 orbis
1319 1200 1632 1274 imperium
1647 1198 1829 1254 luisse
1843 1196 1936 1250 di-

277 1291 490 1358 visum,
507 1291 731 1348 scilicet
744 1296 828 1360 ut,
843 1291 1343 1365 quemadmodum
1359 1290 1640 1346 universe
1658 1286 1936 1344 Latinita-

278 1380 357 1436 tis
381 1380 564 1437 Roma
583 1397 782 1453 gerere
803 1382 1040 1438 deberet
1074 1381 1494 1455 principatum,
1508 1378 1592 1434 ita
1611 1372 1937 1432 Constanti-

282 1468 512 1542 nopolis
532 1471 654 1526 tam
677 1470 1011 1526 Graecorum
1034 1468 1287 1539 speciale
1313 1485 1373 1523 ca
1384 1472 1488 1540 put
1507 1465 1566 1521 in
1589 1461 1938 1522 transmari-

283 1558 376 1613 nis
387 1557 629 1614 orientis
641 1557 907 1631 partibus
919 1573 1098 1628 quam
1114 1555 1588 1613 cmterorumSed
1602 1554 1742 1610 dum
1759 1550 1936 1609 semel

281 1645 340 1701 in
363 1663 493 1703 sese
522 1645 682 1703 novit
710 1646 1037 1718 dispertiri,
1068 1646 1448 1718 postmodum
1482 1643 1766 1717 paulatim
1803 1657 1939 1714 pars

285 1737 534 1807 utraque
592 1734 869 1791 usitatius
922 1734 1127 1790 didicit
1181 1733 1393 1805 minui,
1435 1733 1702 1790 videlicet
1757 1732 1941 1788 donec

285 1823 651 1898 contingeret
694 1822 840 1879 illud
870 1824 1151 1880 amodum
1179 1821 1464 1880 coarctari
1494 1821 1730 1896 przeliis,
1764 1824 1829 1877 ut
1857 1819 1941 1876 fo-

288 1915 375 1967 ret
403 1911 658 1981 brevius,
692 1917 749 1968 et
777 1912 937 1969 istud
970 1918 1271 1986 appeteret
1290 1911 1576 1968 moderari
1607 1915 1938 1967 extraneus.

286 2001 354 2055 Et
371 2001 650 2074 quoniam
676 2001 866 2074 magis
888 2001 1266 2074 contingebat
1296 1999 1602 2074 tyrannide
1632 1999 1940 2072 imperare,

287 2105 464 2162 quam
496 2088 585 2146 vel
616 2087 843 2147 liberali
892 2091 1124 2164 pietate,
1160 2090 1248 2146 vel
1292 2089 1559 2163 originali
1601 2087 1940 2162 propagine,

290 2179 509 2235 idcirco
557 2195 666 2252 par
709 2184 837 2236 erat
896 2179 1103 2236 talium
1163 2181 1594 2236 contumaciam
1646 2194 1781 2234 cum
1832 2176 1941 2231 sibi

289 2268 547 2326 subditis
579 2269 797 2326 crebris
828 2269 1266 2325 infestationum
1299 2269 1490 2344 plagis
1521 2273 1788 2326 atterere.

945 2359 1176 2416 CAPUT
1215 2358 1282 2414 V.

778 2450 853 2504 De
876 2465 1224 2521 paganorum
1250 2448 1451 2520 plagis.

362 2536 622 2610 Denique
669 2537 822 2592 circa
868 2537 1382 2608 nongentesimum
1433 2535 1604 2591 Verbi
1661 2533 1944 2590 inearnati

293 2641 536 2694 annum,
570 2642 845 2698 egressus
893 2625 966 2680 ab
1017 2625 1298 2697 Hispania
1345 2642 1443 2680 rex
1490 2625 1946 2680 Sarracenorum

291 2713 522 2785 Algalif,
537 2714 898 2786 veniensque
916 2730 1048 2767 cum
1072 2714 1327 2768 exercitu
1352 2713 1607 2768 maximo
1623 2713 1678 2768 in
1695 2706 1944 2780 Italiam,

293 2800 514 2858 scilicet
529 2799 856 2857 traditurus
873 2801 1166 2856 humanas
1185 2819 1276 2857 res
1295 2817 1427 2856 cum
1449 2801 1572 2856 suis
1590 2801 1648 2856 in
1666 2798 1946 2874 prtedam,

293 2906 428 2946 cum
459 2889 656 2963 gladio
686 2894 861 2962 atque
901 2889 1171 2945 incendio
1221 2889 1640 2946 demoliendas.
1676 2889 1784 2957 Qui
1811 2905 1945 2945 cum

293 2978 570 3048 venisset,
608 2977 974 3052 depopulans
1001 2982 1183 3034 totam
1222 2977 1518 3051 regionem
1549 2995 1740 3051 usque
1769 2979 1948 3036 Bene-

295 3070 533 3124 ventum
563 3081 910 3144 progressus
941 3073 1048 3124 est.
1066 3067 1144 3123 Ex
1174 3067 1472 3140 aliquibus
1492 3072 1725 3124 tantum
1757 3066 1950 3124 civita-

298 3157 457 3212 tibus
503 3155 680 3212 Italiae
733 3156 1037 3230 primates,
1071 3155 1312 3213 collecto
1360 3157 1613 3229 agmine,
1647 3156 1761 3213 nisi
1811 3158 1951 3213 sunt

301 3245 580 3302 adversus
609 3245 951 3318 praedictum
972 3243 1192 3318 Algalif
1205 3245 1351 3300 inire
1373 3261 1654 3319 pugnam.
1679 3245 1788 3301 Sed
1813 3261 1948 3301 cum

2038 660 2332 735 cupidine.

2111 750 2370 824 Denique
2396 751 2546 807 clam
2571 751 2877 825 egrediens
2894 751 2966 807 ad
2987 748 3338 824 predictam
3358 739 3701 808 Numanae-

2038 855 2168 895 rum
2213 843 2475 912 gentem,
2509 839 2629 894 illis
2676 839 3085 896 tantummodo
3133 837 3427 914 primitus
3477 836 3702 894 adhaesit

2039 928 2162 1001 qui,
2193 928 2436 985 assiduo
2462 928 2659 1002 raptui
2693 928 3031 996 servientes,
3055 928 3280 984 victum
3305 925 3533 984 caeteris
3553 925 3703 982 mini-

2041 1018 2332 1084 strabant,
2347 1034 2496 1090 quos
2513 1017 2692 1073 etiam
2706 1015 2790 1072 illi
2804 1016 3200 1078 communiter
3223 1017 3470 1075 Flottam
3491 1018 3697 1078 vocant.

2041 1105 2264 1179 illoque
2282 1105 2624 1178 aliquandiu
2639 1105 2778 1162 huic
2792 1122 3046 1179 nequam
3064 1105 3212 1162 mori
3228 1102 3704 1172 inservientem:-

2043 1195 2130 1268 pit
2152 1193 2428 1268 pessimis
2457 1193 2964 1250 commilitonibus
2995 1199 3156 1251 tanto
3187 1195 3453 1250 existere
3485 1189 3705 1264 diligen-

2044 1286 2176 1350 tior,
2203 1287 2423 1356 quanto
2446 1282 2811 1339 efficiebatur
2833 1279 3704 1360 flagitiosior.Paulatimquero-

2045 1371 2278 1428 bustior
2305 1372 2529 1428 caeteris
2559 1371 2783 1429 viribus
2815 1387 2880 1428 ac
2903 1372 3079 1436 rebus
3109 1371 3604 1439 et!ectus,omncs
3621 1383 3705 1447 pe-

2047 1459 2189 1516 riter
2217 1459 2385 1516 illum
2437 1460 2797 1517 constituere
2849 1465 3006 1520 terra
3052 1460 3329 1536 marique
3376 1457 3701 1540 principem.

2047 1547 2422 1605 Constitutus
2452 1554 2653 1605 autem
2679 1547 3050 1623 bujusmodi,
3064 1547 3364 1628 ampliore
3385 1543 3706 1603 crudelitate

2049 1642 2377 1710 assumpta,
2413 1638 2573 1711 parvi
2629 1637 2898 1710 pendens
2941 1635 3383 1710 praeteritorum
3422 1635 3702 1699 saevitiam,

2051 1725 2224 1798 ccepit
2250 1741 2426 1781 suum
2451 1725 2510 1782 in
2533 1725 2899 1799 longinquas
2929 1725 3196 1800 gladium
3224 1724 3485 1786 dilatare
3505 1722 3707 1799 provin-

2052 1815 2194 1871 cias.
2219 1813 2602 1872 Postmodum
2627 1815 2803 1872 etiam
2827 1831 2963 1872 cum
2986 1815 3270 1873 universa
3292 1812 3562 1889 pene,cui
3582 1827 3704 1885 prae-

2052 1907 2195 1968 erat,
2211 1908 2381 1976 gente
2399 1903 2797 1960 conscendens
2809 1904 2882 1960 ad
2896 1904 3230 1978 superiores
3245 1901 3576 1962 Galliarum
3588 1910 3701 1972 par-

2053 1996 2160 2058 tes,
2186 1993 2458 2064 quamvis
2482 1992 2722 2066 pestifer
2742 2010 2954 2066 parens
2985 1991 3252 2049 nativum
3281 1990 3441 2048 male
3461 2001 3702 2066 quaerens

2054 2081 2300 2136 revisere
2340 2081 2556 2138 solum.
2589 2081 2698 2145 Qui
2739 2097 2872 2137 cum
2919 2083 3196 2152 venisset,
3232 2080 3439 2156 gladio
3487 2085 3546 2136 et
3587 2077 3704 2150 igne

2054 2167 2211 2224 ultra
2241 2185 2477 2225 omnem
2517 2169 2778 2226 hostium
2811 2169 3036 2227 cladem
3067 2171 3354 2226 universa
3381 2166 3704 2229 demoliens,

2056 2259 2290 2313 nemine
2313 2263 2695 2332 repugnante,
2720 2259 2946 2316 diutius
2969 2257 3370 2333 consumpsit.
3398 2257 3560 2314 Tunc
3579 2269 3700 2328 quo-

2055 2364 2167 2420 que
2195 2347 2408 2404 domus
2432 2347 2824 2404 Ecclesiarum
2857 2365 2961 2423 per
2988 2347 3208 2406 Gallias
3240 2349 3553 2418 universae,
3581 2356 3704 2417 pra-

2054 2439 2143 2491 ter
2163 2451 2313 2508 quas
2343 2436 2672 2510 municipia
2700 2438 3006 2494 civitatum
3035 2436 3124 2494 vel
3155 2442 3500 2504 castrorum
3529 2447 3700 2490 serva-

2056 2529 2213 2590 runt,
2239 2525 2596 2583 omnimodis
2619 2526 3018 2584 debonestatae
3049 2530 3224 2601 atque
3260 2527 3403 2602 igne
3434 2534 3700 2583 succensa

2055 2619 2216 2670 sunt.
2245 2614 2543 2672 Universis
2575 2615 2866 2689 siquidem
2898 2616 3218 2691 peragratis
3253 2615 3486 2684 Galliis,
3504 2611 3700 2686 opima-

2055 2720 2168 2776 que
2189 2704 2550 2761 diversarum
2576 2721 2771 2762 rerum
2796 2706 3019 2780 potitus
3040 2705 3248 2779 spolia,
3276 2705 3352 2762 ad
3376 2702 3604 2780 propria
3621 2714 3701 2754 re-

2055 2792 2221 2848 duxit
2249 2792 2588 2849 exercitum.
2622 2793 2831 2868 Sicque
2879 2794 3154 2869 deinceps
3187 2799 3312 2850 tam
3352 2794 3426 2850 ab
3457 2793 3578 2868 ipso
3603 2788 3697 2844 As-

2057 2881 2222 2955 tingo
2253 2898 2430 2955 quam
2466 2883 2540 2938 ab
2569 2883 2699 2956 ejus
2743 2884 3206 2953 successoribus,
3239 2881 3409 2942 illius
3459 2875 3698 2938 videlicet

2057 2970 2248 3043 gentis
2279 2969 2668 3045 principibus,
2692 2973 2752 3028 in
2780 2974 2972 3046 spatio
3006 2973 3122 3028 fere
3150 2978 3396 3033 centum
3428 2978 3692 3028 annorum

2057 3058 2402 3132 bujusmodi
2445 3060 2642 3118 clades
2690 3061 2855 3118 illata
2892 3067 2982 3119 est
3012 3061 3184 3138 longe
3213 3060 3457 3137 lateque
3485 3051 3694 3134 populis

2058 3147 2401 3205 Galliarum.
2431 3148 2561 3206 limo
2593 3166 2848 3224 quoque,
2883 3167 3011 3225 qua
3043 3150 3381 3220 retulimus,
3407 3166 3510 3226 per
3537 3147 3694 3204 inter-

2056 3237 2207 3294 valla
2239 3239 2647 3296 defunctorum
2679 3257 2883 3314 regum
2915 3257 3017 3297 seu
3050 3239 3482 3316 imperatorum
3510 3229 3694 3293 tamin

301 3317 1806 3408 secernerentexercitunimiumimpares,utsepius
1820 3351 1949 3392 mos
1979 3317 2023 3386 C
2060 3325 2224 3384 italia
2253 3344 2432 3400 quam
2463 3328 2522 3384 in
2564 3328 2790 3396 Galliis,
2823 3328 3170 3404 priusquam
3219 3326 3692 3388 instaurarentur:

300 3423 531 3480 estistis
551 3425 852 3482 modernis
875 3423 1111 3491 Italicis,
1137 3424 1286 3496 fugae
1309 3423 1504 3496 potius
1531 3439 1708 3496 quam
1730 3423 1952 3480 bellum

305 3511 510 3585 [belli],
541 3512 758 3584 petiere
782 3512 1143 3584 praesidium.
1177 3511 1400 3567 interea
1439 3512 1651 3568 reversi
1684 3529 1818 3568 cum
1845 3529 1952 3571 suo

300 3598 564 3672 principe
593 3599 667 3654 ad
695 3599 951 3654 Africam
981 3599 1304 3666 Sarraceni,
1329 3599 1403 3655 ab
1427 3599 1525 3655 illo
1557 3606 1814 3674 tempore
1835 3617 1952 3668 non

299 3685 654 3742 destiterunt
707 3686 1056 3760 impugnare
1112 3687 1407 3758 regionem
1451 3687 1648 3753 Italiae,
1684 3689 1952 3761 quamvis

299 3773 574 3848 plurimis
597 3773 846 3830 fuissent
867 3773 1359 3848 prmliislacessiti
1384 3779 1504 3831 tam
1537 3777 1610 3832 ab
1642 3777 1953 3850 imperato-

297 3864 466 3919 ribus
483 3879 660 3935 quam
679 3879 714 3919 Î¹
729 3863 1194 3936 patrimducibus
1213 3881 1280 3920 ac
1297 3863 1952 3940 marcbionibus,usque

297 3953 369 4008 ad
390 3951 693 4008 Altmuzor
719 3950 954 4008 illorum
979 3951 1338 4025 prinpipem,
1363 3958 1421 4009 et
1443 3954 1781 4026 praedictum
1807 3956 1952 4013 Hen-

295 4043 482 4099 ricum
515 4040 913 4099 Romanorum
944 4041 1378 4116 imperatorem.
1403 4041 1746 4116 Prtescripto
1769 4045 1952 4118 igitur

294 4136 578 4205 tempore,
609 4149 727 4188 non
777 4131 972 4189 minor
1015 4131 1212 4188 clades
1248 4131 1306 4188 in
1337 4132 1656 4190 Galliarum
1691 4133 1945 4208 populis,

292 4220 765 4277 Normannorum
816 4219 1208 4289 infestatione,
1250 4221 1474 4277 exstitit
1524 4221 1804 4279 hostium.
1839 4223 1948 4287 Qui

292 4309 561 4368 videlicet
585 4309 905 4366 Normanni
928 4326 1142 4366 nomen
1165 4309 1304 4367 inde
1334 4311 1946 4384 sumpsere,quoniam

295 4401 498 4473 raptus
541 4413 739 4456 amore
788 4400 1065 4472 primitus
1116 4399 1337 4472 egressi
1386 4417 1454 4456 ex
1505 4400 1948 4476 aquilonaribus

292 4489 560 4562 partibus
617 4489 896 4546 audacter
951 4489 1372 4546 occidentalem
1429 4489 1644 4561 petiere
1689 4489 1943 4565 plagam.

291 4579 590 4654 Siquidem
609 4580 813 4654 lingua
829 4579 1064 4636 illorum
1090 4580 1329 4653 propria
1343 4580 1476 4636 Nort
1489 4580 1687 4654 aquilo
1709 4582 1942 4652 dicitur,

289 4669 666 4744 uiniquoque
679 4669 934 4743 populus
947 4667 1444 4743 appellatur.Inde
1457 4685 1589 4725 vero
1602 4669 1944 4740 Normanni,

291 4759 459 4832 quasi
484 4756 849 4832 aquilonaris
861 4755 1114 4831 populus
1128 4758 1680 4814 denominantur.Hi
1696 4759 1948 4832 denique

290 4848 348 4903 in
397 4848 589 4922 primo
637 4863 878 4922 egressu
937 4847 1163 4904 diutius
1215 4847 1371 4903 circa
1431 4865 1592 4903 mare
1647 4848 1945 4904 Oceanum

289 4937 587 5009 degentes,
605 4935 882 4994 brevibus
913 4937 1170 4992 contenti
1205 4936 1536 5010 stipendiis,
1558 4954 1864 5010 quousque
1885 4938 1946 4994 in

291 5028 525 5094 gentem
571 5023 840 5081 coaluere
882 5039 998 5080 non
1048 5023 1363 5081 modicam.
1398 5024 1779 5082 Postmodum
1811 5044 1945 5084 vero

291 5105 521 5164 telluris
549 5109 749 5184 ampla
775 5115 836 5166 et
864 5109 1052 5183 pelagi
1085 5111 1283 5168 hostili
1325 5130 1502 5169 manu
1537 5120 1940 5188 pervagantes,

292 5193 524 5266 aliqua:
554 5194 730 5252 urbes
757 5197 826 5253 ac
853 5196 1184 5272 provincias
1217 5202 1274 5255 in
1325 5201 1621 5274 propriam
1672 5203 1946 5278 redegere

292 5281 536 5338 sortem.
565 5281 632 5356 in
659 5299 940 5356 processu
979 5299 1213 5358 quoque
1241 5289 1524 5360 temporis
1555 5293 1718 5346 ortus
1745 5295 1835 5347 est
1860 5293 1950 5348 vir

291 5369 534 5442 quidam
564 5370 625 5426 in
654 5383 804 5444 pago
831 5371 1180 5430 Trecassino
1221 5391 1291 5431 ex
1333 5375 1537 5433 inilmo
1591 5378 1944 5436 rusticorum

290 5471 522 5529 genere,
569 5457 852 5531 Astingus
909 5457 1166 5527 nomine,
1227 5461 1286 5515 in
1347 5463 1470 5518 vico
1522 5465 1792 5523 videlicet
1842 5469 1945 5541 qui

287 5545 661 5618 Trrnquiiius
689 5545 925 5616 dicitur,
949 5543 1191 5602 tribusa
1209 5547 1438 5606 civitate
1468 5550 1696 5609 distans
1729 5555 1942 5612 millia-

286 5632 472 5690 ribus.
485 5634 602 5701 Qui
613 5633 872 5708 juvenis,
893 5629 1098 5688 valens
1129 5635 1335 5690 robore
1369 5640 1946 5716 eorporis,perversze

285 5725 484 5804 tamen
511 5723 745 5806 indolis,
765 5718 1160 5802 superbiendo
1181 5721 1462 5801 abjicicns
1483 5727 1779 5788 fortunam
1793 5749 1942 5807 pan.

2061 3415 2278 3490 saepius
2299 3417 2688 3492 contigerunt.
2712 3418 2824 3475 Sed
2847 3434 2984 3476 cum
3009 3417 3232 3476 interea
3253 3417 3541 3496 praedictae
3569 3425 3691 3486 gen-

2057 3505 2136 3562 tis
2166 3507 2453 3562 exercitus
2501 3524 2664 3565 more
2712 3507 2886 3565 solito
2929 3507 3002 3566 ad
3034 3507 3252 3566 Gallias
3282 3505 3590 3582 procedere
3616 3497 3696 3554 de-

2060 3595 2353 3665 crevisset,
2386 3596 2642 3653 occurrit
2685 3597 2804 3654 illis
2839 3598 2968 3671 jam
2999 3596 3234 3670 longius
3261 3615 3298 3654 a
3331 3596 3456 3654 solo
3484 3585 3692 3668 proprio

2061 3685 2302 3742 remotis
2335 3685 2682 3744 venerabilis
2704 3687 3055 3761 Burgundize
3087 3689 3205 3744 dux
3226 3685 3574 3750 RichardUS,
3603 3693 3695 3752 Î¡Î¹-

2059 3778 2148 3830 ter
2177 3773 2401 3831 scilicet
2429 3775 2583 3850 regis
2616 3777 3014 3849 Rodulphi,ut
3030 3793 3211 3850 supra
3237 3763 3691 3834 commemoravi-

2060 3880 2215 3920 mus.
2251 3864 2514 3937 lnitoque
2542 3881 2678 3922 cum
2722 3865 2806 3922 eis
2841 3864 3065 3940 przelio,
3101 3870 3266 3922 tanta
3296 3864 3451 3922 caede
3478 3857 3690 3940 eosdem

2058 3953 2388 4025 prostravit,
2415 3957 2477 4010 ut
2509 3954 2784 4028 perpauci
2815 3937 2884 4012 ex
2909 3955 2994 4012 eis
3025 3953 3164 4030 fuga
3193 3952 3348 4030 lapsi
3376 3952 3447 4010 ad
3479 3937 3688 4024 propria

2057 4043 2152 4098 vix
2181 4047 2529 4100 remearent.
2559 4044 2629 4100 Et
2673 4043 2807 4100 licet
2853 4043 3110 4117 posthaec
3156 4041 3360 4117 plures
3390 4035 3606 4102 insulas

2057 4131 2388 4204 provincias
2419 4131 2566 4188 mari
2598 4133 2907 4207 contiguas
2937 4133 3114 4192 iidem
3141 4132 3368 4194 scilicet
3395 4129 3686 4188 Nox-manui

2057 4219 2558 4293 depopulaverint,
2585 4221 2642 4277 in
2675 4225 2870 4294 partes
2898 4226 3095 4278 tamen
3123 4219 3476 4278 Francorum
3504 4218 3694 4306 regqu-

2057 4312 2216 4365 sorte
2243 4310 2531 4383 regendas
2560 4327 2678 4367 non
2731 4311 3029 4386 deinceps,
3060 4309 3176 4370 nisi
3207 4310 3280 4368 ab
3308 4307 3524 4371 eisdem
3555 4309 3684 4386 reng

2056 4399 2170 4455 bus
2199 4399 2440 4468 evocati,
2467 4383 2958 4458 conscenderunt;
2991 4399 3143 4466 Quin
3170 4399 3346 4457 etiam
3378 4391 3545 4472 paulo
3572 4383 3686 4461 post

2057 4487 2313 4545 vicissim
2366 4487 2591 4546 scilicet
2625 4489 2852 4558 Franci,
2883 4503 3111 4546 necnon
3138 4489 3196 4544 et
3222 4481 3680 4562 Burgundionuï¬‚f

2056 4576 2340 4650 Plerique,
2364 4593 2498 4633 cum
2532 4577 2824 4650 praedictis
2839 4553 3536 4646 â·Î™Î´á½³Î¿Î½Î¹á½·Î¹Î¹Î¹Î¹Î¹á¿‘Î¹á½¶Îµ,Î¿ÎµÎ¹á¿–Î¹Î¿á¿á½·Î¸Î±Îµ
3563 4553 3680 4620 ï¬dei

1979 4689 2026 4758 Î’
2050 4667 2176 4739 iam
2208 4665 2428 4758 effectis
2463 4665 2808 4758 cultoribus,
2847 4665 3088 4758 pacitlee
3115 4667 3365 4742 junxere
3395 4650 3680 4758 (renuntiiâ€”II

2057 4760 2234 4828 atque
2264 4757 2442 4811 unius
2465 4755 2619 4830 regis
2649 4773 2896 4830 regnum
2931 4755 3055 4830 pari
3089 4771 3381 4814 consensu
3409 4749 3680 4834 decrevelâ€˜fâ€™t

2056 4843 2170 4899 dici
2202 4846 2260 4900 et
2287 4859 2436 4900 esse.
2480 4829 2741 4918 Indeque
2801 4829 2947 4902 orti,
2973 4845 3154 4902 duces
3211 4829 3678 4901 excellentissimi:

2055 4931 2416 4990 Guillermus
2434 4932 2722 5003 videlicet,
2739 4937 2915 5008 atque
2931 4938 3065 5008 post
3077 4934 3275 5008 ipsum
3297 4931 3508 5008 quique
3521 4921 3676 4978 donoâ€œ

2054 5021 2284 5089 minati,
2318 5025 2562 5095 paterno
2606 5039 2712 5080 seu
2760 5023 2914 5080 avito
2957 5025 3094 5096 jure
3147 5019 3438 5084 Richardi.
3464 5011 3676 5102 luerunt

2053 5111 2270 5184 quippe
2290 5093 2622 5169 d'ucaminis
2644 5093 3012 5187 principatus

2055 5199 2578 5274 Rothomagorum.
3305 5253 3312 5261 ,
3443 5205 3463 5282 '7
3505 5241 3514 5250 .
3559 5277 3566 5282 Î”
3601 5203 3644 5282 á¼Î¾

2125 5292 2270 5344 Cum
2292 5261 2476 5362 igitur
2494 5289 2756 5363 praedicti
2779 5290 2958 5354 duces
2977 5287 3135 5348 ultra
3151 5261 3388 5364 ceteros

2055 5377 2278 5432 militiis
2299 5359 2514 5444 armis,
2525 5382 2652 5435 tum
2683 5379 2928 5452 perinde
2957 5385 3074 5454 pre!

2054 5467 2253 5522 munis
2273 5466 2434 5540 pacis
2456 5483 2522 5524 ac
2544 5465 2761 5525 virtute
2781 5465 3172 5532 liberalitatis.
3186 5455 3336 5534 Nam

2049 5555 2242 5612 vincia
2273 5523 2406 5628 qua
2435 5523 2920 5624 illorumditioni

2053 5645 2228 5700 unius
2259 5621 2790 5719 consanguinitatis
2807 5621 3030 5704 domus
3039 5621 3127 5712 vel
3149 5621 3398 5720 familia;
3411 5621 3667 5720 invidit]?

2051 5733 2185 5791 ï¬dei
2215 5701 2459 5794 concors
2481 5701 3140 5814 degebat.lâ€˜lempemri
