3852 6426
226 467 361 531 (³23

1115 472 1663 537 HISTORIARUM
1707 475 1914 537 LIBRI
1960 475 2334 551 QUINQUE.
2382 512 2457 528 -
2504 483 2653 545 LIB.
2698 483 2777 546 II.

3522 487 3649 553 6‘26

224 600 363 661 illos
394 602 851 696 comparabatur
877 604 1572 696 quicunquehominum,
1595 606 1653 662 in
1682 607 1883 681 aliquo
1911 608 1966 675 Α
1997 610 2208 681 speciei
2228 612 2411 684 hujus
2435 616 2750 673 mundanae
2772 615 3098 691 molis,quze
3118 618 3381 678 videlicet
3404 623 3459 677 in
3498 642 3640 696 quu-

222 690 629 764 negotio,plus
637 691 665 763 j
674 696 806 748 usto
828 692 1232 765 [sumens],vel
1244 694 1461 751 falsum
1477 694 1614 767 quid
1624 696 1782 767 piam
1794 713 1888 752 ve-

220 780 623 837 nundandum
645 780 958 849 mentiens,
971 782 1887 856 subtrahebatalteri.Egenorum

218 884 464 941 quoque
473 872 534 924 et
546 884 877 941 pauperum
892 868 1277 942 omniumque
1297 872 1890 944 peregrinorum,tan-

219 973 404 1029 quam
428 960 702 1028 parentes
724 956 1007 1025 filiorum,
1027 974 1229 1014 curam
1251 959 1532 1030 gerebant
1560 960 1885 1017 assiduam.

220 1050 386 1101 Dona
402 1044 585 1101 etiam
610 1043 982 1117 amplissima
995 1046 1179 1102 sacris
1208 1046 1483 1103 Ecclesiis
1509 1065 1655 1119 pene
1678 1049 1736 1103 in
1768 1051 1888 1104 toto

219 1134 361 1189 orbe
378 1133 718 1199 mittebant,
732 1134 815 1189 ita
835 1137 902 1189 ut
912 1134 1089 1191 etiam
1100 1135 1176 1191 ab
1188 1135 1431 1202 oriente,
1446 1136 1671 1193 scilicet
1694 1140 1890 1193 monte

216 1220 785 1279 denominatissimo
804 1221 964 1290 Sina,
995 1239 1098 1295 per
1114 1222 1385 1295 singulos
1406 1241 1593 1280 annos
1617 1224 1886 1281 monachi

226 1309 677 1382 Bothomagum
694 1309 1013 1378 venientes,
1038 1310 1138 1383 qui
1160 1327 1194 1367 a
1212 1311 1503 1383 praedictis
1524 1311 1888 1384 principibus

216 1396 484 1473 plurima
513 1398 830 1454 redeuntes
861 1398 987 1454 auri
1017 1402 1075 1455 et
1095 1400 1321 1471 argenti
1341 1399 1466 1455 suis
1487 1399 1777 1456 deferrent
1796 1415 1888 1456 xe-

214 1476 336 1544 nia.
367 1484 842 1559 Hierosolymam
888 1502 1023 1543 vero
1070 1488 1143 1544 ad
1185 1487 1523 1559 sepulcrum
1569 1486 1885 1544 Salvatoris

213 1579 454 1632 centum
488 1574 621 1631 miri
664 1574 849 1630 libras
898 1576 1195 1633 secundus
1225 1575 1389 1632 misit
1435 1576 1785 1642 Richardus,
1816 1592 1884 1631 ac

208 1678 484 1736 quosque
505 1662 814 1735 cupientes
846 1661 986 1719 illuc
1015 1664 1218 1720 devote
1248 1678 1558 1736 peragrare
1588 1663 1759 1720 donis
1781 1664 1883 1734 ju-

214 1751 391 1809 vabat
423 1749 765 1806 immensis.
792 1750 1072 1807 Preterea
1100 1751 1161 1806 in
1184 1752 1558 1807 successibus
1579 1751 1884 1823 praedicto-

211 1856 347 1895 rum
381 1842 746 1911 temporum,
764 1838 1138 1911 exigentibus
1168 1838 1357 1911 culpis
1382 1838 1752 1911 peccantium
1784 1838 1884 1894 ho-

213 1926 477 1994 uinum,
494 1928 627 1983 orta
647 1928 741 1981 est
764 1924 1060 1983 discordia
1080 1927 1333 1982 duorum
1363 1942 1592 1999 regum,
1630 1927 1876 1982 Franco-

216 2030 345 2072 rum
391 2012 673 2071 videﬁeet
721 2029 792 2070 ac
838 2016 1152 2069 Saxonum.
1203 2014 1338 2078 Quae
1368 2014 1611 2081 scilicet,
1647 2014 1870 2070 diutius

214 2103 627 2169 exardesceus,
659 2099 892 2157 occulto
911 2099 1012 2157 Dei
1028 2101 1253 2172 judicio
1271 2118 1475 2157 rursus
1498 2101 1758 2157 terribile
1773 2101 1873 2158 ﬂa-

214 2188 677 2264 gelium-ingruit
688 2188 924 2262 populis
936 2188 1551 2261 Galliarum.Denique
1574 2190 1871 2262 Hungaro-

210 2296 344 2337 rum
367 2279 650 2352 princeps
679 2292 816 2334 cum
838 2277 997 2333 omni
1019 2278 1206 2349 ipsius
1227 2278 1418 2349 gentis
1439 2277 1678 2333 militari
1702 2294 1869 2333 exer-

208 2368 346 2435 citu,
378 2367 571 2438 huius
598 2365 909 2421 discordiis
936 2364 1078 2421 mali
1122 2364 1444 2431 occasione,
1478 2366 1625 2422 fines
1652 2365 1864 2421 Gallia-

110 2520 115 2523 _
213 2472 345 2512 rum
375 2455 745 2526 irrumpens,
774 2452 956 2508 semel
987 2469 1056 2510 ac
1078 2453 1172 2509 bis
1199 2469 1433 2508 omnem
1455 2452 1867 2509 miserabiliter

204 2541 573 2616 depopulans
591 2539 1239 2613 regionem,utrumque
1257 2542 1435 2597 etiam
1466 2557 1652 2613 genus
1673 2540 1861 2596 homi-

207 2647 346 2688 num
369 2633 777 2702 oaptans,tum
804 2628 979 2685 rebus
1010 2629 1285 2684 humanis
1307 2629 1862 2696 abducens,nemine

208 2715 919 2789 obstante,diripuit.0me
938 2716 1192 2788 denique
1217 2716 1410 2772 clades
1443 2716 1644 2772 tandiu
1676 2717 1859 2772 desae-

207 2808 309 2874 vit,
334 2821 650 2879 quousque
680 2804 800 2861 Deo
822 2804 1174 2877 propitiante
1193 2803 1501 2876 utriusque
1524 2804 1683 2876 regni
1706 2804 1862 2875 priu-

206 2894 378 2969 cipes,
400 2895 767 2951 Francorum
786 2891 1053 2949 videlicet
1081 2908 1148 2948 ac
1171 2896 1484 2959 Saxonum,
1515 2892 1693 2948 unius
1722 2890 1858 2947 fidei

205 2999 271 3040 ac
297 2980 835 3055 consanguinitatis
870 2979 1103 3037 vinculo
1150 2985 1538 3036 necterentur.
1570 2981 1856 3036 Evacuato

208 3070 490 3143 siquidem
515 3069 784 3143 priorum
811 3084 1014 3142 rogum
1036 3066 1852 3141 genere,sedatisquejurgiis,

209 3159 372 3231 erepit
388 3158 552 3214 orbis
575 3172 859 3215 novorum
888 3170 1096 3228 regum
1118 3172 1257 3228 pace
1280 3156 1389 3211 sub
1413 3155 1601 3211 amica
1630 3156 1856 3211 reﬂore-

210 3244 726 3317 scere,Christique
746 3260 991 3317 regnum
1015 3259 1118 3316 per
1141 3244 1354 3299 fontem
1369 3244 1517 3299 sacri
1530 3242 1853 3315 baptisma-

1998 696 2134 754 dam
2172 701 2526 758 rotunditate
2555 703 2985 762 circumsistere
3015 707 3366 778 perhibetur,
3400 716 3465 766 ut
3491 714 3632 769 dum

1998 784 2285 859 siquidem
2307 788 2451 845 illud
2490 791 2800 863 respiceret
2828 794 3098 866 princeps
3138 797 3351 852 terreni
3382 798 3632 870 imperii,

1999 873 2146 930 foret
2170 877 2221 930 ei
2262 877 2699 945 documentum,
2746 897 2860 935 non
2903 882 3074 937 aliter
3100 884 3309 939 debere
3350 883 3636 958 imperem

1997 962 2081 1017 vel
2106 963 2355 1021 militare
2385 966 2444 1021 in
2469 968 2687 1023 mundo
2709 985 2885 1039 quam
2908 974 2971 1024 ut
2992 970 3207 1042 dignus
3230 970 3541 1029 haberetur
3563 975 3639 1028 vi-

1996 1050 2176 1105 vificm
2197 1054 2385 1108 crucis
2405 1055 2552 1109 tueri
2581 1056 2876 1112 vexillan
2907 1057 3034 1128 ipso
3062 1059 3238 1114 etiam
3275 1061 3637 1118 diversarum

1995 1153 2362 1212 gemmarum
2406 1143 2793 1210 decoramine,
2822 1145 3092 1202 videlicet
3126 1146 3357 1219 imperii
3402 1148 3635 1206 culmen

1995 1227 2380 1299 plurimarum
2414 1230 2692 1287 virtutum
2722 1233 3025 1303 speciebus
3052 1237 3318 1291 exornari
3349 1242 3631 1308 oportere.

1992 1319 2252 1388 Cumque
2268 1319 2640 1388 postmodum
2664 1321 2975 1391 prmdictus
3006 1338 3157 1394 papa
3184 1322 3630 1396 imperatori,vi-

1989 1402 2443 1460 delicetHenrico
2459 1406 2636 1476 hujus
2659 1408 2735 1462 rei
2760 1409 2947 1480 gratia
2967 1409 3211 1465 Romam
3230 1412 3499 1480 venienti,
3531 1412 3633 1468 ob-

1990 1489 2143 1545 viam
2175 1506 2309 1548 cum
2358 1493 2613 1549 maxima
2639 1495 2895 1550 virorum
2926 1501 2986 1551 et
3011 1512 3308 1553 sacrorum
3351 1500 3625 1555 ordinum

1991 1578 2365 1635 multitudine
2387 1583 2767 1653 processisset
2784 1600 2852 1638 ex
2882 1601 3062 1653 more,
3094 1586 3265 1658 eique
3285 1586 3623 1658 hujusmodi

1989 1666 2219 1737 insigne
2240 1667 2462 1723 scilicet
2481 1668 2708 1741 imperii
2733 1671 2790 1725 in
2816 1677 3129 1744 conspectu
3151 1674 3332 1730 totius
3353 1675 3623 1731 Romana

1988 1751 2177 1824 plebis
2197 1754 2564 1811 tradidisset:
2589 1757 2913 1829 suscipiens
2934 1759 3077 1814 illud
3090 1760 3368 1829 hilariter,
3383 1762 3626 1818 circum-

1988 1845 2302 1914 spectoque
2319 1859 2407 1909 eo,
2441 1848 2506 1899 ut
2534 1849 2661 1899 erat
2685 1845 2773 1900 vir
2794 1846 3229 1917 sagacissimus,
3252 1849 3435 1905 dixit:
3460 1872 3488 1900 ‹‹
3510 1850 3624 1922 Op-

1986 1928 2128 1983 time
2150 1935 2329 2001 pater,
2370 1931 2644 2003 inquiens
2662 1933 2733 1988 ad
2774 1949 3008 2007 papam,
3030 1934 3187 1990 istud
3215 1936 3402 1993 facere
3431 1937 3623 1994 decre-

1977 2016 2111 2073 visti
2133 2023 2342 2073 1108th
2362 2021 2760 2090 portendendo
2786 2022 3039 2078 innuens
3061 2025 3623 2098 monarchiie,quali-

1979 2109 2066 2161 ter
2094 2121 2224 2162 sese
2252 2108 2541 2164 moderari
2571 2109 2869 2176 debuerat,
2900 2112 3134 2168 cautius
3181 2112 3558 2184 perdoculsti.
3590 2136 3620 2165 ››

1978 2192 2196 2248 Deinde
2216 2206 2394 2250 manu
2418 2210 2624 2268 gerens
2663 2196 2806 2252 illud
2829 2198 2957 2253 auri
2984 2214 3246 2271 pomum,
3279 2201 3617 2272 subjunxit:

1976 2302 2007 2330 α
2026 2281 2669 2354 Nullis,inquit,melius
2682 2285 2790 2341 hoc
2814 2302 3072 2358 presens
3087 2288 3308 2344 donum
3323 2290 3620 2361 possidere

1976 2383 2042 2424 ac
2068 2386 2299 2426 cernere
2341 2372 2608 2443 congruit
2636 2388 2815 2445 quam
2846 2373 2966 2429 illis
2994 2373 3117 2447 qui,
3152 2376 3383 2448 pompis
3413 2379 3618 2435 mundi

1973 2456 2230 2521 calcatis,
2256 2474 2486 2514 crucem
2509 2460 2834 2530 expeditius
2855 2468 3187 2533 sequuntur
3216 2463 3552 2520 Salvatoris.
3590 2488 3617 2515 ››

1971 2545 2076 2608 Qui
2101 2545 2366 2617 protinus
2378 2546 2537 2603 misit
2550 2547 2696 2603 illud
2710 2549 2781 2603 ad
2796 2548 3176 2607 Cluniacense
3187 2554 3614 2609 monasrerium

1968 2631 2312 2699 Galliarum,
2328 2634 2482 2705 quod
2504 2636 2678 2690 etiam
2710 2640 2849 2692 tunc
2871 2639 3155 2709 temporis
3174 2638 3499 2695 habebatur
3520 2657 3614 2697 re-

1966 2717 2411 2791 ligiosissimum
2442 2726 2804 2789 cmterorum,
2830 2724 2922 2779 cui
2944 2728 3002 2778 et
3032 2725 3145 2779 alia
3175 2726 3328 2781 dona
3362 2726 3615 2798 plurima

1964 2806 2296 2863 contulerat
2336 2814 2833 2865 ornamentorum.
2885 2812 2991 2867 Sed
3026 2815 3084 2867 et
3129 2811 3276 2866 illud
3322 2813 3613 2870 nimirum

1962 2894 2137 2950 etiam
2161 2897 2638 2967 perpendendum
2672 2898 2973 2976 quoniam,
2999 2916 3135 2956 cum
3160 2900 3274 2955 ista
3294 2916 3424 2972 quae
3454 2906 3614 2959 retu-

1964 2982 2165 3053 limus,
2180 2982 2447 3038 videlicet
2472 2984 2543 3039 de
2561 2986 3040 3041 conversionibus
3067 2987 3422 3058 perﬂdarum
3454 2990 3526 3045 ad
3546 2991 3609 3046 li-

1960 3068 2094 3124 dem
2120 3070 2333 3126 Christi
2365 3073 2653 3143 gentium,
2687 3073 3049 3130 extrinsecus
3079 3074 3141 3129 in
3170 3075 3613 3147 aquilonaribus

1960 3162 2133 3228 atque
2164 3158 2621 3214 occidentalibus
2668 3160 2827 3216 orbis
2873 3162 3144 3233 partibus
3191 3172 3446 3235 perempti
3486 3165 3611 3220 fieri

1959 3245 2293 3318 contigerit,
2318 3263 2619 3319 nusquam
2640 3248 2781 3303 talia
2801 3248 2859 3303 in
2886 3249 3274 3306 orientalibus
3301 3256 3475 3323 atque
3496 3262 3614 3308 me-

204 3333 281 3390 tis
311 3314 776 3405 circumquaque
796 3314 1073 3403 tyrannos
1092 3331 1205 3388 sibi
1227 3332 1562 3404 subjugare.
1596 3314 1728 3403 Ipsa
1754 3331 1854 3385 de-
1886 3314 1930 3380 Β
1969 3314 2210 3389 ridianis
2228 3314 2492 3404 ejusdem
2514 3335 2673 3390 orbis
2696 3334 2883 3407 plagis
2906 3336 3194 3409 contingit
3211 3314 3610 3410 audiri.Gu§us

208 3422 379 3495 nique
422 3422 839 3493 Hungarorum
882 3435 1045 3491 gens,
1078 3423 1210 3491 post
1236 3423 1322 3475 tot
1353 3424 1579 3491 patrata
1607 3418 1848 3491 flagitia,

207 3514 335 3584 post
361 3513 447 3566 tot
467 3507 703 3581 ﬂagella
722 3507 1000 3580 gentibus
1020 3506 1338 3573 illata,cum
1361 3523 1467 3563 suo
1497 3523 1629 3578 rege
1653 3507 1725 3561 ad
1755 3521 1851 3561 ca-

206 3598 477 3654 tholicam
524 3595 706 3651 fidem
752 3610 1048 3662 conversa,
1099 3612 1226 3667 quae
1272 3598 1436 3667 prius
1479 3596 1856 3652 consueverat

210 3685 520 3742 crudeliter
588 3699 796 3756 rapere
853 3682 1063 3749 aliena,
1123 3681 1311 3739 libens
1364 3682 1696 3755 impertitur
1751 3697 1855 3753 pro

208 3773 431 3830 Christo
445 3771 747 3846 propria;a
758 3770 976 3842 quibus
987 3770 1159 3826 etiam
1167 3771 1518 3841 jamdudum
1534 3769 1857 3841 diripienda

211 3862 675 3934 captivabantur,
703 3858 1095 3929 undecunque
1127 3857 1187 3911 in
1214 3858 1544 3913 miserrima
1567 3857 1861 3929 mancipia

211 3947 570 4005 distrahendi
583 3990 597 4015 ,
620 3946 722 4019 qui
743 3945 1507 4018 reperiebanturChristiani
1520 3965 1533 4013 ;
1548 3946 1619 4001 ab
1640 3945 1860 4001 eisdem

214 4053 440 4110 quoque
472 4037 748 4092 foventur
796 4050 953 4089 nunc
983 4049 1086 4089 ceu
1119 4034 1326 4089 fratres
1354 4034 1441 4088 vel
1472 4033 1659 4090 liberi.
1711 4032 1860 4087 Illud

220 4124 604 4182 nihilominus
656 4122 907 4179 nimium
965 4122 1289 4178 condecens
1341 4138 1407 4176 ac
1448 4121 1862 4193 perhonestum

222 4212 653 4285 videtur,atque
672 4211 743 4267 ad
764 4210 927 4282 pacis
957 4209 1199 4265 tutelam
1227 4208 1514 4281 optimum
1543 4210 1862 4274 decretum,

221 4300 437 4358 scilicet
473 4306 542 4357 ut
570 4316 648 4357 ne
695 4296 1013 4371 quisquam
1043 4297 1318 4354 audacter
1348 4297 1590 4352 Romani
1634 4296 1868 4368 imperii

218 4393 506 4462 sceptrum
530 4402 940 4461 praeproperus
960 4389 1191 4459 gestare
1214 4384 1484 4457 princeps
1503 4388 1866 4457 appetat,seu

215 4474 527 4549 imperator
548 4475 669 4532 dici
691 4479 793 4532 aut
813 4488 942 4531 esse
963 4473 1170 4541 valeat,
1195 4473 1308 4529 nisi
1342 4489 1517 4545 quem
1541 4490 1692 4545 papa
1714 4472 1870 4528 sedis

215 4562 480 4621 Romanis
503 4580 740 4620 morum
760 4562 1052 4636 probitate
1073 4561 1350 4633 delegerit
1367 4565 1569 4633 aptum
1595 4559 1873 4632 reipubli-

1958 3420 2207 3492 denique
2224 3421 2637 3477 veracissimus
2662 3422 2925 3494 praesagii
2947 3423 3119 3479 index
3140 3424 3248 3479 fuit
3268 3425 3608 3482 constitutio

1957 3507 2062 3562 illa
2098 3508 2288 3563 crucis
2311 3508 2643 3575 Dominicm,
2670 3510 2812 3565 dum
2842 3509 2902 3565 in
2936 3526 3005 3566 ea
3036 3511 3301 3568 Salvator
3329 3514 3610 3584 penderet

1961 3603 2021 3660 in
2051 3595 2177 3652 loco
2220 3596 2510 3654 Calvariae.
2564 3598 2710 3653 Nam
2750 3614 2882 3652 cum
2927 3603 3078 3654 retro
3126 3598 3286 3655 illius
3330 3600 3603 3657 verticem

1964 3686 2235 3757 suspensi
2253 3688 2377 3739 tum
2404 3685 2629 3752 fuisset,
2644 3686 2861 3741 crudus
2879 3685 3126 3742 nimium
3147 3687 3378 3760 populis
3389 3689 3603 3757 oriens,

1965 3776 2103 3826 tunc
2134 3772 2308 3827 etiam
2338 3773 2394 3828 in
2419 3774 2545 3843 ejus
2575 3772 2877 3829 oculorum
2900 3779 3213 3846 conspectu
3232 3776 3457 3832 lumine
3477 3776 3610 3833 fidei

1968 3858 2294 3930 repleturus
2322 3861 2587 3916 constitit
2612 3861 2911 3916 Occidens.
2952 3863 3043 3917 Sic
3079 3878 3313 3933 quoque
3342 3863 3612 3936 omnipo-

1968 3952 2187 4002 tentem
2208 3947 2395 4018 ipsius
2416 3948 2709 4004 dexteram
2728 3949 2799 4003 ad
2822 3949 3233 4004 misericordia
3243 3966 3402 4022 opus
3422 3956 3616 4007 exten-

1970 4051 2117 4101 sam,
2150 4036 2298 4092 sacri
2329 4037 2483 4092 verbi
2519 4035 2631 4091 ﬁde
2657 4036 2817 4091 mitis
2838 4037 3100 4108 suscepit
3120 4039 3618 4109 septentrio,ejus-

1973 4123 2293 4195 quela2vam
2324 4125 2598 4196 gentibus
2628 4124 3009 4183 barbarorum
3044 4123 3425 4181 tumultuosis
3446 4128 3617 4182 sorti-

1972 4217 2070 4266 tur
2085 4211 2491 4267 meridies.Sed
2509 4211 2643 4267 licet
2659 4212 2837 4282 hujus
2850 4212 2996 4267 sacri
3019 4211 3270 4267 breviter
3287 4213 3619 4268 memineri-

1976 4315 2109 4354 mus
2130 4298 2399 4370 portenti,
2425 4304 2634 4354 nostrm
2652 4304 2867 4365 temen,
2893 4299 2951 4353 id
2974 4303 3062 4353 est
3082 4298 3397 4366 catholicae,
3421 4305 3619 4355 manet

1975 4385 2305 4442 inviolabile
2327 4385 2652 4441 subsidium
2681 4385 3129 4457 ﬁdei,quoniam
3148 4386 3205 4439 in
3223 4386 3381 4442 omni
3406 4386 3530 4442 loco
3559 4392 3619 4443 et

1976 4479 2149 4546 gente
2162 4474 2381 4546 absque
2402 4473 2753 4545 exceptione,
2774 4472 3108 4545 quicunque
3128 4489 3292 4530 sacro
3314 4489 3616 4546 regenera-

1977 4567 2075 4618 tus
2107 4562 2284 4626 fonte,
2332 4562 2574 4616 credens
2621 4560 3079 4632 omnipotentem
3108 4562 3336 4616 Patrem
3372 4562 3618 4634 ejusque

213 4665 305 4716 car,
329 4650 499 4723 eique
527 4650 897 4708 commiserit
924 4649 1156 4723 insigne
1178 4647 1499 4721 imperiale.
1533 4647 1678 4703 Cum
1707 4647 1862 4704 vide-
1894 4669 1940 4733 υ
1980 4649 2189 4705 Filium
2216 4650 2417 4705 Jesum
2468 4648 2764 4704 Christum
2814 4648 3048 4720 pariter,
3107 4652 3163 4703 et
3219 4648 3279 4703 in
3335 4649 3617 4721 Spiritum

212 4735 337 4795 licet
350 4740 491 4796 olim
516 4739 744 4812 ubique
764 4742 1055 4795 terrarum
1079 4736 1325 4808 quilibet
1335 4736 1724 4809 tyranni,sese
1739 4752 1865 4807 pro-

216 4827 421 4884 eaciter
430 4824 1156 4901 impellentesnuepissime
1168 4825 1286 4880 sint
1301 4825 1678 4896 imperatores
1691 4823 1866 4880 creati

216 4917 383 4986 atque
403 4932 472 4972 eo
494 4917 707 4972 minus
722 4915 849 4987 apti
875 4912 1253 4986 Reipublicae,
1277 4928 1394 4985 quo
1413 4915 1641 4967 constat
1668 4927 1767 4967 eos
1786 4915 1866 4982 ty-

208 5004 457 5060 rannide
487 5018 674 5077 quam
703 5003 941 5076 pietatis
961 5002 1306 5060 auctoritate
1328 5000 1706 5073 processisse.

283 5091 444 5147 Anno
465 5092 653 5165 igitur
668 5091 984 5147 Dominica
1014 5088 1436 5146 incarnationis
1475 5086 1866 5160 septingente-

219 5175 363 5233 simo
382 5179 637 5247 decimo,
666 5177 804 5235 licet
832 5177 1067 5248 insigne
1097 5175 1241 5233 illud
1273 5172 1576 5248 imperiale
1621 5174 1867 5231 diversis

216 5264 519 5333 wishes
551 5266 723 5339 prius
752 5266 1067 5339 figuratum
1099 5264 1325 5331 fuisset,
1367 5280 1402 5319 a
1429 5261 1748 5318 venerabili
1781 5267 1864 5318 ta-

218 5364 345 5407 men
374 5370 528 5427 papa
567 5354 882 5411 Benedicto
925 5352 1082 5408 sedis
1110 5350 1442 5425 apostolicae
1472 5348 1593 5404 fieri
1618 5350 1866 5419 jussum

216 5443 304 5495 est
322 5441 645 5498 admodum
670 5438 1048 5497 intellectuali
1067 5440 1254 5510 specie
1276 5439 1427 5493 idem
1452 5435 1866 5507 insigne.Pras-

223 5526 368 5598 cepit
385 5528 657 5587 fabricari
684 5528 855 5601 quasi
877 5543 1118 5583 aureum
1150 5527 1586 5599 pomum,atque
1610 5526 1869 5580 circum-

222 5611 342 5670 dari
362 5633 464 5688 per
476 5618 771 5690 quadrum
786 5613 1220 5687 pretiosissimis
1237 5612 1563 5685 quibusque
1573 5614 1864 5683 gemmis,

224 5714 289 5755 eo
304 5702 543 5778 deocpor
570 5719 816 5765 sumam
839 5718 1063 5759 crucem
1085 5701 1273 5759 inseri.
1297 5701 1429 5756 Erat
1449 5699 1639 5755 auicm
1668 5702 1870 5760 instar

1972 4742 2261 4803 sanetum,
2289 4754 2468 4790 unum
2486 4735 2794 4807 solumque
2811 4751 3017 4791 verum
3036 4740 3239 4802 Deum,
3257 4734 3458 4807 siquid
3480 4736 3617 4793 boni

1974 4826 2155 4897 egerit
2184 4842 2252 4880 ex
2298 4825 2410 4881 fide
2452 4828 2563 4879 Deo
2615 4828 2918 4896 acceptum
2972 4823 3113 4891 fore,
3162 4827 3339 4895 atque
3385 4839 3619 4880 omnem

1972 4914 2074 4985 qui
2107 4913 2191 4970 sic
2223 4911 2623 4984 permanserit,
2648 4911 2887 4982 perenni
2917 4911 3034 4966 vita
3068 4912 3235 4969 beate
3266 4910 3469 4968 vivere.
3504 4912 3622 4968 Hoc

1974 5001 2192 5073 quippe
2230 5000 2337 5056 soli
2363 5005 2474 5056 Deo
2516 5015 2688 5056 nosse
2709 4999 3005 5070 competit,
3030 5015 3136 5055 cur
3164 5000 3491 5057 humanum
3522 5015 3620 5073 ge-

1973 5106 2087 5145 nus
2110 5105 2320 5144 manus
2340 5104 2443 5144 seu
2466 5087 2662 5144 minus
2681 5088 2926 5160 propriis
2948 5086 3157 5145 salutis
3177 5104 3361 5160 capax
3374 5088 3625 5145 efficitur

1975 5176 2037 5232 in
2070 5175 2316 5233 diversis
2346 5176 2613 5248 partibus
2638 5175 2818 5240 orbis,

2046 5264 2157 5319 Sed
2210 5262 2424 5318 idcirco
2470 5262 2585 5317 ista
2623 5262 2936 5320 retulimus
2995 5264 3275 5335 quoniam
3324 5279 3513 5335 usque
3562 5262 3623 5319 in

1976 5352 2125 5408 ﬁnes
2187 5352 2597 5423 praedictarum
2655 5351 2815 5406 orbis
2870 5351 3144 5407 binarum
3205 5352 3481 5423 partium,
3539 5349 3621 5404 vi-

1977 5440 2185 5496 delicet
2233 5436 2704 5511 septentrionalis
2734 5442 2789 5493 et
2836 5439 3235 5506 occidentalis,
3264 5436 3476 5494 Christi
3505 5436 3621 5491 Do-

1978 5527 2118 5582 mini
2162 5526 2473 5582 deveniens
2520 5525 2897 5596 Evangelium
2940 5526 3175 5581 illarum
3208 5524 3438 5596 populis
3467 5521 3619 5578 laca-

1974 5615 2053 5669 vit
2083 5614 2368 5684 Optimum
2422 5613 2480 5669 in
2530 5629 2706 5668 sacra:
2759 5614 2892 5669 fidei
2943 5614 3432 5674 fundamentum;
3485 5619 3619 5661 cum

1971 5701 2237 5760 videlicet
2283 5719 2314 5758 e
2359 5700 2583 5757 diverso
2639 5701 2836 5757 minus
2887 5699 3143 5769 reliquas
3192 5698 3372 5760 duas,
3402 5688 3593 5748 scilios
