1926 3225
124 238 184 269 627

610 238 779 270 RODULFI
803 238 947 269 GLABIII
972 237 1149 268 MONACHI
1173 238 1350 270 CLUNlAC.

125 304 298 334 orientalem
313 307 401 341 atque
417 305 610 334 meridianam
622 305 826 342 penetraverit,
843 313 876 332 ac
893 304 954 332 illa-
968 306 995 340 Α
1009 304 1098 332 etiam
1110 313 1177 333 cum
1188 305 1328 334 omnisuo
1339 314 1444 342 genere
1454 305 1745 335 Deumcouditorem
1756 314 1838 335 suum

126 358 194 378 rum
212 349 336 386 populos
350 350 466 378 cautius
480 351 507 378 in
520 350 628 386 proprii
638 350 745 378 erroris
756 349 869 378 feritate
883 350 954 377 irre-

126 393 197 422 titos
211 394 340 422 sciverit.
357 394 412 422 Sed
433 403 469 422 ne
485 395 552 422 boni
577 394 739 422 Conditoris
765 393 886 430 proinde
910 393 953 420 di-

126 438 307 474 spensatioui
321 438 537 467 contumeliosa
553 448 570 466 a
593 447 741 474 quoquam
759 438 902 465 inferatur
924 437 953 464 in

128 482 184 510 hac
192 484 274 518 parte
283 482 440 517 calumnia,
450 483 566 511 cautius
579 483 772 511 nihilominus
781 482 954 518 prospicien-

130 526 190 554 dus
205 529 250 554 est
265 535 346 555 sacer
360 527 578 563 Scripturarum
597 527 741 563 cauonﬁln
757 535 814 562 quo
823 527 957 554 videlicet

127 579 239 599 canone
247 571 344 599 omnis
353 571 452 608 procul
462 572 551 600 dubio
563 573 657 600 forma
666 572 813 599 invenitur
821 579 957 606 expressa

131 615 274 643 mundani
299 616 414 644 saeculi:
432 619 463 644 ut
487 616 599 644 scilicet
614 616 707 652 ipsius
730 616 858 643 auctoris
873 615 955 643 boni-

129 662 175 687 tas
189 659 356 696 pariterque
370 660 485 696 justitia
500 660 691 697 probabiliter
706 660 954 693 demonstrentur,

127 703 262 732 videlicet
274 703 304 732 in
316 704 362 733 his
373 705 423 741 qui
435 704 507 733 salvi
522 706 606 738 fluut,
621 707 649 732 et
663 705 690 731 in
705 704 752 732 his
761 704 810 739 qui
823 706 954 740 pereunt.

128 748 201 776 Nam
218 749 297 777 sicut
311 749 426 785 primus
442 749 595 777 hominum
617 751 698 785 pater
714 748 836 784 propria:
852 747 956 776 salutis

127 792 236 821 arbiter
250 801 269 821 a
283 793 373 821 totius
389 793 457 821 boui
475 795 592 821 auctore
608 792 746 829 primitus
769 793 862 819 fuerat
887 801 955 820 con-

128 836 260 870 stitutus,
286 837 327 865 ita
350 837 387 865 ab
402 838 504 865 eodem
527 837 722 873 Redemptore
744 837 888 864 universis
905 844 956 872 pro

128 882 215 917 captu
231 883 392 918 spontauea
415 881 590 917 generaliter
611 881 710 909 oblata
731 883 775 909 est
790 881 881 909 salus.
900 881 955 908 Sed

128 926 227 953 tamen
246 925 362 953 occulta
375 925 455 954 illius
476 926 668 962 dispensatio,
683 925 729 954 cui
746 934 861 961 semper
875 927 903 953 et
916 925 956 951 si-

129 969 191 997 mul
207 971 314 1004 totum,
331 969 476 1006 quidquid
491 972 569 998 esset
585 970 683 1003 habet,
712 973 816 1006 priesto
841 970 906 1001 fuit.
922 978 955 996 ac

129 1012 176 1041 cui
191 1013 264 1042 nihil
279 1014 383 1048 defuit,
399 1014 528 1042 ostendit
543 1014 697 1047 speciatim
710 1023 762 1050 per
777 1014 956 1041 incrementa

129 1059 297 1094 temporum
313 1067 376 1087 sese
391 1059 621 1095 omnipotentem
634 1058 729 1086 solum
742 1059 851 1086 bonum
868 1060 955 1094 atquc

128 1109 271 1137 veracem,
289 1105 349 1131 tam
365 1112 416 1140 per
430 1111 518 1139 opera
538 1103 653 1140 pietatis
677 1112 767 1139 quam
794 1111 844 1139 per
869 1102 955 1130 ultio-

129 1154 196 1174 nem
207 1147 436 1184 vindictozjustzc
454 1147 665 1176 retributionis.
679 1147 741 1175 Non
755 1147 832 1174 enim
848 1146 955 1183 princi-

128 1191 203 1227 palis
219 1192 335 1220 bonitas
352 1192 511 1228 aliquando
523 1194 606 1220 vacat
617 1201 633 1219 a
644 1191 761 1228 pietatis
772 1200 868 1228 opere.
884 1191 955 1227 quin

128 1235 187 1263 imo
203 1244 318 1273 semper
334 1239 473 1274 aggregat
488 1236 643 1272 plerosque
659 1245 692 1264 cx
713 1245 812 1264 massa
828 1235 955 1262 filiorum

128 1281 360 1316 prmvaricatoris
375 1281 405 1308 iu
422 1281 520 1309 sinum
532 1281 583 1308 lilii
599 1289 659 1308 suae
674 1280 810 1308 Deitatis.
823 1280 957 1315 Dumque

128 1323 158 1351 id
173 1324 306 1360 quotidie
319 1324 349 1352 iu
379 1325 491 1352 mundo
519 1325 627 1361 agitur,
657 1324 728 1360 quid
758 1323 837 1351 aliud
868 1332 956 1359 quam

128 1367 345 1404 Omnipotentis
355 1367 481 1402 bonitas,
491 1368 579 1395 etiam
593 1368 783 1396 immobilitcr
799 1367 916 1395 mobilis
928 1370 958 1395 et

129 1410 277 1439 mobiliter
285 1411 458 1444 immobilis,
469 1411 582 1448 operari
594 1411 797 1439 monstratur?
807 1412 901 1447 Atque
916 1411 957 1438 id-

129 1455 206 1483 circo
230 1457 339 1492 quanto
353 1456 505 1492 praesentis
529 1455 627 1483 seaculi
651 1456 794 1483 terminus
824 1455 957 1483 imminet

130 1499 277 1536 proprius,
293 1502 375 1528 tanto
388 1499 445 1528 ista
461 1500 536 1534 ﬁeri,
551 1509 615 1536 qua:
637 1500 786 1533 dicuntur,
802 1499 957 1536 contigerit

130 1544 320 1580 frequentius.
328 1544 556 1581 Suspicieudum
563 1545 651 1572 etiam
661 1544 807 1580 quomodo
815 1543 955 1580 paulatim

128 1589 165 1616 ab
180 1588 244 1625 ipso
262 1588 384 1617 humani
405 1588 520 1625 generis
534 1589 652 1617 exordio
669 1588 762 1625 ipsius
776 1588 905 1616 auctoris
918 1588 957 1616 sit

128 1624 314 1662 manifestata
322 1624 458 1670 cognitio.
469 1633 586 1662 Primus
598 1624 689 1670 igitur
696 1633 852 1661 hominum
862 1633 954 1661 Adam
971 1624 992 1657 C

1010 350 1158 385 pruzdicat,
1182 350 1252 377 dum
1283 358 1334 386 per
1347 350 1593 387 transgressionis
1606 349 1753 388 βηθαρὶί
1766 349 1840 380 illius

1009 393 1125 429 culpam
1138 394 1268 430 privatus
1279 394 1407 430 paradisi
1416 393 1841 431 gaudiis,multatusquemi-

1010 438 1058 472 lio,
1084 447 1147 466 sese
1172 438 1314 466 miserum
1342 439 1451 466 clamat
1474 438 1616 475 lugendo.
1637 438 1703 467 80d
1727 439 1841 476 accepto

1010 482 1146 510 diffusius
1172 491 1220 518 por
1239 482 1407 510 universum
1424 483 1524 512 orbem
1545 485 1636 512 terra:
1650 483 1840 516 incremento.

1011 527 1067 554 nisi
1085 527 1192 563 proprii
1218 528 1346 555 auctoris
1369 527 1720 564 bonitatisprovidentia
1732 527 1840 557 minui;

1011 571 1114 599 cordia:
1131 572 1294 600 reduxisset
1310 572 1346 600 ad
1368 572 1480 608 sinum,
1503 574 1602 601 totum
1618 572 1747 609 penitus
1768 571 1840 600 idem

1011 624 1104 651 genus
1120 616 1284 644 humanum
1296 617 1325 644 in
1341 617 1386 644 sui
1396 617 1504 645 erroris
1513 618 1602 654 atque
1612 616 1841 655 omittis”-

1011 660 1143 696 cipitium
1153 661 1215 696 jam
1228 660 1298 688 olim
1309 660 1534 690 irrevocabiliter
1543 660 1840 690 his-“demotum.

1011 705 1121 733 Idcirco
1136 706 1172 733 ab
1187 705 1304 733 exordio
1319 705 1375 738 sui,
1389 706 1489 734 divina
1501 705 1571 734 boui
1593 705 1773 735 Conditoris
1783 705 1842 733 dis-

1012 749 1193 786 pensatione,
1211 749 1324 786 prolata
1340 753 1410 778 sunt
1423 750 1450 779 ei
1465 749 1843 787 prodigiosanarumlnin-

1011 793 1087 827 cula,
1104 802 1137 821 ac
1157 796 1325 830 portentosa
1349 794 1559 822 elementorum
1585 794 1692 831 signa,
1720 801 1842 823 "etnon

1011 841 1040 866 et
1055 839 1315 874 sagacissimorum
1330 838 1470 871 virorum,
1491 840 1553 867 tam
1566 840 1657 876 spem
1668 846 1767 876 quam
1787 837 1842 867 fot-

1012 882 1241 911 midolositatem
1265 883 1458 917 inculcatum,
1486 883 1634 912 divinitus
1660 882 1843 912 omni.“

1010 927 1091 954 velut
1105 927 1182 955 idem
1193 927 1333 956 Conditor
1348 936 1400 964 per
1409 936 1459 956 sex
1469 927 1585 956 dierum
1599 927 1764 957 iam
1773 935 1841 956 oua-

1011 974 1058 999 cta
1071 972 1225 999 mundana:
1237 981 1334 999 rerum
1350 972 1491 1000 machina
1503 971 1842 1009 proth

1010 1025 1107 1053 opera,
1121 1017 1226 1052 hisque
1238 1016 1325 1045 editis
1338 1017 1538 1053 requievit,die
1547 1017 1683 1054 septima
1692 1014 1839 1051 νωάιωη

1011 1061 1051 1089 ita
1067 1069 1118 1097 per
1133 1070 1182 1089 sex
1193 1061 1286 1089 millia
1295 1069 1440 1089 annorum
1451 1056 1547 1098 Spatia
1560 1063 1714 1098 operatus

1010 1106 1173 1134 eruditione
1196 1105 1348 1134 hominum
1384 1105 1549 1134 exhibendo
1574 1105 1643 1134 illis
1682 1102 1841 1142 Mli!

1010 1150 1162 1186 signantcr
1177 1152 1301 1178 ostenta.
1329 1149 1445 1178 Scilicet
1459 1152 1492 1178 ut
1515 1159 1584 1183 non,
1606 1149 1773 1186 pratuiﬁs
1792 1156 1841 1178 ηε

1011 1195 1094 1230 culis,
1111 1195 1279 1230 quodquam
1295 1194 1453 1222 dimissum
1468 1197 1630 1223 estvacaus

1011 1242 1128 1275 tempus
1135 1239 1594 1271 miraculorum,aateruumDeum
1600 1237 1840 1276 prof-nantibus,

1012 1291 1164 1320 usquequo
1183 1283 1255 1311 illud
1272 1283 1433 1311 maximum
1450 1290 1547 1311 rerum
1558 1283 1842 1320 principiiqu

1012 1337 1079 1356 reus
1090 1328 1208 1355 homine
1219 1327 1342 1355 vestitus
1353 1327 1382 1354 in
1395 1327 1515 1355 mundo.
1527 1327 1838 1356 Suadam“-

1012 1376 1038 1400 te
1055 1373 1206 1409 praesentis
1217 1371 1328 1404 saeculi,
1339 1374 1427 1408 atque
1438 1374 1471 1399 ut
1485 1373 1616 1408 putatur,
1631 1371 1719 1409 quod
1726 1369 1838 1401 ﬁt‘ﬂui

1012 1418 1041 1445 in
1057 1417 1183 1453 septima
1195 1416 1284 1452 hujus
1295 1416 1452 1444 mundana:
1462 1415 1549 1444 molis
1559 1415 1751 1446 diversorum
1763 1413 1836 1444 lolio-

1012 1464 1124 1494 rum,ut
1143 1462 1180 1489 ab
1203 1461 1252 1488 illo
1263 1459 1365 1497 procul
1379 1461 1481 1494 dubio,
1497 1460 1577 1494 unde
1590 1461 1684 1498 capit
1698 1457 1836 1498 quid!!!“

1011 1514 1074 1534 esse
1090 1505 1192 1534 habuit
1202 1505 1365 1538 exordium,
1377 1505 1406 1532 iu
1418 1505 1520 1533 eodem
1532 1503 1835 1542 competentiam”

1010 1550 1132 1587 propriae
1149 1550 1255 1586 quietis
1271 1549 1400 1577 inveniat
1416 1549 1514 1578 linem.
1687 1563 1691 1566 -
1806 1546 1825 1564 "

1261 1616 1424 1645 EXPLICIT
1444 1615 1552 1645 LIBER
1565 1616 1588 1645 Ῑ.

729 1750 890 1793 LIBER
921 1746 1242 1793 SECUNDUS.

641 1836 825 1866 INCIPIUNT
845 1837 1023 1866 CAPITULA
1043 1835 1138 1864 LIBRI
1158 1834 1320 1864 SECUNDI.

251 1909 273 1937 I.
347 1909 386 1937 De
399 1908 531 1937 electione
545 1909 667 1944 Hugonis
683 1909 713 1936 in
726 1916 826 1943 regem.

252 1945 285 1973 II.
346 1945 383 1972 De
397 1948 454 1972 celo
468 1945 554 1972 mari:
568 1949 594 1972 et
606 1944 817 1972 occidentalium
833 1944 921 1972 bellis.

251 1980 297 2009 III.
346 1983 385 2008 De
401 1980 510 2008 Comma
524 1980 592 2008 duce
606 1981 774 2013 Brittonum,
790 1984 817 2008 et
831 1980 948 2008 Fulconc
959 1979 1175 2015 Andegavorum.

251 2016 297 2044 IV.
345 2017 382 2044 De
396 2017 561 2043 monasterio
576 2017 733 2050 Lucacensi,

251 2051 283 2080 V.
344 2054 380 2080 De
392 2055 516 2088 portento
530 2052 690 2080 Aureliam?
704 2051 779 2079 urbis
792 2052 928 2079 mirabili.

250 2088 297 2116 VI.
346 2087 612 2123 De’prmlationibus
626 2088 714 2123 turpis
728 2088 801 2115 lucri
814 2087 943 2123 arreptis.

250 2124 310 2151 Vll.
345 2123 384 2151 De
398 2123 533 2151 incendiis
543 2128 569 2151 et
579 2123 713 2151 mortibus
727 2124 873 2151 nobilium.

249 2159 322 2187 VIII.
344 2159 382 2187 De
396 2159 508 2187 Henrici
521 2159 597 2187 ducis
611 2163 706 2192 morte,
722 2163 748 2187 et
762 2160 913 2188 vastatione
923 2157 1109 2193 Burgundios.

248 2195 294 2223 IX.
345 2195 384 2223 De
397 2195 471 2230 fama
485 2194 577 2222 valida
591 2198 617 2223 et
632 2195 808 2230 inlcstationc
821 2195 1046 2223 Sarracenorum.

247 2230 281 2267 X.
346 2231 384 2267 De
398 2230 578 2267 inundatione
595 2230 728 2267 lapidum.

247 2266 293 2295 XI.
351 2266 388 2294 De
400 2266 534 2294 Leutardo
550 2265 704 2294 insaniant:
718 2265 858 2295 heretico.

247 2302 308 2331 XII.
351 2302 388 2330 De
401 2301 503 2331 haerere
519 2302 549 2330 in
561 2302 648 2330 Italia
662 2306 778 2339 reporta.

894 2358 1069 2365 .___———

387 2395 505 2424 CAPUT
526 2395 679 2424 PRIMUM.

297 2443 337 2470 Da
349 2440 480 2469 electione
489 2441 611 2476 Hugonis
626 2441 658 2468 in
672 2448 772 2476 regem.

155 2485 392 2523 Sicutquiapiam
403 2484 495 2522 igitur
506 2493 665 2522 peragrans
677 2484 842 2521 quamlibet
850 2484 952 2512 vastis-

118 2529 227 2558 simam
240 2528 323 2558 orbis
335 2529 480 2557 mundani
496 2528 626 2565 plagam,
651 2537 704 2557 seu
720 2528 882 2565 spatiosum
899 2536 947 2556 re-

118 2570 260 2609 migando
272 2579 376 2608 lquor
386 2576 558 2608 penetrans,
574 2573 682 2609 saepius
695 2572 844 2601 altitudini
861 2581 946 2600 mon-

117 2615 194 2644 tium
214 2618 269 2644 aut
285 2615 452 2652 proceritati
466 2617 604 2645 arborum
628 2617 742 2646 scilicet
764 2619 944 2653 respectans,

117 2658 322 2696 dirigitacism
336 2658 502 2693 oculorum,
513 2662 545 2688 ut
555 2660 690 2689 videlicet
701 2661 820 2690 illorum
833 2661 947 2699 alonge

117 2705 234 2740 reperta
255 2702 414 2739 agnitione,
431 2703 544 2740 absque
569 2713 667 2732 ermre
681 2713 739 2741 quo
761 2705 947 2742 disposuerat

115 2747 212 2775 valeat
224 2745 433 2783 pervenireJta
445 2755 563 2783 quoque
573 2756 644 2784 erga
653 2757 708 2777 nos
719 2749 780 2777 fore
791 2750 944 2787 contingit,

117 2791 167 2828 qui
183 2790 297 2828 utique.
312 2791 386 2818 dum
401 2791 701 2833 cupimus_pra:terita
723 2795 876 2822 ostendere
900 2795 946 2822 fu-

117 2834 203 2870 turis,
219 2835 341 2864 obtutus
353 2835 446 2863 nostri
455 2835 600 2864 sermonis
611 2836 778 2873 pariterque
789 2839 880 2866 animi
893 2839 946 2867 fre-

118 2881 243 2915 quenter
255 2880 286 2909 iu
302 2878 443 2909 relatione
458 2879 637 2916 porrigimus
650 2883 855 2921 maguatorum
870 2883 945 2910 viro-

963 2399 987 2432 B
1002 2402 1068 2422 rum
1084 2392 1229 2430 personis,
1245 2392 1354 2428 quibus
1365 2391 1505 2420 videlicet
1514 2391 1567 2420 ﬁat
1580 2367 1826 2428 οια-

1006 2438 1076 2472 rior,
1092 2440 1122 2465 et
1136 2439 1276 2473 appareat
1289 2436 1404 2465 certior.
1421 2436 1516 2473 Igitur
1529 2435 1624 2470 ﬁnito,
1645 2437 1681 2467 ut
1692 2434 1825 2465 diximus.

1005 2485 1066 2511 tam
1092 2481 1234 2519 regnandi
1255 2490 1354 2516 quam-
1368 2480 1534 2518 imperandi
1561 2479 1778 2517 aputltaliam,
1799 2476 1826 2504 οι

1005 2526 1125 2560 Gallias,
1138 2533 1314 2562 magnorum
1325 2534 1428 2563 regum
1437 2531 1554 2562 genere,

1001 2571 1039 2604 ci,
1056 2579 1109 2600 uec
1124 2579 1183 2599 uon
1198 2573 1226 2599 et
1241 2570 1383 2604 Caroli,ac
1395 2570 1442 2598 sui
1460 2569 1576 2607 generis
1586 2565 1824 2607 ωωφωιιο-

1001 2615 1222 2653 gum,protiuus
1237 2615 1266 2643 iu
1280 2614 1368 2643 unius
1378 2612 1620 2651 cous'anguinaﬁs
1629 2613 1713 2643 viros
1722 2609 1824 2643 htritil‘

1001 2669 1059 2698 quo
1087 2659 1170 2697 regni
1199 2659 1325 2696 contigit
1351 2658 1487 2688 devenire
1515 2655 1820 2688 mounrchiam.‘-Nam

1001 2703 1128 2741 qualiter
1139 2703 1253 2740 primus
1264 2706 1294 2732 et
1303 2704 1452 2732 secundus
1466 2710 1521 2732 nec
1531 2705 1590 2730 non
1599 2699 1820 2731 et.me

1001 2740 1062 2778 siut
1076 2748 1160 2785 potiti
1176 2748 1377 2776 Romanorum
1393 2747 1528 2784 imperio,
1547 2744 1662 2775 scilicet
1680 2750 1776 2783 usque
1786 2740 1818 2772 ad

1001 2793 1117 2822 llenrici
1140 2793 1311 2829 imperium,
1335 2792 1473 2829 superius
1502 2799 1556 2820 nos
1580 2790 1646 2826 jam

1001 2837 1202 2866 meminimus.
1210 2837 1292 2865 Nunc
1300 2845 1418 2874 quoque
1425 2837 1527 2870 restat,
1538 2837 1572 2866 ut
1577 2831 1817 2872 quemadmgiﬂnﬁl

1001 2882 1107 2910 abhinc
1123 2882 1302 2910 Francorum
1319 2881 1358 2910 sit
1381 2888 1506 2918 regnum
1529 2877 1707 2916 dispositum
1722 2877 1818 2908 refen-
