3852 6428
157 445 284 509 629

1032 446 1576 512 IIISTORIARUM
1619 449 1826 512 LIBRI
1870 446 2244 523 QUINQUE.
2289 487 2368 503 --
2408 456 2554 519 LIB.
2601 456 2677 520 II.

3442 464 3562 529 630

165 594 325 637 mus.
362 578 613 637 Mortuis
646 578 831 653 igitur
852 578 1123 637 Lothario
1145 598 1209 637 ac
1238 580 1525 639 Ludovico
1555 582 1809 655 regibus,
1843 586 1893 653 Α
1925 587 2234 644 exacturus
2290 593 2539 646 noctem.
2599 590 2860 665 Cumque
2907 590 2986 650 ibi
3036 608 3274 654 ventum
3335 599 3558 672 fuisset,

160 668 346 727 totius
390 668 648 725 Franciae
696 668 860 741 regni
917 668 1223 743 dispositio
1281 670 1545 728 incubuit
1594 670 1821 746 Hugoni

1931 679 2206 730 exeuntes
2237 677 2307 732 de
2338 678 2593 751 scaphis,
2627 682 3198 757 conscendentesque
3236 690 3557 760 turgentem

157 758 517 815 Parisiensis
538 758 709 813 ducis
733 757 1147 825 ﬁlio,videlicet
1165 758 1322 815 illius
1345 760 1535 833 Magni
1561 761 1822 834 Hugonis
1930 760 2133 817 belluas
2162 766 2607 832 dorsum,unius
2638 772 3041 826 tantummodo
3074 773 3290 830 ibidem
3313 757 3564 849 hospitio

157 862 342 921 supra
376 846 713 910 memorati,
741 846 913 917 cujus
944 846 1121 902 etiam
1168 846 1343 903 frater
1372 852 1496 904 erat
1525 849 1818 905 nobilissi-

156 952 293 993 mus
316 933 803 1008 Burgundizedux
822 934 1127 991 Henricus.
1145 935 1250 1001 Qui
1282 936 1457 991 simul
1480 954 1613 992 cum
1642 940 1819 995 totius

156 1024 321 1098 regni
354 1022 1134 1096 primatibusconvenienter
1151 1025 1493 1097 praedictum
1515 1026 1815 1099 Hugonem

155 1115 212 1170 in
248 1129 446 1185 regem
483 1112 627 1184 ungi
676 1112 954 1167 fecerunt.
988 1113 1167 1168 Erant
1200 1129 1356 1186 ergo,
1414 1118 1479 1169 ut
1513 1116 1639 1185 jam
1666 1133 1817 1171 com-

157 1200 641 1267 memoravimus,
675 1199 962 1257 affinitate
1012 1201 1540 1273 consanguinitatis
1579 1206 1815 1275 regibus

158 1292 459 1347 Saxonum
493 1288 664 1356 uniti,
698 1306 733 1344 a
765 1288 954 1361 primo
984 1287 1204 1344 scilicet
1233 1290 1459 1358 Ottone,
1493 1292 1592 1363 qui
1640 1299 1812 1348 natus

159 1386 243 1438 est
273 1395 341 1435 ex
362 1378 633 1450 Ilugonis
679 1377 876 1450 Magni
926 1394 1123 1433 sorore
1152 1378 1286 1449 (23).
1319 1379 1600 1451 Suscepto
1634 1381 1814 1453 igitur

160 1470 322 1541 Hugo
350 1465 639 1539 regimine
683 1465 845 1539 regni
900 1467 1276 1534 Francorum,
1310 1484 1425 1522 non
1466 1467 1649 1524 multo
1682 1476 1812 1541 post

159 1556 466 1629 plerosque
498 1570 766 1619 suorum,
801 1571 948 1627 quos
990 1554 1166 1610 etiam
1210 1556 1374 1627 prius
1423 1555 1480 1610 in
1522 1558 1808 1615 universis

158 1645 438 1701 habuerat
463 1642 1056 1714 subditos,persensit
1074 1646 1716 1711 contumaces.Tamen,
1742 1652 1809 1701 ut

156 1737 275 1790 erat
295 1748 541 1805 corpore
559 1736 614 1787 et
636 1735 830 1787 mente
844 1730 1090 1799 vividus,
1124 1736 1364 1788 cunctos
1394 1732 1505 1788 sibi
1528 1732 1808 1789 rebellan-

157 1826 239 1878 tes
267 1820 558 1894 paulatim
592 1818 971 1892 compescuit.
1007 1819 1268 1875 Habebat
1296 1821 1452 1875 enim
1484 1821 1669 1877 ﬁlium
1701 1824 1803 1877 ad-

1931 851 2119 906 noctis
2152 853 2410 925 petituri.
2433 856 2692 929 Cumque
2716 864 2843 930 post
2877 861 3105 916 brevem
3132 879 3355 919 coenam
3378 868 3564 921 caeteri

1930 936 2137 993 fratres
2171 941 2323 996 fezsa
2351 942 2735 1000 indulsissent
2766 948 3027 1003 membra
3056 950 3258 1021 quieti,
3294 952 3455 1009 solus
3482 954 3569 1009 vir

1928 1025 2156 1082 Domini
2190 1030 2496 1086 Bendanus
2520 1034 2757 1105 pervigil
2787 1040 2984 1092 custos
3005 1038 3289 1096 Dominici
3308 1042 3569 1111 ovilis,ac

1926 1116 2116 1185 magis
2147 1118 2423 1175 assiduus
2455 1138 2630 1192 quam
2675 1124 2948 1195 frequens
2992 1126 3332 1198 psalmicen,
3365 1131 3564 1203 explo-

1926 1203 2091 1259 rabat
2119 1205 2347 1262 caulius
2364 1208 2478 1264 vim
2499 1215 2806 1266 ventorum
2842 1218 2899 1267 et
2927 1215 3188 1272 siderum
3220 1222 3560 1286 cursus.Qui

1924 1290 2067 1346 dum
2099 1292 2205 1348 hoc
2237 1296 2513 1353 attentius
2544 1316 2646 1370 per
2686 1302 2870 1355 noctis
2920 1304 3295 1361 conticinium
3344 1313 3559 1379 ageret,

1923 1385 2157 1450 repente
2192 1382 2471 1439 intellexit
2501 1388 2774 1457 quoniam
2808 1388 2950 1444 illud
2979 1394 3461 1462 promontorium.
3487 1398 3556 1451 ad

1922 1469 2073 1539 quod
2109 1468 2331 1525 scilicet
2359 1471 2707 1544 hospitaturi
2741 1476 3188 1546 diverterant,ad
3218 1483 3558 1541 orientalem

1919 1554 2052 1610 illos
2083 1557 2347 1613 eveheret
2379 1560 2632 1631 plagam.
2696 1564 2845 1619 Luce
2898 1583 3130 1639 quoque
3177 1568 3416 1626 alterius
3444 1574 3555 1628 diei

1918 1643 2163 1714 reddita,
2198 1645 2617 1704 solertissimus
2640 1651 2723 1705 vir
2742 1668 3064 1711 convocans
3084 1656 3333 1729 collegas
3357 1660 3556 1715 videli-

1916 1736 2007 1785 cet
2037 1732 2303 1804 suos,qui
2335 1736 2815 1803 aderant,hlande
2828 1742 3141 1798 exhortans
3164 1762 3229 1800 ac
3246 1748 3554 1803 consolans

1913 1834 2033 1881 eos,
2060 1819 2367 1891 inquiens:
2404 1846 2431 1872 «
2464 1824 2874 1883 Universorum
2916 1832 3203 1887 conditori
3257 1837 3314 1888 et
3342 1836 3552 1906 guber-

156 1910 390 1966 modum
451 1908 830 1981 prudentem,
891 1909 1127 1964 nomine
1186 1908 1528 1975 Robertum,
1587 1911 1800 1967 artium
1833 1944 1882 2009 B
1912 1908 2097 1963 natori
2118 1914 2247 1975 Deo,
2282 1911 2487 1968 fratres
2530 1913 2956 1985 benignissimi,
2991 1918 3315 1977 indefessas
3342 1923 3551 1978 refera-

156 1998 321 2055 etiam
353 1996 686 2054 litterarum
710 1994 923 2052 studiis
943 1995 1265 2067 plurimum
1287 1998 1604 2053 eruditum.
1632 1998 1804 2053 Cum-

155 2102 259 2158 que
284 2102 346 2142 se
366 2084 743 2157 cognovisset
759 2084 887 2155 jam
909 2082 1340 2155 aliquantulum
1362 2084 1584 2141 viribus
1609 2087 1800 2158 defici,

158 2173 518 2247 congregatis
571 2173 631 2227 in
688 2171 1004 2228 Aureliana
1054 2173 1197 2228 urbe
1255 2173 1413 2244 regia
1470 2174 1803 2246 quibusque

159 2263 500 2319 Francorum
552 2278 619 2317 ac
668 2261 1152 2333 Burgundionum
1201 2261 1361 2333 regni
1421 2263 1797 2334 primoribus,

159 2352 421 2408 eumdem
471 2350 820 2415 Robertum,
870 2348 1057 2403 ﬁlium
1105 2348 1370 2405 videlicet
1415 2367 1614 2417 suum,
1648 2369 1799 2408 anno

159 2439 369 2495 scilicet
400 2438 572 2495 tertio
620 2436 850 2493 decimo
902 2441 1039 2492 ante
1070 2436 1451 2493 millesimum
1511 2438 1795 2495 incarnati

160 2526 484 2595 Salvatoris,
521 2525 721 2582 adhuc
750 2541 813 2580 se
860 2525 1192 2597 superstite,
1225 2542 1419 2597 regem
1471 2526 1793 2583 constituit.

158 2616 285 2672 Post
312 2616 541 2689 aliquot
565 2630 702 2669 vero
751 2630 937 2669 annos
976 2613 1128 2668 idem
1183 2614 1355 2669 etiam
1417 2632 1513 2669 rex
1540 2616 1703 2687 Hugo
1733 2616 1793 2671 in

159 2720 305 2777 pace,
334 2721 515 2778 regno
549 2702 837 2775 deposito,
875 2701 1118 2757 feliciter
1165 2702 1333 2759 obiit.
1376 2707 1507 2759 Erat
1537 2721 1793 2777 namque

158 2792 430 2850 Robertus
460 2810 565 2849 rex
609 2795 751 2847 tunc
790 2790 1046 2862 juvenis,
1107 2794 1172 2845 ut
1225 2790 1500 2857 diximus,
1534 2793 1791 2864 prudens

154 2885 314 2954 atque
342 2878 948 2951 eruditus,dulcisque
961 2878 1191 2950 eloquio
1204 2896 1270 2934 ac
1290 2880 1504 2950 pietate
1518 2881 1785 2952 insignis.

154 2970 274 3033 Sed.
296 2971 490 3027 divina
520 2968 865 3042 providente
884 2965 1212 3031 clementia,
1238 2967 1574 3038 hujusmodi
1597 2970 1785 3026 virum

154 3059 217 3113 ad
234 3057 531 3114 Catholica:
564 3056 755 3129 plebis
786 3055 1044 3129 regimen
1075 3055 1340 3110 omnium
1374 3057 1657 3113 Dominus
1687 3057 1786 3113 illo

154 3146 422 3218 pracipue
451 3146 510 3203 in
549 3150 812 3217 tempore
840 3144 1116 3216 dignatus
1166 3147 1256 3198 est
1296 3144 1604 3200 destinare.
1638 3147 1783 3200 Nam

156 3234 347 3291 diebus
369 3235 531 3307 regni
557 3231 1201 3306 ipsius,clementorum
1232 3232 1407 3286 etiam
1438 3232 1625 3303 signis
1644 3251 1785 3305 prae-

1912 2011 2046 2049 mus
2075 1997 2311 2068 gratias,
2335 2000 2434 2070 qui
2459 2017 2567 2056 sua
2596 2003 2764 2058 nobis
2794 2004 2851 2059 in
2884 2004 2977 2059 his
3004 2009 3250 2064 marinis
3276 2010 3550 2067 fluctibus

1910 2084 2273 2155 providentia
2285 2090 2961 2159 praeparavitvehiculum
2976 2111 3088 2150 non
3102 2112 3279 2167 egens
3290 2097 3548 2156 humano

1910 2171 2175 2244 remigio.
2212 2196 2239 2221 ››
2270 2175 2492 2239 Quibus
2524 2194 2557 2230 a
2587 2178 2707 2233 viro
2738 2179 2837 2235 Dei
2869 2182 3008 2237 socii
3066 2185 3304 2254 auditis,
3335 2188 3547 2243 mentis

1909 2264 2147 2331 stupore
2177 2262 2388 2328 adacti,
2430 2263 2634 2319 divina:
2677 2268 2944 2337 protinus
3000 2287 3127 2326 sese
3176 2274 3545 2343 providentis:

1908 2350 2357 2415 committentes,
2390 2368 2455 2406 ac
2484 2352 2588 2406 viri
2621 2355 2805 2410 sancti
2856 2356 3170 2413 innitentes
3202 2363 3542 2432 prudentize,

1907 2442 2206 2508 cmperunt
2235 2440 2555 2495 securiores
2586 2447 2855 2498 eventum
2887 2446 3204 2517 praestolari
3236 2450 3316 2505 rei
3348 2452 3548 2507 fortui-

1906 2528 1995 2579 ιω.
2030 2526 2375 2597 Ilujusmodi
2396 2545 2532 2601 ergo
2564 2548 2664 2601 per
2694 2532 2881 2602 spatia
2912 2534 3298 2605 plurimorum
3315 2538 3544 2596 dierum

1905 2612 2016 2668 nisi
2051 2615 2359 2679 evectione,
2388 2634 2617 2688 semper
2639 2623 2834 2675 tamen
2882 2629 3067 2677 semet
3108 2625 3545 2697 conspiciebant

1903 2701 1971 2755 ad
2007 2702 2147 2758 solis
2178 2707 2370 2759 ortum
2416 2706 2668 2761 tendere.
2712 2709 2970 2765 Tandem
3018 2729 3150 2767 vero
3203 2720 3540 2784 perventum

1900 2794 1987 2843 est
2016 2791 2085 2845 ad
2130 2791 2383 2848 insulam
2427 2798 2764 2851 czeterarum
2824 2800 3315 2869 speciosissimam
3363 2807 3540 2877 atque

1899 2880 2056 2932 omni
2090 2880 2419 2935 ammnitate
2440 2884 3117 2953 gratiosissimam.lllius
3131 2906 3362 2963 quoque
3374 2894 3538 2949 arbo-

1898 2982 2027 3019 rum
2062 2966 2341 3023 habitudo
2373 2974 2548 3041 atque
2576 2972 2769 3028 avium
2821 2975 3363 3034 dissimilitudinem
3385 2983 3535 3051 gerit

1898 3053 2319 3111 universorum.
2354 3058 2636 3129 Egressus
2662 3077 2891 3131 quoque
2938 3062 3025 3118 vir
3051 3065 3344 3122 saecularis
3373 3085 3532 3125 acce-

1894 3141 2040 3198 dens
2064 3144 2134 3198 ad
2168 3160 2317 3209 eam,
2352 3147 2565 3216 reperit
2617 3150 2790 3204 etiam
2844 3150 2923 3205 ibi
2971 3153 3389 3211 monachorum
3441 3157 3527 3212 vel

1893 3230 2088 3299 potius
2100 3231 2579 3288 anachoretarum
2601 3234 2872 3290 collectas
2885 3236 3064 3293 miras
3077 3255 3142 3293 ac
3156 3239 3530 3313 multiplices,

158 3297 598 3389 euntibusfnon.
621 3297 864 3378 modica:
889 3319 1084 3375 cladcs
1115 3320 1431 3375 incubuere
1463 3320 1787 3376 ChristiEc-
1817 3297 1861 3366 θ·
1901 3335 2149 3390 quorum
2180 3319 2402 3375 scilicet
2442 3321 2557 3375 vita
2599 3326 2655 3377 et
2711 3326 3070 3380 conversatio
3128 3328 3531 3385 universorum

158 3408 369 3467 clesiaz:
402 3411 622 3484 quibus
653 3408 769 3465 nisi
808 3407 960 3463 idem
992 3424 1087 3463 rex
1119 3408 1427 3480 sapienter,
1463 3409 1575 3464 Deo
1604 3426 1666 3465 se
1688 3410 1786 3479 ju-

157 3501 312 3554 vante
340 3499 680 3565 restitisset,
708 3496 997 3553 saeviendo
1041 3494 1444 3567 multipliciter
1473 3497 1530 3552 in
1559 3496 1787 3568 longin-

159 3601 328 3657 quum
359 3586 810 3660 processissent.

793 3673 1027 3729 CAPUT
1066 3672 1135 3729 ιι.
1416 3748 1423 3751 _

366 3767 447 3820 De
472 3771 597 3819 cem
622 3764 823 3825 maris,
855 3769 907 3817 et
932 3760 1359 3817 occidentalium
1387 3760 1562 3816 bellis.

219 3852 375 3907 Anno
403 3851 586 3923 igitur
633 3853 846 3923 quarto
894 3850 965 3905 de
1013 3849 1408 3920 suprascripto
1453 3847 1786 3916 millesimo,

156 3936 269 3991 visa
296 3943 381 3994 est
412 3944 578 3994 cetus
615 3939 779 3994 mirae
818 3936 1243 4009 magnitudinis
1289 3938 1657 3993 descendisse
1689 3954 1792 4011 per

159 4026 386 4091 mare,in
418 4025 545 4083 loco
573 4025 675 4099 qui
703 4026 1059 4082 Bernovallis
1080 4026 1791 4098 nuncupatur.Egrediens

160 4109 363 4168 scilicet
389 4130 422 4168 a
443 4111 887 4187 septentrionali
918 4112 1092 4185 plaga
1113 4113 1169 4167 in
1212 4112 1650 4169 occidentalem.
1678 4115 1789 4184 Ap-

163 4198 342 4267 paruit
369 4217 606 4273 quoque
637 4215 841 4257 mense
888 4200 1196 4256 Novembri
1253 4216 1424 4256 mane
1457 4200 1646 4272 prima
1675 4200 1788 4255 diei

164 4290 452 4353 aurora,ad
483 4289 677 4345 instar
705 4287 931 4353 insulae,
966 4304 1033 4344 ac
1079 4288 1436 4343 transeundo
1465 4289 1791 4359 perdurans

164 4386 334 4445 usque
364 4375 419 4431 in
453 4376 662 4432 horam
692 4375 806 4431 diei
834 4375 1088 4440 tertiam,
1123 4374 1442 4430 maximum
1464 4375 1637 4430 etiam
1663 4380 1792 4431 stu-

165 4472 345 4528 porem
368 4463 935 4535 admirationemque
949 4479 1010 4519 se
1022 4463 1395 4518 cernentibus
1406 4479 1510 4517 con
1519 4461 1792 4518 tulit.Sed

166 4549 213 4600 et
242 4563 308 4603 ne
328 4548 498 4606 alicui
532 4552 682 4608 forte
703 4550 783 4607 sit
801 4551 1048 4606 dubium
1073 4550 1230 4622 quod
1261 4554 1552 4616 narratur,
1586 4566 1791 4621 quam-

1896 3407 2228 3463 mortalium
2261 3409 2471 3465 studiis
2493 3411 2747 3466 sanctior
2770 3417 2943 3485 atque
2987 3415 3232 3471 nobilior
3251 3418 3531 3476 enitebat.

1894 3495 1940 3548 A
1971 3494 2184 3565 quibus
2205 3495 2380 3550 etiam
2407 3511 2617 3568 magna
2630 3515 2760 3553 cum
2784 3500 3062 3557 charitate
3092 3504 3346 3575 suscepti
3360 3505 3561 3576 pluri--

1898 3582 2009 3637 bus
2036 3582 2244 3637 diebus
2289 3582 2503 3639 ibidem
2556 3593 3010 3655 commanentes,
3046 3591 3117 3647 de
3174 3591 3377 3648 multis
3408 3610 3535 3665 quas

1896 3670 1969 3724 ad
2002 3686 2192 3724 veram
2244 3671 2533 3742 pertinent
2581 3674 2887 3747 diligenter
2939 3677 3186 3735 salutem
3246 3681 3535 3750 instructi,

1897 3758 2274 3829 postmodum
2305 3764 2361 3813 et
2390 3761 2460 3815 ad
2497 3762 2752 3818 nativum
2784 3770 3133 3823 revertentes
3164 3767 3378 3837 solum,
3403 3771 3539 3826 uni-

1897 3862 2065 3900 versa
2095 3862 2222 3917 qua:
2253 3854 2652 3918 compererant
2676 3852 2873 3922 patriis
2897 3855 3103 3909 redditi
3134 3863 3534 3914 narraverunt.

1897 3933 2177 3989 Praeterea
2202 3934 2346 3995 viso.
2370 3940 2433 3990 ut
2463 3936 2651 3992 dicere
2671 3941 2976 4011 coepimus,
3008 3942 3217 3998 Oceani
3246 3948 3533 4015 portento,

1897 4037 2137 4076 exorsus
2166 4027 2254 4076 est
2277 4022 2522 4078 bellicus
2554 4026 2839 4081 tumultus
2867 4027 2927 4081 in
2972 4030 3241 4086 universa
3270 4032 3537 4088 occiden-

1899 4108 1999 4164 tali
2029 4110 2186 4164 orbis
2212 4110 2401 4182 plaga,
2426 4111 2691 4167 videlicet
2718 4117 2838 4168 tam
2872 4114 2928 4169 in
2962 4116 3298 4187 regionibus
3327 4119 3539 4175 Gallia-

1898 4212 2026 4251 rum
2046 4213 2220 4267 quam
2246 4197 2727 4255 intransmarinis
2742 4201 2950 4256 Oceani
2967 4202 3198 4271 insulis,
3214 4206 3533 4277 Anglorum

1897 4283 2159 4338 videlicet
2189 4289 2363 4353 atque
2394 4283 2722 4341 Brittonum
2777 4303 2881 4341 nec
2939 4305 3053 4343 non
3092 4294 3151 4343 et
3205 4289 3531 4347 Scotorum.

1898 4371 2219 4441 Siquidem,
2255 4376 2318 4426 ut
2348 4371 2693 4445 plerumque
2721 4374 2868 4430 solet
2916 4377 3272 4448 contingere,
3303 4385 3538 4451 propter

1899 4460 2109 4515 delicta
2138 4459 2323 4515 intimi
2354 4460 2551 4532 populi
2583 4463 2730 4517 versi
2760 4463 2818 4518 in
2845 4463 3271 4521 dissensionem
3303 4466 3537 4523 illorum

1900 4564 2064 4619 reges
2097 4564 2161 4601 ac
2191 4548 2377 4602 caeteri
2411 4547 2722 4620 principes,
2758 4551 3071 4622 statimque
3101 4552 3542 4611 exardescentes

163 4631 242 4687 vis
269 4636 726 4693 amultisvisum
742 4637 1075 4704 fuit,tamen
1098 4637 1234 4692 huic
1259 4637 1790 4693 similemonstrum
1821 4655 1872 4722 Β
1901 4635 1960 4691 in
1992 4637 2264 4706 subjecta:
2297 4636 2481 4707 plebis
2530 4637 3037 4709 depOpulationem
3084 4639 3324 4708 scilicet,
3358 4660 3567 4716 usque

166 4734 197 4773 a
222 4719 505 4797 plerisque
532 4726 832 4782 invenitur
860 4726 1239 4798 descriptum.
1278 4726 1536 4797 Denique
1583 4724 1796 4797 legitur
1823 4719 1858 4722 τ
1903 4725 2044 4779 dum
2078 4725 2477 4795 perducuntur
2505 4726 2574 4779 ad
2598 4726 2811 4780 suimet
2842 4727 3147 4798 sanguinis
3176 4730 3542 4797 effusionem,

166 4803 219 4859 in
246 4811 417 4877 gestis
449 4812 668 4885 egregii
712 4812 1066 4868 confessoris
1115 4813 1391 4876 Bendani,
1423 4812 1793 4868 orientalium
1905 4813 2067 4879 Quod
2100 4811 2364 4867 videlicet
2394 4813 2591 4867 tandiu
2620 4818 2913 4885 patratum
2945 4821 3033 4871 est
3061 4815 3119 4871 in
3151 4820 3548 4888 praedictisin-

164 4891 410 4954 videlicet
438 4899 784 4973 Anglorum,
818 4900 1095 4973 quoniam
1127 4899 1280 4955 idem
1328 4899 1418 4953 vir
1445 4900 1545 4954 Dei
1578 4900 1799 4956 scilicet
1907 4898 2386 4971 sulis,quousquc
2420 4918 2574 4956 unus
2596 4919 2798 4974 regum
2829 4905 3166 4960 earumdem
3187 4906 3241 4961 vi
3273 4908 3435 4963 solus
3453 4925 3550 4981 po-

170 4977 607 5043 Bendanuscum
630 4987 902 5061 pluribus
924 4987 1227 5044 monachis
1241 5005 1342 5060 per
1362 4988 1621 5043 marinas
1642 4988 1801 5044 insu-
1906 4988 2114 5043 tiretur
2144 4987 2445 5059 regiminis
2476 4995 2837 5046 cazterarum.
2865 4992 3129 5065 Denique
3158 5000 3388 5051 mortuo
3417 5013 3549 5069 rege

169 5064 247 5122 las
274 5086 369 5141 per
386 5074 624 5147 aliquod
656 5076 943 5149 temporis
959 5075 1214 5149 spatium
1238 5075 1596 5132 eremiticam
1615 5079 1799 5132 trans-
1907 5074 2282 5141 Adalrado,in
2314 5093 2490 5148 regno
2523 5077 2987 5134 scilicetillorum
3013 5064 3111 5153 qui
3131 5064 3551 5142 Danimarcbes

168 5155 365 5226 egisset
385 5162 586 5231 vitam,
647 5164 799 5220 hanc
855 5164 943 5220 vel
993 5164 1131 5219 huic
1189 5163 1442 5232 similem
1502 5166 1798 5234 quondam
1910 5162 2521 5236 cognominantur,qui
2556 5166 2727 5221 etiam
2764 5169 3003 5223 duxerat
3034 5186 3271 5227 uxorem
3294 5188 3551 5229 sororem

174 5243 378 5303 obviam
428 5249 672 5308 haberet
720 5251 998 5308 belluam.
1060 5252 1205 5307 Nam
1263 5267 1395 5307 cum
1457 5250 1809 5323 remigando
1911 5250 2659 5335 RicardiRothomagorum
2693 5255 3099 5321 ducis,invasit
3126 5259 3550 5331 regnumillius

175 5342 414 5404 quasque
446 5337 502 5392 in
537 5338 687 5394 mari
717 5340 1066 5394 constitutas
1088 5338 1419 5394 circumiret
1446 5337 1801 5405 insulas,su-

180 5423 517 5485 perveniente
549 5426 742 5483 noctis
771 5426 1378 5498 crepusculo,cernens
1410 5427 1607 5497 procul
1638 5428 1807 5483 velut

188 5505 516 5567 maritimam
549 5512 918 5581 insulam,ad
947 5530 1121 5585 quam
1152 5514 1321 5569 etiam
1347 5513 1636 5569 divertens
1662 5533 1803 5571 cum

182 5594 442 5653 omnibus
470 5602 785 5673 quisecum
799 5601 1477 5673 erant,supervenientem
1508 5600 1809 5658 duntaxat

242 5680 345 5750 (23)
370 5684 489 5743 Imo
520 5687 784 5762 Hugonis
810 5688 865 5759 Μ
920 5704 1062 5744 uxor
1090 5688 1195 5744 fuit
1222 5704 1380 5743 soror
1417 5686 1651 5742 Ottonis
1682 5689 1734 5743 Ι.

1911 5355 2008 5394 rex
2037 5337 2301 5394 videlicet
2330 5339 2524 5395 Canuc
2574 5342 3020 5399 occidentalium
3068 5346 3409 5419 Anglorum,
3450 5347 3549 5419 qui

1911 5426 2105 5488 etiam,
2139 5430 2269 5495 post
2302 5428 2503 5483 crebra
2520 5429 2804 5485 bellorum
2827 5430 3132 5488 molimina
3151 5450 3216 5489 ac
3237 5435 3432 5505 patria:
3452 5433 3551 5488 de-

1914 5511 2584 5586 populationcs,paetum
2618 5518 3011 5574 cumRicardo
3043 5521 3364 5585 stabiliens,
3396 5521 3552 5589 ejus-

1914 5618 2025 5672 que
2042 5617 2376 5671 germanam
2394 5603 2665 5660 Adalradi
2701 5605 2961 5663 videlicet
3000 5624 3235 5663 uxorem
3266 5608 3324 5661 in
3355 5604 3553 5661 matri-
