4938 6462
91 500 204 564 633

948 495 1491 557 HISTORIAHUM
1535 490 1744 555 LIBRI
1773 492 2150 564 QUINQUE.
2197 527 2274 538 --
2314 493 2463 554 LIB.
2509 495 2586 554 ll.

3339 497 3454 559 634

89 637 403 690 Lucacense
425 627 892 701 castro.Expleto
918 628 1170 700 denique
1199 628 1546 700 quantocius
1568 627 1714 682 basi-
1741 627 1798 692 Α
1827 625 2098 681 Romanis
2130 624 2392 682 Ecclesia:
2425 627 2496 684 ob
2527 627 2876 699 dignitatem
2925 626 3250 700 apostolica:
3304 631 3458 686 sedis

88 723 200 779 lica:
229 735 416 792 opere,
439 717 710 790 protinus
741 717 903 773 misit
932 719 1000 774 ad
1026 718 1326 790 Hugonem
1349 718 1716 772 Turonorum

91 810 237 866 archi
244 806 569 881 praesulem,
588 806 646 861 in
670 807 839 878 cujus
865 805 1083 862 scilicet
1104 806 1419 861 constituta
1439 809 1561 860 erat
1582 804 1714 860 dice

94 899 219 967 ccsi,
245 900 307 952 ut
335 893 499 949 illam
528 897 888 959 sacraturus,
912 894 1410 966 quemadmodum
1459 894 1717 948 decreve-

88 993 189 1051 rat,
208 982 519 1042 adveniret.
544 982 651 1048 Qui
677 981 873 1038 venire
901 981 1150 1048 distulit,
1180 981 1377 1037 dicens
1399 999 1459 1036 se
1478 981 1717 1036 minime

89 1091 247 1148 posse
271 1071 430 1128 illius
457 1075 660 1126 votum
681 1071 927 1126 dicando
950 1070 1196 1127 Domino
1217 1071 1600 1138 committere,
1618 1070 1719 1142 qui

88 1162 340 1218 videlicet
365 1160 536 1215 matri
564 1158 825 1215 Ecclesia:
842 1159 998 1215 sedis
1021 1159 1132 1215 sibi
1152 1159 1476 1215 commissae
1506 1158 1722 1230 praedia

87 1257 138 1306 et
167 1247 455 1320 mancipia
483 1247 862 1319 subripuerat
888 1264 1000 1303 non
1033 1264 1235 1319 pauca.
1268 1247 1500 1318 Hocque
1525 1247 1720 1318 potius

89 1338 164 1393 illi
194 1337 500 1392 videbatur
519 1338 944 1406 competere,ut
967 1333 1319 1406 primitus,si
1342 1334 1478 1406 quid
1505 1334 1721 1404 injuste

84 1425 389 1497 diripuerat
420 1421 601 1478 alicui
631 1422 981 1490 restitueret,
1005 1421 1203 1494 sicque
1252 1422 1524 1494 deinceps
1557 1423 1720 1492 justo

77 1513 250 1586 judici
305 1513 420 1569 Deo
473 1510 730 1583 prOpria,
764 1529 889 1583 quae
937 1515 1186 1579 voverat,
1221 1512 1424 1566 otl‘erre
1463 1512 1718 1566 deberet.

81 1608 329 1673 Cumque
353 1598 545 1672 igitur
573 1597 689 1654 ista
720 1598 956 1654 Fulconi
988 1617 1022 1654 a
1051 1599 1173 1654 suis
1204 1598 1424 1671 perlata
1453 1599 1719 1665 fuissent,

84 1690 299 1746 diutina
326 1687 564 1744 feritate
596 1693 917 1759 resumpta,
951 1686 1201 1742 nimium
1247 1687 1485 1760 indigne
1535 1688 1726 1742 ferens

82 1776 326 1851 episcopi
345 1792 638 1847 responsa
655 1793 666 1830 :
686 1776 928 1848 insuper
944 1777 1334 1832 comminatus
1356 1775 1520 1831 illum
1538 1774 1721 1843 valde,

81 1868 147 1922 ad
172 1865 488 1924 sublimius
503 1863 648 1921 inde
666 1864 820 1936 quod
844 1863 1027 1919 valuit
1041 1863 1234 1936 adegit
1255 1863 1723 1920 consilium.Mox

1825 715 2046 771 caeteris
2093 715 2150 771 in
2201 716 2336 771 orbe
2385 715 2719 771 constitutis
2766 714 3116 772 reverentior
3154 715 3456 786 habeatur,

1828 821 1941 860 non
1972 809 2167 860 tamen
2198 804 2248 860 ei
2293 805 2425 860 licet
2473 805 2797 877 transgredi
2843 804 2904 860 in
2956 804 3151 878 aliquo
3200 807 3462 862 canonici

1826 893 2242 949 moderaminis
2268 900 2546 949 tenorem.
2567 894 2725 949 Sicut
2753 894 2910 950 enim
2943 895 3350 967 unusquisque
3370 911 3464 951 or-

1828 981 2090 1036 thodoxae
2123 981 2385 1037 Ecclesiaa
2417 981 2673 1054 pontifex
2704 999 2768 1037 ac
2811 999 3063 1054 sponsus
3093 984 3337 1055 propriae
3379 999 3463 1039 se-

1827 1070 1919 1125 dis
1951 1069 2316 1125 uniformiter
2347 1070 2600 1142 speciem
2632 1071 2780 1143 gerit
2811 1069 3149 1137 Salvatorts,
3183 1073 3264 1127 ita
3292 1087 3462 1145 gene-

1828 1158 2026 1213 raliter
2057 1157 2199 1214 nulli
2231 1158 2496 1214 convenit
2525 1159 2825 1231 quidpiam
2859 1160 2917 1214 in
2949 1160 3187 1216 alterius
3207 1161 3466 1233 procaci-

1829 1251 1916 1302 ter
1946 1251 2173 1319 patrare
2203 1247 2459 1319 episcopi
2491 1248 2745 1302 dioecesi.

2482 1335 2712 1392 CAPUT
2749 1337 2815 1391 V.

2065 1425 2140 1478 De
2165 1428 2415 1496 portento
2445 1427 2764 1482 Aureliam?
2783 1427 2935 1481 urbis
2963 1427 3233 1483 mirabili.

1899 1513 2064 1567 Anno
2094 1512 2276 1585 igitur
2305 1513 2586 1568 incarnati
2609 1513 2779 1568 Verbi
2799 1515 3280 1586 octingentesimo
3319 1519 3470 1570 octo-

1831 1600 2052 1673 gesimo
2075 1607 2273 1657 octavo
2295 1601 2538 1673 contigit
2565 1601 2625 1656 in
2657 1603 2799 1657 urbe
2822 1603 3133 1658 Aureliana
3149 1602 3466 1660 Galliarum

1832 1690 1901 1744 ad
1913 1691 2147 1744 modum
2183 1689 2560 1745 memorabile
2581 1694 2754 1761 atque
2787 1690 3224 1746 formidolosum
3244 1696 3471 1763 porten-

1835 1783 1978 1832 tum.
2013 1781 2249 1834 Constat
2277 1795 2412 1851 ergo
2443 1778 2503 1833 in
2532 1779 2734 1833 eadem
2769 1779 2908 1834 urbe
2941 1778 3362 1836 monasterium
3411 1780 3470 1837 in

1833 1866 2111 1922 honorem
2143 1865 2539 1938 apostolorum
2573 1865 2852 1939 principis
2883 1866 3208 1938 antiquitus
3260 1867 3472 1922 consti-

79 1955 342 2026 denique,
361 1952 612 2026 cepiosa
641 1953 863 2024 argenti
895 1957 952 2008 et
983 1952 1107 2008 auri
1132 1956 1437 2025 assumpta
1459 1951 1722 2025 pecunia,
1759 1991 1806 2055 Β
1833 1958 2048 2022 tutum,
2080 1955 2140 2010 in
2172 1970 2286 2026 quo
2318 1955 2588 2027 primitus
2618 1955 2924 2028 collegium
2943 1954 3473 2012 sanctimonialium

81 2045 316 2100 Romam
347 2057 633 2114 pergens,
667 2057 733 2096 ac
762 2041 974 2097 Joanni
1006 2058 1166 2113 papa:
1187 2057 1426 2096 causam
1456 2059 1573 2096 sua:
1597 2057 1729 2112 pro—

81 2131 341 2189 fecrionis
362 2129 664 2202 exposuit.
699 2132 778 2184 Ac
809 2129 1020 2186 deinde
1047 2147 1293 2202 poscens
1327 2130 1480 2201 quod
1514 2130 1584 2184 ab
1632 2129 1729 2184 illo

78 2223 386 2294 optaverat,
414 2218 683 2291 plurima
711 2218 762 2273 ei
808 2235 1120 2274 munerum
1166 2219 1318 2274 dona
1363 2218 1588 2273 obtulit.
1621 2217 1729 2280 Qui

76 2309 334 2382 protinus
365 2307 542 2364 misit
572 2323 707 2362 eum
737 2308 938 2362 eodem
979 2306 1226 2363 Fulcone
1273 2307 1345 2362 ad
1395 2305 1728 2378 prmdictam

79 2396 378 2452 basilicam
411 2396 772 2452 sacrandam
803 2412 988 2450 unum
1016 2413 1086 2451 ex
1115 2395 1231 2450 illis
1273 2412 1420 2466 quos
1471 2395 1526 2448 in
1577 2395 1728 2450 beati

76 2486 217 2540 Petri
243 2484 659 2557 apostolorum
685 2483 966 2556 principis
998 2482 1253 2539 Ecclesia
1283 2483 1604 2539 cardinales
1634 2501 1728 2538 vo-

77 2578 226 2638 cant,
261 2573 504 2628 nomine
572 2573 828 2640 Petrum,
863 2573 956 2628 cui
1014 2573 1188 2628 etiam
1237 2573 1523 2645 praecepit,
1554 2571 1729 2628 veluti

74 2663 312 2718 Romani
344 2660 653 2734 pontificis
696 2661 1040 2716 auctoritate
1088 2666 1413 2732 assumpta,
1445 2659 1729 2732 quidquid

69 2751 357 2822 agendum
408 2747 659 2804 Fulooni
708 2747 1034 2815 videbatur,
1081 2747 1409 2820 intrepidus
1455 2748 1726 2820 expleret.

73 2838 228 2901 Quod
260 2839 470 2910 utique
503 2836 814 2893 audientes
844 2836 1162 2892 Galliarum
1195 2837 1411 2908 quique
1456 2837 1731 2909 praasules

73 2926 607 2998 praesumptionem
639 2925 985 2998 sacrilegam
1033 2930 1425 2998 cognoverunt
1470 2942 1537 2981 ex
1584 2942 1733 2981 caeca

75 3015 396 3087 cupiditate
427 3013 967 3088 processisse,dum
999 3013 1264 3070 videlicet
1293 3032 1446 3070 unus
1477 3014 1729 3086 rapiens,

69 3103 213 3160 alter
242 3109 486 3176 raptum
521 3101 1085 3175 suscipiens,recens
1116 3103 1174 3157 in
1205 3103 1465 3158 Romana
1480 3101 1735 3158 Ecclesia

69 3191 330 3248 schisma
377 3190 767 3248 creavissent.
801 3190 1062 3247 Universi
1110 3191 1284 3248 etiam
1334 3191 1549 3264 pariter
1577 3192 1731 3246 dete-

68 3284 311 3346 stantes,
345 3280 644 3353 quoniam
677 3279 927 3334 nimium
960 3280 1234 3336 indecens
1264 3279 1565 3336 videbatur
1591 3284 1655 3335 ut
1681 3279 1733 3334 is

1836 2043 2130 2115 virginum
2161 2043 2543 2116 omnipotenti
2576 2044 2690 2099 Deo
2721 2044 3042 2101 deservisse
3089 2045 3471 2118 dignoscitur.

1838 2132 1998 2195 Quod
2030 2131 2206 2187 etiam
2237 2133 2442 2188 exinde
2459 2138 2840 2206 cognomento
2860 2133 3119 2190 Puellare
3139 2133 3374 2189 dicitur.
3410 2133 3473 2189 In

1838 2221 2007 2292 cujus
2029 2221 2278 2292 denique
2301 2223 2638 2278 monasterii
2660 2222 2850 2277 medio
2872 2223 3126 2278 deﬁxum
3143 2224 3336 2278 stabat
3351 2239 3477 2278 cru-

1838 2309 1922 2364 cis
1952 2309 2246 2377 vexillum,
2264 2311 2572 2381 praaferens
2597 2310 2782 2381 ipsius
2805 2310 3135 2377 Salvatoris,
3157 2327 3260 2382 pro
3286 2310 3475 2367 salute

1838 2398 2097 2452 humana
2129 2411 2374 2452 mortem
2408 2397 2702 2469 patientis,
2735 2397 3071 2469 imaginem.
3095 2400 3139 2452 A
3168 2399 3336 2469 cujus
3359 2399 3471 2454 sci-

1839 2483 1971 2540 licet
2003 2485 2276 2557 imaginis
2305 2484 2488 2540 oculis
2537 2503 2638 2557 per
2668 2484 2893 2557 aliquot
2934 2487 3162 2542 dierum
3213 2486 3470 2558 spatium

1837 2574 2127 2641 continue,
2158 2573 2357 2628 multis
2380 2574 2770 2638 cernentibus,
2800 2575 2958 2629 rivus
2983 2575 3276 2630 emanavit
3295 2575 3476 2646 lacry-

1842 2678 2089 2716 marum.
2124 2662 2205 2716 Ad
2238 2663 2391 2732 quod
2443 2662 2722 2716 nimirum
2777 2662 3033 2718 terribile
3075 2663 3474 2734 spectaculum

1840 2750 2264 2822 inspiciendum
2280 2751 2594 2806 multitudo
2607 2750 2860 2806 maxima
2873 2751 3472 2807 conven-ithominum.

1842 2838 2106 2910 Plerique
2131 2843 2484 2907 tamen,cum
2517 2839 2662 2895 illud
2692 2839 3334 2906 cernerent,admodu~m
3360 2839 3478 2894 ani-

1840 2928 2266 2984 madvertentes
2287 2928 2580 2999 quoddam
2611 2945 2739 2985 esse
2759 2928 3078 2984 divinitatis
3107 2928 3475 3002 praesagium,

1839 3014 2102 3071 videlicet
2131 3015 2289 3071 illius
2321 3017 2483 3072 urbis
2513 3021 2942 3089 superventuraa
2964 3015 3480 3080 calamitatis.0ue-

1842 3105 2220 3160 madmodum
2253 3104 2407 3160 enim
2439 3104 2592 3160 idem
2623 3120 2725 3176 per
2754 3122 2817 3160 se
2867 3105 3132 3160 Salvator
3172 3105 3480 3176 priesciens

1841 3192 2146 3247 imminere
2177 3193 2339 3248 urbis
2369 3193 2785 3248 detrimentum
2813 3193 3359 3266 llierosolymitanse,
3381 3194 3478 3248 ﬂe-

1839 3279 1991 3336 visse
2021 3280 2180 3336 illam
2213 3279 2566 3352 perhibetur,
2592 3281 2676 3336 sic
2697 3280 2947 3351 denique
2969 3286 3024 3336 et
3044 3281 3194 3339 hanc
3213 3279 3481 3337 videlicet

69 3369 164 3440 qui
195 3351 602 3442 apostolicam
633 3369 870 3441 regebat
903 3368 1512 3441 sedem,apostolicum
1537 3368 1724 3440 primi-
1762 3351 1806 3419 Ο
1843 3351 2402 3440 Αυιεθιίδηειωίρδυιο
2427 3373 2558 3440 post
2583 3369 2985 3424 imminentem
3017 3369 3238 3425 cladem
3270 3385 3476 3440 passu-

63 3461 157 3513 tus
187 3475 256 3514 ac
285 3458 658 3514 canonicum
704 3457 1242 3530 transgrediebatur
1266 3462 1545 3514 tenorem.
1585 3457 1734 3512 Cum

67 3547 314 3618 insuper
343 3545 674 3619 multiplici
695 3545 770 3600 sit
799 3545 1126 3618 antiquitus
1146 3547 1488 3602 auctoritate
1509 3547 1737 3602 robora-

64 3638 296 3705 tum,ut
327 3652 453 3691 non
492 3633 796 3706 quispiam
814 3634 1218 3706 episcoporum
1253 3635 1308 3690 in
1333 3635 1570 3691 alterius
1591 3635 1734 3690 dice-

62 3723 175 3778 cesi
203 3723 374 3780 istud
403 3726 738 3797 praesumat
785 3739 1068 3788 exercere,
1101 3722 1215 3778 nisi
1266 3721 1530 3794 praesule,
1565 3724 1734 3793 cujus

59 3812 689 3884 fuerat,compellente
716 3828 818 3866 seu
852 3811 1241 3884 permittente.
1277 3811 1460 3883 Igitur
1484 3812 1576 3867 die
1598 3829 1734 3884 qua-

57 3902 194 3956 dam
216 3902 457 3958 mensis
492 3900 639 3956 Maii
670 3903 1024 3972 congregata
1051 3905 1141 3955 est
1172 3899 1615 3958 innumerabilis
1639 3917 1736 3972 po-

52 3989 176 4061 puli
212 3989 562 4046 multitudo
611 3989 682 4044 ad
733 3987 1154 4044 dedicationem
1187 3987 1404 4045 scilicet
1448 3989 1734 4060 pradictae

51 4077 338 4134 ecclesias.
369 4079 461 4133 Ex
495 4075 722 4149 quibus
745 4074 930 4131 multo
955 4075 1129 4131 etiam
1161 4075 1355 4148 plures
1378 4076 1515 4132 illuc
1533 4077 1732 4133 Fulco-

51 4166 144 4222 nis
209 4171 428 4234 terror,
465 4166 547 4222 ob
599 4181 720 4220 sua:
777 4163 1044 4219 elationis
1101 4180 1396 4236 pompam,
1431 4166 1734 4221 convenire

49 4255 366 4327 compulit.
405 4252 698 4326 Episcopi
729 4252 1087 4324 tantum,qui
1118 4253 1247 4322 ejus
1267 4252 1485 4308 ditione
1514 4269 1736 4325 preme-

46 4340 503 4410 δειλίαι-,ορεσιὶ
528 4339 870 4396 interfuere.
887 4339 1086 4411 Cmpta
1106 4339 1282 4412 igitur
1299 4340 1394 4396 die
1415 4340 1732 4397 constituto

44 4431 194 4485 satis
227 4428 589 4501 pompatico
619 4427 964 4499 hujusmodi
994 4427 1354 4484 dedicatione
1391 4434 1565 4500 atque
1604 4445 1731 4501 per-

42 4522 202 4586 acta,
235 4518 710 4588 missarumque
737 4533 806 4571 ex
850 4532 1012 4572 more
1053 4516 1358 4572 solemniis
1405 4516 1729 4586 celebratis,

39 4608 449 4678 postmodum
487 4605 716 4678 quippe
742 4605 815 4660 ad
839 4605 1073 4677 propria
1094 4604 1333 4660 rediere.
1350 4604 1608 4678 Denique
1629 4607 1735 4662 im-

1845 3474 1968 3513 ram
2007 3473 2111 3530 per
2146 3472 2478 3528 expressam
2521 3473 2638 3512 suis
2669 3457 2944 3530 imaginis
2975 3458 3222 3530 figuram
3253 3457 3480 3513 ﬂevisse
3503 3501 3526 3506 --

1844 3545 2532 3618 comprobatur.Contigit
2550 3561 2686 3618 ergo
2707 3549 2837 3616 post
2860 3543 3164 3617 paululum
3187 3545 3244 3600 in
3276 3546 3480 3600 eadem

1843 3634 2071 3690 civitate
2093 3633 2368 3689 inaudita)
2384 3632 2844 3706 rei,idipsum,ut
2864 3631 3483 3706 putatur,portendens

1843 3726 2104 3779 eventus.
2129 3721 2386 3794 Denique
2407 3739 2542 3778 cum
2564 3737 2682 3777 una
2707 3722 2965 3777 noctium
3005 3722 3295 3789 custodes,
3321 3720 3481 3777 vide-

1842 3810 1975 3866 licet
2005 3811 2242 3882 majoris
2273 3809 2546 3875 ecclesiae,
2571 3809 2836 3866 videlicet
2877 3809 3175 3882 episeopii,
3208 3823 3276 3866 ex
3323 3825 3483 3866 more

1843 3898 2321 3964 exsurrexissent,
2349 3903 2519 3969 atque
2545 3898 2732 3970 ipsius
2752 3897 3004 3954 ecclesia:
3025 3903 3222 3970 portas
3247 3897 3483 3969 quibus-

1844 4004 1956 4059 que
1986 3988 2059 4046 ad
2091 3986 2466 4042 matutinales
2495 3985 2696 4042 laudes
2726 3987 3172 4059 properantibus
3219 3985 3480 4058 aperuis-

1842 4080 1990 4142 sent,
2013 4075 2206 4132 subito
2237 4074 2411 4146 lupus
2442 4073 3052 4145 affuit,ecclesiamque
3081 4073 3480 4147 ingressu-s,ac

1843 4165 2038 4220 funem
2059 4163 2210 4235 signi
2227 4178 2324 4219 ore
2346 4161 3003 4234 arripiens,agitansque
3023 4161 3477 4227 il'lud,insonuit.

1841 4253 2153 4308 Cernentes
2210 4248 2487 4305 nimirum
2537 4249 2636 4322 qui
2683 4250 2944 4316 aderant,
2981 4248 3192 4304 mentis
3245 4253 3480 4321 stupore

1843 4339 2130 4404 concussi,
2163 4339 2398 4393 tandem
2450 4336 2704 4393 clamore
2762 4337 2999 4403 emisso,
3032 4353 3097 4392 ac
3146 4336 3193 4392 si
3226 4337 3479 4394 inermes

1843 4429 1975 4484 nisu
2007 4444 2122 4500 quo
2152 4426 2381 4481 valuere
2410 4425 2578 4480 illum
2611 4425 2981 4480 exturbantes
3011 4423 3084 4480 ab
3113 4423 3356 4484 ecclesia
3383 4441 3478 4480 ex-

1843 4517 2134 4591 pulerunt.
2165 4513 2441 4586 Sequenti
2472 4529 2606 4569 vero
2656 4528 2809 4568 anno
2855 4517 2977 4569 tota
3023 4512 3180 4568 illius
3228 4511 3480 4568 civitatis

1842 4606 2102 4661 humana
2129 4602 2408 4659 habitatio
2437 4618 2571 4657 cum
2604 4600 2875 4658 domibus
2900 4599 3276 4660 ecclesiarum
3309 4599 3479 4654 terri-

40 4695 310 4752 minentc
343 4694 561 4768 ipsius
591 4693 705 4749 diei
736 4693 880 4749 hora
909 4709 1083 4761 nona,
1115 4710 1248 4748 cum
1274 4693 1472 4749 ﬂabris
1503 4695 1733 4751 lenibus
1763 4715 1811 4781 ι)
1842 4692 2038 4750 biliter
2065 4695 2498 4781 ignercremata.
2532 4689 2702 4781 Unde
2722 4689 2898 4744 etiam
2927 4687 3074 4744 nulli
3105 4687 3260 4781 venit
3288 4687 3347 4742 in
3378 4689 3482 4781 du:

36 4799 327 4840 serenum
352 4783 645 4854 undique
671 4782 1010 4838 consisteret
1035 4781 1502 4854 calum,repente
1532 4801 1732 4856 super-

32 4873 195 4928 venit
217 4890 252 4928 a
269 4873 466 4946 plaga
490 4869 743 4926 austrati
766 4869 1321 4927 vehementissimus
1339 4872 1726 4945 turbo,ipsam

30 4962 426 5034 impellentes
459 4957 876 5026 eoelesiam,ae
904 4959 1134 5032 replens
1157 4975 1289 5016 eam
1317 4960 1726 5030 turbidoaere,

31 5050 134 5106 diu
165 5050 588 5120 multumque
609 5046 968 5104 concutiens.
993 5047 1212 5104 Deinde
1239 5065 1372 5104 vero
1407 5047 1614 5105 solutis
1645 5049 1726 5104 la-

29 5136 710 5210 quearibusmniverssa
732 5135 998 5206 ejusdem
1019 5135 1274 5192 ecclesiae
1299 5137 1728 5205 trabes,simul-

31 5242 144 5299 que
177 5233 314 5284 tota
335 5231 550 5299 teges,
565 5239 670 5295 per
689 5223 928 5297 pignam
951 5223 1152 5296 templi
1175 5225 1225 5296 cj
1237 5225 1440 5280 usdem
1465 5226 1728 5282 occiden-

28 5317 211 5374 talem
245 5317 313 5373 in
347 5321 602 5372 terram
633 5316 989 5378 corruentes,
1022 5329 1286 5369 eversum
1314 5313 1524 5369 ierunt.
1569 5315 1731 5379 Quod

31 5421 168 5460 cum
204 5404 396 5462 multi
424 5419 546 5476 per
581 5399 875 5472 regionem
895 5400 1110 5455 factum
1141 5402 1734 5474 comperissent,nulli

27 5494 188 5550 venit
237 5495 305 5550 in
340 5491 626 5549 dubium
657 5488 934 5560 quoniam
966 5488 1224 5546 insolens
1263 5491 1734 5563 praesumptionis

29 5583 288 5639 audacia
311 5582 581 5637 irritum
611 5575 1011 5632 consuituissct
1031 5578 1560 5650 votum.Simulque
1585 5597 1729 5652 prae~

28 5673 309 5729 sentibus
345 5687 418 5726 ac
455 5665 694 5724 futuris
727 5664 1077 5736 quibusque,
1111 5683 1181 5722 ne
1212 5667 1348 5722 huic
1379 5667 1570 5723 simile
1599 5684 1730 5739 age-

26 5764 179 5828 rent,
213 5760 483 5817 evidens
507 5752 810 5810 indicium
843 5751 970 5807 fuit.
1009 5754 1166 5810 Licet
1197 5770 1448 5827 namque
1479 5757 1734 5827 pontifex

1843 4780 2323 4853 bium,quoniam
2357 4778 2533 4834 unius
2556 4776 2739 4834 cladis
2765 4781 3038 4833 eventum
3069 4776 3376 4848 utriusque
3395 4775 3477 4832 rei

1837 4869 2229 4944 praecessisset
2258 4870 2608 4941 portentum.
2633 4866 2768 4922 Erat
2793 4866 2972 4938 igitur
3012 4869 3152 4922 tunc
3199 4864 3480 4936 temporis

1836 4960 2120 5033 praedicta:
2149 4957 2398 5013 civitatis
2429 4956 2684 5029 pontifex
2711 4953 3056 5010 venerabilis
3073 4953 3477 5025 Arnulfue,qui

1835 5046 2101 5103 videlicet
2129 5059 2337 5118 genere
2366 5048 2424 5100 et
2449 5044 2712 5100 doctrina
2735 5042 3032 5115 sapientiai
3061 5038 3382 5113 'pernobilis
3413 5057 3479 5097 ac

1837 5142 2209 5209 paternorum
2263 5134 2583 5188 fundorum
2629 5131 2916 5186 reditibus
2955 5128 3477 5202 locupletissimus,

1837 5240 2082 5281 cernens
2109 5221 2398 5277 excidium
2429 5219 2651 5276 scilicet
2681 5217 2925 5292 propriae
2957 5218 3135 5287 sedis,
3169 5218 3479 5274 desolatio-

1843 5327 2094 5383 nemque
2127 5309 2236 5365 sibi
2270 5309 2596 5364 commissae
2627 5307 3065 5380 plebis,potiore
3103 5323 3251 5364 usus
3289 5307 3478 5362 consi-

1841 5401 1938 5469 lio,
1974 5414 2253 5471 magnum
2298 5396 2578 5468 colligens
2625 5400 2991 5468 apparatum,
3024 5395 3196 5468 ccepit
3238 5395 3478 5451 domum

1843 5489 2082 5560 majoris
2110 5485 2385 5550 ecclesia),
2410 5501 2535 5556 quae
2567 5484 2704 5540 olim
2737 5485 2926 5540 dicata
2956 5484 3144 5540 fuerat
3190 5483 3248 5537 in
3289 5483 3478 5538 crucis

1842 5578 2056 5634 Christi
2089 5577 2326 5641 honore,
2351 5574 2575 5646 jugiter
2605 5590 2639 5628 a
2669 5573 3064 5629 fundamentis
3111 5571 3475 5627 reiediilcare.

1843 5665 1948 5733 Qui
1975 5667 2114 5720 dum
2147 5662 2423 5719 acerrime
2454 5666 2639 5735 empto
2670 5661 2826 5734 operi
2853 5678 2986 5716 cum
3031 5660 3155 5716 suis
3201 5657 3477 5714 omnibus

1843 5755 2186 5822 intenderet,
2206 5756 2268 5807 ut
2298 5750 2518 5807 scilicet
2544 5750 2890 5823 quantocius
2917 5743 3479 5814 honestissimeﬁcon-
