3852 6412
99 484 214 548 63⁵1

989 480 1529 547 HISTORIAItUM
1576 480 1783 545 LIBRI
1828 468 2196 555 QUINQUE.
2240 516 2319 531 —
2359 481 2508 547 LIB.
2552 482 2628 547 II.

3393 491 3513 554 638
3608 465 3617 471 ’

102 618 189 692 git
212 621 277 673 ut
303 614 420 690 ipsi
453 614 690 673 scilicet
718 613 939 689 praelati
963 613 1039 670 ab
1058 614 1276 671 eisdem
1302 631 1450 687 quos
1472 616 1764 687 subjectos
1791 614 1846 682 Α
1875 631 2003 687 quae
2031 616 2248 688 aderat,
2283 614 2505 672 nullam
2563 618 2801 675 omnino
2852 622 3280 693 compescenda:
3332 625 3515 683 cladis

103 707 323 763 habere
353 705 639 772 debuere,
664 704 1019 777 afﬂigantur,
1034 709 1209 775 atque
1238 708 1609 759 contumaces
1640 721 1772 759 sen-

105 797 259 854 tiant
289 794 425 851 illos
456 811 609 866 quos
640 794 847 865 utique
879 809 987 848 suo
1017 792 1283 863 exemplo
1331 809 1364 847 a
1402 792 1645 863 justitias
1677 792 1771 847 iti-

101 901 239 942 nere
270 884 460 939 fecere
492 882 719 938 devios.
749 881 865 936 Nec
896 880 1115 936 mirum
1150 884 1424 952 praeterea
1454 881 1525 946 si,
1558 882 1613 935 in
1664 880 1771 935 ali-

100 973 324 1046 quibus
379 971 680 1044 angnstiis
730 968 1057 1036 constituti,
1092 970 1290 1025 minus
1337 970 1478 1024 dum
1517 969 1773 1025 clamant

100 1061 521 1124 exaudiuntnr,
540 1059 824 1130 quoniam
857 1057 967 1130 ipsi
1001 1057 1237 1113 sibimet
1267 1074 1369 1129 per
1398 1057 1648 1114 avaritiae
1670 1074 1770 1112 cu-

102 1148 336 1205 mulum
367 1147 640 1204 clausere
673 1145 1089 1202 misericordiae
1120 1146 1498 1213 ostium,cnm
1524 1146 1773 1201 certissi‘

103 1251 266 1294 mum
294 1235 691 1292 nihilominus
728 1235 1022 1290 habeatur
1050 1251 1154 1306 pro
1184 1234 1523 1304 hnjnsmodi
1542 1235 1770 1290 vicissi-

102 1325 306 1381 tudine
341 1322 552 1396 ﬂagitii
587 1322 1244 1394 smpissimeimminere
1264 1338 1632 1377 communem
1658 1321 1772 1377 cla-

107 1415 237 1469 dem
271 1410 514 1485 populis
542 1416 601 1467 et
631 1410 1030 1466 animantibus
1051 1410 1295 1476 cunctis,
1330 1427 1435 1465 nec
1456 1427 1571 1465 non
1592 1411 1769 1467 etiam

107 1501 431 1575 plurimam
464 1503 693 1572 pestem
726 1498 996 1570 frugibus
1021 1497 1289 1553 videlicet
1318 1513 1386 1551 ex
1427 1498 1769 1571 intemperie

106 1589 278 1646 aeris.
313 1586 413 1643 Sic
444 1588 666 1660 quippe
712 1585 837 1641 fieri
884 1584 1145 1657 contigit,
1180 1589 1245 1640 ut
1289 1584 1348 1640 hi
1397 1584 1619 1641 scilicet
1666 1586 1765 1658 qui

104 1675 535 1749 omnipotentis
566 1674 666 1730 Dei
699 1673 860 1745 gregi
893 1672 1005 1728 sibi
1035 1672 1352 1728 commisso
1385 1674 1530 1729 ferre
1554 1674 1769 1730 debue-

106 1769 234 1822 rant
292 1762 650 1819 salvationis
698 1760 1145 1827 adminiculum,
1173 1766 1533 1833 opponerent
1579 1762 1766 1817 eidem

108 1852 374 1911 consueti
406 1849 677 1907 beneﬁcii
709 1848 1591 1920 obstaculnm.Qnandocnnque
1609 1850 1766 1905 enim

112 1942 294 1998 defuit
310 1938 676 2012 religiositas
695 1937 1139 2039 pontificum,ac
1164 1937 1768 2039 marcessit‘districtio
1798 1974 1845 2039 Β

112 2028 399 2101 regularis
433 2027 743 2093 abbatum,
778 2022 1071 2096 simulque
1117 2024 1546 2081 monasterialis
1593 2024 1769 2079 disci-

116 2118 282 2191 plina:
314 2116 493 2188 vigor
517 2113 866 2186 tepescit,ac
896 2111 1250 2185 perillorum
1280 2112 1543 2185 exempla
1566 2119 1773 2168 czetera

116 2207 277 2279 plebs
309 2204 735 2260 mandatorum
788 2201 882 2256 Dei
914 2201 1338 2273 praevaricatrix
1367 2201 1592 2269 existit;
1628 2201 1770 2273 quid

114 2295 268 2350 aliud
289 2307 482 2366 quam
506 2295 695 2347 totum
715 2288 893 2345 simul
928 2289 1254 2344 humanum
1276 2305 1462 2361 genus
1486 2306 1689 2345 rursus
1712 2289 1769 2344 in

115 2382 427 2455 antiquum
464 2377 769 2452 precipitii
792 2377 968 2432 chaos
1004 2394 1122 2433 suae
1162 2377 1503 2448 perditionis
1535 2382 1771 2448 sponta-

116 2488 222 2526 nea
250 2470 565 2526 voluntate
594 2464 896 2521 illabitur?
915 2465 993 2519 Ex
1021 2464 1309 2535 ejusmodi
1341 2466 1421 2519 rei
1454 2465 1774 2537 proculdu-

120 2558 210 2615 bio
225 2555 705 2624 eventu,dudnm
730 2552 829 2609 ille
861 2553 1139 2623 antiquus
1164 2552 1479 2609 Leviatban
1498 2553 1773 2609 fiduciam

116 2648 489 2717 conceperat,
506 2643 664 2715 quod
688 2640 994 2696 inundatio
1015 2640 1286 2696 Jordanis
1308 2640 1463 2695 fluvii
1486 2656 1551 2696 os
1573 2640 1773 2696 illabe-

118 2739 274 2790 retur
301 2733 570 2797 illius,ut
592 2728 864 2785 videlicet
882 2728 1308 2800 haptizatorum
1332 2728 1497 2783 multi
1508 2729 1778 2801 tudo,per

115 2822 361 2878 avaritiae
394 2819 735 2893 appetitum
769 2817 924 2872 viam
942 2816 1204 2871 veritatis
1232 2816 1527 2881 deserens,
1550 2817 1777 2872 demer-

116 2914 344 2984 gemtur
399 2910 472 2965 in
533 2907 862 2962 interitum.
916 2906 982 2959 Et
1030 2904 1188 2975 quia,
1222 2908 1287 2958 ut
1328 2920 1397 2959 ex
1436 2904 1778 2960 auctoritate

116 2998 430 3071 apostolica
469 2994 834 3067 completum
865 2992 1597 3064 dignoscitur,f‘rigescente
1619 2991 1779 3048 scili-

118 3091 205 3143 cet
231 3086 553 3150 cbaritate,
584 3099 651 3138 ac
682 3081 1198 3153 superabundante
1223 3077 1550 3151 iniquitate,
1581 3080 1642 3134 in
1673 3080 1780 3135 ho-

119 3175 376 3231 minibus
408 3172 622 3245 utique
651 3173 839 3226 semet
867 3168 1000 3240 plus
1021 3170 1184 3239 justo
1220 3168 1574 3236 amantibus,
1608 3167 1779 3223 solito

121 3263 382 3319 crebrius
411 3261 693 3331 ista,quae
714 3256 1047 3321 retulimus,
1066 3256 1219 3311 circa
1245 3255 1625 3313 millesimum
1650 3260 1782 3328 post

1880 708 2063 759 artem
2095 706 2675 777 reperiens,conversi
2708 708 3017 764 unanimes
3046 727 3180 766 voce
3200 711 3515 770 clamantes

1878 792 2145 859 terribili,
2167 794 2239 848 ab
2270 794 2457 865 ipsius
2487 795 2883 867 apostolorum
2915 797 3192 870 principis
3212 817 3515 858 cucurrere

1880 880 2467 944 confessionem,eum
2493 882 2955 954 imprecantes,si
2981 902 3093 941 non
3118 888 3354 959 pervigil
3387 907 3516 961 pro-

1880 967 2016 1039 prie:
2046 967 2192 1023 foret
2230 969 2301 1023 ad
2333 986 2587 1040 praesens
2618 971 2889 1027 defensor
2916 973 3435 1041 Ecclesim,multos
3457 977 3515 1032 in

1880 1057 2017 1111 orbe
2048 1061 2335 1111 terrarum
2385 1074 2419 1112 a
2465 1075 2583 1113 sua:
2637 1058 2770 1114 fidei
2817 1062 3175 1132 professione
3218 1064 3513 1121 decedere.

1880 1144 2091 1199 Statim
2106 1160 2240 1199 vero
2259 1162 2433 1200 vorax
2456 1147 3001 1214 flamma,abietinas
3027 1150 3301 1207 deserens
3323 1154 3517 1209 trabes

1878 1230 2184 1302 disparuit.
2215 1231 2321 1286 Per
2348 1233 2502 1287 idem
2535 1239 2766 1305 tempus
2796 1235 3066 1292 obierunt
3094 1238 3152 1292 in
3179 1238 3341 1294 Italia
3371 1245 3427 1295 et
3458 1241 3515 1296 in

1879 1318 2103 1385 Galliis,
2136 1320 2233 1391 qui
2266 1321 2540 1394 praecipui
2567 1329 2732 1378 erant
2761 1325 3063 1395 pontifices
3091 1330 3149 1381 et
3178 1328 3377 1395 duces,
3415 1346 3518 1384 nec

1878 1423 1993 1461 non
2051 1412 2109 1463 et
2158 1409 2419 1464 comites.
2452 1410 2731 1467 Primitus
2782 1429 3012 1485 quoque
3061 1431 3211 1486 papa
3238 1415 3515 1485 Joannes,

1878 1495 2086 1550 deinde
2118 1496 2281 1567 Hngo
2313 1498 2712 1553 marchionum
2744 1501 3022 1571 optimus.
3057 1502 3192 1558 Post
3235 1503 3355 1559 hinc
3386 1522 3518 1560 vero

1877 1599 1979 1653 per
2001 1583 2222 1639 Italiam
2242 1584 2460 1657 quique
2478 1586 2809 1643 nobiliores.
2827 1589 2885 1643 In
2908 1589 3109 1645 Galliis
3130 1608 3383 1663 namque
3396 1593 3517 1649 Odo

1876 1674 1933 1726 et
1963 1671 2572 1745 Heribertus,quorum
2597 1675 2755 1748 prior
2767 1677 3516 1753 TuronornmCarnotiqne,

1877 1775 2127 1830 sequens
2175 1777 2309 1816 vero
2360 1762 2683 1818 Meldorum
2738 1769 2911 1836 atque
2963 1766 3277 1823 Trecorum
3324 1785 3519 1825 comes

1876 1848 2116 1914 exstitit,
2149 1848 2311 1903 Tunc
2342 1851 2621 1922 temporis
2651 1851 2825 1908 etiam
2857 1854 2973 1909 dux
3024 1855 3519 1929 Rothomagornm

1878 1935 2158 1991 Ricardns
2183 1937 2347 2004 obiit,
2375 1939 2473 2009 qui
2526 1942 2947 1997 monasterium
2999 1943 3380 2001 aedificaverat
3429 1947 3523 2001 ni-

1877 2023 2063 2077 mium
2086 2023 2364 2096 locuples,
2396 2026 2457 2081 in
2488 2026 2614 2083 loco
2653 2030 2752 2101 qui
2802 2030 3015 2086 dicitur
3062 2033 3426 2105 Fiscampus,
3459 2033 3519 2088 in

1877 2127 1993 2182 quo
2051 2113 2227 2168 etiam
2274 2115 2540 2186 sepultus
2594 2117 2861 2188 quiescit.
2892 2118 3247 2177 Viellermus
3286 2138 3519 2193 quoque

1880 2198 2243 2256 Pictavorum
2267 2203 2383 2257 dux
2414 2204 2525 2258 sub
2554 2205 2756 2260 eodem
2782 2211 3040 2280 tempore
3080 2208 3260 2263 vitam
3312 2210 3518 2266 finivit.

1881 2286 2185 2343 Pontifices
2241 2290 2379 2345 item
2430 2292 2490 2346 in
2548 2291 2751 2349 Galliis
2804 2293 3021 2366 quique
3070 2296 3457 2369 religiosiores
3488 2314 3524 2353 a

1880 2374 2091 2431 smculo
2119 2383 2507 2434 excesserunt.
2542 2380 2842 2436 Manasses
2874 2381 3140 2438 videlicet
3189 2385 3277 2439 vir
3305 2385 3522 2439 sancti-

1881 2468 1997 2518 tate
2047 2463 2255 2535 plenus
2313 2466 2623 2523 Trecorum
2674 2469 3017 2542 episcopus,
3049 2475 3107 2525 et
3162 2471 3521 2528 Gislebertus

1884 2551 1981 2622 [αι.
2010 2552 2437 2625 Engelhertua]
2473 2556 2969 2625 Parisiorum,nec
3002 2577 3114 2615 non
3149 2567 3207 2615 et
3227 2561 3523 2617 Gcboinus

1883 2639 2359 2709 Gatalannorum,
2422 2660 2555 2699 cum
2618 2646 2749 2701 aliis
2805 2645 3093 2718 pluribus.
3149 2649 3303 2704 Inter
3374 2666 3523 2722 quos

1882 2727 2058 2783 etiam
2108 2730 2268 2783 bona:
2322 2732 2614 2787 memoria;
2674 2740 2915 2791 sanctus
2961 2734 3231 2791 videlimt
3278 2737 3524 2793 Maiolus

1884 2815 2037 2888 apud
2069 2816 2444 2875 Silviniacum
2477 2822 2805 2877 ccsuobinm
2838 2822 2967 2878 vita:
2998 2825 3301 2896 praesentis
3331 2826 3528 2880 termi~

1885 2919 2028 2958 num
2088 2911 2454 2963 consecutus.
2487 2910 2664 2980 Cujus
2700 2909 2921 2966 scilicet
2966 2910 3095 2966 vitae
3154 2912 3524 2969 honestatem

1885 2992 2175 3062 pretiosus
2200 2993 2374 3049 etiam
2397 2997 2770 3051 commendat
2792 2999 3094 3055 transitus.
3110 3000 3255 3055 Nam
3278 3001 3349 3055 ad
3369 3000 3527 3057 illius

1887 3079 2103 3133 famam
2133 3081 2459 3139 sanctitatis
2506 3087 2796 3140 conﬁnem
2838 3102 2904 3140 ex
2948 3086 3216 3142 universo
3267 3087 3527 3151 Romano

1886 3167 2023 3221 orbe
2049 3166 2157 3222 viri
2187 3171 2246 3223 et
2283 3170 2555 3227 mulieres
2602 3176 2985 3244 utrorumque
3029 3172 3301 3229 ordinum
3351 3173 3529 3245 pluri-

1887 3254 2200 3320 mi,exinde
2231 3258 2543 3314 referentes
2572 3259 2930 3316 diversarum
2963 3262 3369 3318 infirmitatum
3391 3279 3523 3336 gra-

122 3352 240 3407 nati
267 3320 598 3407 Salvatoris
626 3344 862 3403 Domini
883 3320 1103 3401 annum
1120 3343 1413 3401 universis
1435 3320 1852 3417 mundi-par-VC
1891 3342 2036 3397 tiam
2071 3343 2358 3400 sanitatis.
2392 3344 2744 3403 Deseviebat
2788 3348 2991 3404 eodem
3038 3352 3297 3422 tempore
3335 3320 3529 3405 clades

128 3437 282 3495 tibus
313 3436 718 3510 contigerunt.

755 3521 993 3579 CAPUT
1029 3520 1151 3577 VII.

401 3616 480 3671 De
510 3610 791 3670 incendiis
819 3616 874 3668 et
899 3611 1168 3666 mortibus
1195 3609 1485 3666 nobilium.

186 3703 451 3777 Septimo
480 3702 668 3778 igitur
696 3702 770 3757 de
800 3699 1136 3771 supradicto
1162 3697 1475 3754 millesimo
1496 3715 1648 3754 anno
1669 3699 1778 3755 Ve-

128 3807 296 3848 sevus
325 3807 527 3859 mons,
560 3789 663 3863 qui
690 3792 749 3844 et
775 3786 1021 3843 Vulcani
1051 3785 1166 3843 olla
1195 3786 1600 3853 dicitur,solito
1629 3787 1779 3843 mul-

119 3878 403 3951 tipliciore
430 3879 602 3936 hiatu
635 3891 914 3933 evomens
934 3874 1069 3948 igne
1088 3874 1427 3947 permistam
1461 3874 1780 3947 sulphureo

121 3968 431 4039 grandium
492 3981 778 4024 saxorum
829 3962 1288 4028 multitudinem,
1324 3963 1423 4035 qui
1482 3980 1671 4036 usque
1720 3964 1779 4020 in

122 4056 351 4112 tertium
386 4056 751 4113 rotabantur
780 4050 1142 4107 milliarium.
1175 4051 1383 4123 Sicque
1430 4068 1537 4108 suo
1578 4051 1777 4108 balatu

123 4144 318 4214 putide
342 4144 507 4200 circa
536 4158 601 4199 se
631 4138 1085 4197 inhabitabilem
1113 4138 1285 4210 ccepit
1313 4139 1497 4194 facere
1545 4140 1776 4212 provin-

124 4230 287 4287 ciam.
322 4232 435 4289 Sed
468 4245 668 4303 neque
712 4228 826 4283 hoc
874 4231 1012 4299 puto
1062 4226 1294 4283 silentio
1330 4228 1645 4298 praeterire,
1676 4244 1781 4283 cur

122 4318 271 4374 istud
300 4320 362 4375 in
394 4320 526 4377 sola
555 4316 835 4374 Afaicana
878 4315 1177 4387 contingat
1222 4313 1479 4386 regione.
1518 4314 1778 4371 Primum

121 4405 367 4480 denique
397 4408 475 4464 ob
503 4404 743 4462 telluris
772 4403 1120 4459 vacuitatem
1151 4418 1221 4458 ex
1248 4400 1431 4457 nimio
1458 4403 1665 4458 ardore
1691 4418 1780 4459 so-

123 4491 191 4550 lis
207 4512 222 4563 ;
239 4500 297 4551 et
324 4496 618 4568 quoniam
648 4492 794 4548 illuc
821 4491 1112 4547 incumbit
1132 4490 1432 4546 dexterum
1453 4489 1528 4544 ab
1547 4489 1780 4547 Oriente

123 4580 409 4641 Oceanum
469 4598 664 4647 mare,
691 4581 1020 4635 immensos
1062 4578 1353 4633 undarum
1399 4576 1674 4659 erigenda
1717 4580 1775 4635 in

1886 3430 2144 3502 pessima
2172 3432 2231 3488 in
2264 3432 2623 3503 hominibus,
2656 3434 2812 3507 ignis
2842 3436 3064 3494 scilicet
3107 3435 3390 3507 occultus,
3426 3438 3526 3509 qui

1887 3518 2280 3591 quodcunque
2347 3523 2745 3578 membrorum
2813 3523 3179 3596 arripuisset,
3235 3525 3529 3581 exurendo

1885 3608 2195 3663 truncabat
2247 3626 2282 3664 a
2333 3625 2590 3682 corpore.
2624 3610 2956 3684 Plerosque,
2988 3612 3163 3668 etiam
3222 3613 3281 3668 in
3339 3613 3528 3686 spatio

1888 3692 2066 3749 unius
2097 3696 2305 3763 noctis,
2338 3696 2518 3768 hujus
2549 3697 2703 3771 ignis
2736 3698 3104 3773 consumpsit
3144 3700 3388 3758 exustio.
3418 3702 3529 3757 Sed

1887 3795 2020 3836 cum
2040 3782 2099 3837 in
2122 3783 2391 3854 plurimis
2408 3792 2742 3843 sanctorum
2760 3787 3061 3844 memoriis
3083 3788 3263 3860 hujus
3286 3792 3534 3845 tremen-

1887 3869 1971 3925 (ιω
2000 3872 2183 3942 pestis
2212 3873 2330 3927 sint
2374 3873 2608 3930 inventa
2656 3876 2931 3940 remedia,
2965 3877 3257 3932 maximus
3299 3881 3528 3934 tantum

1886 3972 2207 4015 concursus
2238 3960 2424 4016 factus
2454 3967 2544 4017 est
2571 3963 2643 4018 ad
2673 3963 2852 4017 trium
2884 3968 3217 4019 sanctorum
3241 3963 3531 4023 confesso—

1886 4062 2018 4101 rum
2064 4046 2360 4114 ecclesias,
2391 4049 2623 4105 Martini
2680 4048 2905 4106 scilicet
2930 4050 3317 4119 Turonornm,
3354 4055 3529 4124 atque

1886 4133 2135 4190 Odolrioi
2168 4136 2710 4205 Bajoariorum,nec
2742 4153 2857 4193 non
2888 4143 2946 4194 et
2975 4138 3148 4195 istius
3177 4139 3530 4197 venerabilis

1885 4222 2070 4294 patris
2100 4222 2312 4290 Maioli,
2331 4228 2659 4297 optataque
2691 4224 2902 4280 salutis
2932 4225 3166 4282 inventa
3191 4230 3333 4283 sunt
3362 4228 3530 4285 bene-

1886 4310 2038 4366 ficia.

2503 4402 2737 4459 CAPUT
2774 4402 2922 4459 VIII.

1954 4493 2035 4545 De
2065 4490 2295 4545 Henrici
2322 4490 2474 4545 ducis
2492 4496 2749 4557 morte,et
2776 4495 3078 4550 vastatione
3097 4493 3455 4564 Burgundzta

1956 4577 2139 4649 Igitur
2152 4593 2307 4633 anno
2325 4578 2494 4633 tertio
2515 4579 2587 4635 de
2603 4579 2938 4653 supradicto
2951 4579 3265 4637 millesimo
3282 4585 3531 4638 moritur

122 4684 242 4727 sese
272 4671 569 4744 recolligit
592 4667 865 4733 vortices,
898 4667 1114 4740 quibus
1146 4665 1417 4721 videlicet
1467 4682 1778 4737 percussus
1808 4682 1854 4748 Ι)
1888 4665 1945 4720 in
1969 4666 2306 4739 Bnrgundia
2334 4668 2453 4723 dux
2466 4667 2746 4725 Henricus
2759 4670 2912 4743 apud
2935 4674 3194 4726 castrum
3210 4668 3527 4726 Pulliacum

120 4761 455 4816 reconditur
482 4775 590 4816 aer
605 4755 839 4814 telluris
870 4756 928 4810 in
955 4753 1200 4828 gremio.
1232 4754 1451 4809 Deinde
1481 4770 1776 4820 vero,cum

120 4844 356 4917 ignillna
383 4846 799 4920 vaporatione,
821 4859 938 4915 quo
966 4841 1138 4908 valet,
1152 4845 1421 4897 eructuat
1448 4842 1517 4896 ad
1543 4858 1774 4914 supera.

119 4932 174 4987 Si
199 4935 439 5006 quidem
471 4950 577 4991 aer
601 4932 760 4989 sicut
787 4947 856 4987 ex
885 4928 1134 4986 ordinali
1167 4930 1582 4986 constitutione
1609 4946 1779 5003 pene-

119 5023 231 5077 trat
254 5039 492 5097 supera,
529 5022 583 5078 si
618 5036 690 5076 ex
719 5019 988 5090 ejusdem
1018 5017 1297 5089 ambigua
1312 5022 1543 5085 natura,
1564 5018 1777 5074 humo-

125 5110 201 5164 ris
228 5112 453 5167 scilicet
474 5115 660 5182 atque
681 5105 1142 5178 caloris,saepius
1161 5106 1486 5175 exagitatus
1506 5107 1779 5177 exprimit

122 5195 177 5252 in
206 5199 384 5256 aridis
418 5200 651 5271 ignem,
687 5200 792 5252 aut
822 5196 884 5249 in
922 5192 1183 5249 humidis
1229 5192 1495 5265 glaciem.
1528 5194 1779 5266 Contigit

126 5284 334 5343 interea
386 5303 540 5359 pene
580 5284 894 5340 universas
941 5280 1116 5337 Italiae
1163 5285 1221 5336 et
1265 5278 1461 5335 Galliae
1517 5282 1776 5338 civitates

126 5368 340 5443 ignium
373 5371 679 5430 incendiis
708 5368 1022 5433 devastari,
1053 5368 1361 5439 ipsamque
1408 5369 1611 5423 urbem
1663 5368 1775 5424 Ro-

129 5474 349 5517 manam
380 5478 451 5518 ex
476 5467 651 5535 parte
690 5456 949 5513 maxima
980 5455 1111 5527 igne
1140 5453 1407 5510 cremari.
1438 5455 1599 5519 Quod
1633 5456 1771 5511 dum

128 5546 294 5618 fieret,
317 5548 469 5606 beati
495 5545 654 5603 Petri
678 5543 947 5600 Ecclesia
969 5542 1131 5615 tigna
1150 5542 1302 5598 idem
1330 5540 1483 5611 ignis
1505 5540 1771 5611 arripuit,

128 5634 399 5707 cmpitque
429 5635 543 5692 sub
577 5647 732 5689 areo
761 5628 1028 5686 tabulata
1073 5627 1469 5685 consumendo
1520 5628 1773 5685 lambere

125 5718 290 5792 ligna.
316 5724 482 5788 Quod
515 5734 775 5780 cernens
804 5716 1079 5773 universa
1107 5715 1414 5773 hominum
1457 5714 1773 5775 multitudo

1886 4770 2064 4825 super
2091 4756 2316 4811 Ararim
2368 4757 2630 4824 fluvium,
2661 4758 3091 4831 sepulturaeque
3144 4758 3528 4816 Autissiodori

1886 4843 2041 4914 apud
2096 4843 2376 4899 eximium
2428 4846 2818 4904 confessorem
2866 4852 3220 4903 Germanum
3276 4848 3530 4903 traditur

1886 4929 2116 4986 Octobri
2146 4947 2365 4989 mense.
2385 4934 2672 5005 Sequente
2701 4952 2835 4991 vero
2864 4952 3064 4992 mense
3089 4935 3387 4991 Decembri
3405 4952 3528 4992 ves-

1886 5030 2020 5085 pere
2050 5016 2287 5072 Sabbati
2320 5024 2453 5074 ante
2481 5019 2637 5075 diem
2660 5021 2972 5078 Dominice
3004 5020 3530 5095 Nativitatis,appa-

1886 5102 2005 5157 ruit
2032 5103 2091 5159 in
2124 5120 2253 5160 aere
2284 5111 2617 5177 portentum
2650 5110 2917 5168 mirabile
2950 5130 2965 5167 :
2992 5111 3213 5184 species
3260 5109 3529 5168 videlicet

1885 5205 1988 5245 seu
2021 5191 2203 5248 moles
2224 5192 2352 5263 ipsa
2381 5195 2653 5253 immensi
2682 5199 2972 5266 draconis,
3006 5216 3041 5255 a
3089 5197 3521 5270 septentrionali

1884 5276 2057 5349 plaga
2081 5280 2405 5351 egrediens,
2438 5300 2570 5338 cum
2622 5285 2805 5341 nimia
2850 5287 3249 5343 coruscatione
3298 5288 3527 5359 petebat

1884 5370 2171 5422 austrum.
2204 5369 2365 5432 Quod
2388 5371 2717 5443 prodigium
2752 5390 2897 5444 pene
2927 5376 3194 5431 homines
3227 5375 3524 5429 universos

1883 5452 1981 5523 qui
2014 5454 2228 5521 videre,
2263 5455 2414 5511 infra
2436 5457 2652 5514 Gallias
2683 5462 2913 5517 terruit.
2948 5461 3223 5534 Sequenti
3271 5459 3522 5528 denique

1882 5556 2040 5596 anno
2073 5542 2337 5598 ascendit
2364 5543 2672 5600 Rothertus
2705 5564 2803 5603 rex
2836 5550 2894 5604 in
2946 5546 3338 5620 Bnrgundiam
3387 5559 3518 5597 cum

1882 5644 2099 5700 magno
2130 5629 2378 5687 exercitu
2412 5637 2821 5704 pugnatorum,
2855 5637 3076 5691 ducens
3105 5634 3278 5690 etiam
3320 5643 3515 5685 secum

1883 5715 2203 5778 Ricardum
2251 5717 2744 5792 Rothomagorum
2794 5723 3066 5782 comitem
3112 5733 3244 5774 cum
3281 5711 3517 5782 triginta
