4938 6430
555 466 668 528 641

1434 466 1983 532 HISTORIARUM
2027 470 2234 531 LIBltl
2280 470 2652 542 QUINQUE.
2697 502 2776 516 —
2814 471 2962 532 LIB.
3012 472 3089 533 II.

3837 474 3956 534 642

558 595 874 655 sonorltate
897 597 1128 668 referta,
1153 599 1231 667 et,
1253 602 1315 654 ut
1339 615 1504 655 mens
1526 595 1674 654 valet
1700 597 2209 668 bumana,Deiﬁcae
2238 603 2294 670 Α
2324 601 2584 675 catisque
2614 603 2835 660 caeteris
2866 602 3166 671 fratribus,
3191 603 3512 660 secundum
3547 620 3766 660 morem
3797 605 3849 661 ei
3881 604 3967 662 vi-

558 687 827 747 Trinitati
861 687 1174 760 condigna.
1208 686 1391 761 Coepit
1420 687 1639 742 interea
1682 688 1782 760 qui
1821 693 2064 760 praeerat
2093 689 2212 762 epi-

560 791 982 852 scopus,super
1002 774 1184 832 altare
1206 775 1392 831 sancti
1417 775 1669 832 Madritii
1701 777 1974 850 martyris
2005 777 2213 834 missa-

559 882 690 920 rum
725 862 1036 932 solemnia,
1069 865 1332 936 ejusdem
1380 863 1680 919 Trinitatis
1711 864 2092 937 antiphonam
2126 866 2213 922 in-

558 957 790 1021 tonans,
809 951 1124 1009 celebrare.
1143 951 1381 1007 Interim
1412 968 1546 1007 vero
1569 957 1978 1024 percunctatus
2008 958 2096 1010 est
2121 971 2214 1010 su-

558 1040 862 1113 pradictus
912 1039 1110 1111 frater,
1143 1040 1266 1112 qui,
1300 1041 1403 1095 aut
1449 1039 1603 1095 unde
1645 1045 1861 1109 essent,
1895 1059 1997 1114 pro
2029 1059 2212 1113 quave

559 1147 740 1185 causa
774 1129 912 1186 illuc
944 1128 1335 1184 devenissent.
1360 1127 1462 1186 Cui
1493 1127 1635 1184 satis
1660 1127 1868 1184 leniter
1896 1129 2010 1186 tale
2039 1130 2211 1187 dede-

559 1221 698 1274 runt
730 1233 1083 1292 responsum
1119 1235 1132 1276 :
1167 1240 1195 1267 «
1227 1217 1676 1284 Professionem,
1708 1217 2002 1290 inquiunt,
2050 1219 2213 1274 Chri-

559 1305 880 1362 stianitatis
909 1309 1232 1379 gestamus,
1268 1305 1369 1361 sed
1399 1305 1471 1360 ob
1502 1305 1744 1362 tutelam
1776 1306 1972 1378 patriae
2003 1306 2212 1363 Catho-

557 1394 800 1467 licaeque
830 1391 1019 1466 plebis
1066 1393 1484 1462 defensionem,
1537 1392 1768 1467 gladius
1817 1411 1924 1450 nos
1972 1395 2030 1450 in
2061 1395 2211 1452 bello

555 1483 1016 1538 Sarracenorum
1050 1481 1341 1554 separavit
1369 1481 1440 1536 ab
1472 1481 1863 1540 humanorum
1904 1499 2210 1554 corporum

555 1569 940 1626 habitatione.
962 1567 1181 1624 Idcirco
1213 1586 1319 1624 nos
1346 1585 1550 1624 omnes
1582 1570 1800 1642 pariter
1827 1569 2024 1625 divina
2051 1589 2213 1626 voca-

554 1658 629 1712 tio
661 1673 824 1712 nunc
856 1656 1135 1713 transfert
1159 1657 1215 1712 in
1249 1662 1466 1712 sortem
1485 1657 1812 1714 beatorum.
1833 1658 1942 1714 Sed
1962 1658 2090 1714 ideo
2112 1675 2214 1731 per

553 1747 706 1804 hanc
738 1745 1100 1824 provinciam
1135 1745 1303 1801 nobis
1326 1745 1606 1819 contingit
1628 1745 1840 1802 habere
1873 1747 2208 1816 transitum,

556 1834 840 1906 quoniam
863 1831 1066 1908 plures
1087 1849 1156 1889 ex
1184 1832 1292 1889 hac
1314 1834 1548 1906 regione
1571 1832 1724 1889 infra
1747 1836 1911 1891 breve
1932 1835 2211 1909 temporis

557 1924 818 1998 spatium
875 1925 1075 1978 nostro
1125 1927 1263 1978 sunt
1293 1921 1546 1977 addendi
1576 1921 1838 1995 collegio.
1874 1946 1902 1971 ››
1932 1923 2213 1978 Praeterea

557 2015 608 2068 is
637 2010 744 2085 qui
779 2010 1097 2067 missarum
1137 2009 1403 2083 explebat
1447 2010 1730 2080 officium,
1765 2010 1928 2066 ﬁnita
1957 2013 2215 2068 oratione

560 2099 888 2168 Dominica,
922 2114 1125 2174 pacem
1169 2098 1445 2154 omnibus
1492 2099 1660 2166 dans,
1695 2099 1858 2155 misit
1902 2117 2085 2154 unum
2115 2100 2214 2172 qui

482 2221 488 2226 -
559 2188 669 2260 ipsi
705 2185 871 2243 fratri
905 2187 1068 2261 pacis
1112 2186 1378 2243 osculum
1427 2188 1609 2243 daret.
1663 2187 1767 2253 Qui
1801 2205 1932 2246 cum
1966 2188 2212 2256 fecisset,

482 2337 483 2340 η
560 2275 759 2334 innuit
788 2276 964 2332 etiam
997 2276 1047 2331 ei
1081 2279 1148 2334 ut
1193 2275 1361 2331 illum
1411 2281 1770 2349 sequeretur.
1805 2276 1906 2332 His
1959 2277 2037 2332 ita
2079 2295 2216 2332 con-

482 2513 484 2534 l

482 2679 488 2714 l

482 2768 487 2804 |

481 2855 488 2894 ἱ

482 2947 489 2982 ι

483 3212 495 3252 1

558 2364 803 2440 spectis,
840 2380 972 2420 cum
1005 2363 1176 2419 vellet
1205 2381 1303 2420 eos
1337 2365 1524 2436 sequi,
1576 2365 2007 2436 disparuerunt.
2043 2365 2216 2421 Intel-

559 2453 696 2508 lexit
730 2468 968 2526 quoque
1001 2451 1154 2508 idem
1205 2453 1382 2508 frater
1414 2469 1476 2508 se
1507 2453 1563 2506 in
1615 2451 1770 2508 brevi
1804 2453 1991 2526 spatio
2031 2453 2215 2510 exitu~

553 2559 690 2596 rum
727 2558 763 2595 a
795 2539 1044 2608 saeculo;
1083 2541 1234 2614 quod
1267 2541 1442 2597 etiam
1476 2541 1558 2596 sic
1590 2541 1831 2614 contigit
1881 2541 2022 2598 ﬁeri.
2072 2541 2215 2598 Nam

558 2647 770 2686 mense
797 2629 1022 2702 quinto,
1048 2629 1104 2684 id
1137 2633 1225 2686 est
1256 2629 1577 2698 Decembri,
1599 2635 1909 2702 postquam
1941 2629 2058 2684 haec
2091 2648 2217 2703 quae

554 2719 821 2776 diximus
852 2718 1092 2788 viderat,
1115 2717 1204 2775 sui
1229 2719 1457 2776 abbatis
1482 2718 1725 2791 imperio
1756 2718 2004 2791 perrexit
2032 2719 2222 2774 Antis-

556 2808 866 2864 siodorum
886 2806 1073 2880 gratia
1088 2806 1414 2864 medicandi
1435 2805 1762 2879 aliquorum
1785 2807 1842 2862 in
1867 2807 2219 2863 monasterio

553 2896 708 2952 beati
732 2895 1103 2951 Confessoris
1127 2894 1337 2950 Christi
1362 2894 1632 2950 Germani
1657 2895 2090 2950 infirmantium
2117 2896 2224 2952 fra-

554 2990 740 3041 trum.
770 2984 906 3040 Erat
934 2983 1091 3040 enim
1127 2983 1426 3040 medicinae
1457 2982 1598 3039 artis
1630 2982 1843 3039 studiis
1875 2983 2221 3058 instructus.

554 3072 663 3140 Qui
691 3072 940 3129 veniens
974 3071 1113 3127 illuc
1137 3072 1311 3144 cmpit
1334 3089 1706 3129 commonere
1729 3071 1858 3128 illos
1887 3073 2094 3129 fratres
2120 3091 2225 3146 pro

557 3179 825 3234 quorum
849 3177 1025 3218 causa
1047 3161 1449 3230 advenerat,ut
1469 3177 1647 3233 quam
1671 3159 1841 3217 citius
1864 3178 1988 3234 quae
2010 3179 2113 3234 pro
2136 3179 2226 3218 sa-

549 3251 676 3308 lute
709 3249 954 3309 illorum
986 3250 1210 3324 agenda
1240 3254 1408 3305 erant
1428 3265 1689 3306 exercere
1711 3251 2226 3324 curarent.Cogno-

547 3427 1018 3500 responderent:
1042 3451 1067 3476 ‹‹
1093 3425 1284 3493 Quieti
1306 3425 1682 3498 indulgejam
1708 3426 1878 3482 hodie
1896 3443 1999 3498 pro
2023 3426 2223 3501 fatiga-

542 3517 707 3572 tione
739 3514 999 3585 itineris,
1033 3517 1098 3570 ut
1128 3514 1252 3570 dies
1285 3514 1540 3570 crastina
1569 3517 1625 3569 te
1655 3513 2029 3570 valentiorem
2061 3515 2222 3572 inve-

484 3589 495 3698 :
545 3603 696 3660 niat.
721 3627 752 3653 ››
772 3604 849 3660 At
873 3603 996 3676 ipse
1020 3601 1134 3658 ait:
1155 3627 1182 3652 ‹‹
1211 3603 1269 3658 Si
1293 3601 1779 3674 hodie,quantum
1803 3607 2089 3676 superest,
2107 3621 2221 3660 non

542 3692 883 3770 explevere,
905 3694 1080 3765 prout
1100 3689 1408 3762 valeo,jam
1436 3691 1528 3746 die
1550 3691 1806 3747 crastina
1833 3692 2109 3748 noveritis
2131 3710 2222 3748 me

547 3797 617 3837 ex
663 3780 766 3836 his
818 3779 967 3835 nihil
1017 3785 1308 3836 acturum.
1341 3802 1368 3829 ››
1403 3779 1509 3847 Qui
1560 3778 1760 3836 ludere
1816 3778 1982 3836 illum
2025 3780 2222 3837 existi-

543 3873 891 3938 mantes,ut
911 3873 1035 3924 erat
1058 3885 1288 3940 semper
1309 3867 1483 3923 alacri
1519 3873 1712 3923 mente
1746 3867 2030 3942 placidus,
2066 3869 2219 3942 quod

486 3956 497 4028 ξ
542 3963 874 4014 monuerat
905 3958 1248 4013 omiserunt.
1275 3956 1376 4012 Die
1398 3961 1592 4012 autem
1624 3956 1804 4012 altera
1830 3956 2218 4025 illucescente,

539 4051 894 4118 praeventus
938 4047 1055 4102 acri
1106 4045 1302 4101 dolore
1352 4044 1617 4111 accessit,
1650 4049 1824 4118 prout
1874 4049 2116 4118 poterat,
2149 4047 2218 4102 ad

488 4133 497 4210 ί
540 4134 734 4192 altare
759 4137 950 4191 beata:
973 4133 1167 4190 Mariae
1189 4149 1421 4205 semper
1447 4133 1881 4206 virginis,sacra
1905 4134 2220 4190 missarum

487 4217 496 4318 ἒ
538 4224 991 4280 celebraturus.
1025 4222 1250 4286 Quibus
1279 4221 1548 4295 peractis,
1604 4222 1840 4278 recessit
1877 4223 1948 4278 ad
1981 4223 2220 4278 domum

488 4309 496 4390 μ’
537 4313 939 4369 infirmorum
961 4312 1230 4378 fratrum,
1245 4311 1491 4382 jamque
1509 4309 1759 4365 nimium
1778 4309 2038 4367 dolentes
2059 4316 2221 4367 artus

488 4393 495 4416 ⁵
535 4400 896 4474 composuit
917 4399 1087 4456 lecto.
1111 4399 1238 4468 Cui,
1257 4403 1323 4454 ut
1349 4397 1562 4454 talibus
1584 4399 1706 4454 fieri
1729 4397 1893 4466 solet,
1927 4403 2224 4472 cmperunt

533 4489 854 4562 palpebrae
878 4505 1153 4545 somnum
1179 4503 1436 4559 quaerere
1461 4486 1611 4542 inter
1632 4487 1952 4560 angustias.
1969 4487 2226 4558 Repente

531 4595 678 4634 vero
713 4577 916 4635 astitit
945 4578 998 4633 ei
1030 4576 1193 4650 virgo
1236 4575 1884 4648 splendida,coruscans
1934 4576 2222 4632 immenso

531 4665 807 4739 fulgore,
845 4665 1334 4738 interrogansque
1367 4662 1532 4719 illum
1566 4680 1743 4736 quam
1775 4662 1990 4719 mentis
2019 4663 2221 4720 dubie-
2252 4685 2299 4750 Β

533 4760 729 4811 tatem
766 4753 1040 4811 haberet.
1076 4754 1261 4818 Quam
1295 4769 1427 4808 cum
1463 4751 1586 4824 ipse
1613 4752 1861 4808 intuitus
1894 4751 2222 4819 fuisset,ad-

490 4835 494 4862 ⁵
519 4844 676 4913 jecit
704 4863 718 4900 :
749 4867 782 4893 ‹‹
843 4843 905 4898 Si
947 4842 1019 4898 de
1057 4841 1265 4897 itinere
1297 4841 1652 4907 metuis,non
1687 4856 1921 4896 necesse
1952 4845 2040 4897 est
2068 4842 2222 4896 enim

490 4935 494 4950 ‘
527 4936 594 4987 ut
638 4947 902 5005 paveas,
936 4930 1216 5003 quoniam
1251 4945 1357 5002 ego
1387 4928 1492 4985 tibi
1521 4933 1722 4986 custos
1751 4929 2044 4985 exstitere.
2079 4952 2107 4980 ι
2142 4931 2223 4986 Ex

490 5021 494 5040 '
525 5037 649 5092 qua
681 5020 930 5076 visione
963 5018 1226 5075 securior
1254 5017 1513 5087 effectus,
1535 5018 1602 5073 ad
1629 5034 1689 5074 se
1709 5017 1903 5074 venire
1935 5019 2223 5078 mandans

493 5121 496 5124 '
523 5107 638 5165 loci
676 5106 1085 5181 praepositum
1117 5105 1354 5163 nomine
1385 5104 2220 5172 Achardum,eruditissimum

492 5199 496 5222 '
523 5197 702 5252 valde
735 5195 970 5261 virum,
1004 5195 1104 5266 qui
1139 5198 1344 5266 postea
1375 5193 1638 5264 ejusdem
1671 5191 2006 5248 monasterii
2040 5194 2220 5250 abbas

492 5299 495 5312 '
523 5281 1072 5353 exstitit,narravit
1101 5282 1155 5337 ei
1188 5298 1305 5338 non
1339 5281 1530 5336 solum
1553 5282 2024 5353 praesentem,sed
2046 5283 2220 5338 etiam

521 5373 920 5445 praeteritam
949 5369 1236 5428 visionem
1264 5386 1335 5428 ex
1365 5368 1588 5424 ordine.
1611 5369 1720 5436 Qui
1745 5368 1889 5430 dixit
1918 5369 1989 5427 ei.
2015 5393 2042 5420 ‹‹
2077 5370 2222 5426 Con-

492 5475 497 5498 ι
523 5462 778 5527 fortare,
815 5461 1031 5527 frater,
1067 5457 1128 5516 in
1160 5457 1430 5514 Domino.
1462 5457 1572 5516 Sed
1604 5455 1888 5528 quoniam
1920 5474 1988 5516 ea
2028 5455 2224 5521 vidisti

494 5565 497 5580 ’
519 5568 655 5623 qua:
687 5566 842 5606 raro
864 5546 1136 5602 humano
1158 5543 1306 5599 visui
1341 5543 1762 5608 conceduntur,
1783 5535 2019 5602 necesse
2041 5545 2223 5608 habes,

494 5639 886 5714 persolvere
936 5635 1220 5690 universa:
1270 5631 1463 5688 carnis
1511 5632 1795 5703 debitum,
1830 5639 1894 5691 ut
1924 5633 1980 5690 in
2018 5650 2216 5690 eorum

494 5746 674 5822 'quos
708 5721 1172 5800 vidisti,possis
1201 5720 1514 5778 admisceri
1546 5718 1923 5779 consortium.
1955 5743 1984 5773 »
2009 5720 2221 5780 Convo-

2324 689 2657 746 sitationem
2691 690 2969 748 fecerunt.
3003 690 3199 747 Tertia
3229 708 3481 763 namque
3507 691 3598 747 die
3627 693 3967 764 peracta,in-

2322 777 2569 849 cipiente
2603 782 2770 834 nocte
2802 778 3074 850 migravit
3095 796 3128 834 a
3149 796 3406 850 corpore.
3441 781 3621 846 Quem
3654 780 3795 836 dum
3821 797 3968 836 cun-

2323 865 2397 920 cti
2429 867 2636 922 fratres
2668 884 2734 922 ex
2765 883 2923 922 more
2971 866 3203 923 abluere
3253 884 3318 924 ac
3367 867 3578 940 pannis
3623 884 3969 941 componere

2320 957 2614 1025 pararent,
2648 954 2931 1027 signaque
2961 956 3297 1010 monasterii
3335 954 3602 1011 universa
3644 954 3967 1028 pulsarent,

2323 1042 2562 1112 quidam
2595 1040 2799 1111 laicus,
2835 1045 2934 1098 sed
2988 1042 3318 1115 religiosus,
3353 1045 3523 1115 juxta
3567 1061 3968 1113 commanens,

2321 1130 2597 1202 ignorans
2621 1131 2846 1186 obitum
2867 1131 3080 1198 fratris,
3095 1132 3505 1204 restimansque
3523 1134 3594 1188 ob
3614 1133 3972 1189 nuntiandos
4039 1146 4042 1149 ‘

2323 1218 2644 1274 matutinos
2675 1218 2843 1292 signa
2873 1218 3114 1292 pulsari,
3133 1221 3554 1288 exsurrexit,ut
3585 1219 3831 1290 solebat,
3849 1238 3975 1296 per-

2318 1322 2452 1378 gere
2485 1309 2557 1362 ad
2609 1307 2934 1364 ecclesiam.
2968 1309 3075 1376 Qui
3128 1326 3260 1364 cum
3308 1311 3563 1366 venisset
3612 1311 3684 1366 ad
3732 1314 3972 1382 pontem

2320 1396 2631 1466 quemdam
2663 1396 2943 1469 ligneum,
2977 1396 3075 1470 qui
3109 1398 3223 1454 fere
3252 1397 3309 1454 in
3344 1399 3532 1454 medio
3582 1403 3706 1454 erat
3738 1398 3966 1467 itinere,

2321 1483 2632 1539 audierunt
2659 1484 2856 1556 plures
2877 1502 2945 1541 ex
2971 1485 3178 1541 vicinis
3198 1502 3364 1541 voces
3385 1488 3673 1558 quasdam
3695 1503 3763 1542 ex
3787 1486 3968 1542 latere

2322 1573 2658 1628 monasterii
2691 1571 3122 1644 proclamantes
3149 1574 3491 1646 hujusmodi
3516 1593 3528 1631 :
3556 1599 3583 1626 ‹‹
3607 1575 3972 1642 Extrahe,ex—

2319 1659 2504 1728 trahe,
2540 1664 2597 1716 et
2629 1661 2777 1716 educ
2813 1662 2884 1716 ad
2936 1679 3042 1717 nos
3093 1662 3260 1717 illum
3291 1664 3659 1734 quantocius.
3697 1685 3717 1713 ο
3751 1662 3974 1729 Quibus

2319 1746 2493 1802 etiam
2521 1749 2756 1804 vocibus
2778 1747 2892 1804 tale
2915 1766 3261 1821 responsum
3284 1755 3373 1806 est
3395 1751 3687 1806 redditum
3715 1767 3727 1806 :
3753 1773 3780 1800 «
3806 1748 3970 1806 Hune

2319 1835 2555 1890 interim
2588 1853 2702 1891 non
2722 1853 2890 1907 queo,
2919 1833 3097 1892 alium
3121 1841 3316 1892 tamen
3342 1838 3588 1894 educam
3622 1837 3670 1893 si
3702 1843 3923 1910 potero.
3946 1859 3973 1887 »

2321 1921 2528 1979 Statim
2559 1941 2690 1980 vero
2723 1923 2820 1979 ille
2850 1925 2950 1996 qui
3000 1925 3070 1980 ad
3122 1924 3426 1982 ecclesiam
3459 1927 3757 1999 pergebat,
3789 1925 3974 1982 cernit

2321 2016 2454 2067 ante
2483 2027 2544 2067 se
2575 2029 2750 2085 super
2779 2017 3014 2085 pontem
3055 2013 3226 2086 quasi
3259 2032 3439 2070 unum
3474 2014 3796 2070 vicinorum
3828 2031 3968 2070 suo-

2324 2117 2680 2168 rum,revera
2705 2117 2839 2174 ergo
2862 2101 3181 2171 diabolum,
3209 2107 3410 2158 contra
3431 2120 3491 2159 se
3509 2102 3835 2159 venientem
3859 2121 3872 2171 ;
3907 2103 3976 2159 de

2324 2204 2440 2260 quo
2472 2187 2646 2244 etiam
2678 2189 2944 2245 dubitare
2974 2207 3088 2245 non
3120 2197 3337 2262 posset.
3360 2191 3507 2265 Quin
3533 2191 3706 2247 etiam
3739 2191 3974 2247 nomine

2325 2277 2558 2349 proprio
2589 2275 2752 2331 illum
2788 2293 3020 2344 vocans,
3056 2279 3286 2334 monuit
3320 2283 3382 2334 ut
3414 2279 3647 2351 provide
3678 2279 3972 2336 transiret.

2327 2363 2484 2418 Illico
2518 2369 2709 2420 autem
2761 2364 3056 2437 malignus
3104 2365 3346 2438 spiritus
3379 2368 3663 2438 turrigera
3694 2367 3884 2439 specie
3915 2367 3972 2421 in

2327 2451 2510 2507 altum
2544 2468 2606 2506 se
2655 2452 2907 2524 erigens,
2940 2453 3295 2526 cupiensque
3341 2455 3604 2526 decipere
3653 2453 3970 2522 hominem,

2326 2541 2455 2611 ejus
2502 2539 2766 2596 fallacem
2819 2559 3093 2614 pompam
3141 2542 3364 2598 visibus
3395 2546 3754 2614 sequentem.
3789 2543 3974 2606 Quam

2329 2634 2523 2683 tamen
2554 2629 2694 2684 dum
2726 2629 3028 2700 aspiceret,
3064 2631 3192 2701 ejus
3240 2648 3340 2703 pes
3381 2630 3603 2702 lapsus,
3637 2632 3887 2704 graviter
3915 2631 3974 2687 in

2328 2722 2500 2787 ponte
2526 2717 2763 2772 corruit.
2790 2717 2895 2782 Qui
2925 2718 3207 2774 citissime
3238 2735 3299 2773 se
3331 2719 3976 2791 erigens,muniensque

2329 2821 2391 2860 se
2421 2805 2588 2876 signo
2619 2804 2829 2871 crucis,
2859 2806 3090 2878 cognita
3121 2805 3363 2878 maligni
3395 2806 3614 2862 diaboli
3643 2807 3866 2874 fraude,
3896 2823 3978 2862 re-

2328 2908 2567 2965 gressus
2611 2894 2852 2948 domum
2902 2893 3126 2948 cautior
3168 2898 3255 2950 est
3303 2895 3604 2964 redditus;
3637 2894 3810 2967 paulo
3842 2899 3976 2967 post

2331 2997 2539 3052 nempe
2570 2984 2625 3036 et
2657 2981 2778 3053 ipse
2811 2982 2868 3036 in
2895 2999 3035 3054 pace
3065 2983 3228 3038 obiit.

2983 3069 3213 3126 CAPUT
3253 3071 3316 3126 X.

2777 3161 2858 3213 De
2887 3158 3223 3214 inundantia
3254 3159 3520 3230 lapidum.

2403 3245 2509 3300 Per
2539 3245 2690 3300 idem
2721 3249 2953 3318 tempus
2985 3245 3229 3320 contigit
3257 3246 3314 3301 in
3337 3247 3675 3320 Burgundia
3703 3249 3857 3321 apud
3888 3267 3976 3306 ca-

484 3322 496 3430 ;
548 3343 716 3394 verat
750 3337 912 3394 enim
945 3322 1164 3394 exitum
1197 3353 1373 3392 suum
1404 3337 1732 3409 proximum
1767 3337 1906 3394 fore.
1940 3337 2041 3393 Cui
2077 3322 2215 3394 dum
2251 3322 2293 3390 θ
2332 3334 2927 3390 strumJaunniacum
2948 3333 3113 3391 valde
3136 3335 3348 3390 mirum
3368 3341 3425 3392 et
3443 3337 3818 3393 memorabile
3837 3355 3977 3411 pree-

2332 3422 2561 3494 sagium
2576 3422 2634 3477 in
2647 3422 2819 3478 domo
2833 3423 3138 3494 cujusdam
3154 3423 3972 3491 nobilis,nomineArlebaudi.

2332 3511 2477 3566 Nam
2509 3527 2611 3583 per
2657 3510 2972 3566 triennium
3022 3512 3138 3567 fere
3181 3513 3452 3568 continue
3497 3531 3597 3586 per
3642 3514 3975 3571 universam

2332 3598 2490 3655 illius
2521 3601 2761 3655 domum
2793 3599 3166 3656 indicibiliter
3193 3599 3280 3656 vel
3312 3601 3383 3657 ab
3416 3619 3564 3670 aere,
3597 3600 3715 3659 sive
3745 3619 3778 3658 a
3808 3603 3976 3658 tabu-

2333 3687 2474 3756 latu,
2509 3687 2856 3744 distillavere
2889 3690 3084 3762 magni
3133 3693 3307 3762 atque
3337 3691 3496 3764 parvi
3528 3689 3774 3764 lapides,
3803 3691 3884 3746 ita
3916 3695 3980 3748 ut

2328 3793 2562 3833 acervos
2579 3777 2731 3833 circa
2746 3778 2986 3833 domum
3006 3794 3074 3832 ex
3089 3777 3234 3850 ipsis
3251 3779 3450 3849 ejectis
3472 3778 3768 3851 lapidibus
3791 3797 3974 3852 usque

2330 3883 2485 3921 nunc
2515 3865 2573 3921 in
2607 3871 2880 3939 promptu
2913 3867 2988 3922 sit
3017 3866 3228 3922 videre.
3263 3867 3373 3922 Sed
3405 3884 3518 3923 cun
3558 3867 3650 3924 die
3681 3873 3973 3940 noctuque

2330 3972 2431 4027 per
2461 3955 2702 4009 domum
2731 3955 2946 4026 ubique
2975 3954 3261 4028 pluerent,
3295 3955 3588 4013 neminem
3636 3960 3832 4013 tamen
3866 3974 3972 4013 suo

2329 4043 2445 4099 ictu
2478 4043 2781 4110 laedebant,
2816 4042 2915 4097 sed
2940 4057 3126 4113 neque
3157 4059 3258 4097 vas
3287 4042 3522 4114 aliquod
3558 4043 3974 4116 infringebant.

2330 4131 2494 4188 Multi
2523 4132 2679 4187 enim
2710 4131 2787 4186 ibi
2820 4129 3057 4196 limites,
3085 4147 3233 4201 quos
3263 4130 3362 4185 alii
3395 4133 3602 4186 bonan
3648 4131 3973 4203 nominant,

2331 4237 2570 4276 suorum
2604 4234 2982 4291 recognovere
3015 4235 3308 4290 agrorum.
3344 4217 3532 4275 Simul
3565 4219 3738 4275 etiam
3770 4220 3840 4275 de
3869 4220 3978 4278 viis

2331 4314 2387 4368 et
2415 4308 2688 4365 domibus
2718 4323 2782 4362 ac
2827 4305 3070 4362 diversis
3118 4306 3399 4378 aediﬁciis,
3426 4311 3483 4362 et
3513 4323 3691 4380 prope
3723 4312 3780 4363 et
3806 4307 3977 4381 longe

2329 4395 2679 4461 constitutis,
2714 4393 2851 4450 illuc
2899 4393 3070 4450 delati
3114 4393 3326 4466 reperti
3370 4399 3509 4450 sunt
3537 4394 3780 4468 lapides.
3814 4397 3976 4460 Quod

2329 4486 2505 4544 etiam
2533 4486 2735 4542 futurze
2766 4483 2949 4555 pestis
2983 4481 3138 4538 illius
3170 4482 3378 4537 domus
3410 4482 3641 4538 familiae
3674 4483 3855 4540 fuisse
3886 4485 3975 4539 in-

2331 4575 2385 4630 di
2395 4575 2548 4630 cium
2568 4573 2646 4628 rei
2665 4571 2931 4645 probavit
2946 4571 3357 4627 eventus.Nam
3376 4571 3673 4627 exstiterat
3691 4572 3778 4627 vir
3799 4589 3980 4645 supra

2329 4664 2520 4718 dictus
2563 4678 2696 4718 cum
2730 4677 2904 4717 uxore
2934 4677 3044 4715 sua
3073 4659 3142 4715 de
3172 4659 3470 4732 generosis
3521 4660 3837 4715 admodum
3871 4678 3974 4733 pa-

2330 4751 2612 4808 rentibus.
2633 4750 2853 4806 Idcirco
2883 4749 3243 4809 increverant
3265 4749 3404 4819 ejus.
3424 4747 3560 4804 filiis
3581 4765 3644 4803 ac
3667 4748 3974 4821 nepotibus

2332 4845 2708 4911 paternorum
2725 4838 3039 4895 fundorum
3062 4855 3192 4893 cum
3218 4837 3608 4908 circumjectis
3633 4837 3838 4894 vicinis
3859 4854 3974 4893 non

2331 4943 2508 5001 parva
2536 4926 2742 5000 Iitigia.
2793 4926 3047 4998 Contigit
3084 4941 3240 4999 ergo,
3275 4943 3391 4982 non
3423 4925 3594 4998 longo
3626 4930 3757 4999 post
3788 4927 3975 4999 spatio

2329 5014 2634 5090 temporis,
2667 5018 2731 5074 ut
2761 5013 2955 5078 villam
2988 5015 3304 5089 quamdam
3333 5014 3562 5072 Allanto
3611 5015 3976 5089 cognomine,

2331 5105 2505 5165 sitam
2537 5105 2597 5161 in
2629 5118 2777 5178 pago
2817 5102 3122 5172 Senonico,
3170 5119 3296 5176 qua:
3347 5103 3523 5161 etiam
3572 5122 3639 5160 ex
3684 5109 3976 5162 rectorum

2329 5192 2666 5249 monasterii
2696 5196 2907 5258 sanctae
2938 5189 3234 5248 Columbae
3257 5192 3501 5265 virginis
3528 5191 3833 5266 largitione
3854 5193 3976 5266 juri

2328 5282 2560 5338 illorum
2578 5284 2946 5353 pervenerat;
2967 5281 3068 5336 sed
3092 5279 3306 5336 milites
3328 5281 3711 5338 Antissiodori
3728 5299 3978 5339 comma-

2330 5375 2533 5427 nentes
2564 5371 2751 5441 ipsam
2782 5369 2864 5424 eis
2897 5368 3222 5444 diripienda
3244 5368 3754 5442 abstulerant,ipsi
3779 5376 3976 5427 tamen

2329 5463 2449 5531 toto
2471 5458 2603 5514 nisu
2625 5456 2786 5513 illam
2810 5456 2920 5512 sibi
2944 5455 3324 5530 redintegrari
3354 5462 3647 5529 pararent.
3671 5458 3813 5517 Cum
3844 5475 3978 5514 vero

2320 5547 2447 5618 jam
2479 5543 2675 5618 plures
2723 5545 2793 5600 de
2837 5543 2946 5601 hac
2996 5544 3336 5604 altercatum
3384 5561 3574 5614 annos
3602 5545 3828 5612 fuisset,
3860 5562 3977 5606 uno

2327 5633 2751 5688 vindemiarum
2772 5631 2863 5686 die
2881 5631 3099 5688 bellum
3122 5633 3375 5688 inierunt
3393 5633 3453 5688 in
3471 5635 3676 5690 eadem
3697 5633 3832 5688 villa
3852 5649 3980 5704 par-

2327 5725 2413 5780 tes
2444 5723 2736 5794 utmque;
2769 5717 2826 5774 in
2862 5734 2979 5792 quo
3009 5720 3182 5781 etiam
3214 5718 3363 5778 bello
3392 5718 3569 5780 multi
3597 5736 3667 5779 ex
3695 5718 3978 5778 ambabus
