4938 6454
1335 395 1452 458 643

2337 394 2682 457 RODULFI
2729 393 3008 456 GLABBI
3059 393 3416 456 MONACIII
3463 393 3824 456 CLUNIAGo

4593 399 4693 463 su
4815 381 4817 452 Ἰ

1337 529 1604 601 partibus
1636 531 1776 582 sunt
1826 527 2185 599 interempti.
2220 527 2298 582 Ex
2349 545 2528 598 supra
2570 528 2722 582 dicta
2763 544 2997 599 quoque
3027 527 3300 596 AJU>SlL
3334 532 3513 591 Quem
3547 544 3684 586 cum
3733 529 4148 598 interrogasset
4191 527 4263 583 de
4304 528 4566 588 universis
4591 551 4688 605 qua

1343 619 1521 672 domo
1555 618 1704 672 inter
1734 616 1888 672 filios
1917 621 1976 671 et
2001 621 2236 688 nepotes
2261 617 2530 670 undecim
2554 616 2906 671 ceciderunt.
2934 615 2997 670 In

1349 722 1625 778 processu
1660 721 1917 776 namque
1947 703 2224 776 temporis
2255 703 2833 775 imminentejurgio,
2867 720 2995 760 cre-

1345 795 1766 866 scentibusquo
1823 793 2150 860 discordiis,
2182 793 2564 865 perduravere
2612 793 2796 848 caedes
2831 794 2999 847 innu-

1343 900 1518 939 mera
1549 881 1706 938 illius
1729 881 1983 948 familiae,
2005 880 2352 953 illorumque
2375 881 2689 936 homicidia
2710 881 2992 948 hostium,

1341 988 1532 1044 usque
1563 971 1622 1026 in
1656 970 2018 1026 tricesimum
2050 974 2106 1024 et
2135 987 2200 1025 eo
2230 970 2487 1043 amplius
2517 988 2763 1026 annum.

1653 1151 1728 1205 De
1756 1147 2022 1204 Leutardo
2056 1149 2370 1203 insanienle
2401 1148 2676 1204 haeretico.

1405 1239 1636 1296 Exstitit
1667 1237 1819 1292 circa
1843 1237 2019 1292 finem
2043 1235 2340 1292 millesimi
2366 1237 2502 1291 anui
2532 1237 2707 1292 homo
2731 1235 2991 1308 plebeius

1332 1331 1388 1385 in
1429 1326 1653 1390 Galliis,
1688 1326 1845 1398 apud
1893 1326 2087 1381 vicum
2119 1323 2370 1381 Virtutis
2419 1325 2719 1392 vocabulo,
2753 1326 2808 1380 in
2845 1343 2991 1398 pago

1329 1415 1726 1481 Catalaunico,
1762 1400 2092 1470 Leutardus
2146 1416 2383 1469 nomine
2421 1432 2433 1470 :
2464 1414 2586 1486 qui,
2622 1422 2685 1469 ut
2731 1415 2864 1468 ﬁnis
2913 1417 2992 1472 rei

1325 1505 1615 1579 probavit,
1648 1504 1878 1559 Satanae
1913 1503 2142 1574 legatus
2174 1503 2328 1558 credi
2364 1506 2570 1576 potuit.
2603 1505 2782 1574 Cujus
2814 1504 2990 1559 etiam

1325 1593 1570 1649 vesaniae
1599 1590 1923 1665 pervicacia
1948 1592 2054 1646 hoc
2082 1592 2387 1646 exordium
2413 1592 2636 1646 habuit.
2655 1592 2936 1647 Morabati
2965 1609 2993 1645 r

1321 1683 1480 1739 enim
1513 1681 1830 1754 aliquando
1855 1686 2016 1736 solus
2046 1680 2102 1736 in
2127 1698 2266 1754 agro
2289 1680 2592 1753 quidpiam
2622 1680 2834 1736 ruralis
2857 1698 2989 1753 0pc-

1324 1772 1407 1828 ris
1436 1774 1798 1844 peracturus.
1833 1769 1937 1832 Qui
1970 1786 2038 1824 ex
2070 1768 2266 1824 labore
2299 1786 2506 1825 somno
2541 1769 2878 1842 depressus,
2901 1769 2984 1823 vi-

1323 1877 1454 1918 sum
1485 1864 1574 1916 est
1601 1859 1650 1915 ei
1684 1863 1749 1914 ut
1775 1858 1996 1930 grande
2027 1874 2269 1914 examen
2303 1875 2479 1930 apum
2513 1858 2570 1912 in
2605 1859 2736 1928 ejus
2770 1875 2983 1929 corpus

1320 1947 2072 2023 persecretaingrederetur
2086 1947 2489 2019 naturm,quod
2507 1948 2682 2001 etiam
2703 1965 2803 2019 per
2821 1947 2979 2002 illius

1321 2057 1385 2096 os
1415 2039 1597 2094 nimio
1629 2053 1763 2092 cum
1796 2036 2045 2108 strepitu
2071 2052 2386 2107 erumpens
2410 2035 2628 2091 crebris
2651 2035 2814 2090 illum
2839 2054 2982 2108 pun-

1318 2128 1609 2185 ctionibus
1640 2126 1920 2200 agitabat,
1954 2142 2021 2180 ac
2051 2125 2150 2180 diu
2187 2124 2438 2180 multum
2473 2125 2690 2196 agitato
2721 2124 2976 2180 stimulis

1323 2217 1476 2290 loqui
1507 2218 1557 2272 ei
1590 2216 1959 2280 videbantur,
1976 2219 2030 2268 et
2053 2213 2564 2273 multahominum
2591 2213 2977 2285 impossibilia

1319 2307 1628 2380 praecipere
1659 2308 1723 2359 ut
1752 2303 1983 2359 faceret.
2017 2302 2275 2358 Tandem
2310 2302 2612 2374 fatigatus,
2653 2319 2975 2373 exsurgens

1322 2396 1476 2451 venit
1495 2392 2200 2464 domum,dimittensque
2224 2392 2657 2462 uxorem,quasi
2681 2409 2748 2446 ex
2771 2409 2977 2462 prazce-

1317 2489 1413 2556 pto
1439 2483 1780 2558 Evangelico
1808 2482 1939 2536 fecit
1955 2480 2589 2550 divorttum.Egressus
2606 2487 2800 2536 autem
2821 2480 2974 2535 velut

1317 2578 1609 2638 maturus,
1627 2572 1858 2626 intrans
1882 2568 2210 2633 ecclesiam,
2231 2570 2635 2640 arripiensque
2655 2587 2884 2624 crucem
2918 2574 2974 2624 et

1317 2660 1635 2718 Salvatoris
1661 2659 1981 2729 imaginem
2012 2656 2302 2712 contrivit.
2324 2658 2486 2720 Quod
2519 2663 2822 2712 cernentes
2850 2658 2971 2730 qui-

1318 2766 1432 2821 que
1461 2747 1647 2804 territi
1689 2763 1922 2818 pavore,
1955 2745 2257 2800 credentes
2303 2745 2491 2813 illum,
2527 2751 2590 2800 ut
2637 2751 2782 2812 erat,
2816 2747 2970 2801 insa-

1320 2853 1462 2893 num
1494 2836 1635 2892 fore.
1683 2835 1908 2901 Quibus
1953 2835 2127 2890 etiam
2160 2833 2283 2904 ipse
2313 2834 2624 2906 persuasit,
2654 2835 2803 2890 sicut
2834 2840 2972 2889 sunt

1319 2925 1523 2982 rustici
1556 2930 1750 2980 mente
1783 2922 2006 2992 labiles,
2040 2921 2308 2978 universa
2338 2922 2458 2977 hzec
2502 2928 2730 2995 patrare
2761 2941 2828 2978 ex
2860 2923 2968 2978 mi-

1321 3013 1490 3070 rabili
1523 3013 1625 3069 Dei
1659 3011 2023 3068 revelatione.
2057 3012 2341 3066 Al‘ﬂuebat
2365 3011 2544 3083 igitur
2575 3012 2821 3066 nimium
2855 3031 2970 3067 ser-

1319 3103 1594 3159 monibus
1624 3101 1872 3157 utilitate
1903 3105 1957 3157 et
1989 3102 2223 3156 veritate
2266 3101 2487 3166 vacuis,
2522 3101 2839 3172 doctorque
2868 3119 2966 3156 cu-

1317 3193 1482 3264 piens
1503 3189 2490 3264 apparere,dedocebatmagistrum
2516 3189 2965 3245 doctrinamNam

3106 616 3322 670 dixisse
3353 615 3438 670 vel
3471 616 3677 672 fecisse
3707 621 4087 687 compererat,
4110 617 4284 688 cmpit
4314 633 4573 674 venenum
4597 639 4692 679 sua

3106 654 3322 670 πνουν
3471 654 3675 672 "Nam,
3707 654 4087 687 ιυηιμιυιιη,
4111 654 4284 688 ..ων-ι
4323 654 4573 674 “ut”...
4597 654 4692 679 θυαε

3105 704 3375 775 nequitia:
3407 705 3719 771 occultare,
3739 705 4118 776 cupiensque,
4139 705 4296 778 quod
4317 721 4424 762 non
4442 707 4692 782 didicerat,
4805 654 4814 801 ν

3104 794 3175 848 de
3207 794 3523 865 Scripturis
3555 795 3737 849 sacris
3771 793 4108 849 testimonia
4137 793 4250 848 sibi
4285 810 4576 852 assumere.
4601 800 4693 856 Au-

3103 882 3271 937 diens
3303 899 3432 936 vero
3468 882 3888 954 sagacissimus
3917 883 4225 954 episcopus
4256 899 4368 938 non
4397 900 4512 940 esse
4535 900 4698 941 conve-

3107 931 3268 937 """
3314 931 3385 936 "'
3406 931 3427 936 '
3468 931 3481 935 “
3501 931 3627 954 “0“““
3647 931 3710 936 ’““
3735 931 3886 938 “”“““”
3919 931 4061 954 “Γ“”“
4083 931 4223 954 "r"*
4257 931 4368 938 ⁵-⁷-
4399 931 4511 940 ”⁷“’“
4536 931 4680 941 ’“”““¹

3103 971 3341 1036 nientia,
3381 970 3498 1026 imo
3531 988 3644 1026 non
3680 972 3869 1041 magis
3900 972 4095 1043 turpia
4144 988 4319 1044 quam
4365 973 4693 1041 damnabilia,

3101 1061 3412 1114 ostendens
3431 1059 3728 1115 hominem
3747 1059 4133 1116 insanientem
4154 1060 4478 1118 haereticum
4495 1061 4694 1130 factum,
4803 1086 4810 1160 Ι

3102 1147 3385 1203 revocavit
3417 1148 3488 1202 ab
3522 1149 3754 1204 insania
3802 1147 4081 1220 populum
4130 1166 4197 1204 ex
4229 1153 4386 1220 parte
4414 1149 4693 1221 deceptum,

3099 1235 3393 1292 catholica:
3429 1235 3661 1308 plenius
3693 1237 3944 1292 restituit
3975 1236 4130 1292 ﬁdei.
4161 1240 4232 1292 At
4265 1235 4378 1304 ille,
4408 1255 4624 1293 cernens
4648 1256 4696 1293 se

3100 1325 3393 1380 devictum
3427 1330 3601 1396 atque
3633 1324 3950 1380 ambitione
3979 1324 4134 1398 vulgi
4166 1326 4521 1392 destitutum.
4546 1332 4695 1382 semet

3104 1419 3276 1484 puteo
3309 1414 3603 1486 periturus
3637 1414 3944 1470 immersit.

3723 1501 3955 1558 CAPUT
3991 1501 4110 1558 XII.

4801 1170 4810 1457 ἰ

3723 1501 3955 1558 CAPUT
3991 1501 4110 1558 XII.
4801 1496 4809 1608 ί

3487 1593 3562 1646 De
3593 1592 3799 1647 lum-ese
3829 1594 3884 1645 in
3925 1593 4090 1648 llalia
4121 1601 4355 1662 reperta.

3168 1679 3296 1752 Ipso
3318 1697 3549 1752 quoque
3578 1685 3836 1753 tempore
3869 1697 3982 1735 non
4012 1681 4203 1752 impar
4222 1682 4378 1752 apud
4409 1679 4698 1736 Ravennam

3093 1775 3355 1823 exortum
3375 1775 3462 1823 est
3481 1768 3974 1834 malum.Quidam
4002 1769 4180 1841 igitur
4199 1769 4509 1843 Vilgardus
4523 1770 4700 1836 dictus,

3094 1858 3287 1912 studio
3311 1858 3450 1913 artis
3483 1858 3876 1930 grammatica:
3911 1859 4098 1929 magis
4129 1858 4409 1915 assiduus
4433 1875 4594 1930 quam
4617 1859 4702 1913 fre-

3089 1963 3296 2018 quens,
3332 1947 3482 2001 sicut
3515 1946 3673 2002 Italis
3710 1964 3835 2002 mos
3867 1964 4099 2018 semper
4128 1948 4237 2002 fuit
4267 1952 4424 2004 artes
4453 1945 4702 2020 negligere

3088 2041 3348 2100 cmteras,
3374 2035 3531 2089 illam
3558 2035 3786 2090 sectari.
3822 2035 3875 2090 Is
3905 2035 4060 2094 enim
4093 2053 4228 2092 cum
4259 2053 4328 2091 ex
4354 2035 4584 2092 scientia
4608 2053 4701 2089 sua

3087 2125 3231 2179 artis
3263 2126 3554 2195 cu'pissct,
3588 2125 3825 2178 inﬂatus
3856 2124 4150 2195 superbia,
4180 2124 4422 2181 stultior
4444 2139 4701 2197 apparere,

3085 2220 3341 2285 quadam
3374 2220 3539 2268 nocte
3573 2230 3947 2285 assumpsere
3968 2214 4266 2270 daemones
4293 2220 4584 2285 poetarum
4608 2229 4704 2284 spe-

3086 2302 3202 2356 cies
3233 2302 3456 2373 Virgilii
3484 2307 3539 2357 et
3567 2302 3782 2357 IIoratii
3808 2307 3982 2373 atque
4012 2302 4342 2370 Juvenalis,
4375 2307 4706 2375 apparentes-

3086 2407 3198 2461 quc
3231 2390 3585 2460 illi,fallaccs
3618 2390 3942 2446 retulerunt
3964 2396 4156 2463 grates
4189 2392 4474 2464 quoniam
4500 2406 4703 2446 suorum

3084 2479 3236 2533 dicta
3285 2479 3653 2534 voluminum
3714 2479 3949 2533 cliarius
4009 2478 4381 2552 amplectens
4437 2481 4707 2543 exerceret,

3083 2585 3260 2639 seque
3294 2567 3525 2621 illorum
3559 2569 3917 2638 posteritatis
3951 2568 4174 2623 felicem
4207 2585 4344 2624 esse
4387 2582 4707 2640 praeconem;

3082 2657 3478 2727 promiserunt
3501 2657 3549 2710 ei
3577 2656 3818 2727 insuper
3844 2673 3960 2712 sua:
3993 2656 4189 2728 gloria:
4225 2656 4597 2729 postmodum
4619 2654 4710 2708 fore

3083 2692 3325 2727 γιυιιιιῦι
3346 2692 3478 2711 ιυιιι
3501 2692 3549 2710 ιιι
3578 2692 3806 2727 ιιιειυιιινι
3844 2692 3958 2712 υυω
3993 2692 4108 2728 anus
4126 2692 4189 2710 ιω
4225 2692 4597 2729 μυοιυιυυυιυ
4621 2692 4710 2708 Ιυιν

3083 2745 3447 2816 participem.
3482 2745 3700 2816 IIisque
3732 2746 4062 2800 dwmonum
4099 2744 4354 2800 fallaciis
4378 2746 4708 2818 depravatus,
4803 2692 4814 2814 Ι

3079 2835 3252 2905 coepit
3286 2835 3467 2888 multa
3499 2835 3727 2906 turgide
3776 2835 3982 2888 docere
4033 2833 4166 2888 ﬁdei
4219 2852 4406 2889 sacrae
4440 2831 4709 2892 contraria,
4803 2842 4814 2977 ι

3079 2924 3354 2977 dictaque
3387 2929 3691 2977 noetarum
3717 2941 3817 2977 Der
3837 2923 4036 2977 omnia
4056 2924 4358 2977 credenda
4384 2939 4512 2977 esse
4535 2936 4713 2976 assere-

3079 2924 3354 2993 dictaque
3387 2929 3691 2994 poetarum
3716 2941 3817 2995 per
3837 2923 4036 2978 omnia
4056 2924 4358 2979 credenda
4384 2939 4512 2978 esse
4535 2936 4713 2976 assere-

3079 3012 3196 3066 bat.
3220 3011 3302 3066 Ad
3332 3011 3603 3066 ultimum
3630 3029 3762 3066 vero
3797 3012 4103 3067 lucreticus
4136 3017 4227 3067 est
4265 3013 4708 3084 repertus,atque

3078 3116 3111 3154 a
3133 3101 3403 3171 pontiﬁce
3423 3101 3608 3172 ipsius
3629 3102 3790 3155 urbis
3813 3101 3976 3155 Petro
3994 3101 4552 3157 damnatus.Plures
4572 3099 4710 3154 etiam

3080 3206 3182 3258 per
3197 3189 3297 3244 Ital
3310 3190 3420 3243 iam
3446 3195 3701 3262 tempore
3717 3190 3895 3259 hujus
3914 3190 4168 3262 pestiferi
4190 3190 4501 3262 dogmatis
4518 3185 4710 3261 reperti.

1313 3263 1570 3335 decimas
1589 3263 1725 3333 dare
1750 3274 1978 3332 dicebat
1999 3294 2125 3332 esse
2149 3277 2510 3331 omnimodis
2530 3278 2889 3348 superfluum
2916 3285 2972 3334 et
3003 3263 3045 3330 C
3085 3278 3304 3350 quique
3342 3278 3449 3350 ipsi
3483 3284 3583 3333 aut
3614 3278 3821 3350 gladiis
3853 3286 3952 3333 aut
3986 3279 4280 3334 incendiis
4317 3281 4626 3352 perierunt.
4660 3276 4714 3329 Ex

1311 3367 1503 3424 inane.
1523 3367 1610 3434 Et,
1631 3365 1785 3421 sicut
1802 3365 2051 3420 haereses
2073 3369 2312 3432 czrteraa,
2330 3371 2392 3420 ut
2410 3365 2636 3420 cautius
2654 3365 2966 3438 decipiant,

1312 3455 1626 3528 Scripturis
1657 3472 1720 3510 se
1751 3453 1985 3521 divinis,
2023 3453 2240 3524 quibus
2271 3453 2443 3508 etiam
2475 3454 2775 3509 contrarie
2807 3462 2967 3522 sunt,

1313 3545 1579 3618 palliant,
1613 3544 1696 3598 ita
1725 3548 1782 3598 et
1807 3543 1916 3598 iste
1947 3541 2178 3597 dicebat
2207 3541 2518 3613 prephetus
2545 3560 2611 3598 ex
2643 3548 2805 3615 parte
2835 3561 2969 3600 nar-

1314 3649 1478 3689 rasse
1523 3631 1714 3698 utilia,
1746 3648 1816 3686 ex
1866 3634 2028 3702 parte
2076 3647 2190 3686 non
2223 3631 2532 3687 credenda.
2564 3632 2748 3703 Cujus
2793 3634 2967 3688 etiam

1317 3723 1494 3788 fama,
1516 3720 1687 3794 quasi
1709 3719 1959 3791 alicujus
1982 3723 2172 3776 mente
2195 3720 2320 3775 sani
2345 3736 2409 3775 ac
2433 3719 2716 3792 religiosi,
2733 3719 2790 3775 in
2811 3721 2968 3778 brevi

1317 3813 1391 3867 ad
1414 3827 1474 3866 se
1505 3809 1678 3865 traxit
1701 3814 1925 3882 partem
1954 3827 2066 3864 non
2093 3809 2382 3864 modicam
2416 3809 2596 3881 vulgi.
2621 3810 2782 3874 Quod
2810 3827 2968 3866 com-

1317 3900 1548 3973 periens
1570 3898 1655 3954 vir
1669 3898 2106 3954 eruditissimus
2123 3897 2425 3953 Gebuiuus
2444 3915 2618 3953 senex
2635 3899 2966 3971 episCOpus,

1315 3988 1374 4044 in
1406 3989 1576 4061 cujus
1607 3987 1827 4044 scilicet
1857 3991 1982 4044 erat
2013 3987 2267 4057 dimcesi,
2300 3987 2575 4044 accersiri
2609 3986 2775 4043 illum
2805 3989 2876 4045 ad
2910 4007 2970 4046 se

3082 3367 3352 3421 Sardinia
3382 3385 3614 3439 quoque
3645 3367 3860 3434 insula,
3892 3384 4018 3439 qua:
4071 3367 4164 3423 bis
4196 3368 4532 3441 plurimum
4562 3366 4713 3422 abun-

3080 3456 3219 3510 dare
3251 3456 3419 3522 solet,
3451 3456 3578 3528 ipso
3611 3461 3870 3528 tempore
3902 3455 4082 3527 aliqui
4118 3458 4377 3529 egressi,
4403 3461 4619 3528 partem
4650 3468 4718 3523 po-

3081 3543 3202 3616 puli
3235 3545 3289 3599 in
3317 3544 3597 3616 Hispania
3617 3551 4078 3617 corrumpentes,
4101 3551 4157 3601 et
4183 3546 4302 3619 ipsi
4327 3564 4365 3602 a
4391 3545 4533 3601 viris
4555 3542 4714 3598 catho-

3078 3632 3206 3688 licis
3253 3634 3620 3689 exterminati
3675 3639 3832 3690 sunt.
3866 3635 4027 3699 Quod
4085 3636 4456 3708 prwsagium
4507 3629 4716 3690 Joannis

3077 3722 3394 3794 prophetiae
3419 3724 3717 3795 congruit;
3738 3723 3876 3795 quia
3897 3724 4042 3778 dixit
4063 3725 4359 3780 Satanam
4380 3721 4718 3779 solvendum.

3077 3810 3321 3882 expletis
3355 3811 3511 3866 mille
3544 3811 3736 3878 annis,
3767 3812 3837 3867 de
3869 3813 4085 3884 quibus
4119 3812 4177 3868 in
4213 3813 4396 3871 tertio
4413 3815 4540 3886 jam
4561 3806 4722 3866 libello

3079 3899 3355 3971 prolixias
3388 3901 3794 3956 tractabimus.

2557 4245 2906 4400 LIBER
2962 4312 3490 4404 TERTIUS.

2373 4488 2744 4546 INCIPIUNT
2781 4488 3140 4546 CAPITULA
3177 4489 3372 4546 LIBRI
3410 4490 3669 4547 TERTII.

1599 4642 1640 4698 I.
1822 4643 1898 4698 De
1927 4639 2197 4711 Stephano
2225 4656 2364 4712 rege,
2385 4639 2713 4708 Ungrorum,
2739 4644 2789 4695 et
2821 4641 2975 4696 bellis
3005 4642 3529 4698 Beneventanorum.

1602 4686 1666 4770 ii.
1815 4686 1893 4769 ὗὲ
1920 4686 2685 4781 ἦῶῗὲἱοῖὸῖεᾶἔἓνᾘὶιῖὠίιῖ

1602 4785 1691 4840 III.
1805 4789 1886 4840 De
1914 4783 2076 4838 stella
2106 4789 2324 4840 comete.
2357 4794 2486 4840 quia?
2513 4795 2685 4840 appar

1805 4789 1886 4842 De
1914 4783 2076 4838 stella
2106 4789 2342 4856 cometa
2357 4794 2780 4856 quaapparens
2804 4783 3044 4854 plurima
3073 4784 3366 4856 portendit.

1601 4857 1688 4932 1y.
1809 4859 1888 4932 ρδ
1917 4853 2271 4932 innovatione
2297 4851 2664 4932 Ecclesiarapi
2682 4855 2751 4932 .in
2783 4851 3062 4932 (elabi-be.

1602 4927 1668 4982 V.
1816 4927 1892 4980 De
1921 4923 2266 4977 monium-iis
2289 4921 2644 4991 resedi/italis
2675 4923 2806 4979 bene
2833 4943 2867 4979 ιι
2902 4926 3177 4983 Willenno
3207 4927 3420 4992 abbate,
3449 4929 3532 4982 vel
3563 4929 3849 4984 institutis.

1602 4997 1669 5053 VI
1681 5040 1693 5053 .

1809 5001 1888 5051 De
1913 5000 2236 5067 sanctorum
2255 4995 2580 5067 pignoribus
2609 4995 2806 5067 ubique
2837 4998 3106 5053 revelatis.

1601 5068 1723 5140 VII.
1802 5068 1877 5140 pe
1901 5065 2181 5140 eversione
2207 5065 2396 5140 templi
2426 5065 2940 5140 Hierosolymorum,
2970 5077 3022 5125 et
3047 5069 3194 5126 caede
3221 5069 3558 5126 Iudaeorum.

1603 5139 1748 5212 XIII.
1788 5139 1865 5212 Qa
1895 5136 2105 5212 hgfese
2133 5135 2289 5212 apud
2304 5135 2628 5212 Aureliano:
2657 5135 2890 5212 reperta.

1605 5209 1693 5267 IX.
1807 5208 1882 5264 De
1908 5206 2044 5278 ﬁliis
2071 5207 2214 5276 regis
2239 5207 2496 5281 ejusdem.

1473 5474 1480 5478 _
1947 5402 2337 5462 ramulo.

1402 5477 1565 5568 bitiae
1586 5491 2069 5566 igitur,quoniam
2091 5491 2161 5549 de
2183 5493 2442 5566 priorum
2467 5492 2646 5566 gestis
2666 5495 2864 5568 aliqua
2885 5514 2968 5554 re-

1329 5566 1597 5665 tulimus,
1616 5585 1684 5640 ab
1714 5583 1811 5642 illo
1840 5588 1897 5640 et
1921 5583 2093 5649 intra,
2125 5588 2190 5638 ut
2217 5581 2664 5656 spopondimus,
2695 5566 2849 5642 anno
2879 5588 2965 5642 vi-

1333 5651 1539 5716 delicet
1589 5671 1892 5735 millesimo
1943 5671 2064 5733 nati
2116 5651 2720 5731 cunc—ta'viviﬁcantis
2769 5674 2962 5746 Verbi,

2993 5417 3042 5481 ι)
3076 5407 3229 5465 tertii
3262 5423 3571 5464 sumamus
3621 5406 3938 5464 incitamen
3985 5406 4169 5479 hujus
4204 5410 4421 5482 operis
4451 5403 4639 5468 libelli.
4665 5400 4721 5458 EO

3075 5503 3295 5566 autem,
3330 5501 3394 5552 ut
3422 5496 3701 5564 diximus,
3735 5495 4102 5564 imminente,
4133 5499 4427 5570 privatus
4479 5503 4567 5556 est
4609 5503 4720 5568 pene

3075 5586 3234 5643 orbis
3267 5585 3573 5641 universus
3603 5586 3869 5658 personis
3917 5590 3974 5642 et
4003 5583 4317 5657 religiosis
4349 5595 4411 5647 et
4442 5583 4718 5648 nobilibus-

3075 5676 3345 5733 Claruere
3375 5678 3572 5734 tamen
3601 5674 3673 5730 ab
3703 5675 3906 5734 eodem
3939 5678 4267 5744 anno,tam
4289 5678 4356 5736 in
4391 5678 4559 5740 Italia
4575 5682 4718 5749 quam
