3852 6478
143 488 253 550 6&9

146 621 357 676 iecerat
387 617 684 674 odiosam.
730 618 980 676 Tantam
1012 616 1265 690 denique
1291 615 1532 688 insuper
1558 614 1809 688 gratiam
1835 623 1893 691 Α

149 727 180 766 a
204 723 335 780 rege
364 710 730 763 consecutus
760 707 976 773 fuerat,
1012 710 1078 761 ut
1110 716 1307 761 comes
1338 704 1536 777 palatii
1566 704 1812 760 habere-

151 803 261 854 tur.
294 788 665 868 Factumque
701 800 791 851 est
821 799 887 851 ut
914 793 1008 851 die
1032 794 1293 867 quadam
1326 810 1422 849 rex
1450 793 1510 848 in
1540 793 1685 849 silva
1711 806 1812 847 vad-

150 890 347 942 natum
377 885 509 952 iret,
534 883 813 954 idemque
843 884 1031 956 Hugo,
1054 887 1122 937 ut
1151 888 1386 954 semper
1412 880 1655 947 solebat,
1673 894 1809 936 eum

150 975 262 1030 illo.
295 973 723 1045 Veneruntque
770 971 940 1027 missi
977 987 1011 1026 a
1043 970 1316 1038 Fulcone,
1364 971 1808 1041 Andegavorum

147 1063 374 1129 comite,
395 1061 690 1117 avunculo
715 1060 935 1116 scilicet
956 1060 1224 1131 ejusdem
1251 1058 1482 1131 reginas,
1506 1055 1808 1113 fortissimi

150 1152 358 1207 milites
385 1148 728 1216 duodecim,
762 1149 864 1221 qui
892 1148 1304 1221 supradictum
1342 1133 1643 1219 Hugenem
1674 1149 1809 1201 ante

150 1254 338 1312 regem
369 1238 841 1294 trucidaverunt.
875 1238 1005 1309 Ipse
1034 1252 1170 1291 vero
1204 1251 1320 1301 rex,
1344 1234 1476 1290 licet
1505 1233 1806 1306 aliquanto

149 1334 406 1400 tempore
436 1326 541 1382 tali
574 1326 730 1381 facto
757 1325 946 1381 tristis
977 1324 1240 1392 effectus,
1272 1328 1474 1396 postea
1500 1328 1718 1390 tamen,
1741 1322 1809 1375 ut

149 1416 406 1485 decebat,
443 1429 690 1470 concors
721 1413 935 1486 regiam
963 1412 1095 1468 fuit.

215 1558 316 1614 llic
353 1558 557 1629 itaque
585 1552 1277 1628 rex,utsapientissimus
1307 1550 1406 1607 Dei
1437 1549 1809 1616 cultos-,sem-

149 1646 374 1719 perfuit
390 1644 715 1701 humilium
735 1642 1585 1716 amator,superborumque,ut
1604 1637 1808 1706 valuit,

148 1753 293 1791 osor.
327 1734 391 1789 Si
427 1750 548 1806 qua
574 1733 737 1789 enim
785 1728 1140 1804 pontiﬁcalis
1190 1729 1356 1784 sedes
1403 1728 1461 1782 in
1493 1744 1600 1783 suo
1629 1741 1808 1798 regno

147 1823 380 1898 proprio
411 1822 757 1878 viduaretur
802 1818 1073 1893 praesule,
1118 1835 1259 1874 cura
1307 1821 1428 1873 erat
1462 1814 1717 1871 maxima
1746 1817 1811 1869 ut

148 1912 301 1969 utilis
331 1913 563 1983 pastor,
588 1908 726 1965 licet
754 1922 963 1980 genere
995 1907 1257 1971 intimus,
1284 1903 1684 1959 restitueretur
1711 1901 1811 1956 Ec-

147 1982 347 2057 clesite
360 1999 587 2071 potius,
620 2012 800 2069 quam
831 1994 1158 2051 nobilitatis
1205 1991 1518 2065 eligeretur
1563 2005 1812 2064 persona
1833 1982 1886 2052 8

145 2088 442 2145 saecularis
492 2102 745 2159 pompm.
786 2082 913 2148 Qua
961 2083 1032 2138 de
1078 2099 1257 2138 causa
1298 2080 1474 2137 etiam
1523 2078 1803 2152 primates

145 2177 299 2251 regni
331 2174 530 2231 sensit
558 2172 883 2245 plurimum
934 2174 1329 2237 contumaces,
1385 2167 1484 2242 qui
1514 2165 1804 2239 despectis

144 2265 476 2323 humilibus
498 2262 589 2318 sui
618 2259 846 2315 similes
866 2259 1160 2331 eligebant
1180 2276 1247 2313 su
1257 2255 1627 2331 perbos.l"uit
1645 2254 1803 2311 enim

142 2357 188 2411 ei
220 2372 327 2428 pax
352 2368 499 2411 cum
549 2350 789 2421 regibus
821 2348 880 2403 in
912 2364 1053 2421 gyro
1082 2346 1245 2419 regni
1276 2345 1369 2402 sui
1402 2344 1633 2417 positis,
1679 2360 1803 2399 ma-

143 2444 288 2499 xime
346 2458 492 2497 cum
550 2437 894 2510 supradicto
942 2436 1295 2510 imperatore
1344 2433 1611 2488 Henrico.
1655 2431 1804 2487 Nam

142 2548 270 2589 cum
328 2528 659 2604 aliquando
707 2526 781 2581 ad
831 2525 1079 2581 invicem
1128 2521 1577 2595 colloquendum
1629 2534 1807 2590 super

144 2620 363 2677 Mosam
398 2615 676 2680 ﬂuvium,
694 2613 799 2687 qui
818 2613 988 2668 limes
1018 2616 1108 2669 est
1138 2610 1445 2681 utriusque
1468 2609 1805 2681 regui,con-

141 2709 465 2774 venissent,
486 2703 806 2778 pluresque
827 2718 895 2756 ex
919 2700 1205 2756 ambabus
1238 2698 1503 2772 partibus
1534 2694 1807 2751 mussita-

142 2801 264 2851 rcnt
292 2795 587 2851 indecens
616 2806 769 2852 esse,
794 2794 860 2844 ut
892 2788 1026 2861 quis
1057 2787 1313 2851 illorum,
1338 2790 1633 2841 tantorum
1656 2781 1808 2839 scili-

142 2890 224 2943 cet
254 2900 492 2957 regum,
516 2884 709 2938 semet
736 2877 1082 2943 humilians,
1105 2873 1272 2948 quasi
1306 2875 1363 2930 in
1394 2872 1637 2929 alterius
1654 2875 1807 2927 tran-

140 2974 275 3030 siret
302 2970 624 3036 auxilium,
675 2968 788 3023 hoc
833 2965 1012 3022 etiam
1061 2965 1181 3020 fore
1222 2962 1619 3037 potissimum,
1654 2963 1717 3015 ut
1743 2958 1805 3014 in

141 3060 401 3117 ﬂuminis
422 3056 626 3115 medio
648 3054 899 3110 navibus
921 3057 1293 3125 portarentur
1313 3048 1489 3106 simul
1511 3048 1638 3104 locu
1649 3047 1801 3116 turi;

137 3150 235 3204 sed
268 3148 379 3204 viri
408 3142 808 3203 eruditissimi
861 3140 1004 3197 illud
1055 3144 1300 3211 uterque
1350 3138 1408 3193 in
1457 3140 1652 3192 mente
1700 3134 1802 3190 ba-

139 3238 278 3294 bens
312 3255 325 3294 :
355 3241 600 3311 Quanto
628 3247 887 3306 magnus
914 3247 995 3298 es,
1026 3226 1284 3285 humilia
1309 3232 1365 3283 re
1394 3228 1455 3283 z’n
1484 3224 1753 3281 omnibus
1783 3242 1805 3280 ~:

1013 472 1553 548 HlS'l‘OllIARU-M
1604 484 1809 546 LIBRI
1855 474 2228 557 QUINQUE.
2276 518 2350 532 --
2392 486 2539 547 Lm.
2583 487 2690 547 1n.

3424 478 3551 548 650

1915 706 1991 760 De
2014 704 2198 761 stella
2222 711 2461 774 ramale,
2476 719 2609 778 qua:
2633 718 2926 777 apparens
2948 702 3214 776 plurima
3230 705 3552 776 mw.

1914 795 2199 866 Apparuit
2227 794 2405 867 igitur
2432 792 2654 866 priefati
2698 793 2855 865 regis
2898 795 3163 865 tempore
3198 791 3262 848 in
3288 792 3554 851 occiden-

1912 879 2049 936 talis
2078 869 2230 937 aeris
2260 886 2419 954 parte
2458 880 2647 948 stella,
2681 897 2811 953 qua
2850 884 3088 938 vocatur
3134 882 3380 950 sum
3412 881 3557 954 Sep-

1912 969 2161 1024 tembrio
2187 984 2406 1037 mense,
2432 968 2747 1041 incipiente
2786 972 2976 1037 nocte,
3006 968 3334 1041 {ardui-ens
3360 970 3555 1042 spatio

1914 1056 2089 1112 trium
2116 1057 2429 1112 mensium.
2446 1062 2579 1125 Qum
2596 1056 2817 1114 scilicet
2833 1055 3554 1130 fatgch

1913 1144 2230 1201 maximam
2262 1145 2413 1202 aeris
2442 1149 2664 1218 partem
2692 1145 2806 1201 sibi
2837 1144 3182 1203 iiinstrndc
3198 1145 3553 1213 vindicabat.

1914 1249 2103 1305 usque
2146 1235 2289 1289 dum
2337 1234 2489 1290 circa
2534 1233 2667 1306 galli
2715 1236 2953 1290 cantum
3000 1234 3388 1291 occumberet.
3438 1234 3552 1292 ω

1912 1325 2113 1377 utrum
2143 1322 2364 1379 naviter
2389 1338 2425 1378 a
2450 1322 2567 1378 Deo
2596 1320 2765 1377 stella
2791 1321 3079 1389 mittatur,
3102 1338 3212 1379 sea
3236 1322 3551 1391 aboetiam

1912 1409 1987 1464 ob
2019 1410 2266 1482 gratiam
2297 1409 2548 1482 portenti
2575 1409 2825 1482 alicujus
2843 1409 3020 1465 stella
3040 1409 3240 1467 tamen
3268 1408 3551 1483 multipii-

1914 1496 2042 1554 cius
2069 1501 2372 1571 augeatur,
2391 1498 2503 1569 ipsi
2535 1495 2642 1553 soli
2690 1498 2840 1555 scire
2885 1498 3183 1571 conpetit,
3210 1498 3315 1571 qui
3343 1503 3553 1560 cetera

1914 1583 2291 1641 indicibiliter
2311 1602 2418 1641 sua
2440 1585 2727 1659 sapientia
2749 1585 3028 1658 disponit.
3054 1585 3204 1641 [liud
3222 1590 3426 1645 tamab
3445 1586 3551 1645 he-

1917 1674 2086 1730 betur
2115 1674 2596 1747 probatissimum
2634 1674 2933 1745 quoniam,
2959 1672 3187 1747 quotins
3210 1673 3552 1746 hujtmmeﬁ

1910 1761 2256 1818 hominibus
2302 1763 2631 1818 ostenditur
2672 1762 2798 1818 ﬁeri
2845 1762 2903 1817 in
2943 1761 3186 1829 mundo,
3218 1761 3393 1835 paulo
3422 1766 3556 1835 post

1906 1850 2213 1922 quoddam
2243 1851 2459 1905 mirum
2489 1855 2662 1921 atque
2690 1848 2950 1905 terribile
2966 1853 3241 1921 ipsum
3266 1850 3552 1911 inbuitur.
3638 1844 3647 1853 ’

1900 1934 2176 2010 ’Βεηίψιε
2203 1936 2445 2010 contigit
2473 1938 2531 1993 in
2569 1939 2899 2010 proximum
2929 1937 3236 1994 ecclesiam
3265 1938 3419 1996 beati
3447 1938 3554 1999 Iti-

1914 2026 2132 2082 cbaelis
2182 2025 2513 2099 archangeli
2560 2026 2806 2089 cremari
2844 2026 3137 2093 incendio,
3166 2030 3296 2099 qua
3330 2025 3557 2090 scilicet

1911 2115 2231 2170 constituta
2256 2114 2317 2169 in
2346 2113 2604 2186 quodam
2655 2115 3057 2186 promontdrio
3102 2113 3315 2189 littoris
3336 2114 3555 2179 Oceani

1911 2202 2112 2271 maris,
2144 2206 2266 2257 toto
2295 2202 2434 2257 orbe
2467 2217 2623 2256 nunc
2652 2217 2839 2274 usque
2885 2201 3134 2263 habetur
3174 2202 3550 2267 venerabilis.

1911 2292 2056 2347 Nam
2084 2296 2143 2346 et
2171 2290 2311 2345 inibi
2342 2288 2739 2345 certissimum
2771 2290 3151 2362 conspicitur,
3179 2289 3450 2349 videlicet

1912 2379 2267 2435 incremento
2294 2383 2473 2449 atque
2500 2379 2867 2434 decrementa
2916 2376 3108 2435 lunari
3136 2378 3337 2439 cando
3365 2395 3434 2441 ac
3460 2395 3552 2439 re-

1912 2468 2143 2523 deundo
2174 2482 2448 2539 processu
2476 2465 2729 2522 mirabili
2756 2466 2819 2520 in
2844 2481 2989 2538 gyro
3014 2467 3146 2538 ejus
3162 2467 3552 2539 promontorii

1914 2568 2133 2624 reuma,
2169 2555 2392 2610 scilicet
2438 2554 2667 2610 Oceani.
2700 2556 2879 2625 Cujus
2907 2558 3086 2611 etiam
3128 2555 3314 2614 maris
3354 2564 3552 2617 θᾶκοι-ε-

1912 2650 2174 2700 mentum
2203 2644 2460 2700 malitias
2484 2646 2712 2709 vocant,
2742 2644 3176 2701 decrementnm
3206 2659 3439 2716 quoque
3471 2643 3554 2704 ιρ-

1909 2734 2083 2789 dones
2110 2736 2474 2804 nuncupant.
2508 2734 2694 2802 Atque
2722 2730 2797 2786 ob
2827 2730 2935 2787 hoc
2958 2730 3213 2788 maxime
3247 2730 3554 2804 pradictus

1911 2819 2076 2877 locus
2104 2837 2138 2875 a
2164 2818 2435 2893 plurimis
2462 2824 2752 2874 terrarum
2776 2817 3014 2891 populis
3038 2819 3260 2892 saepius
3288 2820 3554 2892 [WW9-

1911 2913 2088 2964 tatur.
2112 2910 2213 2964 Est
2240 2909 2416 2965 etiam
2446 2924 2564 2963 non
2596 2907 2765 2978 longe
2790 2924 2829 2962 a
2850 2907 3125 2979 praedicto
3150 2909 3553 2981 promittam

1910 2997 2181 3054 ﬂuviolus
2196 2999 2581 3069 cognomento
2597 2995 2956 3066 Arduus,qui
2967 2996 3229 3068 posthaec
3242 2995 3550 3069 paululum

1911 3101 2247 3142 excrescens
2278 3100 2380 3156 per
2405 3083 2640 3155 aliquod
2684 3084 2963 3155 temporis
3002 3084 3262 3156 spatium
3288 3085 3551 3146 intrans:-

1908 3170 2179 3229 meabiiis
2205 3174 2467 3239 allectus,
2497 3177 2671 3244 atque
2689 3172 2763 3227 ad
2787 3171 3122 3244 pracdictam
3141 3171 3446 3233 cccle
3469 3173 3552 3234 ire

1906 3262 2234 3318 volentibus
2247 3261 2399 3316 viam
2423 3259 2740 3332 plurimum
2760 3259 3109 3331 impediens,
3122 3259 3556 3333 tliquautisper

137 3327 323 3399 ρτίιιιο
383 3339 649 3421 “me
699 3336 872 3377 ωαοο
914 3334 1162 3421 iure“
1209 3315 1525 3414 ίσιρετειιςπ
1572 3312 1805 3369 transiit
1831 3341 1876 3409 ι]
1914 3312 3553 3421 έέιξξῑιέιῑξξιίέεξετδξείεουιυέῑιλῇλςδέῷξδεῑιςξῑξῐς

138 3432 268 3469 cum
304 3413 517 3486 paucis
549 3411 621 3468 ad
670 3425 869 3481 regem
920 3407 1300 3472 Francorum,
1331 3404 1633 3474 nimioque
1680 3418 1805 3457 am-

136 3502 305 3577 plexu
321 3506 517 3559 semet
527 3493 1478 3564 deosculantes,saeramentisque
1490 3491 1805 3547 missarum

139 3592 408 3647 decenter
437 3591 516 3646 ab
549 3583 845 3662 episcopis
875 3582 936 3640 in
968 3586 1281 3655 conspectu
1303 3579 1533 3635 illorum
1558 3577 1809 3634 celebra-

142 3678 232 3746 tis,
294 3678 596 3753 prandere
650 3672 923 3745 utrisque
990 3668 1168 3727 simul
1228 3667 1514 3741 congruit.
1574 3665 1807 3738 Expleto

140 3784 373 3839 quoque
435 3763 714 3838 prandio,
750 3759 965 3817 obtulit
1022 3759 1307 3815 Robertus
1367 3773 1464 3811 rex
1520 3756 1812 3812 immensa

141 3871 385 3910 munera
415 3852 550 3910 auri
584 3857 767 3924 atque
795 3847 1019 3919 argenti
1052 3852 1107 3901 et
1138 3845 1522 3917 pretiosarum
1553 3859 1812 3916 gemma-

138 3960 265 3999 rum
299 3942 581 4008 Henrico,
616 3943 858 3996 centum
902 3937 1143 4007 insuper
1188 3950 1370 4006 equos
1402 3931 1811 3988 honestissime

140 4031 496 4102 phaleratos,
534 4044 721 4104 super
775 4039 1258 4098 unumquemque
1307 4019 1485 4076 lorica
1530 4024 1586 4075 et
1623 4018 1810 4092 galea,

140 4121 429 4176 mandans
479 4118 738 4190 insuper
789 4118 1016 4169 tantum
1064 4110 1302 4167 illorum
1352 4108 1670 4165 amicitiam
1701 4106 1812 4162 mi-

142 4224 312 4264 nuere
341 4212 651 4282 quantum
684 4201 1050 4274 contingeret
1095 4216 1163 4255 ex
1212 4196 1488 4254 omnibus
1517 4195 1598 4251 illi
1630 4192 1815 4251 relin-

139 4313 331 4369 quere.
377 4298 456 4353 At
506 4292 809 4351 Henricus
857 4305 1101 4345 cernens
1153 4285 1327 4343 amici
1381 4283 1810 4351 liberalitatem,

142 4368 401 4457 Suscepit
430 4401 507 4440 ex
538 4381 665 4438 illis
695 4382 929 4436 tantum
976 4376 1191 4432 librum
1243 4371 1555 4444 Evangelii,
1588 4388 1729 4427 auro

140 4456 435 4545 lapidibus
454 4469 745 4546 pretiosis
770 4466 1079 4536 insertum,
1094 4481 1158 4521 ac
1178 4460 1601 4536 pbylacterium
1622 4456 1815 4515 simile

142 4563 379 4629 factum,
403 4560 733 4619 continens
755 4556 990 4612 dentem
1014 4551 1201 4609 sancti
1222 4548 1513 4606 Vincentii
1533 4547 1736 4603 ιρνὶῑω
1759 4551 1816 4603 et

140 4650 435 4724 martyris.
466 4648 637 4706 Uxor
663 4661 801 4702 vero
832 4643 992 4700 illius
1022 4658 1192 4716 pares
1224 4638 1350 4696 auri
1382 4642 1609 4694 tantum
1639 4652 1816 4693 naves

141 4738 379 4812 accepit.
412 4741 651 4794 Cetera
682 4737 883 4790 autem
914 4730 1218 4805 egrediens
1268 4728 1325 4783 in
1357 4726 1545 4799 gratia
1573 4724 1815 4782 dimisit.

138 4827 411 4900 Sequenti
445 4826 643 4900 igitur
672 4822 767 4878 die
799 4820 1011 4876 iterum
1064 4834 1162 4873 rex
1213 4816 1501 4874 Robertus
1533 4830 1665 4869 cum
1696 4812 1817 4886 epi-

140 4916 328 4987 scopis
358 4915 432 4971 ad
469 4908 861 4985 imperatoris
914 4906 1160 4964 tentoria
1204 4903 1520 4969 transiens,
1550 4902 1649 4973 qui
1682 4918 1817 4958 eum

139 5004 280 5061 satis
308 5003 581 5060 sublime
603 4998 967 5071 suscipiens,
990 4994 1331 5068 cxplctoque
1352 4990 1530 5047 simul
1551 4988 1815 5062 prandio,

142 5097 372 5150 centum
403 5092 601 5149 libras
634 5087 693 5144 ei
722 5104 794 5143 ex
824 5101 969 5142 auro
1000 5100 1146 5157 puro
1180 5078 1434 5148 obtulit;
1459 5095 1558 5134 rex
1588 5093 1819 5150 quoque

147 5197 306 5252 pares
334 5183 581 5238 tantum
616 5192 802 5234 naves
833 5173 960 5230 auri
997 5189 1066 5228 ex
1092 5168 1192 5227 illo
1223 5167 1480 5239 sumpsit
1511 5183 1523 5222 :
1558 5167 1819 5223 ﬁrmato~

146 5285 252 5341 que
279 5275 537 5342 uterque
571 5269 752 5341 pacto
784 5259 1075 5326 amicitiae,
1109 5257 1329 5315 rediere
1359 5254 1431 5311 ad
1460 5255 1712 5327 propria.
1734 5253 1819 5310 Ab

147 5358 269 5414 aliis
291 5374 535 5433 quoque
569 5351 821 5427 regibus
851 5348 998 5406 satis
1029 5347 1288 5419 gratiﬁce
1318 5343 1427 5398 fuit
1458 5359 1699 5433 semper:
1718 5342 1819 5433 ha-

148 5429 646 5517 bitus,Adalrado
670 5439 899 5498 scilicet
915 5452 1049 5508 rege
1071 5433 1418 5507 Anglorum,
1437 5434 1492 5488 ct
1516 5429 1823 5503 Rodulpho

151 5550 272 5606 rege
297 5532 787 5597 Austrasiorum,
803 5542 909 5582 nec
930 5541 1045 5581 non
1067 5528 1122 5578 et
1143 5520 1352 5579 Sancio
1376 5534 1506 5591 rege
1537 5518 1824 5575 Navarriaa

155 5621 606 5700 Hispaniarum;
647 5613 1081 5683 mittebantque
1107 5611 1156 5666 ei
1190 5622 1436 5667 munera
1466 5610 1523 5662 et
1551 5606 1827 5681 petebant

148 5711 218 5769 ab
245 5728 312 5772 eo
339 5710 589 5771 auxilia.

457 5880 747 5948 Panos.
793 5863 1032 5936 CXLII.

1914 3439 1974 3494 in
1996 3453 2125 3493 sese
2145 3434 2375 3492 rediens
2405 3434 3034 3507 profundissimelittus
3048 3452 3160 3507 suo
3174 3446 3349 3493 cursu
3368 3434 3558 3497 sulca-

1915 3531 2043 3582 tum
2075 3524 2327 3597 reliquit.
2366 3524 2468 3581 His
2501 3524 2581 3579 ita
2609 3524 2812 3596 gestis,
2844 3523 3089 3599 contigit
3116 3528 3182 3580 ut
3208 3522 3557 3587 smerabilis

1915 3613 2058 3682 Abo,
2086 3615 2262 3669 Pater
2290 3611 2628 3668 monasterii
2648 3613 2707 3668 S.
2741 3612 3032 3669 Benedicti
3059 3610 3440 3675 Floriscensis
3469 3628 3561 3673 oo-

1914 3702 2261 3775 gnominati,
2279 3700 2467 3774 gratia
2485 3700 2870 3773 propagandis
2893 3699 3192 3777 religionis
3222 3700 3558 3763 monastic;

1916 3789 1976 3844 in
2008 3789 2366 3862 provinciam
2389 3788 2659 3845 transiret
2678 3788 3138 3861 meridianorum
3164 3787 3557 3853 Vuuconum.

1917 3883 2177 3949 Cumque
2208 3876 2347 3932 illuc
2376 3876 2686 3932 devenicns
2717 3876 2775 3930 in
2804 3876 3059 3947 quodam
3086 3879 3414 3939 moraretur
3438 3890 3560 3940 cm-

1920 3965 2116 4033 nobio,
2148 3965 2347 4036 ibique
2378 3980 2536 4019 more
2567 3962 2735 4020 solito
2783 3979 2852 4019 ea
2895 3976 3023 4034 qua:
3055 3962 3157 4019 Dei
3188 3966 3327 4018 sunt
3348 3962 3560 4033 sedulo

1918 4056 2225 4120 exerceret,
2258 4052 2438 4108 nimio
2468 4068 2501 4107 a
2531 4050 2759 4107 cunctis
2785 4050 3167 4107 venerabatur
3194 4050 3428 4114 aﬂgptu.
3455 4051 3562 4105 Ac-

1919 4143 2060 4198 cidit
2082 4142 2261 4215 igitur
2282 4141 2375 4197 die
2395 4140 2651 4211 quadam
2672 4137 2816 4195 utin
2837 4136 2983 4195 atrio
2999 4137 3264 4209 ejusdem
3287 4137 3559 4204 emnobii,

1919 4228 2430 4287 exardescentibus
2478 4226 2871 4301 quorumdam
2911 4224 3299 4297 litigiosorum
3337 4224 3559 4293 irarum

1920 4319 2198 4387 stimulis,
2232 4318 2481 4374 nimium
2506 4333 2644 4373 acer
2668 4315 2918 4373 oriretur
2945 4313 3258 4379 tumultus.
3289 4313 3561 4386 Dumque

1916 4412 2006 4467 vir
2034 4405 2559 4472 reverentissimus,
2592 4403 2902 4477 praedictus
2929 4401 3197 4461 videlicet
3222 4403 3368 4472 Abo,
3400 4419 3561 4464 com-

1920 4500 2151 4575 periens
2172 4496 2245 4552 ad
2264 4495 2534 4552 eumdem
2557 4491 2877 4550 tumultum
2896 4491 3222 4553 sedandum
3236 4491 3562 4565 pugillares

1921 4604 2128 4663 gerens
2156 4586 2216 4641 in
2248 4583 2521 4641 manibus
2544 4580 2791 4639 tabellas
2816 4596 2952 4639 cum
2983 4579 3561 4654 stylopreceseisset,

1836 4701 1893 4769 ω
1923 4694 2079 4733 unus
2106 4692 2140 4769 e
2166 4672 2361 4769 vulgo,
2389 4672 2623 4769 afﬂatus
2652 4668 2859 4769 spiritu
2903 4667 3472 4769 diablglico,.irruens
3501 4668 3561 4733 is!

1923 4781 2058 4822 eum
2073 4760 2482 4834 ejusquelatus
2494 4757 2693 4815 lancea
2710 4756 3010 4829 per-{orans
3019 4756 3233 4819 Christi
3247 4762 3564 4830 martyrem

1927 4853 2080 4913 fecit.
2112 4850 2219 4916 Qui
2260 4849 2459 4916 etiam,
2492 4851 2557 4902 ut
2600 4847 2805 4913 fertur,
2838 4844 3011 4919 paulo
3059 4848 3192 4918 post
3231 4850 3566 4919 arreptus!

1926 4943 2208 5009 dasmone,
2252 4934 2667 4992 miserabiliter
2715 4933 2892 4990 vitam
2936 4932 3140 4990 ﬁnivit.
3171 4936 3395 5006 Corpus
3431 4946 3567 4990 vero

1926 5029 2184 5103 praedicti
2217 5024 2404 5081 Patris
2428 5028 2550 5080 tam
2578 5022 2670 5079 sui
2700 5038 2879 5094 quam
2910 5022 3101 5078 ceteri
3121 5021 3341 5095 quique
3368 5019 3569 5087 fideles

1923 5117 2189 5189 ejusdem
2222 5110 2527 5186 provincia:
2579 5110 2896 5167 honoriﬁce
2940 5109 3021 5167 ibi
3052 5108 3426 5182 sepelierunt.
3459 5108 3568 5171 Ubi

1926 5205 2103 5262 etiam
2125 5203 2199 5260 ad
2229 5200 2461 5257 laudem
2491 5197 2584 5255 sui
2614 5197 2868 5255 nominis
2889 5197 3164 5272 perplura
3191 5197 3569 5271 postmodum

1926 5292 2211 5350 Dominus
2240 5288 2488 5362 largitus
2516 5291 2605 5344 est
2635 5285 2974 5344 hominTbus
3002 5286 3302 5347 beneﬁcia.

2001 5378 2169 5438 Tunc
2198 5379 2377 5452 igitur
2404 5374 2685 5448 temporis
2713 5374 2772 5430 in
2806 5374 2991 5445 italia,
3022 5379 3197 5449 atque
3237 5374 3299 5439 in
3336 5371 3569 5439 Galliis,

1933 5470 2199 5542 plerique
2242 5466 2650 5537 episcoporum
2699 5462 2983 5523 nonnulla
3029 5463 3181 5521 inter
3218 5478 3284 5525 se
3327 5456 3571 5525 diversis

1932 5556 2354 5631 quaestionibus
2368 5551 2622 5608 habuere
2642 5550 2999 5621 synodorum
3014 5543 3571 5631 maciliabulaﬁam

1931 5628 2004 5703 de
2023 5646 2294 5721 jejuniis,
2312 5658 2438 5717 quae
2468 5637 2728 5715 plerique
2752 5636 3013 5701 ﬁdelium
3043 5635 3264 5699 scilicet
3288 5633 3440 5721 inter

1928 5708 2617 5801 cett-sionemvs'alvatoris
2630 5708 2707 5788 ὀι
2731 5723 3105 5788 Pentecoste!)
3133 5717 3461 5783 observent:
3476 5708 3571 5777 ib

3170 5836 3252 5919 ³1
