1926 3213
170 240 226 273 651

661 235 829 268 RODULFI
855 234 997 267 GLABPJ
1020 234 1199 266 MONAGHI
1221 234 1402 267 CLUNIAC.

1800 239 1844 269 65?.

169 308 360 336 decreverunt
372 308 402 333 ut
412 314 446 333 nc
458 314 509 342 per
520 305 675 341 imperium
685 304 870 331 sacerdotum
885 303 998 334 tierent,
1015 311 1043 345 Α
1057 301 1316 337 incomparabilem
1332 302 1422 339 hujus
1444 304 1585 340 temporis
1608 305 1760 334 ostenderet
1772 306 1845 334 \irum

168 355 287 389 excepto
301 352 429 380 Sabbato
444 351 644 383 Pentecostes;
659 351 688 377 ct
703 358 720 376 a
736 348 845 385 quibus
862 346 927 375 ﬁeri
941 346 1000 374 velo

169 397 280 432 lent,ne
291 396 514 433 prohiberentur
523 394 752 430 ﬁeri.Simulque
763 393 868 420 incidit
879 390 1001 428 quaestio

170 451 225 471 cur
238 440 374 470 monachi
391 449 441 477 per
463 443 522 468 tres
544 439 587 467 vel
610 441 736 475 quatuor
753 434 924 466 Dominicas
940 435 1003 463 dies

171 489 239 515 ante
245 486 324 514 diem
334 484 493 514 nativitatis
502 484 723 516 Dominieze,seu
734 479 1002 519 quadragesimalis

172 529 383 560 observationis
397 532 537 566 tempore,
555 529 708 565 hymnum,
735 526 847 555 scilicet
871 526 904 553 Te
919 525 1003 564 pcum

172 576 326 610 laudamus,
343 576 532 603 decantarent
547 576 648 601 contra
663 581 774 600 morem
796 571 934 599 Romana:
952 569 1002 596 Ec-

172 620 276 649 clesiae.
283 621 346 654 Qua
355 619 489 647 videlicet
499 618 659 655 quaestione
668 616 797 653 aggressi
807 618 867 643 tam
881 614 1004 642 abbates

172 673 261 702 quam
276 663 413 693 monachi
428 663 643 699 responderunt
658 670 688 690 se
705 670 756 697 pro
772 659 855 688 nulla
878 667 908 686 re
930 657 1002 685 illud

171 718 266 748 agere,
283 709 340 739 nisi
354 717 390 737 ex
404 708 481 736 beati
499 706 646 735 Benedicti
667 704 897 733 nominatissimi
916 704 1004 738 atque

170 753 407 784 excellentissimi
416 752 510 780 Patris
519 750 811 788 praeceptione,cujus
823 749 912 776 etiam
921 748 1004 775 actus

172 800 319 835 simulque
335 799 441 825 dictaa
457 805 573 824 summo
590 796 788 823 Romanorum
809 791 1004 829 pontifice,“—

172 834 281 873 delicati
291 842 439 878 Gregorio,
456 841 634 868 haberentur
650 839 795 874 descripta
822 847 854 865 ac
871 834 1003 864 laudabi-

174 890 240 917 liter
256 888 399 916 roborata.
410 886 460 913 His
474 885 599 920 denique
610 884 766 919 compertis
783 882 923 919 episcopi,
933 888 1004 907 usus

175 932 386 962 monachorum
403 930 569 958 authentico
586 938 618 956 ex
648 938 726 956 more
754 928 854 963 viguit.
874 927 928 954 Nec
948 931 1005 951 non

173 979 259 1006 etiam
277 978 313 1004 de
328 976 374 1003 die
390 974 623 1002 annuntiationis
640 972 865 1007 Dominicze,qui
878 970 1008 999 celebra"

173 1026 222 1051 tur
236 1025 335 1050 octavo
352 1020 545 1048 Kalendarum
563 1018 717 1054 Aprilium,
735 1018 758 1045 si
786 1018 855 1043 l'orte
872 1016 1001 1052 quolibet

173 1069 230 1097 alio
259 1070 389 1102 tempore
412 1066 515 1100 prmtcr
538 1063 797 1098 Quadragcsin‘iam
817 1060 906 1088 excoli
932 1068 999 1087 cono

173 1112 326 1149 gruentius
355 1110 507 1146 potuisset.
534 1108 569 1136 ab
593 1108 703 1135 eisdem
730 1106 916 1142 pontiﬁcibus
944 1112 999 1131 non

174 1167 261 1194 parva
277 1156 355 1184 illata
371 1158 414 1183 est
430 1154 559 1190 qucestio.
582 1153 738 1180 Ferebatur
753 1152 830 1178 enim
848 1160 863 1177 τι
880 1150 1000 1185 quibus-

173 1204 240 1230 dam
252 1202 384 1229 eamdem
396 1200 527 1227 videlicet
540 1198 792 1226 annuntiationcm
808 1195 1001 1227 Dominicam,

174 1255 253 1275 more
269 1247 476 1282 Hispanorum,
494 1244 597 1279 quinto
614 1242 725 1269 decimo
743 1241 937 1268 Kalendarum
952 1239 1000 1265 Ja-

174 1292 345 1319 nuariarum
360 1290 406 1317 die
422 1287 716 1323 irreprehensibiliter
742 1294 825 1321 posse
850 1283 1000 1311 celebrari.

175 1336 247 1364 Nam
256 1343 323 1362 cum
332 1342 385 1369 ego
395 1332 581 1368 postmodum
591 1331 619 1358 in
630 1330 807 1357 monasterio
818 1327 1001 1356 Cluniacensi

176 1388 243 1407 cum
259 1378 370 1406 caeteris
386 1376 524 1404 fratribus
549 1376 694 1410 degerem,
722 1376 916 1401 convenerunt
934 1372 1001 1398 illuc

178 1425 213 1451 ab
236 1422 384 1458 Hispaniis
409 1420 599 1456 quamplures
624 1419 751 1446 honestm
776 1417 1002 1445 conversationis

174 1467 352 1505 jamdudum
363 1474 442 1493 more
449 1464 575 1492 viventes
586 1464 706 1499 propria-
718 1463 844 1498 regionis
857 1460 1000 1488 monachi.

179 1513 393 1549 Propinquante
406 1519 472 1538 vero
489 1510 534 1536 dic
552 1508 710 1535 nativitatis
728 1507 897 1540 Dominicm,
914 1505 1003 1542 petie-

179 1560 247 1586 runt
262 1555 391 1593 praedicti
407 1554 540 1582 monachi
556 1552 749 1581 venerabilem
767 1551 917 1579 Udilonem
930 1551 1005 1585 ejus-

178 1603 243 1630 dem
261 1601 313 1629 loci
330 1600 478 1631 abbatem,
490 1602 521 1626 ut
538 1607 617 1625 more
633 1606 754 1625 suorum
771 1596 869 1623 liceret
879 1596 921 1622 eis
934 1594 1005 1622 cele—

178 1648 261 1675 brare
275 1645 547 1673 Annuntiationem.
565 1643 644 1675 Quod
660 1651 727 1669 cum
746 1642 890 1673 fecissent,
910 1648 1004 1674 segre-

1056 345 1237 374 hominibus.
1254 346 1342 375 Duxit
1356 347 1435 376 enim
1458 356 1493 376 ex
1518 348 1665 377 nobilibus
1690 349 1845 383 Francorum.

1056 392 1153 418 mente
1164 390 1290 418 nobilior
1300 391 1373 427 ipse,
1385 393 1563 430 prosapiam,
1575 395 1645 421 etut
1656 393 1743 422 hlium
1751 393 1789 422 vel
1798 402 1848 422 rosa

1056 434 1092 462 de
1107 434 1211 470 spinis,
1223 435 1259 463 de
1272 436 1463 465 ferocioribus
1474 438 1636 466 secundum
1651 437 1805 475 sanguinem
1813 446 1849 475 pa-

1056 479 1118 506 triis
1135 479 1197 507 fuit.
1220 480 1285 514 Qui,
1303 483 1334 508 ut
1349 482 1584 518 generosioribus
1600 491 1663 511 mos
1676 485 1726 516 est,
1740 483 1848 511 nobiliter

1057 523 1200 552 educatus
1212 533 1218 558 ;
1228 524 1335 553 dehinc
1343 535 1408 554 vero
1421 526 1529 555 scholis
1537 527 1644 556 artium
1655 527 1803 556 liberalium
1811 536 1848 564 ιρς

1057 567 1194 604 plicatus.
1210 569 1266 597 Sed
1282 570 1448 607 intelligens
1460 580 1496 599 ex
1509 571 1556 600 his
1569 572 1719 609 plerosque
1732 572 1790 609 plus
1805 573 1849 600 fore

1058 615 1245 642 contumaces
1260 623 1350 650 quam
1366 615 1469 643 divinae
1484 616 1654 645 obedientiss
1666 617 1795 651 subditos,
1806 616 1850 644 sut-

1059 657 1144 685 {icere
1157 658 1212 685 sibi
1228 659 1354 687 credidit
1366 660 1390 689 si
1406 661 1510 689 exinde
1525 661 1650 690 salutem
1665 662 1761 691 anima
1771 669 1850 698 repor-

1059 704 1142 729 taret.
1154 702 1273 731 Relictis
1290 707 1387 732 autem
1403 706 1574 742 pompaticaa
1585 706 1713 735 scientiae
1722 705 1850 740 studiis,ad

1059 746 1206 780 quoddam
1217 749 1428 777 monasterium
1437 749 1512 777 clam
1522 750 1850 787 ingrediens,monachum

1059 799 1089 816 sc
1104 792 1163 818 lieri
1180 793 1251 820 satis
1265 794 1365 821 devote
1379 794 1544 830 postulavit.

1078 836 1149 884 'Sed
1167 838 1316 872 quoniam,
1335 841 1365 865 ut
1381 839 1520 873 diximus,
1537 839 1607 868 clari
1623 842 1685 868 erat
1698 839 1807 876 generis,
1819 838 1851 866 id-

1060 883 1135 906 circo
1152 885 1305 917 parentum
1322 884 1417 910 minas
1441 884 1680 920 pertimescentes
1701 883 1773 912 nullo
1786 883 1852 911 modo

1060 926 1229 959 acquievere
1254 927 1315 954 ﬁeri
1339 928 1414 963 quod
1442 931 1611 964 poposcerat
1634 929 1734 957 fratres
1747 927 1852 968 ejusdem

1062 971 1240 997 monasterii.
1260 971 1289 998 In
1306 972 1358 998 hoc
1374 975 1471 1000 tamen
1487 972 1570 1000 illum
1586 975 1731 1001 servantes
1743 973 1766 1000 ei
1785 971 1853 999 tidem

1058 1014 1210 1048 dederunt,
1229 1018 1259 1042 ut
1276 1016 1299 1043 si
1317 1017 1359 1044 vis
1377 1026 1433 1044 non
1449 1017 1589 1050 obstaret,
1604 1020 1753 1054 parentum
1765 1016 1853 1045 scilicet

1056 1058 1159 1093 ipsius,
1179 1059 1372 1088 libentissime
1395 1062 1472 1097 quod
1500 1062 1618 1098 petebat
1639 1062 1785 1099 explerent.
1797 1061 1853 1089 Tan-

1057 1104 1122 1130 dem
1140 1104 1210 1131 inibi
1228 1113 1423 1139 commorans,
1441 1106 1539 1142 qualis
1563 1107 1748 1143 postmodum
1762 1105 1853 1135 futurus

1056 1151 1131 1175 esset
1148 1149 1221 1176 dans
1237 1150 1402 1178 sanctitatis
1415 1151 1556 1178 indicium
1569 1151 1767 1188 universisque
1779 1150 1812 1178 ibi
1820 1149 1854 1177 de-

1056 1194 1192 1227 gentibus
1211 1194 1351 1222 imitabile
1366 1196 1487 1231 prasbuit
1503 1196 1682 1232 exemplum.
1698 1194 1853 1232 Comperiens

1057 1246 1122 1264 vero
1137 1242 1219 1274 pater
1233 1240 1296 1274 ejus
1312 1240 1389 1275 quod
1406 1240 1523 1275 fecerat,
1540 1241 1638 1269 furore
1661 1243 1784 1278 arreptus
1795 1238 1854 1267 venit

1057 1283 1092 1309 ad
1112 1282 1281 1318 prmdictum
1299 1284 1521 1318 monasterium,
1539 1285 1633 1314 tilium
1655 1285 1753 1314 exinde
1765 1284 1853 1313 abstra-

1057 1330 1159 1354 cturus
1176 1336 1273 1355 revera
1290 1329 1451 1364 potioribus
1467 1330 1556 1358 lucris
1571 1327 1853 1359 iuservientemﬂatis

1058 1380 1113 1406 que
1130 1373 1225 1399 verbis
1243 1373 1442 1409 redargutum,
1459 1374 1516 1401 vim
1531 1375 1556 1402 ei
1568 1375 1691 1410 faciens,
1705 1374 1780 1403 duxit
1792 1372 1854 1401 illum

1058 1416 1124 1443 inde
1137 1425 1235 1444 secum
1254 1426 1345 1453 usque
1361 1418 1388 1445 in
1404 1419 1480 1455 regis
1492 1419 1770 1457 curian,ipsumqne
1779 1424 1854 1454 regem

1058 1461 1225 1495 obsecrans,
1237 1464 1268 1489 ut
1279 1463 1342 1497 ejus
1359 1463 1490 1491 animum
1504 1464 1540 1491 ab
1557 1464 1611 1492 hac
1627 1464 1778 1493 intentione
1786 1462 1855 1491 bono-

1060 1514 1125 1533 rum
1141 1507 1350 1542 sponsionibus
1366 1512 1521 1536 revocaret.
1534 1510 1626 1542 Quem
1642 1518 1759 1538 cernens
1772 1505 1856 1538 τοι.νὶ-

1059 1550 1162 1578 delicct
1179 1552 1331 1586 ltobertus,
1343 1555 1373 1579 ut
1389 1555 1451 1580 erat
1466 1553 1532 1589 pius
1548 1562 1579 1580 ac
1595 1554 1758 1591 religiosus,
1766 1549 1855 1580 dulcius

1060 1595 1141 1623 illum
1159 1596 1325 1630 exhortans,
1337 1597 1463 1632 qualiter
1475 1599 1584 1626 bonum
1595 1598 1773 1636 propositum
1783 1596 1856 1625 menta

1060 1640 1172 1676 integra
1184 1649 1353 1669 conservare
1367 1645 1522 1678 satageret,
1534 1645 1620 1680 atque
1632 1643 1662 1671 in
1673 1650 1792 1680 praesens
1799 1638 1855 1668 bell-i

176 1693 234 1728 gati
252 1700 268 1719 a
283 1691 406 1723 cmteris,
421 1689 515 1717 visum
529 1691 574 1716 est
600 1690 682 1714 nocte
698 1687 798 1714 eadem
816 1685 932 1712 duobus
959 1692 1002 1710 sc-
1019 1684 1040 1718 C
1061 1685 1176 1712 Martini
1188 1685 1316 1713 ecclesia:
1328 1686 1523 1715 archiclavum
1536 1696 1600 1716 esse
1617 1685 1857 1725 praecepit,cnpicns

178 1736 309 1763 nioribus
325 1734 390 1767 loci,
401 1733 478 1769 quod
489 1741 566 1760 unus
577 1732 612 1758 de
624 1730 760 1766 Hispanis
772 1729 885 1757 fuscina
897 1728 1004 1756 focuria

176 1780 317 1815 arriperet
329 1778 456 1813 desuper
471 1776 560 1803 altare
576 1784 709 1811 puerum,
723 1775 908 1809 mitteretque
922 1773 1002 1799 illum

178 1824 207 1851 in
224 1822 403 1858 sartaginem
416 1821 519 1856 prunis
532 1819 658 1856 plenum,
669 1819 708 1846 ita
718 1819 893 1846 clamantem
907 1826 913 1844 :
929 1830 941 1841 u
955 1817 1003 1844 Pa-

178 1870 231 1901 ter,
245 1869 335 1903 pater,
349 1865 424 1901 quod
438 1868 466 1891 tu
484 1864 589 1891 dedisti
607 1864 652 1891 isti
667 1864 811 1891 uul'cruut.
827 1874 839 1885 υ
852 1863 924 1894 Quid
943 1862 1004 1898 plu-

179 1912 232 1940 ra?
244 1911 320 1947 apud
334 1919 386 1938 nos
397 1910 518 1945 antiqua
529 1909 718 1941 consuetudo,
734 1908 774 1934 uti
790 1907 921 1938 decebat,
933 1915 1002 1942 prro—

179 1956 279 1984 valuit.

498 1998 614 2027 CAPUT
635 1998 680 2025 IV.

284 2047 321 2074 De
335 2046 511 2073 inuam/{unc
524 2044 698 2071 ecclesiarum
714 2043 741 2069 ίιι
759 2047 810 2069 [nlo
826 2043 899 2070 orbc.

210 2093 304 2127 Igitur
319 2091 394 2118 infra
413 2089 615 2126 supradictum
640 2087 829 2115 millesimum
845 2086 1002 2121 tertiojam

177 2137 235 2164 fere
251 2135 422 2163 imminente
439 2142 525 2169 anno,
537 2133 659 2169 contigit
676 2133 702 2159 in
716 2133 850 2159 universo
866 2140 938 2168 pene
950 2134 1003 2158 tcr-

175 2189 273 2209 rarum
289 2181 368 2213 orbe,
379 2179 521 2216 praecipue
537 2181 633 2206 tamen
650 2178 677 2205 in
695 2177 786 2210 Italia,
799 2179 826 2204 et
843 2177 870 2204 in
888 2175 1001 2210 Galliis,

175 2225 305 2254 innovari
315 2224 504 2253 ecclesiarum
514 2223 660 2255 basilicas,
672 2222 736 2250 licet
747 2221 890 2258 pleneque
901 2221 1002 2248 decen-

174 2273 217 2298 ter
231 2270 331 2299 locata:
343 2269 464 2297 minime
475 2266 891 2304 indiguisscm..Emulahatur
903 2268 999 2293 tamen

175 2323 297 2351 qumque
313 2322 385 2351 gens
400 2313 639 2341 Christicolarum
656 2312 795 2339 adversus
811 2310 932 2338 alteram
948 2310 999 2337 de-

172 2360 299 2388 centiore
316 2358 382 2386 frui.
400 2358 466 2386 Erat
482 2366 559 2385 enim
585 2357 677 2384 instar
703 2364 736 2383 ac
752 2356 775 2382 si
793 2355 921 2383 mundus
938 2355 999 2392 ipse
1014 2370 1038 2404 Β

172 2404 344 2433 excutienda
361 2405 464 2436 scinet,
482 2403 588 2437 rejecta
603 2403 754 2434 vetustate,
772 2400 882 2436 passim
899 2400 994 2427 candi-

171 2449 239 2476 dam
255 2448 445 2477 ecclesiarum
470 2449 580 2475 vestem
607 2446 748 2474 indueret.
767 2446 847 2473 ’l‘unc
873 2445 999 2481 denique

171 2492 382 2529 episcopalium
399 2492 514 2519 sodium
529 2491 665 2519 ecclesias
690 2499 762 2526 pene
789 2490 950 2522 universas,
966 2497 998 2516 ac

172 2538 274 2564 cetera
289 2545 411 2572 quasque
426 2536 606 2564 diversorum
623 2538 793 2564 sanctorum
810 2534 997 2568 monasteria,

172 2587 224 2607 seu
241 2580 356 2607 minora
378 2580 514 2607 villarum
539 2580 675 2613 oratoria,
692 2580 721 2607 in
746 2579 867 2608 meliora
889 2580 998 2615 quique

172 2625 374 2659 permutavere
383 2624 536 2651 fidelesEo
545 2633 660 2660 quoque
672 2626 800 2661 tempore
810 2624 886 2652 inter
896 2626 999 2652 caetera

172 2667 249 2695 beati
266 2667 382 2695 Martini
399 2668 524 2696 Turonis
539 2668 749 2697 monasterium
766 2669 894 2704 emicuit,
916 2679 933 2698 a
949 2678 998 2697 ve-

173 2711 296 2740 nerabili
307 2711 418 2739 scilicet
427 2712 489 2739 viro
498 2712 617 2741 Hcriveo
627 2714 759 2749 ejusdem
768 2713 823 2742 loci
836 2713 997 2742 archiclavo

171 2763 316 2790 eversum,
336 2756 425 2791 atque
449 2759 515 2784 ante
535 2758 629 2793 ipsius
643 2758 756 2786 obitum
773 2759 897 2787 mirifico
912 2767 998 2795 opere

171 2799 392 2828 reiedificatum.
422 2800 462 2828 De
490 2801 574 2836 cujus
598 2801 686 2830 etiam
711 2803 768 2830 vita
791 2805 819 2831 et
843 2812 997 2832 conversa-

170 2845 261 2877 tione,
278 2844 376 2881 qualis
392 2853 409 2872 a
433 2845 556 2880 puerilia
580 2854 673 2880 usque
698 2847 733 2874 ad
759 2848 910 2883 prmscntis
935 2849 997 2876 vitae

158 2888 330 2922 terminum
346 2888 466 2927 exstitit,
478 2888 503 2918 si
516 2890 583 2930 quis
599 2890 704 2919 referre
715 2891 865 2929 quivisset,
874 2891 998 2930 pleniter

1060 1729 1142 1757 illum
1160 1731 1348 1766 postmodum
1376 1732 1487 1759 caeteris
1513 1732 1687 1761 imitabilem
1711 1730 1858 1761 constituere

1060 1775 1237 1810 pontiticem.
1257 1776 1286 1802 ld
1303 1776 1428 1812 denique
1456 1777 1604 1805 multoties
1620 1779 1806 1814 pertentath
1817 1774 1859 1807 est:
1905 1765 1906 1777 1

1059 1819 1120 1853 sed,
1137 1820 1200 1856 ipso
1217 1822 1476 1854 renuente,et1'ectu
1493 1822 1594 1850 caruit.
1607 1822 1750 1859 Suscepto
1763 1819 1858 1858 quippei

1059 1873 1091 1891 ac
1103 1864 1126 1891 si
1139 1868 1267 1898 coactus,
1275 1865 1401 1893 ecclesia:
1413 1874 1446 1894 cu
1452 1875 1492 1899 ra,
1503 1869 1638 1903 vesteque
1652 1867 1718 1895 alba
1727 1862 1860 1899 tectus,in‘

1060 1910 1174 1937 terdum
1192 1918 1271 1938 more
1287 1911 1426 1938 canonico
1442 1913 1570 1939 mentem
1581 1913 1681 1940 tamen
1692 1914 1720 1940 et
1729 1911 1808 1939 vitam
1816 1906 1860 1945 ple-

1059 1955 1134 1982 niter
1149 1955 1279 1990 possedit
1290 1955 1500 1983 monachicam.
1514 1955 1587 1983 Nam
1599 1964 1716 1993 semper
1725 1955 1757 1984 ad
1769 1951 1858 1982 nudum

1059 2001 1152 2027 tectus
1168 1999 1261 2027 cilicio
1273 1999 1475 2036 irrel'ragabili,
1483 2008 1635 2028 macerans
1646 2009 1751 2038 corpus
1757 1995 1859 2036 jejunio:

1058 2044 1112 2072 sibi
1131 2044 1331 2080 parcissimus,
1346 2044 1444 2081 largus
1460 2045 1648 2081 pauperibus,
1663 2044 1766 2082 vigiliis
1776 2045 1802 2071 et
1813 2048 1861 2069 ora-

1058 2089 1187 2117 tionibus
1203 2089 1330 2117 instabat
1345 2089 1482 2117 assiduis.
1500 2089 1640 2118 Praeterea
1650 2090 1696 2118 vir
1708 2089 1762 2117 Deo
1773 2086 1860 2125 plenus

1058 2136 1153 2162 mente
1171 2134 1302 2170 concepit
1316 2135 1349 2161 ut
1362 2133 1581 2169 ccclesiam,cui
1596 2136 1696 2163 custos
1707 2133 1808 2162 ascitus
1816 2130 1861 2158 flle-
1905 2158 1906 2162 η

1056 2178 1271 2215 rat,amplioris
1288 2178 1456 2214 altiorisquc
1469 2178 1559 2207 totius
1574 2178 1670 2216 operis
1684 2184 1797 2215 corpore
1807 2173 1861 2203 sub-

1056 2223 1180 2251 limarct.
1197 2224 1303 2251 Sancto
1319 2223 1418 2259 itaque
1434 2223 1545 2260 Spiritu
1555 2220 1593 2251 'se
1608 2223 1738 2258 docente,
1749 2220 1862 2257 designa-

1055 2269 1095 2296 vit
1119 2268 1237 2295 latomis
1262 2267 1501 2304 incomparabilis
1521 2269 1634 2304 jactare
1659 2266 1860 2296 fundamentum

1054 2313 1161 2348 operis,
1172 2312 1248 2348 quod
1263 2312 1336 2348 ipse,
1347 2314 1379 2340 ut
1391 2314 1549 2349 optaverat,
1562 2313 1597 2341 ad
1613 2313 1770 2350 perfectum
1781 2306 1860 2338 duxit-

1055 2356 1171 2393 Expleto
1187 2357 1285 2393 itaque
1300 2366 1396 2393 opere,
1409 2357 1618 2394 accersitisque
1631 2356 1815 2394 plurimarum
1824 2359 1862 2380 ut"

1055 2402 1136 2429 bium
1147 2401 1303 2438 episcopis,
1313 2410 1387 2438 opus
1398 2401 1570 2438 praedictum
1579 2402 1638 2430 Deo
1648 2397 1805 2430 consecrari
1813 2398 1862 2426 Il“-

1054 2447 1071 2474 d
1077 2446 1256 2482 uit.lpsoque
1265 2446 1311 2474 die
1319 2449 1453 2474 sanctum
1463 2446 1514 2474 Dei
1520 2446 1716 2475 confessorem
1722 2441 1861 2474 Martium“

1053 2491 1142 2525 intro,
1158 2490 1235 2518 sicut
1249 2491 1380 2525 decebat,
1394 2491 1534 2527 reposuit.
1543 2491 1744 2520 Venerabatur
1751 2486 1823 2518 enim
1834 2493 1861 2513 eo

1053 2536 1099 2564 die
1124 2536 1273 2572 preteritae
1300 2536 1444 2564 dedicatio
1469 2536 1606 2570 basilicae,
1623 2537 1725 2573 quarto
1744 2530 1861 2562 videlicet

1054 2581 1202 2608 Nonarum
1215 2581 1325 2609 mensis
1333 2580 1413 2608 Julii.
1426 2580 1529 2609 Fertur
1543 2579 1783 2618 etiam,quoniam
1795 2575 1860 2604 idem

1052 2625 1096 2653 vir
1104 2626 1219 2654 Domini
1231 2625 1368 2654 Heriveus
1379 2628 1446 2654 ante
1456 2625 1568 2663 aliquot
1577 2626 1639 2654 dies
1650 2624 1771 2663 pretist!
1779 2623 1861 2650 ιηιὶε·

1053 2670 1170 2699 lationis
1196 2671 1353 2699 Dominum
1379 2671 1550 2707 rogavisset,
1565 2673 1598 2699 ut
1623 2670 1659 2699 ad
1680 2666 1859 2698 ostensione!!!

1053 2715 1217 2744 dilectionis
1232 2723 1346 2752 sponsa:
1362 2706 1425 2743 suae
1437 2715 1565 2744 ecclesia:
1580 2723 1632 2752 per
1645 2709 1760 2750 beatum
1774 2706 1860 2740 Marti-

1053 2763 1171 2794 num,ut
1179 2760 1249 2788 olim
1261 2760 1376 2794 fecerat,
1384 2760 1579 2796 quodcunque
1591 2757 1762 2795 miraculum
1771 2754 1858 2791 dign"

1053 2808 1133 2833 retur
1148 2805 1359 2833 demonstrare.
1372 2804 1425 2832 Cui
1441 2805 1471 2833 in
1487 2804 1617 2834 oratione
1631 2803 1773 2841 prostrato
1786 2803 1859 2836 ωρμ-

1053 2851 1111 2879 ruit
1125 2850 1201 2878 idem
1218 2849 1376 2884 confessor,
1394 2849 1501 2878 blando
1520 2857 1592 2877 usus
1616 2840 1752 2884 alloquio,
1770 2840 1807 2872 ἱωλ
1819 2841 1858 2884 inf

1052 2896 1156 2934 quiens
1175 2904 1180 2925 :
1199 2907 1212 2924 ι(
1229 2895 1287 2926 Hoc
1303 2895 1381 2933 quod
1396 2894 1481 2934 petis,
1498 2894 1538 2923 ﬁli
1553 2891 1750 2927 dilectissime,
1758 2887 1824 2919 scito
1835 2886 1857 2914 t0
