1926 3213
60 225 124 254 653

504 223 773 254 HISTOltIARUM
797 222 899 253 LIBRI
923 222 1109 258 QUINQUE.
1133 240 1171 245 —
1192 223 1266 254 LIB.
1289 224 1341 255 III.

1708 226 1770 256 654

64 291 179 327 potiora
193 298 282 326 posse
298 290 375 325 apud
394 290 548 317 Dominum
573 290 736 325 impetraro,
754 289 804 316 sed
824 292 896 316 tcm-
911 289 938 321 Α
953 290 1049 321 batur,
1067 289 1146 323 prius
1160 292 1259 317 vocato
1279 290 1426 325 Vulpini,
1442 289 1602 317 construxit
1626 293 1772 319 monaste-

64 335 129 371 pori
141 333 211 361 huic
222 334 361 362 sufﬁcere
372 333 477 361 debent
486 333 615 361 exhibita
624 333 734 361 dudum
745 332 894 364 miracula,

64 379 209 415 quoniam
225 379 400 414 contiguum
416 377 506 405 instat
518 378 599 413 prius
622 378 751 413 exsparsi
775 377 896 404 seminis

62 423 232 451 collectum
259 422 376 450 messis.
400 421 466 449 Sola
490 421 568 449 enim
592 422 756 449 animarum
781 421 896 457 erigens

62 467 181 495 medela
196 467 346 495 exoranda
356 468 401 494 est
412 466 624 498 universis,Pro
636 465 681 493 bis
691 466 768 493 enim
780 464 895 492 Domini

62 510 302 540 misericordiam
318 511 470 538 obsecrare
493 509 613 537 minime
637 509 748 536 omitto.
765 509 896 544 Namque

62 565 118 592 pro
134 556 181 583 bis
195 554 312 583 noveris
329 562 375 581 me
390 553 467 589 apud
483 553 638 581 Dominum
655 552 894 589 praecipueinter-

60 599 230 635 venire,qui
248 598 289 626 illi
305 598 424 625 assidue
436 597 464 624 in
477 597 610 633 prmsenti
622 597 751 624 serviunt
762 596 893 624 ecclesia.

60 644 192 677 Quidam
207 643 288 671 enim
305 642 421 669 illorum
437 641 502 677 plus
515 642 596 676 justo
622 641 773 677 praesentis
796 639 894 667 saeculi

60 688 208 725 implicati
225 687 361 722 negotiis,
378 686 468 713 armis
483 686 603 721 insuper
616 685 791 713 militaribus
805 685 896 712 famu-

60 734 170 765 lantes,
188 732 300 768 quibus
318 730 455 758 trucidati
480 730 508 757 in
535 729 632 765 przelio
657 729 838 757 deciderunt.
855 729 895 756 De

60 778 176 814 quibus
197 775 265 803 nolo
290 777 318 802 te
343 775 441 808 lateat,
455 774 593 810 quoniam
618 773 663 801 vix
687 774 763 809 apud
788 772 894 800 Christi

63 820 258 850 clementiam
274 819 400 853 obtinui,
418 821 449 846 ut
461 818 550 854 erepti
566 818 601 845 de
614 817 755 845 ministris
768 817 897 844 tenebra-

61 874 127 894 rum
141 864 219 892 Iocis
236 863 378 899 refrigerii
396 871 429 890 ac
446 862 519 890 lucis
530 862 631 890 sistere
645 860 895 889 mererentur.Cae-

59 914 155 938 terum
175 912 206 936 tu
228 907 401 936 delectabile
426 906 548 934 Domino
573 909 682 938 votum,
699 908 730 932 ut
754 913 893 941 coeperas,

60 955 152 990 exple.
172 965 186 979 »

95 996 330 1034 Superveniente
347 995 436 1032 igitur
451 994 602 1030 designato
621 994 677 1027 dic,
694 993 892 1029 congregatis-

62 1052 116 1079 que
132 1041 284 1077 episcopis
299 1043 328 1068 et
343 1039 499 1067 abbatibus
513 1047 580 1066 cum
597 1038 751 1066 innumera
763 1037 893 1065 multitu-

61 1088 127 1115 dine
134 1084 475 1119 Iideliurﬁitrorumque
484 1091 605 1110 sexuum
613 1086 641 1109 et
649 1081 893 1116 ordinum,prius-

61 1140 149 1168 quam
176 1130 344 1165 inciperent
367 1136 451 1155 sacra
472 1127 544 1158 ﬁeri,
564 1126 607 1153 vir
631 1125 891 1153 reverendissimus

63 1176 204 1204 Ileriveus
217 1172 416 1201 sanctioribus
426 1171 476 1206 qui
487 1172 679 1199 convenerant
692 1170 891 1198 sacerdotibus

63 1219 208 1255 hoc,quod
227 1218 253 1245 ei
271 1216 430 1245 revelatum
443 1216 546 1247 fuerat,
563 1215 749 1242 manifestare
768 1214 889 1241 curavit.

64 1264 177 1292 Peracta
193 1270 263 1290 vero
279 1270 313 1289 ex
329 1268 409 1287 more
425 1258 595 1292 sacratione,
606 1258 742 1286 omnibus
758 1257 889 1285 utensili»

63 1309 115 1336 bus
130 1308 184 1335 rite
199 1304 387 1341 compositis,
404 1303 490 1338 ccepit
503 1302 581 1329 idem
605 1302 648 1329 vir
673 1302 805 1329 arctioris
826 1302 889 1328 vita:

64 1349 313 1380 macerationibus
329 1356 393 1376 sese
412 1350 569 1381 conterere,
585 1348 672 1382 atque
696 1345 844 1373 solitarius
858 1346 888 1373 in

62 1397 160 1433 exigua
176 1402 271 1432 penes
286 1392 439 1421 ecclesiam
452 1391 555 1418 cellula
571 1390 692 1426 psalmis
709 1393 736 1417 et
750 1389 889 1417 orationi-

62 1442 114 1468 bus
127 1447 238 1467 vacans
250 1438 366 1473 degere.
382 1436 435 1467 Qui
452 1443 518 1462 cum
535 1437 600 1470 post
615 1434 674 1461 haec
689 1442 764 1461 anno
785 1436 888 1469 quarto

62 1484 245 1520 cognovisset
260 1490 291 1509 se
305 1481 334 1508 in
352 1479 431 1507 brevi
455 1479 648 1514 migraturum
664 1486 680 1505 a
696 1477 811 1510 sreculo,
824 1478 887 1512 jam

57 1529 173 1564 jamque
190 1527 334 1563 mgrotare
350 1523 493 1559 cmpissct,
507 1531 539 1550 ac
556 1522 654 1557 plures
678 1521 713 1548 ad
734 1530 801 1549 eum
817 1521 888 1549 visi-

62 1573 137 1600 tandi
161 1571 261 1608 gratia
284 1569 499 1600 concurrerent,
517 1565 663 1602 simulque
687 1565 888 1602 praestolantes

64 1617 91 1643 in
106 1617 168 1651 ejus
187 1616 324 1642 discessu
350 1611 468 1647 aliquod
497 1610 557 1638 lieri
582 1610 756 1637 miraculum
781 1609 885 1642 videre,

951 332 1026 360 rium
1052 332 1143 360 totius
1168 334 1267 368 gratiae
1291 333 1595 367 abundantissimum;
1613 337 1713 370 postea
1735 335 1772 363 ab

949 375 1013 411 ipso
1027 378 1138 404 mutato
1163 377 1280 405 nomine
1306 377 1500 405 Frutuarense
1524 378 1770 413 cognominatum.

949 419 1030 451 Quod
1046 428 1112 448 cum
1126 420 1295 457 multigenis
1312 420 1516 457 locupletasset
1532 421 1690 455 beneficiis,
1706 430 1774 450 con-

950 463 1045 491 stituit
1060 464 1098 491 ibi
1115 465 1324 493 monachorum
1341 465 1464 499 Patrem,
1479 474 1530 501 per
1549 466 1648 494 omnia
1662 474 1692 493 se
1709 466 1773 493 imi-

949 510 1070 543 tantem,
1099 509 1215 536 nomine
1242 509 1397 537 Joannem.
1422 509 1491 536 Erat
1513 509 1592 537 enim
1621 510 1774 545 praedictas

950 551 1118 579 Willermus
1131 560 1196 580 acer
1212 553 1337 588 ingenio,
1355 555 1383 581 et
1398 552 1521 589 insignis
1542 554 1713 589 prudentia;
1730 554 1772 582 id-
1800 572 1802 575 -

949 595 1024 623 circo
1049 604 1198 624 summum
1223 597 1252 624 in
1278 597 1395 633 palatiis
1420 605 1521 633 regum
1547 606 1579 625 ac
1603 599 1772 626 ceterorum

950 640 1113 675 principum
1130 640 1278 668 obtinebat
1301 641 1408 669 locum.
1424 641 1622 677 Quodcunque
1645 641 1772 678 denique

950 684 1161 711 monasterium
1190 684 1306 720 proprio
1335 685 1508 713 viduabatur
1530 687 1655 721 pastore,
1671 686 1770 714 statim

950 727 1177 763 compellebatur
1189 730 1248 756 tam
1262 738 1279 756 a
1295 728 1468 764 regibus,vel
1484 729 1640 757 comitibus
1654 738 1743 765 quam
1755 738 1772 757 a

950 771 1182 806 pontificibus,ut
1197 772 1366 800 meliorandi
1377 772 1470 808 gratia
1482 772 1552 800 illud
1564 773 1599 800 ad
1611 773 1770 809 regendum

951 815 1120 850 susciperet,
1137 816 1275 851 quoniam
1299 816 1375 843 ultra
1396 819 1499 844 caztera
1522 816 1629 844 divitiis
1653 819 1681 844 et
1704 825 1770 845 san-

951 858 1050 886 ctitate
1065 859 1159 895 ipsius
1173 859 1332 895 patrocinio
1346 862 1498 896 assumpta
1517 860 1710 888 cernebantur
1724 869 1771 888 ex-

951 902 1054 930 cellere
1079 904 1265 931 monasteria.
1283 904 1346 939 Ipse
1365 911 1481 940 quoque
1505 904 1589 932 firma
1612 904 1773 932 testabatur

952 946 1111 975 assertione
1128 947 1197 982 quia
1212 947 1236 975 si
1247 947 1337 983 hujus
1347 947 1540 975 institutionis
1551 950 1633 975 tenor
1643 956 1772 984 quocun.

946 997 1002 1025 que
1016 989 1077 1017 loco
1093 999 1108 1017 a
1125 991 1275 1018 monachis
1294 991 1498 1024 custodiretur,
1515 991 1625 1019 nullam
1651 992 1770 1019 omnino

946 1033 1137 1070 indigentiam
1148 1035 1348 1071 cujuscunque
1360 1035 1400 1063 rei
1410 1035 1669 1071 paterentur.0uod
1678 1036 1767 1065 etiam

945 1077 1160 1106 evidentissime
1176 1078 1354 1107 declaratum
1370 1082 1414 1107 est
1428 1079 1457 1107 in
1473 1079 1546 1107 locis
1559 1079 1616 1108 sibi
1628 1080 1770 1108 commis-

946 1122 1103 1149 sis.Fertur
1113 1123 1258 1158 siquidem
1268 1123 1369 1150 eadem
1380 1123 1667 1159 institutio,ususque
1679 1123 1768 1159 hujus

945 1167 1177 1200 consuetudinis,
1192 1175 1227 1194 ex
1243 1167 1334 1194 sancti
1352 1166 1444 1195 Patris
1459 1167 1605 1195 Benedicti
1622 1170 1766 1196 monaste-

945 1210 996 1237 riis
1010 1210 1051 1237 vel
1068 1211 1168 1246 rcgula
1177 1211 1327 1239 exordium
1337 1210 1577 1247 habuisse,atque
1586 1219 1638 1247 per
1647 1211 1766 1239 beatum

945 1253 1089 1287 Maurum,
1107 1255 1200 1290 ipsius
1217 1255 1348 1283 videlicet
1366 1254 1555 1290 discipulum,
1571 1255 1607 1283 ad
1623 1258 1768 1289 nostrum,

944 1297 972 1324 id
989 1300 1042 1330 est,
1059 1298 1241 1326 Gallicanum
1258 1299 1435 1326 territorium
1451 1299 1577 1326 delatam
1593 1299 1694 1327 fuisse.
1711 1299 1768 1326 Ex-

943 1344 1002 1369 stat
1011 1342 1097 1369 etiam
1109 1342 1235 1370 veridica
1244 1342 1497 1378 rclatio,quoniam
1509 1345 1575 1379 post
1584 1343 1660 1370 beati
1674 1343 1767 1371 Mauri

943 1385 1067 1418 obitum,
1092 1386 1256 1413 succedenti
1287 1388 1416 1422 tempore
1444 1386 1573 1415 hostium
1603 1386 1766 1415 infestatio-

943 1429 1030 1457 nibus
1054 1429 1166 1465 expulsi
1192 1430 1357 1458 monacbia
1372 1431 1548 1459 monasterio
1572 1434 1766 1467 cognomento

942 1473 1131 1507 Glannoi'olio,
1149 1475 1225 1510 quod
1242 1474 1304 1510 ipse
1319 1477 1528 1508 construxerat,
1545 1475 1621 1502 sicut
1645 1475 1674 1502 in
1699 1476 1764 1511 ejus

942 1517 1031 1553 gestis
1047 1517 1180 1549 habetur,
1197 1517 1226 1545 in
1239 1518 1445 1553 Andegavense
1459 1519 1629 1552 terrritorio,
1645 1519 1762 1547 venien-

942 1563 1043 1597 tesque
1059 1561 1093 1588 ad
1117 1561 1325 1590 monasterium
1350 1563 1444 1591 sancti
1468 1562 1565 1590 Ξεινίηὶ
1590 1563 1764 1591 confessoris

941 1605 1116 1633 Pictavensis
1132 1605 1263 1633 tulerunt
1284 1614 1383 1634 secum
1409 1609 1499 1633 totam
1529 1614 1619 1642 quam
1648 1606 1765 1634 valuere

66 1644 158 1696 utpote
174 1659 224 1695 qui
242 1658 317 1686 tanti
331 1644 428 1684 meriti
441 1655 631 1691 prmsciebant
642 1654 811 1689 virum,ipse
822 1662 887 1680 vero
902 1644 924 1677 C
944 1648 1266 1696 supellcctilem,ibique
1282 1658 1332 1685 per
1344 1649 1463 1696 aliquod
1478 1650 1608 1696 spatium
1623 1652 1765 1696 temporis

68 1707 158 1731 mente
174 1702 272 1738 sagaci
290 1699 424 1737 praedixit
440 1699 499 1726 illis
515 1707 547 1725 ac
562 1698 676 1725 monuit
691 1700 722 1725 ut
738 1698 794 1725 alia
809 1706 890 1725 cura—

69 1751 127 1776 rent
137 1745 360 1783 ;signum,quod
377 1746 407 1772 et
421 1743 542 1771 minime
559 1744 657 1770 essent
671 1742 810 1776 visuri,ne
824 1751 890 1769 exs-

68 1794 221 1827 pectarent.
237 1791 292 1818 Pro
311 1798 344 1817 se
369 1788 467 1824 potius
492 1787 660 1814 obsecrabat
677 1789 708 1813 ut
723 1786 889 1822 piissimum

69 1836 215 1863 hominum
234 1834 379 1863 attentius
394 1834 525 1864 orarent;
538 1831 600 1866 jam
617 1830 762 1866 siquidem
776 1830 891 1866 propin-

68 1888 155 1915 quans
170 1880 216 1907 sui
232 1878 328 1906 exitus
341 1877 445 1904 horam
461 1875 566 1902 erectis
581 1875 610 1901 in
626 1873 731 1902 cmlum
753 1874 889 1901 manibus

67 1926 91 1950 ct
105 1924 195 1951 oculis
210 1921 390 1951 creberrime
412 1919 525 1947 dicebat
540 1927 547 1946 ι
562 1930 575 1943 (ι
593 1918 723 1951 Domine,
740 1918 887 1952 miserere,

68 1968 194 2001 Domine,
211 1967 364 1995 miserere.
381 1975 395 1989 »
413 1963 517 1998 Sicque
533 1963 607 1990 inter
621 1962 681 1989 haec
709 1962 795 1989 verba
821 1962 888 1989 ulti-

67 2019 141 2039 mum
156 2011 265 2039 efflavit
281 2009 432 2045 spiritum.
449 2006 645 2042 Sepultusque
665 2008 710 2033 est
735 2006 764 2033 in
787 2006 888 2033 eadem

66 2055 189 2088 ecclesia,
206 2056 235 2083 in
263 2062 297 2082 eo
322 2052 434 2081 scilicet
458 2051 531 2085 loco,
553 2050 602 2078 ubi
627 2050 763 2086 primitus
788 2050 889 2077 beatus

68 2098 201 2127 Martinus
214 2097 354 2135 sepultus
368 2096 528 2132 quieverat.

58 2157 75 2177 ,
394 2139 509 2167 CAPUT
528 2139 562 2167 v.

69 2187 103 2214 De
117 2187 299 2216 monasteriis
314 2184 577 2247 rewdi‘icalif.‘be;ue
586 2192 605 2211 α
619 2183 767 2211 Willermo
776 2184 888 2217 abbate,

374 2229 406 2247 ve
431 2228 475 2247 ms
491 2228 499 2246 ι
515 2228 532 2246 u
548 2227 581 2246 ιι.

374 2227 415 2248 vel
431 2227 581 2247 multum.

101 2266 214 2300 Claruit,
229 2275 264 2295 eo
280 2266 311 2294 in
327 2264 513 2301 tempore,im
528 2263 664 2299 praedicta
674 2263 826 2290 domorum
841 2263 888 2291 Dei

71 2310 271 2344 melioratione,
286 2308 463 2338 venerobilis
478 2308 568 2335 abbas
582 2306 762 2340 Willermus,
774 2316 791 2334 a
805 2307 888 2335 beato

71 2353 204 2389 siquidem
221 2354 326 2382 Maiolo
343 2352 481 2390 primitus
499 2351 626 2380 ecclesia:
643 2351 735 2378 sancti
757 2351 892 2387 martyris

71 2396 181 2434 Benigni
198 2399 283 2426 Pater
298 2397 585 2428 constitutus.Quam
599 2395 730 2423 videlicet
740 2395 891 2424 ecclesiam

71 2440 138 2468 illico
150 2446 206 2470 tam
219 2443 296 2470 mira
308 2442 452 2470 locatione
465 2440 641 2476 permutavit
650 2442 681 2467 ut
690 2440 891 2475 hujuscemodi

72 2483 153 2512 altera
165 2486 283 2514 difﬁcile
299 2488 389 2522 queat
410 2484 545 2512 inveniri.
564 2483 699 2519 chulari
722 2484 809 2511 etiam
832 2484 892 2511 dis-

72 2528 200 2558 tinctione
217 2539 274 2558 non
290 2530 390 2557 minus
405 2528 543 2561 effloruit,
559 2530 644 2564 atque
656 2527 892 2563 incomparabilis

73 2570 153 2607 hujus
169 2575 282 2602 ordinis
298 2583 352 2602 suo
367 2576 498 2609 tempore
513 2574 687 2608 propagator
700 2571 819 2599 exstitit.
836 2572 890 2599 Sed

76 2620 207 2650 quantum
222 2627 274 2655 pro
290 2618 348 2646 hac
365 2626 395 2645 re
410 2616 586 2652 diligebatur
597 2625 613 2643 a
624 2615 767 2651 religiosis
782 2617 809 2643 et
824 2615 890 2651 piis,

76 2660 148 2687 tanto
165 2662 258 2699 magis
274 2662 486 2690 detrahebatur
497 2660 748 2694 insidiabaturque
759 2660 901 2687 afraudu-

77 2701 155 2732 lentis
172 2709 199 2734 et
214 2706 327 2743 impiis.
346 2706 410 2733 Fuit
424 2705 503 2732 enim
517 2713 550 2731 ex
566 2703 648 2731 Italia
665 2705 756 2736 ortus,
774 2704 899 2732 nobilem

79 2745 177 2776 ducens
187 2758 203 2777 a
213 2750 388 2786 parentibus
397 2748 563 2785 prosapiam
575 2756 581 2775 :
592 2746 717 2775 nobilior
727 2749 824 2774 tamen
837 2748 901 2775 illu-

80 2791 160 2820 strem
176 2802 226 2829 per
241 2795 408 2822 assecutam
426 2791 665 2819 scientiam.Nam
683 2790 710 2817 in
727 2791 826 2818 eodem
844 2794 900 2820 ter-

80 2832 179 2873 ritorio,
197 2837 310 2867 scilicet
327 2838 357 2868 in
369 2835 524 2873 fundo,qui
536 2835 561 2865 ei
571 2836 726 2874 parentum
735 2834 802 2871 jure
817 2834 903 2867 debe-

909 2319 932 2352 Ι)

944 1701 978 1719 ea
992 1701 1055 1728 quae
1076 1693 1236 1721 didicerant
1260 1702 1377 1730 operam
1402 1694 1515 1722 dedere.
1532 1695 1701 1730 Rursusque
1716 1694 1765 1722 illo

945 1737 1115 1773 frigescente
1127 1738 1258 1772 ejusdem
1275 1737 1464 1766 districtionis
1486 1741 1586 1766 tenore
1609 1739 1686 1774 apud
1704 1747 1764 1766 mo-

944 1782 1104 1809 nasterium
1116 1782 1208 1809 sancti
1218 1782 1332 1809 Martini
1346 1782 1620 1818 Augustodunensis
1630 1785 1767 1819 suscepta

943 1825 1126 1861 dignoscitur
1141 1826 1294 1861 aliquoties
1310 1826 1446 1861 viguisse.
1464 1827 1570 1854 Deinde
1593 1836 1658 1854 vero
1682 1828 1764 1862 quasi

944 1870 1030 1896 tertia
1045 1871 1300 1905 transmigrationc
1319 1870 1345 1897 in
1370 1871 1517 1906 superiore
1542 1871 1710 1907 Burgundia
1726 1872 1765 1898 lo—

943 1915 1041 1941 catum
1058 1913 1209 1941 Balmense
1229 1914 1379 1950 occupavit
1404 1915 1625 1942 monasterium.
1641 1915 1682 1942 Ad
1699 1915 1765 1942 ulti-

945 1965 1027 1984 mum
1044 1959 1309 1993 quoque,pr:rdicta
1325 1957 1457 1985 videlicet
1467 1958 1680 1993 institutiojam
1695 1967 1766 1994 pene

944 2001 1069 2034 defessa,
1084 2004 1200 2029 auctore
1219 2003 1284 2035 Deo,
1299 2002 1385 2038 elegit
1405 2002 1459 2029 sibi
1484 2002 1633 2037 sapientia:
1656 2002 1765 2035 sedem,

946 2044 1021 2072 vires
1042 2045 1208 2078 collectura,
1225 2054 1256 2072 ac
1273 2046 1482 2072 l'ructilicatura
1507 2045 1637 2080 germine
1664 2045 1765 2072 multi-

945 2087 1023 2124 plici,
1042 2088 1069 2116 in
1086 2090 1272 2124 monasterio,
1290 2089 1398 2117 scilicet
1412 2091 1602 2124 cognomento
1618 2088 1765 2118 Cluniaco.

944 2132 1023 2164 Quod
1038 2133 1124 2161 etiam
1138 2141 1172 2161 ex
1187 2133 1245 2160 situ
1262 2133 1393 2169 ejusdem
1411 2132 1464 2160 loci
1481 2132 1588 2160 aeclivo
1604 2135 1692 2168 atque
1709 2133 1767 2161 hu-

947 2177 1008 2204 mili
1024 2177 1081 2205 tale
1096 2178 1230 2205 sortitum
1247 2180 1291 2205 est
1307 2186 1424 2209 nomen,
1440 2177 1484 2204 vel
1498 2177 1596 2210 etiam,
1613 2177 1690 2213 quod
1716 2186 1767 2213 ap-

944 2221 1003 2248 tius
1020 2220 1061 2248 illi
1071 2221 1214 2256 congruit,
1226 2221 1361 2249 acluondo
1372 2221 1493 2254 dictum,
1505 2221 1643 2256 quoniam
1659 2221 1765 2254 cluere,

945 2273 1073 2293 crescere
1086 2264 1221 2293 dicimus.
1238 2265 1352 2301 Insigne
1366 2265 1471 2301 quippe
1489 2265 1700 2293 incrementum
1723 2265 1768 2292 di-

946 2317 1096 2337 versorum
1120 2309 1262 2337 donorum
1281 2318 1297 2336 a
1312 2310 1355 2336 sui
1379 2309 1521 2345 principio
1547 2309 1575 2336 in
1600 2309 1662 2337 dies
1687 2308 1767 2337 locus

947 2353 1023 2381 idem
1039 2353 1174 2381 obtinuit.

982 2397 1149 2424 Construxit
1163 2397 1252 2433 igitur
1265 2397 1434 2433 praedictum
1449 2397 1613 2426 coenobium
1632 2396 1769 2434 primitus

948 2441 1031 2468 Pater
1037 2441 1245 2469 monachorum
1256 2441 1413 2477 supradicti
1422 2442 1582 2469 Balmensis
1588 2441 1768 2475 monasterii,

919 2479 928 2487 ’
947 2485 1042 2512 Berno
1055 2485 1310 2521 vocatus,jubentc
1322 2485 1473 2513 Willermo
1488 2486 1637 2522 piisssimo
1652 2486 1769 2522 Aquita-

951 2537 1055 2556 norum
1069 2529 1186 2561 duce,in
1201 2537 1275 2565 pago
1291 2529 1514 2564 Matisconense,
1524 2538 1612 2566 super
1626 2529 1771 2559 Graonam

951 2572 1200 2605 fluviolum.0uod
1218 2573 1305 2601 etiam
1319 2574 1480 2601 curnobium
1499 2574 1527 2601 in
1543 2573 1638 2610 primo
1650 2582 1772 2602 nonam-

949 2616 1027 2652 plius
1044 2624 1132 2652 quam
1150 2617 1313 2652 quindecim
1330 2619 1411 2644 terra:
1426 2617 1555 2646 colonias
1570 2617 1715 2645 diciturin
1725 2617 1773 2644 do.

952 2663 1010 2687 tem
1036 2659 1192 2696 accepisse.
1220 2661 1331 2689 I-‘ratres
1354 2663 1451 2689 tamen
1475 2661 1628 2690 duodecim
1652 2668 1773 2689 numero

954 2703 1026 2731 inibi
1051 2706 1251 2731 memorantur
1274 2704 1453 2732 convenisse.
1474 2705 1514 2732 Ex
1536 2712 1660 2740 quorum
1684 2702 1773 2731 veluti

954 2745 1066 2783 optimo
1082 2746 1192 2775 semine
1207 2747 1399 2783 multiplicata
1415 2748 1505 2784 stirps
1530 2747 1643 2776 Domini
1666 2746 1773 2775 exerci-

956 2793 1043 2819 tuum
1058 2791 1279 2819 innumerabilis
1295 2799 1432 2827 magnam
1449 2792 1528 2820 orbis
1542 2791 1656 2827 plagam
1670 2796 1774 2824 cogno-

954 2835 1050 2867 Scitur
1076 2834 1212 2877 replesse.
1229 2834 1283 2873 Qui
1307 2835 1445 2876 quoniam
1468 2836 1525 2872 his,
1539 2842 1602 2874 qua
1622 2833 1671 2863 Dei
1692 2831 1774 2875 sunt,
