4938 6432
1293 458 1412 519 655

2261 453 2598 516 IlODULFl
2645 450 2924 512 GLABRI
2971 449 3331 510 MONACHI
3380 447 3741 510 CLUNIAC.

4589 446 4714 511 656

1290 590 1560 649 videlicet
1583 589 1832 662 justitiaa
1879 593 1937 643 et
1983 586 2234 661 piehtis,
2265 585 2537 658 operibus
2583 584 2942 640 incessanter
2967 581 3023 651 Α
3053 581 3196 637 viles
3232 581 3651 653 dispositums.
3683 580 3946 637 Nimium
3978 581 4197 655 quippe
4226 581 4552 656 ﬂagitiosus
4584 581 4722 638 eil‘e-

1296 682 1692 746 adheserunt,
1724 678 1940 734 idcirco
1971 677 2140 732 bonis
2171 676 2442 732 omnibus
2475 673 2678 746 repleri
2711 690 2939 728 merue-

1298 769 1824 840 runt,insuperque
1846 765 2057 822 futuris
2078 764 2356 819 imitabile
2378 763 2736 835 reliquerunt
2759 777 2948 816 exem-

1301 859 1490 932 plum.
1518 858 1665 913 Nam
1691 860 1821 930 post
1850 855 2149 929 praefatum
2196 858 2515 907 Bernonem
2567 852 2826 922 suscepit
2859 867 2945 904 re-

1304 947 1544 1023 giminis
1580 961 1785 1003 curam
1830 943 2299 1017 sapientissimus
2342 942 2526 997 abbas
2557 941 2700 1001 Odo,
2733 942 2819 993 vir
2851 956 2952 1011 per

1307 1038 1505 1095 omnia
1549 1033 2048 1107 religiosissimus,
2079 1031 2180 1104 qui
2231 1032 2418 1085 fuerat
2476 1029 2661 1084 sancti
2719 1027 2948 1082 Martini

1308 1125 1560 1183 Turonis
1589 1122 1850 1180 Ecclesite
1880 1121 2245 1194 prepositus,
2271 1120 2534 1174 moribus
2565 1124 2622 1173 et
2651 1135 2954 1171 conversa-

1308 1214 1464 1271 tione
1488 1212 1810 1269 sanctitatis
1835 1209 2001 1265 valde
2031 1209 2404 1265 ornatus.llic
2429 1207 2585 1262 enim
2632 1208 2690 1260 in
2725 1211 2952 1260 tantum

1309 1304 1486 1376 hujus
1536 1300 1790 1358 instituti
1846 1304 2201 1372 propagator
2246 1299 2486 1360 exstitit,
2517 1301 2637 1350 uta
2665 1295 2955 1349 Beneven-

1307 1399 1442 1450 tana
1471 1391 1768 1466 provincia
1803 1405 2050 1462 quaeque
2099 1388 2468 1443 habebantur
2511 1387 2566 1440 in
2618 1385 2782 1440 Italia
2811 1388 2867 1437 et
2897 1383 2954 1436 in

1307 1482 1506 1540 Galliis
1534 1497 1723 1554 usque
1773 1481 2068 1536 Oceanum
2120 1493 2282 1532 mare
2328 1478 2555 1548 potiora
2605 1473 2959 1528 monasteria

1304 1571 1464 1628 illius
1519 1569 1728 1627 ditioni
1786 1566 2223 1642 gratularentur
2288 1581 2416 1619 esse
2482 1564 2762 1632 subjecta.
2827 1561 2959 1615 Post

1308 1663 1480 1734 cujus
1508 1660 1737 1717 obitum
1780 1657 2066 1712 successit
2116 1655 2467 1710 Heimardus
2515 1653 2602 1708 vir
2631 1650 2873 1722 simplex
2900 1649 2955 1703 in

1311 1750 1502 1824 ipsius
1535 1747 1752 1804 locum.
1785 1745 1892 1810 Qui
1949 1745 2083 1799 licet
2135 1761 2254 1799 non
2314 1744 2453 1797 adeo
2511 1739 2961 1806 famosissimus,

1314 1837 1601 1912 regularis
1653 1841 1850 1892 tamen
1898 1832 2280 1888 observantim
2331 1848 2442 1885 non
2497 1830 2685 1900 impar
2739 1834 2958 1883 custos.

3053 677 3201 738 ctus,
3235 669 3490 725 ecclesia:
3544 670 3790 741 insuper
3843 671 4044 738 decus,
4095 671 4232 726 nisu
4287 686 4408 744 quo
4454 669 4672 727 valeba

3057 760 3269 814 fmdare
3302 761 3581 813 tentabat.
3615 759 3952 814 Judieorum
3977 758 4290 832 quoquein
4319 764 4554 816 tantum
4581 773 4727 833 plu.

3055 849 3430 904 varicatorias
3460 849 3740 919 diligebat
3793 849 4271 918 consuetudines,
4303 855 4370 905 ut
4412 865 4476 906 Ie
4521 864 4722 922 legem

3059 939 3323 1009 ipsorum
3357 954 3462 992 suo
3502 938 3880 1009 prrnomine,
3917 937 4247 994 Rainardus
4291 939 4512 1012 quippe
4555 939 4723 995 dioe-

3061 1026 3389 1090 batur,suis
3415 1026 3690 1080 omnibus
3719 1027 4204 1099 imperaret.Cum
4227 1028 4388 1083 enim
4411 1028 4470 1082 in
4495 1027 4724 1084 ceteris

3064 1115 3574 1179 mendacissimus,
3609 1116 3783 1169 etiam
3824 1115 4168 1174 Christianis
4217 1115 4352 1171 tidei
4397 1117 4726 1173 insidiosas

3066 1205 3387 1257 habebatur
3415 1204 3725 1259 detractor.
3761 1207 3950 1276 Atque
3982 1203 4110 1260 ideo
4141 1221 4467 1278 pauperum
4507 1205 4726 1261 indicia

3064 1294 3287 1363 absque
3321 1292 3438 1346 ulla
3469 1293 3876 1365 promulgabat
3909 1294 4144 1366 pietate,
4173 1296 4412 1367 penitus
4451 1294 4726 1350 humaui-

3065 1387 3183 1436 tate
3215 1387 3454 1436 remota.
3483 1381 3626 1436 Nam
3657 1384 3759 1446 rei,
3794 1400 3972 1454 quam
4002 1384 4269 1439 dicturus
4310 1399 4468 1449 sum,
4499 1389 4584 1440 tot
4613 1389 4732 1443 tee-

3065 1478 3153 1524 tes
3184 1473 3528 1526 exstiterunt
3559 1473 3762 1544 quanti
3797 1473 3852 1527 in
3885 1473 4088 1528 eadem
4121 1472 4440 1529 civitateeo
4461 1478 4727 1548 tempore

3065 1560 3334 1614 vivebant
3367 1560 3650 1615 homines.

3138 1649 3608 1719 Comprehensus
3639 1648 3957 1722 aliquando
3991 1649 4319 1722 ﬂagitiosus
4340 1652 4732 1725 quidamJ'ur-

3072 1745 3194 1791 tum
3223 1738 3460 1803 faciens,
3494 1738 3826 1809 ductusque
3858 1740 3928 1794 ad
3961 1756 4095 1794 eum
4131 1746 4193 1795 ut
4226 1742 4356 1812 ejus
4401 1741 4726 1810 audientis,

3071 1828 3208 1898 quid
3244 1828 3312 1881 de
3345 1845 3410 1881 eo
3439 1828 3766 1884 faciendum
3811 1835 3987 1894 esset,
4017 1831 4437 1902 assignantur.
4469 1834 4577 1900 Qui
4609 1838 4732 1890 sta-

1314 1928 1454 1984 Post
1481 1927 1638 1981 hunc
1665 1939 1900 1997 quoque
1938 1926 2176 1978 sanctus
2227 1938 2291 1974 ac
2341 1919 2683 1974 venerabilis
2730 1918 2966 1988 eligitur
2996 1963 3040 2027 Β
3073 1916 3176 1970 tim
3209 1918 3365 1969 omni
3404 1917 3771 1972 miseratione
3806 1925 4026 1974 remota
4066 1920 4346 1992 suspendi
4373 1922 4432 1976 in
4466 1922 4730 1994 patibulo

1316 2017 1370 2027 --
1414 2017 1424 2027 ο
1470 2014 1484 2027 a
1697 2014 1708 2027 ο
2023 2012 2031 2021 ·
2333 2025 2346 2027 _
2394 2010 2403 2019 '
2465 2026 2496 2027 ,,
2556 2009 2796 2027 A',,',,-AA-
2871 2006 2957 2027 ._-_I
3074 2005 3233 2027 III”...
3276 2024 3296 2027 _
3329 2007 3405 2027 I:__
3433 2006 3620 2027 12---.2A
3685 2011 3737 2027 ΑΔ
3777 2008 3808 2027 3,
3843 2024 3892 2027 ,Α
3953 2008 4042 2027 mw!
4101 2008 4156 2027 .1,
4183 2026 4192 2027 κ
4251 2009 4288 2027 ,I
4325 2026 4372 2027 κη
4541 2011 4568 2027 ρ
4708 2018 4722 2027 Α

1316 2014 1588 2081 Maiolus,
1617 2014 1788 2084 cujus
1837 2012 2112 2083 superius
2165 2010 2505 2064 memoriam
2555 2009 2820 2073 fecimus,
2864 2006 2961 2076 qui

1317 2105 1492 2162 etiam
1526 2117 1919 2160 successorem
1952 2100 2062 2156 sibi
2101 2098 2520 2153 munachorum
2555 2097 2784 2151 Patrem
2819 2112 2960 2166 prae-

1316 2195 1463 2250 vidit
1489 2192 1814 2250 0dilonem.
1849 2189 1950 2245 llic
1987 2189 2199 2244 etenim
2251 2188 2491 2260 quintus
2525 2204 2557 2242 a
2590 2186 2779 2258 primo
2829 2184 2961 2237 lier-

1315 2300 1465 2340 none
1507 2282 1688 2338 abbas
1731 2278 1953 2335 exstitit
2008 2277 2266 2349 praedicti
2313 2276 2642 2330 Cluniensis
2691 2273 2960 2328 tumebit.

1313 2374 1393 2429 Ex
1422 2388 1539 2446 quo
1567 2369 1834 2426 videlicet
1861 2366 2122 2423 coenobio
2176 2383 2278 2438 per
2324 2366 2584 2419 diversas
2639 2361 2963 2436 provincias

1313 2463 1518 2519 fratres
1563 2459 1779 2532 sepius
1836 2457 2228 2530 petiti,atque
2282 2454 2705 2509 monachorum
2765 2452 2962 2506 Patres

1312 2550 1584 2617 ordinati,
1625 2548 1951 2622 plurimum
2009 2544 2252 2600 Domino
2300 2545 2662 2614 acquisivere
2710 2542 2961 2595 lucrum.

1313 2641 1415 2696 Hic
1437 2644 1636 2696 tamen
1671 2637 1860 2703 Pater,
1888 2633 2110 2689 scilicet
2137 2631 2578 2697 Willermus,de
2602 2648 2716 2702 quo
2741 2631 2796 2684 in
2829 2647 2966 2700 prm-

1315 2729 1641 2786 sentiarum
1680 2740 1873 2779 sermo
1919 2722 2221 2777 exordium
2271 2720 2497 2784 habuit,
2527 2737 2642 2792 pra:
2690 2720 2965 2774 omnibus

1318 2815 1526 2874 exinde
1573 2813 2031 2888 praecedentibus
2079 2810 2427 2882 praescripta:
2479 2810 2860 2864 institutionis
2891 2809 2967 2864 la-

1321 2904 1610 2962 boriosior
1641 2919 1708 2958 ac
1739 2899 2162 2974 spermologius
2214 2900 2615 2975 fructiticatior
2643 2905 2730 2956 est
2773 2916 2965 2971 reper-

1323 3001 1444 3053 tus.

1962 3079 2194 3136 CAPUT
2233 3079 2322 3134 VI.

1471 3179 1553 3233 De
1577 3181 1906 3230 sanctorum
1934 3169 2266 3242 pignoribus
2292 3170 2497 3242 ubique
2526 3171 2811 3226 revelatis.

1389 3264 1727 3330 Candidato,
1766 3266 1832 3318 ut
1877 3261 2155 3328 diximus,
2207 3260 2264 3314 in
2315 3261 2542 3314 novatis
2587 3261 2963 3315 ecclesiarum

3074 2005 3237 2058 illum
3272 2006 3643 2074 adjudicavit.
3673 2011 3740 2060 At
3775 2008 3898 2077 ipse
3946 2008 4043 2078 qui
4092 2008 4492 2081 deprehensus
4539 2011 4730 2069 fuerat

3074 2093 3520 2163 lacrymaliiliter
3553 2096 3891 2166 prmdictum
3925 2096 4281 2153 Rainardum
4305 2115 4509 2173 rogare
4529 2102 4726 2173 coepit,

3076 2188 3134 2236 ut
3166 2182 3216 2236 ei
3250 2183 3319 2237 ad
3359 2200 3612 2254 prmsens
3649 2185 3827 2238 vitam
3879 2185 4229 2258 indulgeret,
4257 2171 4730 2262 pﬂmittenstpe

3073 2289 3132 2326 se
3164 2272 3438 2344 deinceps
3471 2290 3584 2328 non
3621 2273 4123 2329 latrocinaturum.
4156 2276 4267 2331 Sed
4311 2278 4728 2351 nequicquam.

3072 2361 3371 2414 Crudelior
3401 2363 3615 2434 quippe
3647 2365 3819 2417 tit-bat
3850 2366 4234 2420 sacramentis
4285 2366 4463 2422 etiam
4505 2385 4568 2424 se
4597 2369 4730 2426 obs-

3073 2449 3356 2518 tringens,
3392 2468 3504 2505 non
3534 2450 3686 2506 ultra
3717 2452 4007 2507 victurum
4057 2454 4463 2512 obsecrantem
4511 2473 4576 2514 se
4623 2459 4732 2516 mi-

3074 2555 3291 2592 serum.
3326 2539 3430 2601 Qui
3464 2541 3666 2594 videns
3718 2542 3960 2596 minime
4009 2559 4182 2614 posse
4229 2544 4513 2617 prolatam
4565 2547 4728 2604 dese

3075 2629 3384 2683 immutare
3416 2632 3789 2695 sententiam,
3822 2630 3930 2686 hoc
3962 2631 4332 2689 solummodo
4373 2635 4728 2708 impetravit,

3076 2721 3135 2770 ut
3169 2717 3438 2787 prmdicto
3471 2721 3630 2773 ticret
3660 2721 3965 2774 confessus
3989 2737 4232 2778 suorum
4255 2723 4581 2780 facinorum
4609 2726 4730 2798 epi-

3072 2824 3279 2878 scopo;
3315 2807 3536 2878 sibique
3570 2810 3836 2880 protinus
3870 2811 4174 2876 morituro,
4206 2814 4362 2884 quod
4404 2812 4586 2886 hujus
4615 2816 4728 2872 mi-

3075 2896 3310 2950 nisterio
3343 2913 3685 2951 concessum
3719 2902 3827 2964 est,
3859 2897 4175 2955 clementer
4203 2902 4723 2972 remittereLQuod

3076 2989 3136 3038 ut
3166 2986 3438 3051 obtinuit,
3473 2985 3625 3040 illico
3657 3003 3689 3041 a
3717 3003 3969 3058 nequam
4018 2989 4304 3045 ministris
4352 2993 4730 3065 compellitur

3075 3091 3428 3145 suspensum
3457 3074 3561 3140 iri;
3593 3077 3954 3147 eductusque
3985 3078 4056 3132 ad
4089 3081 4474 3137 constitutum
4525 3081 4723 3140 locum

3077 3163 3194 3217 harc
3223 3165 3395 3218 verba
3421 3165 3635 3237 saepius
3669 3166 3913 3220 iterabat
3937 3182 3949 3220 :
3977 3166 4220 3224 Domine
4239 3169 4507 3244 .lesu,qui
4532 3172 4592 3228 in
4615 3171 4728 3230 hac
4789 3201 4800 3210 ο

3074 3253 3166 3307 die
3199 3254 3524 3325 pependisti
3547 3255 3602 3308 in
3621 3271 3791 3308 cruce
3813 3273 3913 3326 pro
3937 3255 4123 3312 salute
4147 3257 4726 3335 bominum,indulge

1319 3354 1575 3413 basilicis
1605 3353 1880 3410 universo
1903 3350 2146 3416 mundo,
2178 3349 2560 3419 subsequenti
2593 3354 2871 3420 tempore,
2907 3350 2963 3405 id
2995 3333 3040 3399 C
3075 3342 3238 3396 mihi.
3293 3344 3428 3397 Erat
3474 3345 3629 3398 enim
3684 3343 3778 3399 ille
3819 3344 4048 3400 dierum
4098 3352 4320 3414 sextus,
4352 3351 4454 3421 qui
4509 3333 4732 3408 idcirco

1313 3450 1421 3513 est,
1452 3460 1606 3500 anno
1637 3446 1838 3498 octavo
1871 3440 2022 3494 infra
2050 3437 2392 3510 praedictum
2442 3438 2819 3494 millesimum
2853 3439 2961 3493 hu-

1315 3531 1539 3590 manati
1579 3528 1899 3586 Salvatoris
1947 3542 2192 3592 annum,
2225 3526 2472 3581 revelata
2519 3532 2657 3583 sunt
2705 3529 2960 3582 diverso-

1316 3637 1449 3677 rum
1479 3622 1962 3692 argumentorum
2009 3613 2261 3681 indiciis,
2295 3632 2575 3687 quorsum
2624 3617 2726 3671 diu
2778 3617 2961 3673 latue-

1317 3712 1469 3776 rant,
1495 3706 1886 3781 plurimorum
1913 3709 2244 3759 sanctorum
2297 3703 2558 3775 pignora.
2588 3704 2734 3758 Nam
2783 3703 2958 3759 veluti

1316 3799 1615 3872 quoddam
1633 3791 2073 3851 resurrectionis
2089 3791 2429 3848 decoramen
2450 3793 2851 3865 prmstolantes
2868 3793 2959 3849 Dei

1318 3891 1463 3946 nutu
1512 3885 1776 3942 fidelium
1825 3882 2128 3939 obtutibus
2177 3888 2432 3954 patuere,
2486 3899 2736 3953 quorum
2786 3882 2958 3938 etiam

1314 3977 1610 4036 mentibus
1649 3973 1971 4048 plurimum
2020 3970 2266 4027 intulere
2313 3971 2596 4027 solamen.
2631 3971 2756 4027 Hmc
2804 3973 2959 4028 enim

1313 4067 1582 4126 revelatio
1641 4063 1916 4138 primitus
1971 4062 2030 4117 in
2084 4061 2368 4118 Senonica
2422 4059 2742 4116 Galliarum
2793 4062 2960 4132 urbe,

1312 4157 1466 4232 apud
1499 4153 1807 4214 ecclesiam
1837 4151 1988 4208 beati
2016 4151 2290 4224 martyris
2337 4149 2614 4222 Stephani
2666 4151 2960 4223 dignosci-

1309 4251 1408 4304 tur
1434 4245 1700 4320 coepisse.
1729 4241 1832 4298 Cui
1881 4240 2057 4298 etiam
2103 4243 2344 4312 prmerat
2400 4239 2779 4313 archipresul
2827 4241 2962 4296 Leo-

1311 4335 1754 4405 tericus,aquo
1806 4329 2028 4387 scilicet
2084 4329 2429 4385 admiranda
2487 4327 2673 4384 relatu
2731 4333 2962 4402 reperta

1269 4430 1453 4483 .sunt
1501 4424 1583 4480 ibi
1637 4421 2011 4494 antiquorum
2064 4435 2364 4474 sacrorum
2419 4418 2692 4488 insignia.
2734 4419 2959 4491 Quippe

1310 4515 1462 4570 inter
1489 4517 1695 4570 cetera
1723 4509 2016 4584 perplura,
2050 4525 2177 4580 quas
2217 4507 2496 4571 latebant,
2527 4506 2745 4561 dicitur
2784 4509 2958 4580 virgas

1310 4601 1490 4676 Moysi
1522 4600 1811 4657 invenisse
1842 4601 2084 4670 partem.
2120 4596 2205 4650 Ad
2237 4597 2408 4666 cujus
2449 4593 2528 4649 rei
2579 4593 2796 4650 famam
2826 4613 2959 4651 con-

3073 3431 3344 3485 tidelibus
3376 3432 3665 3487 universis
3699 3435 4050 3489 reverentior
4089 3434 4356 3493 habetur.
4387 3439 4526 3495 Esto
4559 3457 4573 3496 :
4608 3440 4734 3497 vin-

3071 3520 3523 3588 citur,elevatur,
3543 3526 3879 3594 arctatoque
3909 3523 4289 3595 suspenditur
4314 3527 4732 3600 guttum.Cun-

3069 3610 3296 3680 ctisque
3345 3611 3419 3665 ab
3469 3610 3576 3665 hac
3626 3611 3877 3679 funesta,
3911 3617 3975 3666 ut
4017 3615 4322 3684 putabant,
4355 3620 4730 3675 exsecutione

3072 3701 3499 3766 recedentibus,
3535 3702 3797 3772 pendens
3848 3701 4003 3755 velut
4054 3704 4339 3760 exanimis
4393 3708 4616 3763 mansit
4665 3707 4728 3764 in

3071 3788 3224 3842 diem
3257 3788 3527 3843 alterum.
3550 3791 3714 3844 Tunc
3749 3795 3892 3844 nutu
3917 3790 4113 3846 divino
4135 3795 4324 3868 ruptis
4348 3794 4730 3868 ligaminibus

3071 3877 3328 3949 suscepit
3358 3883 3511 3933 terra
3537 3879 3792 3933 solutum
3827 3879 4148 3948 hominem,
4179 3884 4399 3954 pariter
4425 3890 4482 3940 et
4528 3887 4726 3942 vivum

3070 3967 3170 4038 qui
3203 3967 3516 4038 cogebatur
3547 3970 3743 4023 subire
3776 3983 3973 4023 necem
4002 3969 4111 4024 sibi
4143 3972 4411 4029 sublatus
4443 3991 4546 4047 per
4570 3977 4728 4032 aeris

3069 4073 3270 4110 vacua.
3303 4058 3410 4122 Qui
3438 4058 3738 4129 ingressus
3769 4060 4060 4116 civitatem
4091 4062 4393 4134 stupidum
4433 4065 4726 4122 universis

3069 4146 3316 4218 praebuit
3347 4148 3764 4218 spectaculum.
3799 4152 3906 4206 Sed
3931 4151 4080 4207 heul
4116 4151 4259 4224 proh
4283 4151 4480 4208 doiorl
4512 4153 4585 4210 ad
4607 4155 4726 4228 pri-

3069 4235 3224 4290 stina
3254 4252 3521 4292 reversus
3555 4237 3881 4309 ﬂagitiosus
3911 4242 4112 4298 evasit.

3138 4324 3241 4379 Cui
3275 4326 3354 4380 rei
3387 4325 3578 4381 simile
3610 4328 3791 4383 fertur
3819 4332 4134 4402 contigisse
4172 4329 4232 4387 in
4264 4332 4616 4390 Trecassina
4641 4335 4728 4390 ci-
4753 4339 4794 4380 ο

3066 4415 3240 4469 vitate
3273 4432 3386 4468 non
3419 4414 3590 4487 longo
3622 4422 3756 4471 ante
3785 4423 4066 4492 tempore.
4097 4420 4245 4476 Nam
4289 4421 4432 4477 dum
4477 4423 4722 4495 quidam

3067 4505 3245 4569 fures,
3281 4503 3455 4558 boves
3487 4521 3600 4574 prm
3632 4523 3692 4562 se
3725 4507 4038 4578 minantes,
4059 4525 4093 4564 a
4125 4509 4380 4567 dominis
4428 4511 4606 4568 boum
4638 4513 4726 4572 in-

3066 4593 3232 4666 sequi
3265 4610 3325 4647 se
3357 4592 3802 4666 intellexissent,
3825 4599 4248 4655 commiserunt
4277 4600 4514 4657 eosdem
4545 4602 4724 4659 boves

1311 4693 1594 4748 venerunt
1624 4689 1843 4762 quique
1873 4686 2095 4753 Fideles,
2128 4701 2242 4740 non
2292 4683 2488 4739 solum
2539 4697 2606 4737 ex
2649 4681 2960 4740 Gallicanis
2991 4695 3038 4760 ι)
3066 4683 3187 4738 viro
3219 4683 3453 4738 cuidam
3488 4685 3610 4738 seni
3643 4690 3698 4740 et
3728 4685 4222 4761 innocenti,quasi
4251 4688 4439 4746 victus
4460 4707 4726 4748 necessa-

1311 4779 1644 4854 provinciis.
1673 4792 1876 4834 verum
1902 4775 2080 4832 etiam
2111 4789 2180 4828 ex
2210 4771 2483 4826 universa
2512 4787 2658 4842 pene
2691 4771 2871 4840 Italia,
2897 4791 2961 4828 ac

1310 4869 1381 4925 de
1427 4865 1840 4925 transmarinis
1887 4861 2247 4936 regionibus,
2280 4858 2576 4930 simulque
2619 4865 2961 4932 mgrotantes

1310 4975 1426 5014 non
1460 4957 1625 5030 pauci
1653 4958 1991 5011 sanctorum
2035 4950 2364 5004 interventu
2411 4947 2617 5003 exinde
2666 4948 2963 5005 redierunt

1311 5046 1654 5102 incolumes.
1687 5044 1820 5111 Sed,
1875 5044 1939 5096 ut
1991 5037 2316 5110 saepissime
2368 5036 2628 5109 contigit,
2682 5039 2960 5109 quoniam

1309 5135 1465 5191 unde
1497 5133 1760 5189 humana
1788 5127 2014 5185 utilitas
2045 5124 2227 5184 sumit
2271 5126 2592 5195 exordium,
2625 5127 2960 5200 cupiditatis

1307 5223 1449 5280 vitio
1479 5216 2050 5294 impellente,exinde
2080 5215 2225 5271 solet
2255 5215 2546 5272 incurrere
2577 5233 2800 5282 casum,
2819 5233 2958 5274 nam

1305 5311 1588 5385 praedicta
1643 5307 1786 5362 urbs
1843 5309 2128 5362 conventu
2185 5303 2551 5378 populorum,
2584 5311 2648 5360 ut
2676 5305 2952 5374 diximus,

1305 5397 1497 5473 gratia
1546 5395 1784 5470 pictatis
1831 5395 2032 5451 eﬂ‘ecta
2072 5393 2534 5466 opulentissima,
2565 5397 2958 5470 conceperunt

1303 5487 1467 5544 iliius
1497 5483 1852 5542 habitatores
1883 5484 2124 5541 nimiam
2158 5501 2258 5556 pro
2293 5489 2452 5540 tanto
2486 5485 2764 5539 beneficio
2803 5484 2958 5539 inso-

1301 5575 1567 5634 lentiam.
1599 5575 1899 5649 Siquidem
1929 5579 2160 5632 mortuo
2185 5573 2370 5648 ipsius
2419 5573 2670 5629 civitatis
2717 5574 2949 5640 comite,

1301 5665 1651 5726 F'lotmundo
1680 5664 2062 5736 nomine,viro
2091 5681 2253 5738 aeque
2283 5661 2948 5738 simplicissimo,susce-

1301 5755 1391 5844 με
1425 5755 1554 5834 ejus
1591 5756 1752 5820 ﬁlius
1796 5755 2186 5838 principstum
2237 5753 2388 5817 satis
2433 5767 2712 5830 nequam,
2741 5769 2835 5812 res
2863 5752 2948 5812 ci-

3069 4773 3154 4826 ria
3184 4771 3506 4843 quzesituri,
3526 4790 3720 4828 revera
3753 4774 3899 4848 fuga:
3931 4776 4267 4850 praesidium
4303 4782 4565 4851 petentes
4594 4796 4723 4838 eva-

3068 4860 3212 4916 suri.
3245 4862 3408 4927 Quod
3454 4879 3586 4917 cum
3634 4863 3926 4932 fecissent,
3960 4865 4156 4921 statim
4201 4865 4604 4940 deprehensus
4631 4873 4726 4928 est

3067 4967 3244 5005 senex
3299 4969 3434 5006 cum
3493 4952 3715 5015 bobus;
3751 4954 4022 5022 trahitur,
4072 4956 4334 5024 caeditur,
4368 4972 4435 5012 ac
4482 4974 4720 5016 reorum

3071 5055 3228 5093 more
3261 5039 3532 5094 vincitur.
3565 5039 3902 5113 Ductusque
3945 5043 4016 5098 ad
4071 5043 4391 5118 principem
4441 5045 4718 5118 civitatis,

3068 5127 3339 5182 comitem
3373 5128 3638 5184 videlicet
3670 5129 4062 5200 Heribertum,
4093 5132 4216 5188 vult
4243 5150 4484 5190 causam
4528 5136 4723 5192 discu-

3067 5221 3205 5272 tere.
3241 5217 3366 5272 Non
3398 5218 3667 5286 auditur;
3703 5219 3842 5292 quin
3877 5222 4070 5294 potius
4096 5223 4266 5295 quasi
4310 5223 4494 5280 cruda
4521 5240 4720 5282 senec-

3065 5310 3189 5362 tute
3219 5323 3352 5362 reus
3381 5307 3561 5376 necis,
3595 5310 3910 5380 suspendio
3950 5311 4022 5366 ab
4071 5312 4274 5368 eodem
4320 5313 4533 5368 comite
4555 5313 4720 5388 adju-

3063 5395 3598 5468 dicatur.Quodque
3627 5398 3803 5453 etiam
3837 5400 4059 5472 absque
4093 5399 4212 5458 ulla
4249 5400 4529 5462 dilatione
4559 5417 4721 5475 pera-

3062 5488 3220 5538 ctum
3252 5489 3360 5539 est.
3397 5486 3507 5540 Sed
3541 5502 3674 5540 mox
3706 5491 3768 5540 ut
3798 5489 4180 5562 suspendium
4217 5490 4476 5562 pertulit,
4496 5491 4714 5547 mirum

3062 5572 3120 5626 in
3154 5574 3392 5627 modum
3417 5574 3670 5644 juvenca
3694 5578 3886 5647 magni
3920 5582 3974 5633 et
4005 5577 4282 5651 pervalidi
4313 5581 4719 5652 corporis,ere—

3058 5665 3149 5719 cto
3178 5678 3420 5736 corpore
3449 5679 3668 5718 cornua
3697 5668 3967 5738 suspensi
3999 5665 4214 5740 plantis
4244 5668 4578 5741 supposuit,
4605 5669 4720 5725 sic-

3058 5769 3171 5829 que
3199 5769 3306 5828 per
3329 5751 3594 5810 triduum
3626 5752 3751 5813 sine
3781 5754 3979 5814 dolore
4003 5754 4198 5816 visum
4226 5755 4718 5838 sustinuit.Exple
