4938 6422
784 492 904 558 657

1651 503 2190 569 HISTORIARUM
2237 509 2440 571 LIBRI
2485 510 2858 587 QUINQUE.
2906 549 2984 564 -—
3026 519 3172 582 LIB.
3220 522 3324 583 Ill.

4060 523 4181 590 658

786 636 965 732 teque
994 613 1211 732 triduo,
1239 615 1461 691 audivit
1489 633 1539 732 is
1568 636 1667 732 qui
1694 638 1983 732 pendebat
2009 639 2256 732 viatores
2269 643 2440 714 juxta
2465 643 2521 712 Α
2550 665 2664 722 quo
2691 666 2826 706 casu
2851 650 3177 724 potuissent
3206 653 3278 709 ab
3308 670 3373 711 eo
3399 652 3614 713 divelli.
3644 653 3748 723 Qui
3780 672 4050 732 egressus
4079 663 4180 719 de-

785 727 1212 796 praetereuntes
1268 724 1644 781 sermocinari
1689 727 1760 782 ad
1810 726 2078 786 invicem.
2113 730 2218 794 Qui
2249 733 2435 788 excla-

783 829 962 869 mans
993 829 1129 868 voce
1162 830 1278 886 qua
1311 814 1516 885 potuit,
1551 816 1623 870 ad
1654 817 2062 888 deponendum
2094 837 2156 875 se
2187 827 2432 892 quanto-

781 900 916 958 cius
968 903 1168 978 venire
1197 904 1461 976 rogabat.
1498 901 1584 960 Illi
1615 921 1749 960 vero
1780 906 2081 964 audientes
2120 910 2437 966 daemonica

777 989 914 1047 ﬁeri
949 991 1219 1048 illuswne
1249 993 1579 1048 credebant.
1615 993 2015 1052 Proclamante
2045 1013 2276 1069 quoque
2308 999 2433 1070 ipso

776 1081 1096 1146 attentius,
1120 1078 1301 1152 seque
1322 1080 1512 1136 vivere
1535 1082 1883 1150 affirmante,
1908 1093 2281 1142 occurrerunt
2301 1089 2430 1156 viri,

775 1167 1079 1224 solventes
1099 1167 1269 1224 illum
1292 1169 1705 1242 deposuerunt.
1729 1172 1836 1236 Qui
1861 1173 2173 1244 perductus
2205 1176 2275 1230 ad
2298 1176 2433 1231 civi-

772 1259 992 1326 tatem,
1025 1258 1166 1312 dum
1215 1262 1689 1330 percunctaretur
1744 1262 2034 1332 quomodo
2092 1265 2325 1319 tandem
2372 1265 2430 1320 in

775 1343 1052 1416 patibulo
1095 1346 1357 1418 pendens
1406 1363 1534 1402 sese
1585 1346 1906 1417 habuisset,
1941 1351 2174 1407 aiebat:
2220 1375 2246 1402 ‹‹
2281 1352 2429 1408 Dum

773 1451 1004 1500 essem,
1030 1435 1326 1506 inquiens,
1335 1435 1554 1506 junior,
1570 1441 1806 1508 accepta
1814 1438 1939 1508 jam
1965 1439 2428 1513 conjuge,excepi

771 1539 923 1578 cum
970 1524 1098 1596 ipsa
1142 1523 1405 1579 oblatum
1456 1522 1600 1579 mihi
1630 1543 1663 1580 a
1695 1526 1947 1596 quodam
1979 1528 2048 1582 de
2081 1545 2243 1584 sacro
2275 1530 2430 1584 fonte

769 1611 1055 1678 filiolum,
1089 1612 1182 1667 cui
1239 1611 1418 1667 etiam
1461 1613 1867 1669 consensimus
1916 1616 2070 1684 dare,
2107 1633 2174 1672 ex
2231 1623 2430 1674 nostra

766 1717 962 1772 parva
985 1697 1349 1762 facultatula.
1375 1717 1549 1773 quem
1583 1700 1770 1757 solum
1795 1702 1864 1757 de
1888 1709 2070 1759 matre
2093 1722 2428 1777 suscepera-

767 1805 919 1845 mus
948 1785 1175 1845 liberali
1207 1787 1396 1861 gratia
1422 1789 1671 1844 vitulum
1703 1791 1996 1847 unum.Ut
2025 1794 2178 1848 enim
2201 1793 2426 1865 pridem

769 1895 917 1936 sum
951 1877 1237 1933 dimissus
1269 1876 1421 1947 celsa
1452 1877 1522 1933 de
1552 1878 1712 1933 trabe
1741 1879 2150 1950 pendere,visa
2178 1883 2424 1938 estmihi

2543 738 2676 792 tulit
2708 739 2929 795 litteras
2963 743 3236 813 prmdicto
3269 744 3516 817 principi
3560 746 3797 802 refertas
3828 747 3958 804 dolo
3996 756 4051 805 et
4083 767 4178 808 ne-

2543 828 2762 898 quitia;
2796 834 2851 884 et
2882 833 3180 901 quoniam,
3215 832 3325 887 nisi
3357 834 3602 890 celerius
3631 836 3868 890 domum
3900 836 4172 897 Christia-

2543 932 2750 970 norum
2781 917 3166 973 venerabilem
3200 919 3576 987 subverteret,
3612 921 3786 976 sciret
3817 939 3880 977 se
3905 924 3963 978 in
3992 924 4177 995 proxi-

2542 1021 2706 1059 mum
2737 1005 3082 1062 Christianis
3112 1023 3356 1079 regnum
3389 1008 3548 1064 illius
3575 1011 3996 1082 occupantibus
4017 1014 4174 1070 omni

2541 1094 2773 1166 penitus
2805 1095 3086 1167 dignitate
3117 1097 3443 1152 carere.His
3474 1113 3606 1153 vero
3634 1099 3906 1171 princeps
3935 1100 4175 1169 auditis,

2539 1182 2804 1255 protinus
2855 1185 3047 1239 furore
3101 1188 3386 1256 arreptus,
3415 1183 3577 1241 misit
3622 1179 4080 1260 Hierosolymam
4106 1188 4177 1245 de

2540 1272 2664 1326 suis
2685 1272 2783 1342 qui
2811 1272 3151 1342 praedictum
3173 1273 3435 1328 funditus
3453 1275 3852 1332 subverterent
3869 1277 4174 1348 templum.

2537 1359 2644 1423 Qui
2695 1359 2990 1416 venientes
3049 1361 3307 1416 fecerunt
3356 1367 3422 1416 ut
3468 1363 3552 1418 eis
3583 1363 3770 1419 fuerat
3798 1363 4174 1436 imperatum.

2540 1451 2735 1519 Ipsum
2768 1464 2998 1520 quoque
3048 1465 3364 1504 concavum
3415 1451 3664 1522 sepulcri
3710 1447 4008 1508 tumulum
4034 1453 4171 1510 ferri

2537 1536 2823 1592 tuditibus
2872 1553 3152 1608 quassare
3205 1541 3495 1594 tentantes
3545 1540 3787 1595 minime
3839 1541 4166 1597 valuerunt.

2536 1625 2698 1680 Tunc
2717 1623 2892 1679 etiam
2915 1625 3066 1679 beati
3089 1625 3360 1697 martyris
3381 1626 3610 1698 Georgii
3643 1627 3943 1684 ecclesiam
3967 1630 4025 1682 in
4059 1629 4170 1686 Ra-

2536 1713 2694 1768 mulo
2718 1713 2931 1783 pariter
2955 1713 3382 1780 subverterunt,
3407 1715 3576 1784 cujus
3598 1713 3736 1769 olim
3762 1709 3950 1771 virtus
3977 1720 4171 1772 Sarra-

2535 1819 2808 1856 cenorum
2860 1800 3106 1856 nimium
3156 1805 3387 1872 gentem
3436 1806 3738 1858 terruerat.
3773 1803 3976 1858 Fertur
4013 1801 4169 1860 enim

2534 1891 2733 1946 crebro
2756 1889 2893 1944 illuc
2915 1906 3012 1944 eos
3037 1890 3260 1960 ingredi
3284 1891 3580 1960 cupientes
3601 1894 3831 1962 raptum
3855 1891 4170 1947 caecitatem

766 1965 1063 2042 grandior
1090 1964 1383 2072 υξιίνθνδίξδ
1413 1967 1754 2072 οῆὒυξτίεεθ,
1787 1971 2136 2067 e'xtensoque
2187 1987 2424 2044 corpore
2455 2007 2502 2072 B
2533 1979 2860 2051 pertulisse.
2892 1978 3103 2032 Everso
3141 1975 3339 2049 igitur,
3373 1981 3438 2032 ut
3465 1977 3740 2044 diximus,
3772 1979 4008 2050 templo,
4041 1985 4173 2052 post

767 2063 960 2128 atque
989 2055 1186 2110 erecta
1216 2053 1435 2110 cervice
1466 2055 1671 2110 leniter
1712 2056 1858 2111 meis
1905 2059 2180 2114 submisit
2209 2076 2428 2115 cornua

765 2143 1024 2220 plantis,
1049 2160 1113 2198 ac
1144 2159 1238 2198 me
1259 2141 1623 2213 bujusmodi,
1657 2143 1913 2215 quandiu
1949 2148 2212 2218 pependi,
2246 2149 2424 2204 susti-

766 2236 933 2291 nuit.
969 2256 997 2284 »
1029 2233 1148 2288 Hoc
1195 2247 1329 2286 vero
1379 2224 1476 2286 illo
1521 2232 1618 2303 qui
1666 2237 1928 2288 servatus
1960 2252 1992 2288 a
2021 2241 2205 2291 morte
2242 2237 2427 2293 fuerat

764 2317 1089 2392 referente,
1117 2321 1186 2376 ad
1223 2317 1382 2374 illius
1414 2319 1743 2392 exemplum
1773 2321 1908 2376 data
1937 2328 2025 2378 est
2050 2325 2424 2394 postmodum

758 2407 1007 2485 inger
1043 2407 1237 2464 filiolis
1287 2407 1466 2464 fontis
1515 2425 1690 2463 sacrae
1742 2409 1873 2465 fidei
1908 2410 2220 2467 vitulorum
2252 2412 2422 2469 innu-

758 2517 945 2559 mera
995 2497 1344 2554 multitudo.
1374 2497 1652 2552 Praeterea
1701 2498 2009 2565 Rainardo,
2037 2504 2102 2555 ut
2148 2502 2422 2576 diximus,

742 2589 1130 2664 judaizante,
1146 2585 1288 2657 quin
1319 2585 1512 2656 potius
1542 2584 1888 2652 insaniente,
1909 2604 2149 2644 suasum
2173 2595 2260 2645 est
2282 2591 2422 2661 regi,

765 2675 882 2750 qui
919 2671 1188 2729 videlicet
1218 2671 1386 2727 illum
1419 2672 1749 2743 frequenter
1779 2675 1848 2728 ob
1883 2691 2049 2730 suam
2082 2676 2425 2749 improbita-

762 2771 898 2822 tem
927 2763 1322 2835 redarguerat,
1338 2765 1403 2815 ut
1423 2760 1644 2816 scilicet
1663 2764 1834 2817 tantae
1865 2763 2110 2819 civitatis
2134 2764 2422 2836 principa-

761 2858 909 2910 tum
932 2849 1091 2923 regio
1114 2850 1459 2922 subjugaret
1489 2848 1767 2914 dominio,
1789 2867 1857 2905 ne
1887 2851 2178 2922 siquidem
2202 2852 2423 2908 diutius

761 2943 936 2998 vires
967 2937 1212 3012 pessimi
1244 2937 1585 2992 incrementi
1610 2944 1866 2993 sumeret
1887 2939 2226 2995 scandalum
2249 2958 2423 2997 sacra:

761 3029 938 3087 fidei.
964 3030 1090 3094 Qua
1129 3025 1352 3082 ratione
1385 3042 1481 3080 rex
1510 3025 1870 3097 compulsus,
1896 3027 2056 3083 misit
2083 3029 2420 3096 exercitum,

763 3119 880 3192 qui
917 3115 1260 3190 prazdictum
1287 3113 1646 3169 Rainardum
1673 3131 1705 3169 a
1728 3113 1954 3170 civitate
1976 3115 2270 3187 pellerent,
2292 3116 2426 3172 sibi-

767 3223 900 3282 que
933 3204 1092 3261 illam
1145 3203 1427 3258 tuendam
1476 3206 1789 3258 servarent.
1822 3203 2131 3260 Venientes
2160 3222 2292 3261 vero
2325 3205 2424 3278 qui

765 3289 954 3353 missi
989 3293 1221 3347 fuerant
1251 3307 1285 3346 a
1314 3307 1465 3363 rege,
1494 3295 1770 3362 ceperunt
1801 3293 2002 3347 urbem
2061 3309 2194 3348 cum
2245 3295 2428 3352 nimia

2535 2067 2839 2139 paululum
2862 2066 3166 2121 manifeste
3187 2065 3394 2120 claruit
3415 2065 3693 2137 quoniam
3712 2065 4047 2122 Judaeorum
4071 2083 4168 2122 ne-

2536 2156 2719 2228 quitia
2740 2159 2968 2210 tantum
2990 2154 3151 2209 nefas
3173 2155 3250 2209 sit
3267 2159 3581 2226 patratum.
3598 2154 3786 2226 thue
3807 2154 4168 2226 divulgatum

2533 2247 2622 2300 est
2651 2260 2751 2315 per
2775 2244 2973 2298 orbem
3002 2242 3362 2309 universum,
3387 2243 3684 2297 communi
3716 2242 3981 2297 omnium
4011 2242 4170 2297 Chrio

2535 2332 2855 2389 stianorum
2887 2346 3174 2386 consensu
3206 2331 3500 2385 decretum
3536 2334 3625 2385 est
3653 2335 3718 2385 ut
3747 2345 3950 2384 omnes
3981 2330 4166 2385 Judaei

2535 2422 2606 2476 ab
2633 2419 2864 2474 illorum
2895 2417 3065 2474 terris
3093 2417 3179 2472 vel
3225 2418 3556 2473 civitatibus
3600 2418 3868 2472 funditus
3893 2417 4168 2488 pelleren-

2532 2515 2647 2564 tur.
2679 2508 2885 2578 Sicque
2915 2506 3171 2561 universi
3201 2505 3332 2560 odio
3364 2503 3567 2570 habiti,
3599 2505 3822 2576 expulsi
3850 2505 3921 2560 de
3967 2505 4166 2559 civita-

2533 2597 2710 2661 tibus,
2746 2595 2842 2649 alii
2873 2593 3084 2666 gladiis
3129 2593 3422 2660 trucidati,
3455 2592 3552 2648 alii
3587 2592 3929 2648 ﬂuminibus
3976 2592 4164 2646 necati

2534 2685 2896 2756 diversisque
2910 2681 3183 2737 mortium
3198 2681 3507 2753 generibus
3528 2681 3855 2751 interempti
3872 2697 3886 2747 ;
3901 2679 4164 2734 nonnulli

2533 2772 2706 2828 etiam
2731 2788 2857 2828 sese
2877 2771 3100 2826 diversa
3122 2771 3274 2824 cade
3295 2769 3733 2833 interemerunt,
3754 2763 4057 2823 itascilicet
4077 2772 4160 2831 ut,

2533 2862 2708 2932 digna
2748 2861 2820 2915 de
2859 2860 2943 2914 eis
2987 2858 3204 2914 ultione
3236 2862 3487 2929 peracta,
3520 2857 3612 2911 vix
3637 2857 3806 2927 pauci
3838 2855 4071 2912 illorum
4104 2856 4162 2911 in

2532 2951 2668 3005 orbe
2694 2947 3084 3018 reperirentur
3107 2947 3389 3000 Romano.

2602 3038 2765 3092 Tunc
2811 3050 3042 3106 quoque
3097 3035 3390 3088 decretum
3441 3035 3529 3087 est
3570 3027 3642 3087 ab
3681 3031 3968 3102 episcopis
3993 3033 4165 3102 atque

2531 3123 2904 3180 interdictum
2932 3128 2996 3177 ut
3023 3121 3218 3176 nullus
3244 3120 3703 3176 Christianorum
3725 3119 3842 3174 illis
3863 3135 3925 3174 se
3945 3120 4003 3174 in
4027 3116 4166 3189 quo-

2532 3229 2761 3284 cunque
2791 3211 3034 3266 sociaret
3064 3209 3311 3281 negotio.
3347 3207 3404 3261 Si
3453 3206 3553 3278 qui
3599 3212 3794 3261 tamen
3840 3207 3912 3260 de
3941 3205 4058 3261 illis
4089 3206 4162 3261 ad

2532 3301 2806 3374 baptismi
2837 3299 3084 3372 gratiam
3135 3296 3388 3351 converti
3438 3289 3758 3350 voluissent
3813 3309 4164 3364 omnemque

758 3379 1256 3456 depopulatione,
1281 3382 1504 3450 partem
1526 3377 1702 3433 etiam
1728 3380 1854 3450 ejus
1879 3397 1990 3435 non
2022 3381 2308 3438 modicam
2333 3383 2419 3436 in-
2449 3366 2494 3432 Ε
2531 3366 2701 3446 δυξίαί

2217 3399 2308 3438 am
2333 3383 2419 3436 in-
2449 3366 2494 3432 Ε
2531 3366 3138 3458 Judaicam'respuere
3168 3383 3650 3439 consuetudinem
3675 3381 3762 3436 vel
3784 3380 4163 3449 morem,illos

757 3467 988 3531 cendio
1014 3483 1362 3524 cremavere.
1395 3467 1698 3539 Superavit
1727 3467 2017 3539 siquidem
2064 3471 2421 3542 magnitudi-

757 3575 912 3619 nem
947 3555 1159 3631 prioris
1185 3554 1381 3628 gaudii
1413 3556 1881 3628 promerentibus
1913 3557 2148 3630 ﬂagitiis
2173 3559 2420 3614 enormi-

759 3657 868 3708 tas
901 3644 1274 3704 calamitatis.

1406 3748 1636 3805 CAPUT
1674 3749 1798 3806 VII.

901 3847 984 3899 De
1015 3840 1290 3896 eversione
1319 3839 2060 3965 z'erosoly-morum,
2089 3849 2138 3897 et
2167 3842 2315 3898 caede

1596 3926 1770 3964 orum.

1596 3926 1770 3964 orum.

847 4001 932 4059 Eo
965 4015 1198 4073 quoque
1215 4001 1496 4070 tempore,
1523 3994 1580 4052 id
1605 4001 1693 4053 est
1721 4013 1873 4053 anno
1901 4015 2053 4054 nono
2075 4002 2206 4071 post
2227 4000 2428 4072 praefa-

765 4097 913 4148 tum
948 4087 1354 4149 millesimum,
1378 4083 1641 4156 ecclesia,
1663 4101 1787 4157 qua:
1806 4088 1956 4157 apud
1974 4087 2430 4161 Hierosolymam

766 4178 1123 4252 sepulcrum
1155 4173 1490 4231 continebat
1529 4173 1758 4229 Domini
1789 4191 1853 4229 ac
1883 4175 2194 4232 Salvatoris
2226 4178 2430 4242 nostri,

773 4280 997 4325 eversa
1020 4267 1109 4320 est
1131 4261 1397 4317 funditus
1411 4261 1582 4331 jussu
1606 4260 1884 4332 principis
1913 4261 2236 4332 Babylonis.
2257 4263 2435 4333 Cujus

765 4351 1054 4412 videlicet
1094 4348 1412 4407 eversionis
1451 4349 1674 4404 occasio
1705 4348 1838 4415 tale,
1889 4350 2042 4420 quod
2088 4350 2298 4405 dicturi
2331 4369 2434 4406 su-

771 4460 951 4511 mus,
977 4438 1345 4513 cognoscitur
1373 4438 1672 4493 exordium
1703 4437 2154 4494 habuisse.Cum
2185 4439 2341 4494 enim
2364 4441 2436 4495 de

767 4535 913 4589 toto
946 4533 1230 4584 terrarum
1264 4527 1403 4581 orbe
1432 4526 1503 4580 ob
1536 4525 1764 4597 insigne
1812 4525 2178 4580 Dominicum
2222 4543 2437 4583 memo-

761 4619 930 4678 riale
958 4616 1211 4689 plurima
1243 4613 1504 4669 fidelium
1529 4613 1839 4669 multitudo
1862 4614 2313 4688 Hierosolymam
2348 4617 2432 4669 vi-

2528 3481 2756 3532 tantum
2815 3475 3108 3545 suscipere
3165 3473 3558 3528 decreverunt.
3593 3470 3754 3534 Quod
3804 3474 3860 3525 et
3903 3469 4164 3524 fecerunt

2531 3565 2766 3641 plurimi
2786 3562 3017 3618 illorum
3041 3561 3228 3632 magis
3251 3576 3446 3616 amore
3477 3559 3778 3631 praesentis
3809 3557 3936 3613 vitis
3981 3557 4163 3613 coacti

2533 3656 2690 3708 metu
2723 3651 2926 3706 mortis
2959 3665 3135 3720 quam
3177 3648 3303 3702 vitae
3348 3646 3711 3718 sempiternae
3742 3644 3990 3718 gaudiis.
4019 3643 4165 3699 Nam

2535 3742 2868 3812 quicunque
2897 3738 3130 3793 illorum
3162 3752 3287 3792 sese
3334 3735 3479 3791 tales
3534 3733 3864 3790 mentiendo
3908 3732 4031 3788 fieri
4062 3747 4168 3803 po-

2537 3832 2842 3901 poscerant
2862 3826 3032 3898 paulo
3062 3829 3191 3896 post
3223 3825 3294 3879 ad
3321 3839 3543 3879 morem
3566 3821 3880 3894 pristinum
3902 3824 4042 3876 sunt
4062 3820 4169 3874 im-

2537 3917 2822 3990 pudenter
2851 3913 3078 3969 reversi.
3116 3914 3394 3967 Praeterea
3420 3911 3512 3966 his
3531 3909 3610 3965 ita
3639 3910 3841 3981 gestis,
3864 3908 4175 3979 przedictus

2537 4005 2864 4059 litterarum
2878 4001 3113 4072 bajulus
3129 4001 3198 4055 ad
3218 4001 3475 4054 nativum
3502 3997 3652 4052 male
3681 4012 3922 4052 securus
3944 3996 4178 4067 repeda-

2538 4093 2621 4146 vit
2651 4091 2862 4146 solum.
2896 4089 3079 4159 Cmpit
3124 4087 3319 4158 itaque
3350 4083 3554 4141 sedulo
3585 4084 3916 4155 perquirere
3947 4078 4009 4138 si'
4030 4083 4176 4138 forte

2540 4179 2874 4250 quempiam
2917 4175 3106 4247 gentis
3145 4192 3264 4229 suze
3295 4174 3519 4228 fraudis
3549 4172 3847 4226 conscium
3881 4170 4173 4241 reperiret.

2545 4267 2793 4322 Inventis
2841 4281 2974 4319 vero
3020 4261 3325 4335 perpaucis
3366 4261 3424 4315 in
3459 4261 3687 4315 civitate
3732 4258 4176 4314 Aurelianorum

2542 4355 2744 4428 pavide
2770 4353 3082 4408 admodum
3115 4351 3480 4421 degentibus,
3505 4365 3709 4403 rursus
3741 4347 3912 4418 coepit
3941 4346 4176 4402 illorum

2544 4442 2890 4499 familiarius
2937 4441 3019 4494 uti
3055 4439 3350 4494 corsortio.
3383 4436 3608 4491 Accidit
3635 4435 3813 4506 igitur
3843 4438 3905 4489 ut
3936 4434 4176 4506 quidam

2545 4531 2906 4604 peregrinus,
2929 4530 3056 4598 ejus
3078 4528 3134 4580 in
3159 4525 3551 4581 transmarino
3573 4524 3766 4580 socius
3786 4523 3990 4578 itinere
4003 4527 4178 4594 atque

2545 4617 2867 4676 certissime
2897 4617 3054 4670 illius
3084 4614 3306 4669 itineris
3337 4612 3604 4668 conscius
3636 4611 3872 4683 negotii,
3903 4607 4051 4665 illuc
4074 4610 4177 4666 de-

767 4705 1024 4767 sitaturi
1057 4707 1386 4777 pergerent,
1420 4719 1625 4758 rursus
1675 4703 1845 4774 coepit
1891 4703 2120 4758 invidus
2163 4703 2434 4760 diabolus
2468 4724 2513 4788 ι)
2545 4709 2764 4764 veniret
2794 4721 3112 4776 rursusque
3141 4703 3308 4757 illum
3340 4702 3674 4757 Judzeorum
3705 4699 3980 4755 amicitiis
4001 4697 4178 4754 nimis

766 4813 892 4872 per
909 4797 1210 4850 assuetam
1233 4791 1346 4846 sibi
1365 4790 1702 4848 Judzeorum
1725 4795 1956 4862 gentem
1980 4809 2122 4847 verae
2150 4792 2282 4846 fidei
2315 4791 2434 4847 cul-

765 4884 1022 4944 toribus
1052 4897 1340 4936 venenum
1371 4895 1489 4935 sure
1517 4879 1785 4950 nequitiae
1812 4881 2138 4953 propinare.
2163 4881 2296 4936 Erat
2327 4880 2434 4951 igi-

765 4982 888 5031 tur
919 4971 1102 5041 hujus
1134 4969 1364 5046 generis
1397 4969 1549 5040 apud
1597 4967 2072 5024 Aurelianensem
2119 4967 2435 5025 Galliarum

2544 4798 2758 4853 haerere
2789 4799 3082 4860 cerneret;
3117 4789 3308 4864 palam
3343 4789 3629 4845 universis
3667 4788 3924 4843 indicare
3953 4785 4181 4842 curavit

2545 4884 2744 4957 quanti
2771 4883 2902 4937 mali
2926 4880 3162 4954 gerulus
3187 4879 3282 4934 ille
3304 4883 3457 4934 esset
3478 4877 3806 4943 homoncio,
3822 4892 3891 4931 ex
3905 4875 4074 4945 cujus
4097 4875 4179 4930 rei

2547 4990 2726 5028 causa
2753 4973 3086 5027 Judazorum
3122 4968 3402 5040 potiretur
3431 4967 3658 5038 opibus.
3683 4964 3810 5030 Qui,
3839 4963 3992 5018 illico
4024 4978 4181 5018 eom-

2548 5059 2872 5132 prehensus
2915 5058 3179 5128 aerisque
3237 5056 3492 5127 agitatus
3547 5053 3906 5120 verberibus,
3941 5051 4184 5124 propriae

2548 5147 2810 5203 dilationi
2843 5146 3150 5200 conﬁtetur
3179 5144 3416 5209 crimen,
3452 5158 3701 5213 moxque
3727 5157 3761 5196 a
3785 5139 4072 5196 ministris
4095 5155 4185 5194 re-

2549 5236 2638 5308 gis
2669 5235 2726 5289 iu
2759 5239 3070 5306 conspectu
3102 5233 3277 5288 totius
3308 5231 3496 5304 plebis
3540 5235 3703 5286 extra
3745 5229 4036 5285 civitatem
4068 5227 4187 5300 igni

2549 5322 2876 5379 esttradius
2905 5327 3080 5393 atque
3111 5319 3715 5391 cousumptusJudzei
3737 5323 3932 5373 tamen
3961 5314 4186 5388 profugi

2550 5429 2615 5467 ac
2639 5409 2988 5481 vagabundi,
3014 5410 3109 5479 qui
3136 5409 3192 5462 in
3215 5409 3358 5463 locis
3379 5408 3593 5463 abditis
3615 5407 4016 5462 delitescentes
4039 5420 4186 5475 pra:—

2551 5500 2714 5554 dictae
2748 5499 3153 5569 superfuerant
3182 5497 3350 5559 cladi,
3384 5501 3513 5568 post
3540 5494 4005 5567 quinquennium
4036 5505 4188 5544 ever-

2553 5587 2732 5641 sionis
2764 5585 2963 5656 templi
3019 5589 3316 5656 cceperunt
3359 5585 3416 5638 in
3467 5585 3711 5638 urbibus
3751 5595 4026 5652 apparere
4054 5591 4180 5645 per-

2553 5674 2744 5746 pauci.
2780 5675 2845 5728 Et
2895 5673 3169 5745 quoniam
3225 5675 3472 5744 oportet,
3507 5668 3772 5742 quamvis
3828 5667 3896 5720 ad
3949 5663 4176 5746 illorum

2554 5744 2974 5829 confusionem,
3001 5765 3063 5816 ut
3088 5778 3153 5816 ex
3173 5760 3286 5814 illis
3309 5759 3489 5830 aliqui
3512 5759 3569 5813 in
3594 5759 3850 5811 futurum
3864 5744 4172 5817 supersint,

765 5061 1018 5134 regiam
1052 5057 1256 5113 urbem
1291 5075 1405 5112 non
1442 5057 1670 5111 modica
1699 5056 2034 5123 multitudo,
2069 5059 2165 5128 qui
2219 5057 2437 5110 caeteris

765 5165 911 5209 suae
963 5147 1159 5219 gentis
1209 5145 1575 5211 tumidiores,
1607 5147 1664 5199 et
1695 5145 1871 5199 invidi
1900 5149 2074 5216 atque
2103 5144 2440 5199 audaciores

764 5240 936 5299 sunt
966 5235 1202 5308 reperti.
1236 5233 1303 5288 Hi
1337 5233 1587 5305 denique
1611 5249 1861 5304 nequam
1893 5232 2131 5289 consilio
2153 5232 2294 5287 inito
2325 5248 2444 5288 cor-

765 5327 1083 5399 ruperunt
1111 5321 1428 5394 quemdam
1463 5321 1596 5376 data
1626 5321 1890 5392 pecunia,
1921 5320 2188 5376 videlicet
2216 5321 2440 5392 girova-

765 5430 934 5491 gum
969 5411 1082 5468 sub
1115 5409 1418 5483 peregrino
1450 5410 1674 5475 habitu,
1709 5409 1942 5464 nomine
1983 5410 2318 5478 Robertum,
2353 5409 2440 5462 fu-

768 5501 1046 5580 gitivum
1082 5499 1286 5570 utique
1329 5514 1559 5554 servum
1616 5499 1795 5553 beatae
1857 5497 2049 5552 Mariae
2107 5496 2442 5553 Melerensis

767 5589 1065 5653 cceuobii.
1101 5587 1285 5650 Quem
1319 5586 1668 5658 accipientes
1694 5592 1859 5642 caute
1883 5585 2169 5642 miserunt
2189 5587 2258 5641 ad
2284 5586 2442 5656 prin-

771 5684 982 5755 cipem
1009 5674 1328 5749 Babylonis
1350 5691 1483 5731 cum
1512 5674 1806 5729 Hebraicis
1837 5673 2281 5740 characteribus,
2311 5673 2446 5728 scri-

773 5771 907 5847 ptis
955 5764 1253 5840 epistolis,
1287 5761 1606 5835 pictaciolis
1651 5761 1786 5817 ferri
1835 5762 2038 5819 baculo
2086 5763 2340 5827 insertis,
2375 5779 2445 5817 ne
