3852 6408
326 474 444 538 639

1298 467 1635 537 RODULFI
1679 459 1965 531 GLABRI
2009 454 2369 521 MONACHI
2411 454 2770 521 CLUNIAC.

3608 438 3711 512 om.

328 610 417 668 vel
450 609 522 667 ad
552 606 1023 667 conﬁrmandum
1051 606 1349 682 proprium
1385 606 1685 669 nefas,seu
1719 600 1790 657 ad
1823 596 1985 655 testi-
2013 592 2069 660 Α
2097 589 2210 647 bus
2240 607 2305 647 ac
2337 588 2625 682 religiosis
2656 588 2998 682 quibusque
3047 582 3246 682 laicis,
3276 579 3543 682 acerrime
3568 580 3706 682 cepit

331 698 599 757 monium
630 698 747 755 fusi
776 697 1083 773 sanguinis
1113 696 1348 763 Christi,
1380 694 1597 751 idcirco
1625 707 1757 747 vero
1789 687 1976 745 credi-

333 805 470 859 mus
498 789 965 846 Christianorum
1013 787 1443 845 animositatem
1490 783 1691 840 divina
1737 780 1977 851 dispen-

332 882 501 937 sante
528 878 893 953 providentia
920 878 979 934 in
1023 878 1108 933 eis
1153 877 1225 932 ad
1276 879 1510 946 tempus
1550 868 1974 927 mansuevisse.

333 968 551 1031 Eodem
571 966 959 1025 nihilominus
977 965 1355 1032 anno,divina
1366 960 1717 1036 propitiante
1730 957 1981 1014 clemen-

331 1056 436 1126 tia,
458 1055 629 1131 cmpit
647 1061 838 1113 mater
852 1055 1037 1128 ipsius
1055 1050 1637 1127 principis,videlicet
1668 1046 1978 1102 Ammirati

332 1145 668 1219 Babylonis,
700 1144 913 1202 mulier
947 1142 1472 1209 Christianissima,
1504 1138 1743 1195 nomine
1776 1133 1979 1198 Maria,

335 1235 681 1292 resediﬂcare
708 1232 923 1291 Christi
952 1232 1265 1305 templum,
1289 1232 1469 1302 jussu
1515 1228 1644 1299 ejus
1692 1224 1795 1280 ﬁlii
1828 1239 1985 1280 ever-

334 1322 703 1397 sum,politis
731 1326 789 1380 et
814 1321 1056 1395 quadris
1078 1320 1393 1394 lapidibus.
1418 1318 1565 1374 Nam
1587 1319 1643 1372 et
1662 1312 1753 1368 vir
1773 1312 1983 1385 ipsius,

336 1412 504 1487 quasi
534 1412 682 1469 alter
716 1411 1091 1472 Nicodemus.
1122 1414 1288 1483 pater
1310 1407 1489 1477 hujus
1519 1404 1742 1460 scilicet
1770 1402 1842 1457 de
1866 1416 1983 1472 quo

334 1518 593 1575 presens
619 1505 711 1558 est
739 1517 932 1558 sermo
962 1500 1220 1566 habitus,
1244 1495 1469 1554 occulte
1496 1492 1866 1550 Christianus
1896 1489 1983 1544 di-

335 1591 488 1647 citur
517 1590 722 1647 fuisse.
754 1590 920 1645 Tunc
964 1602 1199 1660 quoque
1245 1586 1320 1642 de
1361 1585 1638 1641 universo
1696 1585 1986 1637 terrarum

335 1679 475 1736 orbe
520 1676 882 1734 incredibilis
928 1675 1239 1733 hominum
1279 1672 1597 1730 multitudo
1628 1668 1989 1727 exsultanter

337 1764 797 1838 Hierosolymam
836 1768 1165 1838 pergentes,
1196 1762 1395 1820 domui
1448 1760 1548 1818 Dei
1593 1758 1988 1816 restaurandaa

340 1854 601 1927 plurima
627 1851 968 1910 detulerunt
994 1868 1261 1909 munera.

956 1941 1186 2000 CAPUT
1224 1940 1373 1997 VIII.
1662 2001 1674 2013 ,

618 2033 693 2087 De
723 2031 930 2088 haeresi
954 2030 1102 2104 apud
1123 2030 1449 2088 Aureliano:
1480 2036 1715 2101 reperta.

413 2120 610 2177 Tertio
633 2120 703 2177 de
717 2118 997 2175 vicesimo
1029 2117 1181 2177 intra
1200 2120 1327 2191 jam
1358 2117 1583 2176 dictum
1613 2115 1996 2173 millesimum

341 2227 518 2278 anno,
553 2212 780 2283 reperta
835 2212 925 2266 est
979 2208 1136 2283 apud
1188 2208 1489 2281 prafatam
1519 2205 1998 2269 Aurelianensem

341 2299 552 2357 urbem
581 2299 764 2356 cruda
789 2298 1039 2355 nimium
1078 2302 1256 2371 atque
1287 2297 1549 2354 insolens
1575 2296 1835 2362 haeresis,
1867 2311 1996 2366 quas

346 2387 570 2446 scilicet
620 2386 846 2444 diutius
898 2386 1123 2445 occulte
1179 2387 1529 2460 germinata,
1560 2385 1619 2441 in
1652 2383 1997 2458 perditionis

342 2480 600 2551 segetem
631 2474 787 2533 male
830 2475 1150 2547 pullulans,
1183 2475 1381 2548 plures
1432 2474 1493 2530 in
1554 2491 1672 2530 sua:
1720 2472 1997 2530 caecitatis

342 2564 729 2638 praecipitavit
770 2563 1072 2635 laqueum.
1104 2564 1312 2619 Fertur
1366 2578 1624 2635 namque
1674 2579 1712 2617 a
1752 2560 1997 2616 muliere

344 2654 603 2725 quadam
631 2668 702 2708 ex
730 2650 898 2717 Italia
924 2651 1294 2723 procedente,
1326 2651 1448 2705 ιιωο
1477 2649 1859 2706 insanissima
1886 2648 1996 2703 hm-

348 2740 499 2797 resis
528 2740 588 2795 in
617 2736 824 2796 Galliis
841 2737 1123 2795 habuisse
1141 2738 1466 2808 exordium,
1490 2754 1618 2809 quas
1640 2741 1706 2792 ut
1724 2741 1849 2794 erat
1868 2736 1995 2793 dia-

344 2825 484 2883 bolo
515 2824 689 2899 plena
717 2824 1036 2881 seducebat
1064 2841 1447 2898 quoscunque
1469 2824 1717 2893 volebat,
1750 2842 1866 2882 non
1898 2842 1995 2882 so-

341 2914 467 2971 lum
492 2913 706 2971 idiotas
723 2916 782 2970 et
803 2912 1124 2986 simplices,
1144 2929 1347 2970 verum
1367 2915 1544 2971 etiam
1567 2913 1875 2987 plerosque
1895 2914 1995 2986 qui

339 3002 693 3081 videbantur
711 3001 1002 3060 doctiores
1021 3002 1082 3059 in
1103 3001 1450 3059 clericorum
1476 3003 1700 3060 ordine.
1724 3004 1859 3070 Qua
1889 3004 1998 3059 sci-

341 3091 481 3149 licet
506 3090 749 3149 veniens
781 3090 1070 3150 civitatem
1100 3091 1599 3159 Aurelianensem,
1630 3092 1774 3148 dum
1802 3108 1994 3148 mora-

342 3184 505 3237 retur
524 3179 605 3237 ibi
628 3195 732 3253 per
749 3178 985 3252 aliquod
1008 3181 1268 3254 spatium
1286 3181 1588 3255 temporis,
1622 3197 1844 3237 veneno
1875 3198 1995 3236 suae

342 3268 618 3342 nequitiae
639 3267 839 3341 plures
856 3268 1073 3326 infecit.
1095 3270 1259 3335 Quod
1283 3269 1459 3327 etiam
1482 3269 1863 3327 seminarium
1893 3287 1996 3327 ne-

342 3324 523 3432 quam
542 3356 603 3413 in
622 3357 912 3430 pluriores
931 3358 991 3415 hi
1014 3358 1115 3431 qui
1139 3363 1521 3431 susceperant
1548 3362 1668 3416 toto
1688 3358 1997 3416 conamine
2025 3324 2073 3395 α

340 3462 615 3521 spargere
636 3446 996 3503 nitebantur.
1013 3448 1273 3504 Fuerunt
1301 3463 1512 3521 nempe
1532 3447 1714 3518 hujus
1737 3448 1993 3519 perversi

339 3534 633 3609 dogmatis
654 3533 1072 3591 haresiarches
1091 3536 1230 3599 duo,
1254 3535 1395 3591 heu!
1421 3535 1565 3609 proh
1593 3534 1760 3591 dolor
1782 3535 1795 3590 l
1821 3535 1919 3608 qui
1936 3536 1993 3591 in

338 3622 573 3683 civitate
600 3622 965 3695 putabantur
990 3638 1201 3694 genere
1217 3640 1284 3678 ac
1301 3623 1547 3680 scientia
1570 3622 1919 3680 valentiores
1936 3624 1993 3680 in

340 3712 514 3777 clero,
550 3726 805 3783 quorum
838 3728 992 3767 unus
1023 3711 1383 3780 Heribertus,
1408 3712 1556 3768 alter
1588 3712 1819 3769 Lisoius
1850 3712 1997 3770 dice-

344 3800 538 3858 batur.
573 3799 641 3856 Hi
673 3798 948 3872 denique.
980 3800 1242 3873 quandiu
1292 3817 1385 3858 res
1437 3800 1629 3867 latuit,
1661 3805 1781 3857 tam
1841 3802 1995 3873 apud

346 3904 543 3963 regem
573 3903 753 3961 quam
784 3890 939 3961 apud
971 3887 1171 3962 palatii
1206 3906 1474 3962 proceres
1516 3905 1813 3945 summam
1845 3890 1996 3946 obti-

343 3980 596 4035 nuerant
619 3976 966 4035 amicitiam.
983 3977 1205 4051 Nempe
1236 3977 1452 4036 idcirco
1483 3977 1712 4035 facilius
1734 3995 1999 4051 quosque

346 4066 614 4139 decipere
645 4070 980 4139 potuerunt,
1013 4082 1267 4140 quorum
1288 4071 1513 4125 mentes
1533 4083 1700 4125 amor
1719 4067 1851 4124 ﬁdei
1872 4068 1999 4124 uni-

339 4153 591 4212 versalis
615 4154 815 4213 minus
845 4155 1212 4212 astrinxerat.
1243 4154 1349 4220 Qui
1381 4173 1496 4213 non
1541 4155 1733 4213 solum
1766 4157 1825 4213 in
1858 4174 1999 4230 prae-

337 4243 498 4301 dicta
526 4244 695 4312 urbe,
723 4244 827 4300 sed
859 4245 1037 4301 etiam
1065 4244 1126 4300 in
1154 4245 1364 4301 vicinis
1395 4245 1643 4301 urbibus
1671 4244 1998 4319 malignum

343 4333 560 4407 dogma
612 4348 891 4406 spargere
928 4332 1257 4402 tentabant,
1287 4333 1430 4389 dum
1479 4334 1796 4406 quemdam
1843 4351 2000 4391 same

332 4419 562 4479 mentis
585 4420 645 4476 in
668 4421 1173 4495 Rothomngorum
1206 4421 1436 4479 civitate
1465 4423 1868 4494 presbyterum
1902 4440 2001 4480 cu-

333 4509 563 4581 pientes
586 4525 706 4566 suae
726 4514 1060 4567 consortem
1082 4509 1271 4567 facere
1288 4510 1558 4577 vesania),
1575 4510 1998 4585 missislegatis

327 4597 429 4671 qui
472 4599 527 4655 ei
574 4613 749 4655 omne
794 4603 1087 4657 secretum
1142 4598 1324 4670 hujus
1382 4598 1641 4672 perversi
1697 4600 1996 4673 dogmatis

2024 1963 2071 2027 Β

2094 678 2451 753 perscrutari
2510 678 2609 751 qui
2666 680 2867 734 essent
2934 680 3221 733 auctores
3276 672 3451 746 hujus
3504 672 3709 745 perversi

2087 767 2503 840 dogmatis,vel
2538 767 2638 839 qui
2672 765 2823 840 parti
2858 765 3104 822 illorum
3125 764 3260 835 jam
3278 761 3495 835 decepti
3521 776 3711 816 consen-

2089 857 2289 913 tirent.
2325 857 2502 913 Facta
2534 856 2715 927 igitur
2762 854 3249 927 perscrutatione
3304 852 3454 907 inter
3501 848 3714 915 clericos,

2090 946 2388 1017 quomodo
2423 944 2836 1016 unusquisque
2877 943 3134 999 sentiret
3165 947 3227 997 et
3257 940 3513 997 crederet
3535 955 3595 994 ea
3617 954 3715 1008 qua

2091 1034 2237 1090 ﬁdes
2250 1033 2539 1090 catholica
2551 1051 2656 1106 per
2675 1032 3007 1089 doctrinam
3031 1030 3425 1104 apostolicam
3448 1028 3717 1083 incommu-

2089 1123 2208 1177 tahi
2217 1123 2230 1177 l
2239 1123 2252 1176 i
2261 1127 2349 1177 ter
2360 1128 2554 1178 servat
2566 1128 2623 1179 et
2636 1120 3030 1194 praedicat,illi
3045 1121 3083 1175 d
3092 1116 3669 1188 uo,videlicetLisoius
3676 1119 3718 1170 et

2092 1211 2225 1267 Heri
2235 1211 2453 1278 hertus,
2470 1209 2669 1266 statim
2684 1227 2747 1267 se
2758 1209 2929 1267 aliter
2939 1210 3169 1265 sentire
3182 1225 3301 1264 non
3315 1209 3595 1279 negantes,
3607 1220 3718 1276 qua-

2093 1300 2180 1357 les
2192 1301 2294 1356 diu
2310 1296 3549 1367 latuerant,manifestaveruut.Deindevero
3560 1292 3718 1365 plures

2094 1394 2229 1463 post
2250 1388 2383 1446 illos
2405 1406 2465 1445 se
2487 1388 2639 1461 parti
2662 1387 2912 1443 istorum
2944 1386 3391 1459 proﬁtebantur
3418 1383 3716 1446 haereremec

2094 1476 2218 1534 ulla
2247 1478 2469 1534 ratione
2498 1494 2562 1534 se
2592 1493 2764 1550 posse
2796 1476 3192 1533 affirmabant
3207 1475 3282 1530 ab
3316 1472 3540 1529 illorum
3568 1485 3719 1541 segre-

2095 1582 2234 1638 gare
2264 1566 2578 1624 consortio.
2612 1566 2836 1632 Quibus
2879 1563 3234 1637 compertis,
3266 1567 3390 1618 tam
3444 1578 3535 1616 rex
3575 1572 3716 1631 quam

2098 1655 2403 1727 pontiﬁces
2460 1654 2747 1710 tristiores
2800 1652 2993 1709 etl‘ecti
3066 1652 3571 1724 interrogaverunt
3615 1644 3718 1700 illos

2099 1744 2402 1811 secretius,
2436 1747 2638 1816 utpote
2689 1742 2844 1798 viros
2900 1741 3205 1799 hactenus
3236 1740 3297 1795 in
3329 1738 3487 1795 omni
3530 1748 3718 1792 morum

2101 1833 2387 1905 probitate
2428 1830 2902 1905 perutilissimos,
2933 1846 3199 1902 quorum
3250 1845 3408 1884 unus
3455 1821 3720 1883 Lisoiusin

2102 1922 2457 1978 monasterio
2502 1925 2715 1979 sancta:
2746 1919 2949 1977 Crucis
2992 1918 3357 1976 clericorum
3385 1912 3720 1973 charissimus

2104 2010 2469 2078 habebatur;
2529 2009 2678 2067 alter
2730 2009 2886 2065 idem
2946 2008 3302 2065 Iieribertus
3377 2002 3555 2063 sancti
3598 1996 3718 2056 Petri

2104 2097 2380 2165 ecclesiae,
2435 2102 2819 2172 cognomento
2876 2096 3194 2164 Puellaris,
3253 2093 3501 2169 capitale
3548 2086 3719 2146 schola

2104 2190 2339 2245 tenebat
2359 2188 2708 2244 dominium.
2731 2187 2837 2252 Qui
2871 2186 3012 2242 dum
3047 2184 3401 2257 interrogati
3433 2180 3668 2242 fuissent,
3693 2190 3718 2228 ι

2105 2294 2222 2350 quo
2243 2276 2330 2333 vel
2357 2277 2510 2334 unde
2530 2278 2615 2333 eis
2636 2277 2749 2332 ista
2779 2275 3169 2349 praesumptio
3200 2273 3526 2336 accidisset,
3547 2267 3718 2337 hujus-

2106 2366 2262 2423 modi
2286 2367 2571 2421 dederunt
2593 2379 2970 2436 responsum:
3004 2387 3033 2413 ‹‹
3062 2364 3188 2420 Hoc
3211 2362 3374 2419 enim
3391 2360 3488 2416 diu
3502 2361 3581 2413 est
3594 2350 3716 2427 quod

2105 2460 2323 2511 sectam
2333 2472 2532 2527 ,quam
2545 2472 2646 2509 vos
2660 2456 2788 2525 jam
2802 2453 2965 2508 tarde
2977 2445 3715 2527 agnoscitis,amplectimur,

2106 2545 2209 2600 sed
2241 2550 2361 2601 tam
2376 2526 2496 2600 ivos
2527 2561 2706 2617 quam
2738 2548 2976 2599 caeteros
3025 2543 3447 2615 cujuscunque
3493 2534 3620 2607 legis
3649 2526 3719 2584 vel

2105 2633 2328 2690 ordinis
2356 2634 2413 2689 in
2446 2650 2576 2689 eam
2607 2634 2815 2688 cadere
2852 2631 3372 2704 exspectavimus;
3407 2625 3550 2700 quod
3577 2619 3717 2677 etiam

2106 2723 2297 2778 adhuc
2329 2723 2447 2778 fore
2469 2721 2783 2778 credimus.
2819 2742 2847 2771 »ι
2880 2720 2982 2776 His
3012 2720 3216 2787 dictis,
3250 2717 3525 2775 continuo
3563 2708 3716 2783 palam

2105 2816 2499 2883 exposuerunt
2537 2811 2803 2867 omnium
2838 2810 3226 2880 antiquarum
3262 2802 3717 2864 stultissimamac

2106 2900 2735 2973 miserrimam,nempe
2746 2900 2838 2955 sui
2853 2885 3718 2971 deceptncem,ha3resem.Cltiu5

2105 2988 2374 3046 videlicet
2404 2988 2771 3045 ratiocinatio
2804 2991 2969 3043 tanto
2990 2986 3199 3043 minus
3231 2988 3360 3043 erat
3391 2978 3599 3037 idoneis
3622 2988 3717 3067 sel:

2108 3080 2383 3135 monibus
2409 3078 2877 3149 obnixa,quanto
2902 3081 3139 3133 constat
3169 3090 3304 3155 esse
3326 3071 3409 3129 illi
3432 3075 3517 3125 ter
3532 3061 3715 3157 verita-ﬁ

2104 3167 2480 3223 contrariam.
2515 3145 2797 3224 Dicebant
2825 3182 2963 3239 ergo
2992 3151 3390 3221 deliramenta
3416 3172 3557 3221 esse,
3584 3145 3717 3224 quid-

2106 3256 2246 3328 quid
2305 3254 2364 3310 in
2406 3256 2585 3311 veteri
2632 3272 2699 3310 ac
2746 3271 2892 3311 novo
2940 3270 3171 3310 canone
3227 3249 3405 3309 certis
3455 3241 3622 3318 signis
3667 3248 3715 3290 ³ο

2110 3343 2393 3417 prodigiis
2423 3344 2835 3415 veteribusque
2864 3342 3252 3399 testatoribus
3269 3340 3341 3396 de
3363 3337 3512 3394 trina
3526 3337 3715 3424 unaque

2104 3432 2326 3489 Deitate
2360 3435 2527 3490 beata
2558 3433 2868 3489 conﬁrmat
2899 3431 3246 3488 auctoritas.
3280 3426 3499 3485 Caelum
3544 3419 3718 3512 parii-9'1:

2106 3537 2170 3577 ac
2197 3526 2434 3587 terram,
2467 3526 2534 3576 ut
2562 3520 3026 3593 conspiciuntur,
3059 3520 3294 3592 absque
3346 3517 3572 3573 auctore
3597 3505 3715 3560 inili‘i

2105 3626 2338 3682 semper
2366 3610 2659 3666 exstitisse
2690 3611 3050 3666 asserebant.
3082 3609 3156 3664 Et
3186 3624 3325 3664 cum
3360 3601 3717 3661 universarum

2108 3699 2395 3754 hmresum
2427 3699 2809 3764 insanientes,
2843 3714 3056 3753 canum
3090 3713 3255 3753 more
3283 3694 3555 3751 latrantes
3572 3684 3719 3738 dcte!“

2107 3786 2340 3852 rima,in
2356 3787 2464 3843 hoc
2476 3792 2703 3843 tantum
2717 3786 3017 3859 Epicureis
3031 3792 3199 3843 erant
3218 3779 3499 3841 haereticis
3511 3767 3716 3831 similes.

2106 3875 2384 3948 quoniam
2409 3876 2775 3949 voluptatum
2803 3875 3041 3949 flagitiis
3057 3876 3395 3935 credebant,
3411 3884 3519 3924 non
3536 3868 3717 3918 recom-

2105 3964 2340 4038 pensuri
2388 3964 2631 4021 ultionis
2679 3964 3019 4020 vindictam.
3054 3962 3242 4020 Omne
3292 3954 3713 4017 Christianorum

2106 4070 2275 4126 ορυε,
2310 4052 2545 4126 pietatis
2572 4053 2858 4109 duntaxat
2886 4055 2944 4108 et
2963 4047 3404 4124 justitiae,quod
3434 4038 3715 4100 aestimatur

2106 4142 2358 4215 pretium
2407 4140 2895 4198 remunerationis
2948 4145 3197 4205 internae,
3230 4138 3484 4195 laborem
3537 4135 3712 4215 ευρξν·

2108 4205 2293 4287 lluum
2309 4230 2657 4302 judicabant
2675 4246 2823 4285 esse.
2841 4234 3066 4285 interea
3082 4228 3175 4285 his
3192 4205 3716 4302 aliisquequamplli'

2107 4320 2276 4376 rimis
2294 4300 2541 4376 insaniis
2553 4318 2925 4391 impudenter
2935 4319 3008 4374 ab
3021 4317 3241 4373 eisdem
3256 4300 3714 4391 prolatis,defu¢§8

2107 4409 2311 4465 ﬁdeles
2343 4413 2520 4481 atque
2554 4381 2745 4464 idonei
2778 4411 2958 4463 testes
2987 4381 3275 4474 veritatis,
3302 4400 3404 4476 qui
3442 4381 3714 4490 illisa“?

2107 4498 2327 4555 cienter
2355 4513 2419 4553 se
2446 4494 2663 4552 vellent
2710 4500 2830 4551 tam
2879 4495 3108 4551 veritati
3159 4510 3336 4567 quam
3386 4483 3612 4561 proprie
3638 4483 3715 4527 acc

2106 4587 2407 4659 quiescere
2434 4585 2632 4651 saluti,
2667 4585 3021 4658 respondere
3064 4584 3136 4640 de
3182 4583 3309 4641 suis
3361 4573 3519 4634 cacis
3568 4567 3715 4633 αιιιυθ

326 4685 729 4760 explanantes,
781 4688 1078 4745 docerent.
1140 4688 1422 4745 Dicebant
1476 4703 1690 4761 nempe
1749 4672 1871 4746 fore
1928 4689 1984 4746 in
2015 4696 2066 4764 Ι)
2106 4674 2364 4732 erroneis
2394 4673 2819 4731 assertionibus
2848 4672 3129 4764 νᾶιθῐξεῐιιο

326 4775 682 4850 proximum,
715 4776 776 4833 in
807 4775 1040 4834 illorum
1074 4774 1298 4833 scilicet
1325 4776 1544 4849 dogma
1570 4777 1778 4833 cadere
1806 4794 1987 4853 popu-

324 4864 449 4922 lum
480 4864 843 4923 universum.
870 4865 1098 4932 Quibus
1126 4865 1465 4938 compertis,
1501 4865 1807 4939 presbyter
1828 4864 1991 4923 solli-

325 4953 445 5012 cite.
459 4953 717 5027 perrexit
732 4954 808 5011 ad
826 4953 1401 5013 Christianissimum
1423 4953 1699 5011 comitem
1722 4954 1989 5027 ejusdem

326 5039 585 5123 civitatis
598 5040 1329 5116 liishardum,exposuitei
1344 5058 1581 5099 omnem
1612 5043 1717 5111 rei,
1740 5047 1807 5100 ut
1825 5059 1991 5100 com-

328 5128 998 5202 pemrat,ordinem.0ui
1019 5128 1289 5189 videlicet
1307 5147 1507 5189 eomes
1533 5133 1806 5204 protinus
1830 5131 1992 5189 misit

327 5213 596 5285 celeriter
610 5215 688 5277 ad
703 5231 924 5289 regem,
946 5218 1142 5290 palam
1161 5220 1213 5276 ei
1236 5218 1458 5277 faciens
1481 5219 1908 5278 clandestinam
1930 5222 1988 5278 in

328 5318 511 5377 regno
562 5302 797 5376 proprio
854 5302 1070 5363 Christi
1123 5307 1322 5363 ovium
1380 5312 1630 5380 pestem.
1662 5309 1738 5366 Ut
1792 5315 1988 5366 autem

328 5390 598 5463 cognovit
621 5407 742 5459 rex,
767 5389 993 5449 scilicet
1015 5392 1327 5463 Robertus,
1353 5400 1418 5452 ut
1446 5402 1574 5454 erat
1602 5399 1983 5455 doctissimus

327 5496 394 5536 ac
416 5478 978 5545 Christianissimus,
1001 5480 1187 5537 tristis
1208 5500 1274 5540 ac
1296 5499 1549 5541 mmrens
1573 5485 1821 5542 nimium
1846 5487 1983 5543 eii‘e-

324 5571 479 5637 ctus,
494 5567 769 5640 quoniam
795 5570 853 5621 et
868 5565 1099 5623 ruinam
1122 5570 1320 5640 patriae
1341 5586 1404 5627 re
1421 5587 1558 5628 vera
1570 5576 1627 5629 et
1647 5574 1981 5631 animarum

324 5656 627 5714 metuebat
658 5654 984 5717 interitum.
1017 5655 1232 5713 idcirco
1264 5660 1616 5732 quantocius
1654 5663 1983 5718 Aurolianis

321 5760 661 5819 properans,
697 5742 1027 5803 convocatis
1058 5742 1328 5817 plurimis
1354 5746 1646 5820 episcopis
1671 5754 1727 5806 et
1758 5751 1983 5807 abbati-

2164 4764 2275 4822 Sed
2304 4768 2362 4821 et
2390 4779 2498 4820 nos
2527 4779 2762 4836 quoque
2793 4763 3120 4819 secundum
3152 4757 3525 4834 exiguitatem
3556 4738 3712 4832 ηοδῒξῖ

2099 4852 2457 4919 intellectus,
2478 4852 2593 4921 his,
2617 4869 2766 4926 quos
2788 4851 3264 4926 praenotavimus,
3287 4847 3511 4931 illorum
3531 4838 3710 4931 {mgf}:

2101 4943 2212 5000 bus
2231 4939 2319 4999 vel
2342 4918 2653 5014 perpauca
2681 4918 3037 5014 respondere
3068 4918 3447 4997 decrevimus.
3471 4918 3707 5014 Ρινίωὶξιιξ

2098 5036 2296 5088 tamen
2321 5005 2522 5086 ﬁdeles
2541 5029 2770 5086 hortam
2780 5005 2850 5086 ur
2870 5029 3177 5086 universos
3199 5019 3498 5085 utinterim
3514 5005 3704 5106 me???

2098 5120 2333 5178 illorum
2359 5119 2709 5193 praesagium
2736 5121 2969 5176 serenet
2993 5115 3279 5193 Apostoli,
3295 5110 3392 5187 qui
3424 5093 3701 5193 ρτωνίιῗεῗοθ

2096 5210 2157 5266 in
2189 5186 2447 5265 futuram
2478 5186 2823 5279 hujusmodi
2854 5186 3145 5263 cautelam
3176 5186 3386 5263 intulit.
3411 5186 3700 5279 Ορονξεεεως

2098 5298 2247 5372 quit.
2260 5298 2493 5355 hereses
2511 5267 2709 5366 essem:
2732 5299 2778 5353 ii
2786 5299 2885 5369 qui
2893 5312 2963 5351 ex
2975 5297 3081 5367 fide
3092 5304 3221 5351 sunt
3237 5267 3697 5372 ργοὸδηίαλῙξῖΡῗθ

2091 5361 2902 5462 igiturpermaximeistorum
2916 5361 3256 5456 insipientia
3270 5361 3694 5462 deprehendin

2093 5456 2411 5550 atque—ipsi
2450 5476 2611 5532 omni
2644 5474 2890 5532 scientia
2921 5491 2987 5529 ac
3017 5472 3304 5545 sapientia
3331 5457 3486 5522 vacui
3514 5456 3692 5550 Ρθῗηξξ

2092 5543 2506 5633 scuntur,cum
2530 5570 2744 5635 negent
2764 5543 3164 5619 creaturarum
3198 5563 3481 5617 auctorem
3508 5543 3696 5635 “nive:

2092 5673 2316 5724 sarum,
2351 5654 2575 5711 scilicet
2626 5654 2832 5709 Deum.
2885 5651 3170 5719 Quoniam
3227 5616 3692 5724 manifestum-'int

2093 5746 2248 5818 quod
2284 5714 2477 5810 omne,
2513 5714 2979 5818 quantaecunque
3010 5739 3088 5797 sit
3116 5738 3289 5796 molis
3336 5714 3693 5792 vel-magum"
