4938 6434
2241 498 2254 521 ι
2329 457 2670 523 RODULFI
2702 456 2988 520 (Πιλῆἣί
3032 453 3389 520 MONAClll
3433 457 3802 520 CLUNIAC.

4653 454 4778 518 εει

1351 585 1922 661 ρτίηοὶρὶιιωηοεῇιιε
1948 587 2124 646 etiam
2155 592 2274 646 tota
2303 589 2606 663 plenitudo
2637 603 2739 662 per
2776 589 2994 656 omnia,
3031 587 3672 660 A.eripcrent,minime
3703 585 4323 663 valuerunt,quoniam
4347 585 4582 646 vindice
4609 585 4780 646 tiam-

1350 678 1410 733 et
1436 677 1576 733 finis
1602 677 2006 735 omnium.Sed
2034 697 2164 734 cum
2195 679 2317 752 ipse
2346 680 2731 751 Omnipotens
2765 680 2819 734 in
2853 697 2999 750 quo-

1352 765 1492 824 dam
1523 770 1925 825 creaturarum
1957 769 2438 834 medio,videlicet
2461 769 2518 824 in
2548 769 2804 834 homine,
2829 786 2997 823 suam

1354 854 1741 928 expressisset
1769 856 2394 930 imaginem,illumque
2422 857 2655 930 proprio
2677 858 3002 912 dimisisset

1357 943 1623 1013 arbitrio,
1657 945 2007 1019 insuper-que
2028 948 2226 1002 omnia
2257 948 2459 1002 mundi
2493 947 2713 1019 Optima
2744 946 2903 1001 illius
2923 947 3002 1001 di-

1359 1031 1505 1092 tioni
1535 1034 1913 1102 subdidisset,
1962 1035 2219 1107 neglecto
2274 1036 2521 1109 proprize
2563 1037 3006 1092 constitutionis

1363 1122 1782 1191 moderamine,
1810 1139 1878 1179 ao
1907 1123 2044 1197 plus
2060 1125 2364 1198 quidpiam
2385 1123 2473 1180 vel
2502 1125 2660 1179 aliud
2693 1142 2870 1196 quam
2904 1143 3005 1180 au-

1363 1212 1544 1270 cteris
1568 1211 1840 1270 vdnntss
1883 1212 2050 1270 illum
2102 1215 2436 1270 decreverat
2486 1231 2614 1270 sese
2660 1215 3006 1269 existimans

1367 1300 1508 1372 nire,
1535 1300 1810 1360 continuo
1859 1307 2021 1358 tanto
2070 1303 2324 1359 deterior
2350 1308 2442 1358 est
2491 1304 2752 1369 effectus,
2787 1310 3008 1375 quanto

1365 1390 1885 1464 presumpﬁorﬁd
1913 1395 2086 1464 cuius
2116 1394 2400 1465 potiorem
2433 1392 2608 1448 etiam
2643 1393 3007 1448 reformatio-

1365 1495 1494 1537 nem
1526 1479 1974 1540 idomConditor
1995 1499 2306 1552 personam
2325 1481 2429 1536 lilii
2454 1499 2571 1536 suae
2586 1482 2827 1536 Deitatis
2852 1483 3012 1537 misit

1361 1567 1422 1624 ia
1450 1570 1768 1638 uadum,
1799 1570 1898 1627 sui
1943 1571 2376 1643 praetermittam
2409 1588 2640 1627 sumere
2673 1572 3007 1641 imaginem.

1361 1658 1495 1722 Qus!
1525 1657 1753 1718 scilicet
1781 1665 2004 1732 quanto
2034 1659 2230 1716 utilior
2261 1677 2327 1716 ac
2358 1661 2838 1731 decentior,tanto
2868 1665 3010 1716 sub-

1363 1745 1524 1804 tilior
1551 1763 1620 1804 ac
1648 1748 2182 1813 mirabilior.0uam
2214 1749 2388 1805 etiam
2422 1749 2679 1823 plerique
2705 1751 3011 1806 hominum

1367 1853 1487 1893 non
1513 1835 1796 1904 valentes,
1818 1853 1924 1894 seu
1962 1837 2159 1894 minus
2187 1839 2441 1895 volentes
2473 1841 2816 1903 credere,vel
2848 1858 3010 1896 ama-

3115 695 3209 733 ma
3256 685 3636 734 consumente
3681 679 3832 745 illos,
3867 681 4144 736 continuo
4185 679 4243 734 in
4277 678 4578 752 pulverem
4637 683 4778 732 sunt

3113 768 3425 822 redacti.Si
3461 769 3558 839 qui
3591 785 3724 823 vero
3757 769 4135 840 postmodum
4169 768 4350 839 hujus
4377 766 4776 840 perversiiatis

3113 863 3427 911 sectatores
3462 857 3698 912 fuerunt
3733 859 3967 928 reperti,
4005 858 4185 914 simili
4231 857 4478 913 ultionis
4515 854 4777 910 vindicta

3115 945 3329 1016 ubique
3364 946 3595 1000 fuerunt
3631 946 4161 1017 porditi.l’rmterea
4193 943 4540 1001 venerabilis
4571 943 4774 999 catho-

3115 1033 3236 1088 lica:
3271 1033 3400 1088 fidei
3433 1034 3644 1096 cultus,
3679 1035 3998 1105 exstirpata
4029 1032 4450 1090 insanientium
4484 1030 4777 1104 pessimo-

3117 1138 3245 1176 rum
3280 1121 3531 1188 vesania,
3567 1122 3780 1195 ubique
3813 1128 4106 1178 terrarum
4136 1122 4349 1179 clarior
4367 1120 4630 1178 emicuit.

3759 1212 3938 1267 CAPU
3946 1213 3992 1269 Τ
4031 1212 4121 1270 l.\'.

3580 1303 3649 1356 De
3673 1303 3808 1371 ﬁliis
3839 1305 3979 1370 regis
4007 1301 4265 1373 ejusdem.
4589 1370 4596 1378 .

3189 1389 3455 1459 Suscepit
3525 1390 3701 1458 igitur
3766 1392 4038 1462 przefatus
4097 1406 4197 1446 rex
4245 1390 4316 1444 de
4375 1387 4780 1461 suprascripta

3117 1479 3364 1548 conjuge
3412 1496 3518 1533 sua
3569 1479 3718 1534 tihos
3765 1486 4038 1551 quatuor,
4069 1479 4470 1551 providusque
4499 1478 4571 1534 de
4607 1477 4776 1546 regni

3119 1569 3600 1638 successu,elegit
3634 1584 3876 1638 regnare
3910 1576 4042 1641 post
4064 1586 4124 1624 se
4157 1568 4390 1624 illorum
4423 1566 4774 1640 primogeni-

3120 1663 3243 1711 tum
3280 1657 3577 1722 llugonem
3611 1659 3866 1724 nomine,
3904 1674 4150 1729 puerum
4184 1657 4399 1722 adhuc,
4431 1654 4778 1712 clarissimae

3123 1746 3334 1800 indolis
3367 1747 3673 1801 illustrem.
3709 1748 3975 1818 Cumque
4007 1747 4078 1802 de
4110 1746 4296 1818 ipsius
4329 1745 4616 1802 sacranda
4641 1745 4784 1801 sub-

3121 1834 3284 1889 limio
3326 1834 3601 1906 primates
3657 1837 3816 1903 regni
3878 1836 4208 1904 sagaciones
4260 1833 4628 1900 contulisset,
4659 1833 4782 1890 tale

1369 1940 1454 1991 re,
1485 1928 1552 1981 ut
1577 1926 1670 1983 sie
1691 1927 1934 1983 aedem
1988 1927 2048 1983 in
2079 1927 2177 1984 illa
2206 1945 2322 1984 suae
2353 1928 2560 1984 salutis
2593 1931 3010 1984 sufﬁcientiam
3055 1959 3100 2026 Β
3128 1925 3177 1980 ei
3212 1925 3420 1979 dedere
3453 1941 3798 1995 responsum
3828 1942 3840 1979 :
3877 1949 3904 1972 α
3939 1927 4076 1981 Sine
4107 1941 4376 1996 puerum,
4409 1940 4529 1990 rex,
4562 1921 4614 1977 si
4652 1921 4778 2026 pla-

1369 2015 1706 2089 potuissent
1729 2014 2084 2072 intellectam
2115 2017 2363 2090 reperire
2387 2036 2401 2084 ;
2429 2020 2742 2090 potiusque
2769 2019 3018 2074 diversis

1371 2103 1642 2178 impliciti
1659 2105 1957 2162 erroribus
1986 2110 2144 2162 tanto
2174 2107 2522 2162 exstiterunt
2542 2108 2802 2162 veritatis
2836 2108 3018 2163 rebel-

1376 2191 1715 2266 les,quanto
1745 2194 2070 2268 probantur
2109 2195 2270 2252 illius
2325 2197 2679 2267 cognitionis
2731 2204 3018 2270 expertes.

1375 2281 1457 2339 De
1485 2296 1735 2355 quorum
1766 2283 1967 2356 procul
2018 2285 2195 2341 dubio
2227 2291 2381 2341 sorte
2421 2291 2560 2341 sunt
2592 2287 2873 2341 universa»
2907 2287 3019 2341 hm-

1372 2387 1553 2438 reses,
1585 2370 1678 2428 vel
1725 2388 2214 2446 quorumcunque
2259 2391 2525 2430 errorum
2574 2381 2743 2430 secta:
2790 2375 2846 2429 in
2898 2381 3020 2430 toto

1368 2464 1656 2518 terrmm
1685 2462 1844 2518 orbe.
1877 2462 2102 2526 Quibus
2146 2463 2373 2519 scilicet
2402 2465 2699 2530 omnibus,
2734 2467 2843 2520 nisi
2877 2484 3018 2520 con-

1365 2549 1516 2605 versi
1541 2554 1870 2622 sequantur
1913 2551 2120 2608 Jesum
2169 2556 2336 2623 gesta
2383 2552 2765 2623 plenitudine,
2809 2555 3018 2609 melius

1367 2638 1564 2695 ﬁxerat
1615 2655 1732 2694 non
1788 2637 1994 2695 fuisse.
2053 2641 2128 2695 At
2177 2657 2430 2711 quorum
2475 2658 2643 2696 mens
2695 2642 2864 2713 plena
2907 2646 3018 2699 lide

1369 2726 1625 2783 amando
1653 2730 1712 2782 et
1750 2726 2040 2782 credendo
2078 2727 2163 2782 illi
2217 2729 2492 2794 obedivit,
2542 2735 2701 2785 tanto
2754 2731 3020 2788 meliores

1373 2831 1444 2872 ex
1467 2831 1540 2870 eo
1567 2814 1754 2870 effecti
1787 2819 2009 2887 quanto
2037 2815 2350 2886 perfectius
2382 2817 2750 2874 adhaeserunt
2785 2820 2887 2880 illi.
2920 2824 3016 2894 qui

1374 2906 1466 2959 est
1494 2900 1732 2958 initium
1760 2905 1818 2958 et
1842 2903 2120 2976 perfectio
2167 2905 2348 2960 totius
2400 2906 2556 2962 boni.
2583 2908 2658 2962 Ex
2690 2907 2778 2964 his
2812 2927 3021 2982 nempe

1373 2993 1606 3048 constat
1635 2994 1760 3047 tota
1781 2996 2122 3049 sanctorum
2152 2992 2467 3050 laudabilis
2490 3014 2744 3064 summa,
2768 3016 3016 3071 quorum

1372 3079 1722 3137 venerabilis
1779 3081 2066 3139 memoria
2119 3082 2392 3140 universa
2448 3086 2792 3144 saeculorum
2851 3095 3022 3146 ornat

1375 3170 1892 3243 tempmﬁuibus
1915 3172 2091 3228 etiam
2112 3169 2315 3230 datum
2339 3178 2430 3230 est
2449 3192 2581 3230 cum
2612 3177 3016 3234 universorum

1369 3259 1640 3318 Crantore
1664 3276 1920 3333 perenne
1946 3266 2005 3317 et
2047 3262 2293 3318 feliciter
2337 3279 2468 3320 esse
2498 3268 2556 3319 et
2591 3266 2799 3333 vivere,
2831 3267 3017 3322 illius-

3130 2019 3237 2074 cet,
3271 2015 3582 2068 Cresceudo
3627 2015 3934 2084 procedere
3979 2015 4034 2069 in
4066 2012 4260 2068 viriles
4291 2029 4501 2078 annos,
4533 2028 4628 2080 ne,
4660 2011 4778 2066 vel-

3133 2103 3213 2158 uti
3260 2104 3330 2156 de
3367 2109 3420 2157 te
3476 2109 3706 2172 gestum
3738 2109 3849 2166 est,
3885 2104 4029 2158 tanti
4063 2103 4228 2172 regni
4263 2102 4496 2174 pondus
4526 2101 4776 2158 infirma:

3131 2192 3465 2247 committas
3507 2193 3681 2245 artati.
3717 2215 3743 2240 ››
3779 2193 3913 2247 Erat
3962 2197 4157 2247 autem
4217 2192 4372 2246 idem
4421 2206 4568 2263 puer
4598 2190 4782 2246 ferme

3131 2281 3423 2334 decennis.
3455 2281 3562 2343 Qui
3597 2281 3838 2336 minime
3873 2280 4104 2335 illorum
4147 2281 4526 2352 acquiescens
4580 2279 4781 2344 dictis,

3133 2376 3314 2424 matre
3377 2370 3666 2441 prmeipue
3721 2371 4057 2440 instigante,
4105 2370 4260 2440 regio
4311 2370 4368 2424 in
4417 2369 4782 2440 Compendio

3130 2460 3370 2513 adscitis
3403 2461 3560 2528 regni
3589 2460 3966 2529 primoribus,
4001 2476 4298 2524 coronam,
4334 2463 4399 2515 ut
4426 2458 4782 2524 decreverat,

3127 2565 3194 2603 ex
3219 2565 3374 2603 more
3414 2565 3446 2602 a
3479 2549 3851 2619 pontilicibus
3885 2549 4014 2602 fecit
4050 2566 4226 2621 puero
4265 2547 4508 2620 imponi.
4545 2546 4606 2602 ln
4642 2565 4782 2619 pro—

3127 2655 3293 2691 eessu
3327 2654 3559 2708 quoque
3592 2639 3871 2709 temporis
3903 2655 4038 2693 cum
4063 2636 4786 2703 adolevisset,oernensse

3130 2727 3211 2782 nil
3243 2728 3484 2780 dominii
3523 2727 3598 2781 rei
3635 2727 3944 2798 peculiaris
3963 2733 4168 2798 praiter
4185 2727 4400 2782 victum
4423 2731 4481 2782 et
4501 2727 4780 2780 vestitum

3129 2834 3195 2872 ex
3229 2833 3423 2884 regno,
3455 2817 3608 2869 unde
3654 2822 3965 2871 coronatus
4015 2817 4221 2882 fuerat,
4257 2831 4427 2888 posse
4477 2814 4780 2878 mandare,

3129 2905 3299 2976 prit
3330 2906 3500 2960 corde
3530 2905 3745 2960 tristari
3778 2913 3952 2976 atque
3979 2905 4134 2977 apud
4164 2911 4386 2977 patrem
4418 2909 4484 2960 ut
4521 2907 4580 2960 et
4607 2904 4784 2975 quid-

3130 2994 3286 3066 piam
3309 2995 3551 3049 dominii
3585 2995 3895 3064 largiretur
3924 2993 4400 3066 conqueri.0uod
4430 2994 4562 3064 ejus
4593 3000 4784 3049 mater

3129 3085 3516 3154 comperiens,
3533 3089 3596 3138 ut
3613 3089 3734 3137 erat
3762 3084 4106 3138 avarissime
4139 3083 4448 3154 maritique
4473 3081 4779 3152 magistra,

3130 3173 3248 3227 fieri
3287 3172 3560 3232 renitens.
3596 3173 3834 3242 insuper
3863 3173 4141 3227 conviciis
4171 3188 4236 3227 ac
4269 3169 4597 3226 maledictis
4618 3173 4786 3241 juve-

3135 3279 3266 3316 nem
3317 3259 3659 3316 lacessebat.
3687 3263 3752 3315 Et
3801 3262 3954 3316 sicut
4001 3261 4242 3332 quidam
4290 3259 4415 3316 ait:
4449 3260 4588 3315 Novi
4633 3262 4778 3325 inge,

1368 3365 1485 3422 que
1511 3367 1746 3423 semper
1783 3351 2103 3425 agnitionis
2146 3351 2372 3408 visione
2416 3353 2702 3409 beatiores
2733 3357 2870 3411 rom.
2904 3357 3018 3413 Nos
3048 3331 3096 3398 ε
3133 3354 3287 3405 nium
3339 3353 3656 3416 mulierum,
3687 3368 3810 3404 cum
3857 3352 4008 3415 velis,
4045 3353 4162 3422 ipsa
4211 3350 4382 3415 nolit;
4413 3352 4474 3403 ut
4521 3351 4572 3404 si
4617 3350 4780 3412 nolis,

1367 3439 1550 3514 igitur
1575 3441 1828 3497 tandem
1865 3440 2186 3506 credimus,
2226 3445 2293 3496 ut
2349 3444 2873 3514 spoponderamus,
2927 3446 3017 3502 his

1369 3529 1578 3603 μυσὶ.
1615 3528 1856 3585 illarum
1905 3530 2320 3585 damnatorum
2363 3530 2600 3587 insanire
2661 3535 3019 3592 sufﬁcienter

1374 3617 1773 3690 respondisse.
1805 3617 2090 3674 Praeterea
2134 3634 2265 3674 cum
2311 3635 2345 3674 a
2373 3619 2642 3692 pluribus
2669 3625 2828 3679 omni
2857 3641 3018 3695 saga-

1372 3705 1549 3763 citate
1577 3705 1910 3764 laboratum
1951 3705 2177 3773 fuisset,
2205 3706 2454 3780 qualiter
2499 3711 2758 3782 deposita
2802 3715 3016 3770 mentis

1373 3793 1624 3868 perﬁdia
1669 3809 1870 3850 veram
1917 3799 1976 3850 et
2015 3795 2400 3854 universalem
2451 3801 2770 3871 reciperent
2817 3803 3010 3869 tidem,

1371 3886 1549 3956 atque
1576 3881 1660 3938 illi
1689 3883 2048 3940 omnimodis
2080 3901 2142 3942 se
2172 3884 2355 3942 facere
2385 3888 2758 3959 denegarent,
2793 3890 3010 3948 dictum

1371 3975 1461 4028 est
1485 3970 1592 4040 eis,
1624 3971 1909 4045 quoniam
1940 3973 2052 4030 nisi
2083 3973 2326 4032 celerius
2348 3976 2419 4031 ad
2454 3994 2656 4032 sanam
2692 3979 2822 4033 fidei
2857 3997 3014 4036 men-

1367 4063 1486 4118 tem
1517 4060 1779 4130 redeant,
1815 4062 1970 4136 regis
2003 4063 2182 4136 jussu
2229 4069 2288 4120 et
2329 4065 2614 4122 universas
2659 4066 2845 4140 plebis
2876 4087 3011 4126 con-

1362 4163 1536 4206 sensu
1568 4149 1705 4223 igne
1733 4156 1932 4208 essent
1954 4152 2224 4226 protinus
2239 4155 2650 4211 crematuri.At
2675 4156 2756 4212 illi
2779 4159 2928 4213 male
2952 4159 3008 4216 in

1361 4253 1470 4296 sua
1498 4240 1706 4296 confisi
1735 4241 1991 4308 vesania,
2021 4241 2110 4298 vel
2160 4244 2568 4315 pertimescere
2609 4263 2670 4300 se
2691 4247 3008 4317 jactantes,

1361 4341 1542 4400 seque
1585 4345 1866 4386 evasuros
1895 4330 1969 4386 ab
1998 4330 2132 4404 igne
2163 4331 2374 4390 illaesos
2404 4335 2832 4406 promittentes,
2866 4338 3008 4409 quin

1362 4415 1557 4488 potius
1583 4418 1656 4474 ad
1689 4417 1931 4476 meliora
1957 4419 2067 4476 sibi
2100 4422 2483 4480 suadentibus
2515 4426 2844 4496 spernendo
2875 4426 3008 4481 illu-

1363 4504 1856 4564 debantcernens
1887 4523 2122 4582 quoque
2151 4527 2248 4566 rex
2269 4515 2326 4566 et
2346 4511 2598 4567 universi
2623 4514 2720 4584 qui
2741 4515 3005 4581 aderant,

1365 4595 1567 4652 minus
1589 4611 1764 4669 posse
1789 4594 1924 4654 illos
1952 4599 2204 4654 revocari
2235 4599 2310 4654 ab
2337 4599 2587 4665 insania,
2602 4600 3007 4670 jussitsccen-

3124 3445 3303 3510 cupiet
3336 3442 3478 3494 ultro
3502 3458 3519 3493 :
3547 3457 3680 3494 nam
3714 3457 3840 3510 qua:
3875 3439 4146 3510 prius,ne
4178 3439 4328 3493 fastu
4365 3435 4526 3510 regni
4559 3443 4789 3492 careret

3125 3529 3341 3601 aliquo,
3375 3529 3680 3599 ingruente
3709 3530 3898 3583 mariti
3933 3527 4254 3584 infortunio
4283 3531 4488 3583 contra
4510 3526 4782 3582 omnium

3125 3618 3249 3673 sola
3277 3619 3575 3673 decretum
3601 3617 3943 3672 sublimavit
3973 3621 4464 3689 puerum,postea
4485 3619 4786 3671 totomen-

3125 3708 3201 3763 tis
3233 3707 3386 3772 nisu,
3420 3723 3484 3761 ac
3518 3707 3564 3760 si
3601 3707 3826 3761 hostem
3857 3705 4267 3776 alienigenam,
4301 3705 4580 3777 turpabat
4609 3703 4782 3759 illum

3124 3797 3313 3852 verbis
3334 3802 3388 3851 et
3419 3797 3713 3867 operibus.
3749 3795 3848 3850 Ille
3885 3811 4019 3850 vero
4067 3811 4310 3850 cernens
4342 3810 4404 3849 se
4432 3807 4552 3850 non
4603 3810 4782 3865 posse

3122 3885 3345 3940 diutius
3377 3885 3515 3940 talia
3563 3884 3969 3955 xequaniiuiter
4004 3883 4270 3948 tolerare,
4295 3881 4524 3953 junctis
4575 3897 4786 3938 secum

3123 3973 3418 4046 aliquibus
3448 3991 3565 4028 sua:
3597 3973 3780 4027 artatis
3822 3973 4164 4044 juvenibus,
4191 3974 4358 4044 erepit
4399 3971 4668 4027 infestari
4715 3988 4782 4026 ac

3122 4066 3372 4137 diripere
3421 4066 3491 4120 ad
3550 4065 3780 4119 libitum
3833 4082 3925 4119 res
3956 4065 4312 4135 genitorum.
4345 4064 4570 4119 Tamen
4601 4061 4780 4134 paulo

3123 4161 3252 4226 post
3284 4155 3380 4210 Dei
3417 4159 3564 4209 nutu
3600 4154 3654 4208 in
3693 4171 3753 4208 se
3781 4170 4070 4218 reversus,
4094 4154 4165 4208 ad
4194 4153 4492 4224 genitores
4519 4151 4778 4216 rediens,

3122 4244 3326 4299 humili
3360 4262 3460 4299 eos
3491 4244 3888 4298 satisfactione
3922 4242 4228 4298 benevolos
4249 4258 4387 4310 erga
4417 4257 4480 4297 se
4501 4240 4778 4295 reddidit.

3120 4335 3282 4389 Tunc
3313 4335 3551 4388 domum
3587 4333 3659 4387 ab
3691 4334 3912 4387 eisdem
3967 4331 4219 4404 largitur
4247 4330 4353 4398 illi,
4387 4335 4451 4386 ut
4483 4329 4776 4403 optimum

3118 4424 3360 4479 decebat
3391 4421 3600 4485 tilium,
3622 4423 3724 4491 jus
3757 4423 3975 4491 ubique
4013 4439 4080 4475 ac
4129 4425 4391 4493 potestas
4443 4418 4630 4488 regni.
4659 4418 4774 4472 Sed

3118 4511 3309 4586 qualis
3350 4517 3408 4566 et
3453 4517 3710 4582 quemue
3767 4510 4146 4582 postmodum
4201 4507 4445 4576 exstitit,
4498 4506 4772 4579 presenti

3117 4601 3264 4673 style
3297 4600 3498 4672 nequit
3518 4599 3815 4671 explicari.
3841 4602 4024 4664 Quam
4049 4597 4294 4654 humilis
4323 4614 4390 4652 ac
4421 4595 4613 4652 dulcis
4644 4594 4778 4650 elo-

1363 4683 1501 4772 dere
1525 4699 1639 4741 non
1685 4685 1858 4760 longe
1900 4703 1938 4742 ι
1964 4687 2198 4742 civitate
2227 4687 2424 4759 ignem
2458 4689 2909 4758 permaximum,
2944 4699 3006 4748 ut
3036 4705 3083 4772 Ι)
3114 4692 3275 4763 quin,
3311 4689 3458 4761 patri
3491 4705 3557 4743 ac
3590 4687 3757 4742 matri
3799 4689 3984 4743 servis
4031 4686 4414 4752 obedientior,
4438 4701 4774 4757 pauperum

1359 4771 1448 4828 Vel
1496 4787 1581 4832 eo
1611 4775 1758 4832 forte
1801 4774 1988 4834 territi
2019 4791 2058 4831 a
2093 4791 2204 4832 sua
2232 4774 2598 4847 malignitate
2649 4776 3001 4837 desinerent.

1362 4860 1442 4916 Ad
1475 4873 1646 4933 quem
1675 4875 1814 4920 cum
1842 4864 2216 4929 ducerentur,
2231 4862 2436 4918 rabida
2467 4863 2654 4918 adacti
2686 4864 3006 4938 dementia,

1361 4961 1426 5006 se
1453 4951 1814 5009 omnimodis
1840 4951 1954 5008 hoe
1979 4951 2128 5008 velle
2156 4950 2598 5024 proclamabant
2617 4969 2682 5009 ac
2705 4971 2832 5011 sese
2853 4956 3005 5016 ultro

1360 5037 1642 5110 adissem
1658 5038 2038 5102 mentibus
2054 5038 2628 5104 inferebant.0uibus
2642 5043 2714 5098 ad
2729 5043 3003 5103 ultimum

1357 5127 1706 5184 numero-l3
1733 5127 1860 5200 igni
1889 5127 2280 5195 traditis,cum
2303 5129 2329 5200 j
2352 5145 2428 5184 ’ω
2460 5131 2772 5202 οωρίεεθηι
2813 5137 3006 5194 acrius

1358 5211 1555 5280 aduri,
1589 5219 1888 5288 empemnt
1918 5231 2054 5271 voce
2086 5232 2203 5288 qua
2247 5223 2510 5290 poterant
2539 5236 2608 5276 ex
2636 5223 2838 5280 eodem
2870 5225 3003 5296 igne

1359 5301 1622 5387 clamare
1646 5319 1710 5360 se
1737 5303 1990 5374 pessime
2019 5305 2291 5378 deceptos
2337 5311 2458 5364 arte
2497 5308 2786 5368 diabolica
2815 5331 3002 5387 nuper

1358 5390 1433 5446 de
1465 5386 1872 5445 universorum
1902 5388 2014 5448 Deo
2044 5410 2111 5450 ac
2158 5394 2400 5452 Domino
2449 5396 2600 5454 male
2639 5386 2915 5465 sensisse,
2943 5409 3001 5460 et

1359 5479 1436 5533 ob
1465 5475 1624 5530 hanc
1653 5477 1724 5532 ab
1771 5477 1988 5536 eisdem
2037 5479 2253 5539 illatam
2285 5486 2334 5540 ei
2392 5485 2819 5558 blasphemiam
2866 5491 2998 5548 illos

1357 5562 1674 5637 temporali
1703 5569 1878 5636 atque
1925 5574 2132 5628 interna
2161 5571 2380 5628 ultione
2411 5575 2690 5647 torqueri.
2731 5577 2834 5634 His
2863 5597 2996 5637 vero

1357 5653 1570 5728 plures
1600 5667 1631 5704 e
1659 5652 2164 5740 circumstantibus
2193 5661 2430 5728 auditis,
2462 5661 2849 5722 humanitatis
2883 5671 2997 5740 pie-

1354 5747 1484 5802 tate
1509 5739 1764 5812 permoti
1795 5743 2142 5819 accedentes,
2177 5752 2242 5805 ut
2277 5749 2362 5805 vel
2412 5751 2721 5808 semivivos
2759 5756 2832 5809 ab
2863 5739 2997 5828 igne

3115 4780 3315 4852 largus
3340 4778 3528 4841 dator,
3563 4777 3983 4832 monachorum
4015 4781 4073 4831 et
4100 4775 4444 4831 clericorum
4500 4772 4772 4829 consola-

3114 4874 3225 4934 tor,
3262 4884 3365 4922 nec
3407 4884 3522 4920 non
3563 4867 3718 4938 apud
3777 4870 4000 4938 patrem
4050 4870 4394 4921 cunctorum
4455 4865 4774 4934 rogantum

3113 4957 3496 5014 fidelissimus
3524 4956 3578 5009 in
3589 4959 3897 5016 terventor.
3914 4971 4094 5026 quam
4125 4951 4510 5010 aﬂluenterin
4526 4950 4762 5006 cunctis

3113 5046 3353 5120 optimis
3385 5044 3608 5111 melior,
3640 5045 3776 5116 quis
3805 5043 3956 5098 valet
3982 5043 4220 5115 exsequi
4255 5040 4513 5099 relator?
4543 5040 4762 5111 Hujus-

3115 5135 3273 5191 modi
3305 5136 3462 5191 enim
3487 5135 3640 5188 fama
3662 5134 3879 5204 ubique
3905 5133 4336 5205 provinciarum
4359 5131 4620 5204 percitus
4644 5146 4774 5201 per»

3113 5225 3425 5298 Optabatur
3447 5240 3483 5278 a
3513 5222 4041 5294 multis,priecipue
4070 5223 4144 5277 ab
4169 5221 4486 5288 ltalicis,ut
4516 5218 4631 5274 sibi
4663 5218 4772 5274 im-

3110 5320 3356 5388 peraret,
3392 5314 3448 5368 in
3483 5312 3792 5384 imperium
3827 5310 4158 5366 sublimari.
4191 5310 4336 5365 Nam
4371 5313 4430 5364 et
4455 5325 4522 5364 ex
4553 5323 4766 5379 eogne-

3108 5409 3304 5458 mento
3339 5400 3554 5474 proavi,
3590 5400 3837 5470 Magnus
3879 5399 4046 5471 llugo
4102 5398 4408 5454 dicebatur
4445 5413 4480 5453 a
4507 5397 4765 5452 cunctis.

3106 5491 3252 5547 Dum
3287 5490 3467 5562 igitur
3498 5487 3937 5560 incomparabili
3969 5489 4183 5543 mentis
4205 5486 4382 5543 simul
4407 5501 4476 5541 ac
4503 5483 4766 5556 corporis

3105 5582 3313 5636 decore
3345 5581 3594 5642 ﬂoreret,
3628 5578 3999 5646 exigentibus
4031 5578 4322 5647 majorum
4375 5574 4637 5646 ﬂagitiis,
4669 5587 4766 5626 re-

3107 5675 3275 5742 pente
3327 5669 3496 5724 illum
3558 5683 3715 5721 mors
3762 5666 3960 5721 invida
4005 5667 4225 5721 mundo
4281 5662 4599 5734 eubriquit.
4650 5661 4764 5717 Sed

3105 5759 3276 5830 quale
3300 5757 3600 5830 justitium
3635 5755 3882 5826 contigit
3925 5755 4242 5825 universis,
4277 5752 4437 5810 nullo
4495 5765 4766 5809 sermons
