4938 6418
678 457 802 522 665.

1547 466 2086 530 HISTORLKRUM
2129 467 2340 530 LIBRI
2382 465 2755 540 QUINQUE.
2803 501 2868 512 —
2922 465 3078 529 LIB.
3109 465 3220 529 ΠΙ.

3944 467 4080 534 666‘-

676 593 832 650 valet
858 592 1127 666 exprimi.
1165 596 1241 652 De
1271 596 1440 668 cujus
1467 596 1642 654 etiam
1674 599 1873 655 funere
1903 600 2322 672 subsequentes
2349 603 2403 668 Α
2433 616 2609 672 quam
2640 599 2803 656 civile
2836 600 3350 672 patratur.lnterea
3381 613 3515 655 cum
3544 614 3718 674 super
3731 598 3824 659 his
3838 616 4068 662 veneraé

679 682 970 739 iambicos
1000 688 1241 758 rogatus
1273 703 1306 742 a
1330 686 1607 742 fratribus
1634 688 1814 742 cecini
1849 705 1862 742 :

747 813 1100 886 Plasmator,
1131 835 1303 891 parce
1335 819 1558 875 maestis
1590 818 2006 889 mundialibus,

749 904 1072 962 Succurrat
1102 908 1275 962 ﬂetus
1308 907 1528 962 intimis
1554 907 1852 964 doloribus
1880 926 1893 963 :

750 991 964 1049 Pascat
996 999 1306 1050 maerentes
1340 995 1707 1068 singultuum
1735 997 2008 1068 gemitus,

748 1079 1094 1138 Humanum
1127 1083 1306 1140 decus
1335 1085 1475 1139 dum
1508 1085 1658 1156 rapit
1686 1084 1975 1141 interitus.

747 1169 944 1225 Annis
975 1171 1218 1226 florebat
1247 1171 1466 1226 mundo
1499 1172 1870 1242 juvenilibus,

749 1257 872 1312 Ter
901 1259 1068 1314 denis
1102 1259 1299 1314 minus
1328 1265 1653 1316 excreverat
1683 1261 1932 1327 duobus,

751 1348 1092 1418 Regnorum
1127 1346 1323 1402 lumen
1352 1348 1536 1420 Hugo,
1570 1365 1813 1420 regnum
1848 1349 2158 1404 maximus.

752 1435 947 1498 Quem
980 1452 1093 1489 nox
1123 1434 1354 1491 funesta
1385 1436 1588 1492 invidit
1615 1437 1975 1493 hominibus.

751 1523 885 1577 Non
921 1522 1067 1578 alter
1098 1527 1295 1580 nostro
1327 1524 1458 1579 talis
1483 1525 1693 1581 emicat
1717 1542 1853 1593 aavo,

754 1609 980 1683 Regnis
1013 1615 1333 1684 spectatus,
1365 1612 1624 1667 adscitus
1655 1612 1918 1685 imperio.

706 1774 710 1778 ι
753 1697 1057 1754 Bellorum
1085 1703 1246 1756 tanto
1278 1700 1581 1755 decoretur
1609 1701 1927 1774 triumpho,

751 1785 977 1858 Vigore
1001 1786 1124 1858 pari
1154 1786 1341 1844 valeat
1371 1804 1663 1860 corporeo.

707 1871 710 1874 ’
753 1875 918 1939 Quos
951 1891 1096 1948 gens
1128 1877 1480 1932 Francorum
1511 1876 1739 1949 vigebat
1766 1877 2121 1943 laetabunda,

755 1963 1041 2036 Fideique
1075 1981 1214 2036 pace
1240 1968 1361 2020 tota
1390 1965 1566 2020 simul
1597 1965 1802 2022 Gallia.

762 2051 978 2109 Omnis
1010 2069 1184 2124 quem
1216 2070 1398 2126 prona
1429 2055 1700 2125 poscebat
1731 2053 1914 2122 Italia,

759 2143 958 2197 Caesar
982 2146 1049 2196 ut
1071 2142 1209 2212 jura
1239 2146 1531 2214 promeret
1560 2141 1792 2214 regalia.

760 2229 868 2285 Sed
907 2233 970 2284 te
1001 2245 1116 2284 non
1145 2232 1366 2294 nostra,
1393 2231 1674 2301 juvenum
1703 2230 2112 2302 pulcherrime,

762 2319 884 2374 Heu
916 2319 928 2372 l
969 2316 1114 2389 proh
1147 2316 1344 2372 dolor!
1378 2322 1642 2390 tempora
1671 2336 1930 2375 meruere
1957 2338 1969 2387 ;

763 2406 996 2470 Quibus
1030 2405 1320 2462 inundant
1351 2405 1637 2462 malorum
1671 2407 1939 2474 miseriae,

757 2494 930 2550 Vires
965 2494 1254 2548 bonorum
1284 2497 1565 2550 corruunt
1595 2495 1847 2550 assidue.

763 2584 848 2638 Tu
885 2579 1061 2637 dolor
1090 2581 1316 2649 matris,
1349 2581 1770 2655 calamitasque
1803 2583 2002 2655 patris,

761 2670 1011 2727 Crudele
1042 2669 1220 2726 nimis
1253 2671 1676 2726 monimentum
1707 2673 2003 2744 germanis
2039 2691 2050 2728 :

762 2760 978 2815 Mceror
1006 2760 1342 2815 communis
1365 2759 1589 2815 cunctis
1622 2761 1679 2814 in
1712 2760 1962 2832 palatiis,

763 2848 1195 2920 Justitiumque
1225 2849 1576 2921 populorum
1605 2849 1847 2904 ultimis.

764 2938 960 2992 Leone
995 2954 1217 3010 presso,
1250 2935 1410 3010 virgo
1441 2937 1617 2993 solem
1647 2942 1895 3010 ceperat,

763 3026 889 3080 Tua
921 3043 1059 3081 cum
1091 3025 1258 3081 dirus
1290 3025 1553 3082 membra
1586 3026 1768 3099 pallor
1797 3031 2060 3100 occupat.

768 3114 949 3169 Denis
980 3111 1189 3170 diebus
1222 3118 1376 3169 sorte
1407 3116 1471 3169 ﬁt
1491 3114 1590 3169 lux
1619 3115 1885 3187 septima,

773 3204 855 3257 Te
885 3203 1036 3274 patri
1069 3201 1226 3258 fama
1255 3202 1578 3275 perdidisse
1609 3203 1860 3259 nuntiat.

769 3291 903 3348 Jam
935 3291 1309 3358 saeculorum,
1342 3309 1532 3358 cerne,
1566 3297 1752 3348 rector
1780 3293 2016 3364 optime,

769 3380 1018 3436 Gentem
1048 3379 1403 3435 Francorum
1433 3379 1531 3451 qui
1565 3385 1726 3452 regat
1756 3381 2070 3450 tutissime,

767 3469 1133 3540 Hostemque
1165 3486 1381 3523 saevum
1411 3468 1600 3524 valeat
1627 3467 1900 3542 repellere
1933 3485 1945 3524 :

763 3557 1016 3613 Pactum
1049 3556 1266 3629 quietis
1296 3557 1382 3612 illi
1413 3558 1488 3612 da
1517 3547 1827 3630 perpetuae.

697 3691 802 3756 Qui
833 3691 892 3745 in
928 3691 1139 3746 eadem
1182 3706 1302 3761 qua
1349 3689 1624 3762 primitus
1670 3695 1978 3746 coronatus
2028 3693 2212 3748 fuerat
2258 3711 2348 3750 ec-

693 3778 892 3847 clesia,
927 3779 1088 3834 beati
1139 3779 1413 3851 martyris
1461 3778 1708 3833 Cornelii
1757 3779 2041 3846 videlicet,
2083 3782 2242 3853 regio
2289 3782 2350 3838 in

695 3865 1064 3939 Compendio
1093 3871 1183 3922 est
1211 3865 1499 3938 sepultus.
1525 3866 1660 3922 Post
1687 3867 1856 3936 cujus
1903 3868 2127 3924 obitum
2181 3872 2352 3942 ccepit

693 3956 909 4010 iterum
942 3956 1103 4011 idem
1134 3971 1238 4010 rex
1268 3960 1539 4022 tractare,
1564 3954 1697 4027 quis
1726 3955 2099 4027 potissimum
2121 3974 2189 4014 ex
2209 3961 2350 4015 resi-

695 4045 828 4100 duis
849 4043 1016 4099 ﬁlius
1048 4047 1183 4116 post
1210 4060 1274 4099 se
1307 4059 1548 4116 regnare
1579 4043 2234 4102 deberet.Constituerat
2247 4065 2348 4103 au-

694 4135 818 4188 tam:
843 4133 1180 4190 secundum
1197 4132 1545 4204 Burgundiaa
1558 4132 1763 4188 ducem
1789 4132 2098 4190 Henricum
2116 4137 2352 4194 nomine

695 4224 827 4291 post
854 4221 1172 4294 Hugonem
1200 4220 1748 4292 natum,ipsumque
1777 4220 2028 4275 decrevit
2048 4237 2152 4292 pro
2177 4224 2350 4280 fratre

691 4308 750 4362 in
780 4325 1037 4382 regnum
1072 4308 1415 4365 sublimem.
1451 4309 1562 4365 Sed
1589 4325 1824 4363 rursum
1857 4312 2042 4364 mater
2078 4310 2349 4367 muliebri

689 4397 1077 4454 animositate
1108 4398 1352 4470 agitata,
1384 4402 1504 4452 tam
1536 4414 1571 4452 a
1600 4401 1762 4468 patre
1792 4413 1968 4468 quam
2019 4415 2052 4452 a
2103 4400 2345 4468 caeteris,

689 4486 783 4557 qui
834 4485 994 4558 parti
1046 4485 1206 4542 illius
1256 4486 1542 4553 favebant,
1595 4485 1888 4551 dissentit,
1917 4486 2163 4542 dicens:
2207 4489 2346 4544 Ter-

690 4575 922 4632 tiumad
937 4575 1112 4648 mgni
1125 4573 1986 4646 moderamenprzsstantiorem
2003 4574 2123 4630 fore
2135 4575 2345 4648 ﬁlium,

2435 688 2607 743 bilem
2640 690 2866 744 Patrem
2889 688 3250 744 Willelmum
3281 687 3846 762 consuluisset,apud
3877 693 4068 748 Divio-

2436 777 2600 831 nensi
2633 777 2989 848 castro,quid
3020 794 3189 849 agere
3222 777 3492 844 deberet;
3527 793 3836 849 oransque,
3859 785 3922 835 ut
3949 784 4072 836 erat

2433 866 2521 920 vir
2551 865 2729 922 totius
2762 866 3231 921 mansuetudinis
3279 871 3336 920 et
3387 866 3639 937 pietatis,
3674 867 3921 938 qualiter
3951 874 4069 924 tam

2378 1006 2381 1009 .
2437 971 2538 1026 pro
2570 971 2630 1009 se
2661 971 2835 1025 quam
2869 973 2969 1027 pro
3000 954 3116 1010 illis
3147 954 3458 1010 Dominum
3489 955 3818 1021 oraret,tale
3842 973 4075 1028 respon-

2436 1060 2564 1098 sum
2598 1045 2670 1098 ab
2700 1045 2899 1098 eodem
2933 1044 3214 1114 suscepit:
3252 1066 3278 1093 ‹‹
3312 1041 3646 1098 Meminisse
3681 1048 3790 1108 le,o
3823 1062 4078 1110 remeen-

2435 1131 2593 1186 venit
2621 1130 2968 1202 injuriarum
2993 1131 3556 1203 opprobriorumque
3583 1132 3728 1202 patri
3753 1149 3819 1186 ac
3841 1133 4010 1189 matri
4043 1151 4077 1188 a

2437 1226 2492 1276 te
2521 1219 2812 1275 illatorum
2854 1220 2910 1274 in
2942 1223 3042 1276 tua
3076 1220 3398 1290 juventute,
3435 1219 3712 1291 quoniam
3760 1220 3900 1276 talia
3948 1222 4076 1287 tibi,

2429 1310 2592 1380 justo
2639 1309 2833 1378 judice
2881 1309 2995 1362 Deo
3028 1309 3415 1380 permittente,
3450 1325 3483 1362 a
3535 1307 3670 1363 [iliis
3711 1308 4078 1380 ingeruntur,

2438 1397 2634 1469 qualia
2663 1402 2726 1451 tu
2756 1397 2879 1468 ipse
2909 1396 3267 1468 genitoribus
3300 1397 3649 1468 ingessisli.»
3676 1397 3804 1454 Haec
3834 1399 4084 1454 audiens

2439 1503 2536 1540 rex
2566 1485 2992 1558 patientissime
3023 1483 3155 1539 tulit
3175 1501 3373 1555 ;sequc
3407 1484 3555 1540 ultro
3589 1485 3936 1556 culpabilem
3961 1487 4080 1542 cla-

2439 1591 2631 1642 mans,
2663 1590 2776 1628 non
2807 1573 3057 1643 negavit.
3093 1571 3310 1627 Deinde
3342 1576 3473 1642 post
3505 1572 3868 1628 obsidionem
3893 1591 3958 1629 ac
3980 1575 4081 1629 de-

2439 1662 2874 1734 populationem
2906 1660 3212 1730 utriusque
3256 1659 3584 1731 provinciae,
3621 1661 3688 1714 ad
3742 1678 3940 1731 pacem
3993 1679 4080 1717 re-

2441 1749 3009 1821 deuntes,paulisper
3029 1749 3561 1820 quieverunt.Anno
3574 1765 3807 1819 quoque
3819 1750 4081 1821 sequenti

2444 1856 2644 1894 mense
2671 1837 2828 1893 Julio
2862 1838 3150 1893 Robertus
3184 1852 3281 1891 rex
3323 1837 3475 1908 apud
3526 1841 3781 1891 castrum
3829 1837 4088 1893 Meledu-

2449 1944 2626 1983 nense
2651 1927 2805 1982 diem
2837 1927 3045 1982 clausit
3073 1930 3422 1991 extremum,
3442 1923 3820 1998 delatumque
3849 1930 3937 1982 est
3961 1943 4086 1981 cor-

2451 2033 2562 2088 pus
2593 2017 2720 2088 ejus
2752 2016 2824 2071 ad
2854 2015 3158 2070 ecclesiam
3189 2015 3374 2070 sancti
3410 2014 3664 2086 Dionysii
3698 2015 3987 2087 martyris,
4022 2032 4090 2070 ac

2450 2105 2508 2160 in
2539 2107 2738 2160 eadem
2771 2103 3086 2177 sepultum.
3119 2103 3279 2158 Tunc
3312 2119 3516 2158 rursus
3547 2103 3732 2158 oritur
3778 2103 3927 2160 inter
3964 2121 4085 2160 ma-

2450 2198 2598 2248 trem
2631 2198 2689 2249 et
2716 2192 2866 2248 filios
2891 2192 3142 2247 rediviva
3170 2190 3470 2246 discordiae
3502 2191 3914 2259 crudelitas,ac
3944 2210 4086 2264 prae-

2449 2282 2752 2338 teritarum
2784 2281 3000 2336 irarum
3033 2281 3195 2335 frena
3220 2279 3414 2334 laxant
3444 2279 3758 2334 inveterata
3791 2281 3941 2335 odia.
3977 2282 4086 2336 Diu

2451 2371 2820 2441 multumque
2845 2370 3122 2424 vastando
3146 2384 3236 2422 res
3253 2367 3515 2439 proprias
3537 2368 3954 2423 debacchatum
3973 2375 4083 2436 est,

2452 2461 2632 2514 donec
2680 2457 2850 2512 Fulco
2897 2458 3336 2528 Andegavorum
3389 2473 3603 2521 comes,
3650 2461 3932 2528 cognatus
3962 2459 4082 2528 [al.,

2453 2546 2792 2615 avunculus]
2840 2544 3061 2600 scilicet
3107 2544 3388 2616 ipsorum,
3437 2549 3681 2599 matrem
3732 2545 4084 2616 redarguens

2453 2653 2556 2691 cur
2583 2633 2882 2690 bestialem
2896 2633 3193 2688 vesaniam
3225 2649 3360 2704 erga
3389 2632 3538 2687 filios
3554 2637 4090 2698 exerceret,utrum-

2454 2741 2566 2795 que
2597 2727 2890 2794 parentem
2931 2721 2991 2775 in
3045 2736 3245 2793 pacem
3301 2721 3618 2775 reduceret.
3652 2720 3925 2791 Sequenti
3957 2738 4088 2776 vero

2454 2829 2604 2867 anno
2635 2812 2837 2867 eodem
2869 2827 3088 2874 mense,
3108 2814 3281 2880 atque
3310 2808 3368 2862 in
3401 2809 3602 2864 eodem
3635 2814 3821 2864 castro
3852 2827 3966 2880 quo
3993 2826 4090 2864 rex

2454 2901 2676 2956 obierat
2705 2904 2759 2954 et
2787 2898 2914 2970 ipsa
2945 2897 3105 2963 obiit,
3141 2897 3390 2968 indeque
3420 2900 3645 2968 portata
3686 2901 3771 2952 est
3803 2897 3873 2952 ad
3905 2898 4088 2953 sancti

2454 2987 2709 3060 Dionysii
2742 2985 3064 3053 basilicam,
3097 3003 3162 3040 ac
3184 2986 3355 3056 juxta
3385 3002 3578 3056 regem
3610 2986 3857 3057 sepulta.
3889 2985 4090 3041 Henri-

2455 3094 2557 3132 cus
2584 3093 2792 3146 nempe
2835 3091 2952 3139 rex,
2985 3074 3242 3145 paternis
3274 3075 3446 3127 rebus
3476 3073 3713 3144 potitus,
3747 3091 4090 3144 germanum

2455 3182 2629 3221 suum
2663 3164 2977 3219 Robertum
3009 3161 3309 3217 constituit
3338 3161 3685 3231 Burgundiae
3715 3162 4094 3219 ducem.Pra3-'

2456 3258 2612 3309 terea
2642 3269 2774 3307 cum
2805 3251 2958 3313 idem
2992 3267 3087 3305 rex
3131 3248 3549 3320 rempublicam
3595 3248 3773 3304 vivaci
3816 3254 4008 3305 mente
4038 3256 4095 3305 et

2377 3325 2436 3392 Cl
2457 3341 2591 3410 agili
2624 3355 2860 3412 corpore
2892 3339 3051 3410 regni
3085 3339 3176 3393 sui
3209 3338 3538 3402 discuteret,
3575 3342 3714 3392 tunc
3754 3337 3996 3410 contigit
4029 3342 4095 3393 ut

2459 3429 2782 3486 Leolericus
2813 3429 3108 3484 Senonum
3155 3424 3529 3497 archipraesul
3577 3427 3780 3480 obiret.
3815 3425 3913 3480 Ille
3959 3443 4090 3482 vero

2458 3535 2641 3574 unum
2673 3519 2743 3572 de
2773 3534 2889 3572 suae
2912 3514 3144 3587 gentilis
3163 3514 4094 3570 nobilibusconsecrarimandavit

2459 3612 2633 3678 atque
2664 3608 2722 3661 in
2749 3607 2875 3677 ejus
2904 3605 3029 3660 loco
3062 3602 3387 3675 subrogari.
3421 3603 3532 3658 Sed
3558 3604 3677 3658 Odo
3706 3619 3898 3658 rerum
3930 3603 4096 3658 ditis-

2459 3695 2806 3762 simus,licet
2837 3695 2948 3748 ﬁde
2975 3709 3215 3764 pauper,
3243 3691 3489 3746 alterum
3521 3696 3757 3748 econtra
3784 3691 4091 3764 delegerat,

2458 3801 2530 3840 ne
2550 3786 2652 3855 jus
2685 3783 2909 3854 regium
2939 3781 3047 3836 bac
3069 3780 3126 3835 in
3152 3785 3312 3852 parte
3334 3780 3480 3835 foret
3502 3780 3813 3852 integrum.
3832 3781 3975 3834 Nam
3995 3779 4094 3851 qui

2456 3872 2664 3927 viventi
2698 3871 2845 3942 patri
2878 3870 3122 3924 Roberto
3154 3867 3339 3923 multa
3366 3873 3485 3922 tam
3504 3867 3558 3921 vi
3587 3885 3762 3939 quam
3782 3867 4097 3923 calliditate

2459 3961 2858 4031 subripuerat;
2894 3963 3016 4012 arte
3047 3956 3224 4012 simili
3257 3955 3393 4010 [iliis
3425 3956 3610 4010 facere
3641 3955 3926 4027 cupiebat.
3947 3955 4093 4010 Cum

2458 4048 2614 4104 enim
2649 4047 2918 4118 primitus
2947 4045 3226 4110 civitates,
3246 4045 3556 4099 Trecorurn
3587 4043 3850 4098 videlicet
3869 4060 3934 4098 ac
3951 4043 4093 4097 Mel-

2458 4138 2825 4202 d'orum,cum
2858 4132 3279 4204 multiplicibus
3309 4131 3537 4196 castris,
3561 4131 3642 4186 illi
3675 4131 4088 4202 praeripuisset,

2457 4229 2588 4297 post
2617 4228 2857 4278 mortem
2892 4223 3020 4292 ejns
3051 4220 3358 4291 conjugiet
3387 4219 3524 4275 filiis
3555 4219 3712 4274 illius
3744 4219 4088 4274 Senonicam

2456 4311 2747 4383 subripuit
2776 4311 2999 4374 urbem,
3035 4325 3210 4379 quam
3243 4307 3418 4362 etiam
3451 4312 3592 4362 tunc
3643 4308 3922 4363 adversus
3961 4305 4090 4361 illos

2454 4400 2691 4456 infamis
2709 4414 3008 4471 possessor
3020 4395 3513 4459 vallaverat.0uod
3533 4413 3776 4451 cernens
3787 4396 4088 4462 Henricus,

2455 4481 2589 4545 acra
2618 4486 2798 4542 animi
2828 4484 3121 4541 ferocitate
3151 4483 3355 4539 tandiu
3391 4483 3557 4538 illum
3579 4483 3877 4539 insecutus
3900 4485 4092 4540 estde-

2455 4574 2746 4640 bellando,
2778 4589 3083 4646 quousque
3113 4589 3263 4645 genu
3307 4571 3542 4626 ﬂectens
3585 4571 3636 4626 ei
3683 4589 3744 4627 se
3791 4573 4086 4638 subderet,

691 4665 786 4732 qui
819 4668 886 4720 et
911 4664 1157 4722 Roberti
1177 4661 2114 4736 patrisnominecensebatur.Hoc
2133 4664 2348 4737 quippe
2381 4682 2424 4747 ι]
2455 4665 2699 4736 ejusque
2726 4663 2930 4718 ditioni
2962 4661 3238 4716 obediens
3269 4665 3515 4732 pararet.
3550 4661 3686 4715 Erat
3716 4659 3872 4715 enim
3904 4659 4086 4715 isdem

691 4749 837 4812 inter
867 4754 1094 4810 lintres
1123 4750 1508 4808 seminarium
1538 4750 1840 4806 discordia;
1859 4749 2349 4809 fuit.Coadunatis

695 4839 942 4912 denique
994 4857 1120 4896 rex
1152 4839 1457 4911 metropoli
1517 4839 1714 4894 Remis
1759 4837 1924 4910 regni
1972 4839 2345 4911 primatibus,

689 4928 967 4985 stabilivit
997 4927 1173 5001 regni
1203 4943 1430 4984 coronis
1459 4927 1794 4992 Henricum,
1828 4942 2002 4998 quem
2031 4928 2343 5001 delegerat.

688 5015 1134 5074 Tunc-demum
1167 5020 1302 5088 post
1337 5013 1575 5087 aliquod
1627 5014 1905 5086 temporis
1951 5015 2230 5085 spatium,
2263 5017 2346 5073 illi

690 5101 804 5160 duo
825 5105 1068 5173 fratres,
1107 5103 1342 5159 ﬁrmato
1371 5102 1642 5158 amicitia
1673 5103 1911 5167 foedere,
1943 5104 2230 5176 praecipue
2274 5107 2346 5162 ob

691 5191 1063 5250 insolentiam
1123 5192 1333 5248 matris
1381 5207 1604 5264 erepere
1647 5191 1702 5245 vi
1760 5190 2031 5247 invadere
2086 5194 2244 5248 vicos
2292 5199 2348 5249 et

691 5281 915 5338 castella
947 5282 1050 5339 sui
1086 5281 1302 5354 patris,
1323 5297 1389 5336 ac
1420 5279 1799 5335 circumcirca
1817 5279 2070 5351 diripere
2100 5297 2228 5353 quae
2244 5299 2344 5354 po-

691 5372 878 5426 terant-
892 5374 1212 5428 bonorum'
1228 5367 1871 5439 illius.Namille,quem
1899 5383 2090 5440 regem
2111 5369 2340 5437 fecerat,

693 5455 1020 5532 Drogas-illi
1055 5459 1329 5514 castrum
1360 5455 1972 5527 subripuitzaltervero
1995 5456 2052 5510 in
2077 5457 2346 5530 Burgun-

691 5544 784 5600 ἀίω
813 5549 1090 5618 partibus
1125 5543 1470 5600 Avallonem
1502 5548 1676 5614 atque
1706 5543 2047 5598 Belnensem
2082 5543 2342 5617 [al.,Bel-

693 5629 1078 5710 lensem].Pro
1115 5632 1344 5705 quibus
1376 5649 1472 5688 rex
1501 5631 1662 5705 gravi
1694 5631 1962 5687 turbatus
1994 5647 2206 5701 amore,
2227 5635 2341 5690 col-

689 5719 860 5792 ligens
890 5723 1236 5782 exercitum
1268 5719 2192 5792 ascenditBurgundiamzbellum
2211 5723 2346 5795 plus

2455 4753 2574 4809 Odo
2606 4757 2778 4807 natus
2807 4767 2877 4806 ex
2918 4749 3037 4805 lilia
3083 4749 3411 4804 Chuonradi
3457 4748 3609 4820 regis
3655 4748 4088 4804 Austrasiorum

2456 4843 2623 4898 Berta
2665 4840 2919 4906 nomine,
2953 4838 3086 4894 licet
3115 4855 3149 4894 a
3179 4838 3360 4909 patris
3411 4837 3503 4893 sui
3553 4838 3780 4909 proavis
3831 4837 4088 4892 obscurae

2454 4929 2716 4986 duxisset
2748 4944 2933 4999 genus
2980 4925 3165 4981 linea).
3201 4926 3268 4980 Et
3319 4925 3594 4997 quoniam
3649 4924 3766 4997 regi
3818 4923 4086 4987 Rodulfo,

2454 5015 2741 5074 avunculo
2790 5014 3012 5071 scilicet
3053 5015 3201 5085 ejus,
3234 5030 3348 5070 non
3400 5018 3524 5069 erat
3571 5013 3760 5086 proles
3791 5012 3929 5083 ulla,
3963 5030 4090 5085 quae

2455 5108 2600 5163 feret
2630 5104 2788 5178 regni
2819 5104 3023 5170 haeres,
3058 5103 3431 5174 przesumpsit
3464 5103 3588 5174 ipso
3619 5101 3862 5169 vivente,
3892 5103 3947 5157 vi
3989 5119 4092 5174 po-

2455 5195 2574 5251 tius
2603 5210 2778 5266 quam
2810 5208 3026 5256 amore,
3061 5191 3220 5263 regni
3253 5191 3510 5247 habenas
3543 5190 3868 5263 praeripere,
3901 5193 4090 5246 confe-

2452 5281 2836 5352 rensinsuper
2861 5279 3319 5345 multadonaria,
3345 5284 3410 5335 ut
3438 5280 3520 5336 eis
3535 5297 3843 5336 assensum
3874 5279 4090 5351 praebe-

2453 5370 2874 5442 rentprimores
2902 5368 3120 5440 patriai.
3147 5369 3258 5423 Sed
3292 5369 3685 5440 nequidquam
3713 5387 3724 5423 :
3752 5366 3977 5422 Domini
4001 5371 4090 5421 est

2452 5461 2606 5516 enim
2621 5474 2886 5529 regnum,
2911 5461 2968 5510 et
2993 5455 3595 5527 cuicunquevoluerit,
3623 5455 3962 5511 dabitillud.
3988 5455 4088 5508 Est

2451 5549 2626 5604 etiam
2659 5545 3025 5617 proverbium
3063 5561 3075 5599 :
3110 5545 3442 5600 Secundum
3478 5547 3651 5600 tidem
3697 5541 3950 5598 hominis
3979 5539 4086 5593 erit

2450 5635 2676 5692 amicus
2711 5632 2886 5687 illius.
2919 5632 3073 5686 Gens
3103 5630 3257 5686 enim
3291 5631 3577 5702 praecipue
3617 5627 3776 5700 regni
3824 5625 4079 5695 ejusdem

2454 5723 2832 5782 assertionem
2863 5719 2997 5775 fidei
3031 5718 3416 5792 floccipeudit,
3462 5724 3518 5775 et
3547 5717 3727 5773 [cedas
3756 5729 3858 5784 pro
3900 5707 4074 5765 nihilo
