4938 6450
1385 461 1502 526 667
1637 425 1642 430 ’
2363 472 2705 537 RODULFI
2748 470 3026 536 CLABRI
3070 471 3424 540 nomen!
3468 477 3826 545 ccumac.
4667 481 4796 550 eos

1380 605 1561 662 ducit.
1596 603 1829 661 Exstitit
1859 603 2042 677 igitur
2067 609 2197 678 post
2226 611 2473 663 mortem
2515 607 2743 665 Henrici
2777 609 3028 684 impera-
3058 607 3114 677 Α
3144 611 3391 680 navigio,
3422 610 3696 670 velociter
3723 611 3807 671 illi
3841 613 4046 672 adfuit.
4081 611 4190 685 Qui
4219 615 4359 675 dum
4387 614 4565 676 simul
4587 633 4794 678 conve-

1378 695 1547 767 toris,
1579 695 1680 768 qui
1713 695 1822 751 fuit
1856 714 2034 769 nepos
2066 698 2217 768 regis
2257 697 2506 762 Rodulﬂ,
2539 699 2926 756 Chuonradus
2958 702 3028 756 de
3141 701 3366 756 nientes
3426 703 3657 759 irruunt
3712 703 3769 760 in
3828 705 4158 778 amplexus,
4209 724 4365 764 unus
4408 708 4787 781 simplicitate

1379 807 1498 866 quo
1530 791 1589 846 in
1621 786 2114 860 subsequentibus
2148 787 2774 854 narrabimus,babens
2806 791 2860 844 in
2890 808 3025 845 con-
3139 808 3352 853 revcra,
3387 794 3574 848 cmteri
3634 794 3766 850 dolo
3817 796 4012 862 illecti,
4065 797 4353 853 simulata:
4403 798 4564 872 pacis
4607 805 4785 872 atque

1373 881 1544 955 jugio
1573 883 1804 952 neptem
1835 876 2055 950 przet‘ati
2089 877 2312 932 Rodulti
2351 894 2363 931 :
2404 879 2476 932 ob
2510 878 2614 932 hoc
2648 882 2896 933 maxime
2928 898 3023 935 va-
3135 882 3402 935 amicitiae
3437 884 3722 938 miscuere
3753 884 4060 958 colloquia.
4097 886 4234 942 Post
4265 887 4438 943 tinem
4473 903 4609 944 vero
4639 887 4781 944 insi-

1377 973 1566 1029 lenter
1595 969 1869 1026 resistens
1901 967 2820 1031 contradicebat(ldoni.0uorum
2845 971 3020 1025 etiam
3135 970 3488 1026 mulatorum
3504 974 3808 1028 verborum
3825 976 4780 1049 cmptorecessujamlongiuscule

1377 1062 1454 1118 lis
1485 1059 1768 1116 acerrima
1797 1057 1953 1128 regni
1989 1056 2296 1126 utriusque
2327 1057 2640 1112 maximam
2678 1059 2812 1111 fecit
2845 1059 3020 1130 depo-
3133 1061 3534 1130 progrediente
3597 1061 3910 1129 Willelmo,
3953 1065 4240 1120 revocavit
4285 1079 4419 1121 eum
4481 1065 4779 1122 Tebaldus

1376 1147 1852 1225 pulationem.Ad
1890 1144 2160 1200 ultimum
2193 1143 2446 1216 denique
2471 1162 2604 1200 cum
2632 1147 2756 1215 jam
2791 1147 2846 1201 in
2881 1165 3017 1202 con—
3130 1150 3295 1218 quasi
3331 1151 3638 1204 secretiora
3666 1149 3854 1205 adhuc
3885 1152 3934 1205 ei
3985 1150 4229 1224 loquens
4277 1152 4634 1218 crediturus,
4671 1172 4772 1209 seu

1375 1243 1575 1314 spectu
1608 1239 1705 1294 Dei
1737 1237 2032 1292 excederet
2078 1251 2354 1288 mensura
2386 1235 2530 1288 tanti
2584 1234 2745 1296 mali,
2778 1236 3018 1290 ciillecto
3127 1236 3360 1291 charius
3390 1238 3994 1295 vnledicturus.Atille
4011 1241 4774 1314 remumdextraaccipiens,

1370 1330 1755 1399 undecunque
1800 1325 2050 1381 exercitu
2096 1324 2475 1395 pcrmaximo.
2508 1325 2844 1378 conscendit
2893 1326 3016 1379 Odo
3127 1326 3422 1395 prohibuit
3457 1332 3514 1381 ut
3549 1344 3718 1382 nemo
3750 1344 3992 1382 suorqu
4023 1331 4220 1384 exiens
4250 1346 4384 1385 eum
4410 1337 4773 1403 sequeretur,

1367 1421 1425 1476 in
1460 1417 1791 1474 Tullensem
1826 1431 2066 1488 pagum,
2098 1430 2271 1484 quem
2298 1415 2421 1482 jam
2457 1415 2671 1483 saepius
2702 1413 3015 1486 depopula-
3123 1414 3370 1468 eXsilivit
3402 1416 3470 1468 ad
3503 1415 4267 1490 ripam.’l‘ebaldusquoque
4289 1417 4777 1493 illumappropin-

1363 1513 1540 1574 verat,
1572 1507 1774 1578 ibique
1823 1520 2173 1575 oppugnans
2205 1502 2359 1572 cepit
2403 1501 2685 1556 Barrense
2732 1509 3009 1568 castrum,
3122 1519 3335 1573 quans,
3366 1505 3529 1574 quasi
3566 1504 3786 1575 aliquid
3823 1503 4147 1572 locuturus,
4173 1505 4326 1562 illico
4354 1511 4772 1582 exerta,quam

1363 1616 1495 1655 cum
1529 1613 1746 1668 magna
1790 1601 1987 1648 tamen
2035 1590 2446 1661 diremptionis
2493 1591 2785 1646 eversione
2834 1594 3011 1646 totius
3123 1592 3192 1645 ad
3228 1591 3332 1647 hoc
3367 1592 3573 1646 tulerat
3606 1594 3715 1647 sub
3749 1591 3942 1664 pallio,
3977 1599 4165 1665 spata,
4199 1593 4451 1652 unoictu
4484 1614 4773 1670 acorpore

1363 1684 1965 1761 provincize.Cumque
1989 1681 2048 1734 in
2079 1680 2280 1734 eodem
2298 1679 2702 1733 castrolocatis
2727 1680 3010 1734 militibus
3120 1685 3297 1750 caput
3327 1681 3604 1735 decussit.
3638 1682 3798 1745 Quod
3830 1687 4134 1739 cernentes
4166 1683 4264 1757 qui
4299 1700 4434 1742 cum
4483 1685 4771 1743 Willclmo

1365 1776 1439 1832 ad
1468 1772 1788 1828 custodirm
1819 1770 1996 1824 ferme
2027 1766 2447 1839 quingentismt
2471 1769 2801 1839 tamenipse
2824 1787 3006 1840 quan-
3118 1776 3412 1832 venerant,
3449 1771 3789 1841 remigando
3823 1771 4019 1842 fugam
4060 1772 4372 1844 arripiunt,
4427 1774 4769 1831 nuntiavere

1363 1862 1554 1920 tocius
1583 1860 1656 1916 ad
1687 1857 1922 1933 pr0pria
1953 1857 2492 1928 repedaretmtpote
2521 1857 2618 1929 qui
2650 1859 3008 1927 curisagita-
3122 1858 3685 1928 ltothomagensibus
3707 1865 3764 1914 ut
3784 1861 4270 1930 contigerat.Erat
4290 1861 4446 1918 enim
4469 1863 4764 1919 Willelmo

1362 1953 1539 2008 batur
1566 1944 2406 2018 innumeriszprarstolabantur
2427 1947 2615 2018 itaque
2642 1947 2805 2001 illum
2833 1949 3000 2017 legati
3033 1978 3083 2046 Β
3119 1949 3275 2002 ﬁlius
3301 1967 3366 2002 ex
3390 1948 4059 2004 concubinaltichardus
4075 1948 4540 2015 nomine,tamcn
4573 1952 4766 2008 adhuc

1361 2059 1429 2098 ex
1463 2039 1629 2097 Italia
1659 2036 1883 2102 directi,
1915 2035 2238 2090 deferentes
2267 2035 2315 2090 ei
2351 2035 2586 2090 arrham
2621 2036 3001 2108 principatus,

1361 2135 1427 2187 ut
1473 2128 1742 2202 agebant,
1772 2125 1949 2180 totius
1996 2123 2169 2180 Italia:
2217 2123 2488 2195 regionis.
2524 2126 3006 2198 Contempserant

1359 2221 1518 2278 enim
1549 2233 1723 2274 suum
1756 2213 2449 2287 principem,praedictum
2481 2214 2750 2270 videlicet
2771 2216 3002 2270 Chuon-

1357 2309 1588 2375 radum,
1621 2302 2509 2372 Mediolanenses,conjuratione
2543 2303 2692 2358 facta
2724 2305 3004 2361 adversus

1356 2414 1512 2464 eum,
1538 2394 1764 2468 junctis
1793 2392 1904 2448 sibi
1953 2409 2104 2464 quos
2152 2396 2418 2463 poterant
2463 2407 2532 2446 ex
2579 2393 2909 2448 civitatibus
2943 2397 2998 2450 in

1351 2484 1615 2544 circuitu.
1654 2481 2082 2539 Existimabant
2125 2497 2355 2551 quoque
2413 2481 2686 2536 eumdem
2736 2484 2997 2539 Odonem

1350 2590 1520 2648 posse
1550 2572 1845 2646 percipere
1875 2585 2121 2641 regnum
2144 2569 2784 2642 Austrasiorum,atque
2807 2574 2875 2626 ad
2901 2591 2999 2627 eos

1350 2663 1621 2728 transire,
1654 2665 1720 2716 ut
1749 2658 1866 2715 illis
1895 2662 2121 2729 gereret
2147 2657 2682 2728 principatum.Sed
2715 2661 2866 2715 sicut
2897 2663 2996 2718 ait:

1354 2749 1705 2808 Manufortis
1735 2747 1985 2819 insignis
2019 2749 2339 2817 praecentor
2387 2745 2673 2801 bellorum
2717 2749 2945 2805 Domini
2982 2769 2994 2806 ;

1355 2840 1614 2912 Dejecisti
1659 2854 1766 2903 eos,
1807 2834 2102 2906 inquiens,
2134 2835 2264 2888 dum
2311 2835 2700 2903 alienarentur,
2733 2837 2814 2893 ita
2861 2857 2996 2894 con-

1353 2928 1508 3002 tigit.
1539 2927 1684 2982 Nam
1724 2925 1916 2981 subito
1947 2921 2144 2979 Gocilo
2175 2923 2292 2977 dux
2323 2924 2502 2978 totius
2549 2926 2745 2996 prima:
2780 2928 2995 2984 Rhetiae

1355 3015 1612 3090 regionis
1644 3015 1728 3071 eis
1759 3013 2028 3070 Rhenum
2060 3029 2192 3068 cum
2238 3013 2489 3068 exercitu
2525 3015 2704 3069 nimio
2755 3017 2810 3071 in
2858 3035 2992 3073 eum

1353 3107 1607 3174 irruens,
1638 3119 1870 3160 omnem
1893 3101 2111 3158 Odonis
2141 3102 2458 3156 exercitum
2485 3103 2540 3156 in
2574 3103 2770 3174 fugam
2798 3106 2990 3173 vertit,

3116 2038 3472 2092 adolescens.
3519 2039 3699 2101 Quem
3743 2037 4094 2109 accipientes
4142 2039 4232 2094 sui
4279 2045 4612 2096 statuerunt
4661 2059 4765 2114 pro

3116 2132 3276 2196 patre
3311 2127 3628 2198 principem
3654 2125 3834 2196 regni.
3852 2126 4146 2182 Tebaldus
4165 2144 4373 2201 nempe
4397 2134 4629 2201 patrato
4642 2148 4762 2187 sce-

3116 2215 3230 2268 lere
3286 2217 3551 2270 concitus
3603 2216 3852 2287 perrexit
3891 2216 3961 2270 ad
4024 2215 4391 2272 Heribertum
4447 2217 4762 2274 Trecorum

3113 2305 3408 2366 comitem,
3445 2309 3648 2375 pctcns
3680 2304 3751 2358 ab
3777 2321 3844 2358 eo
3877 2321 4134 2360 sororem
4167 2303 4358 2376 ipsius
4387 2305 4510 2361 dari
4556 2306 4672 2362 sibi
4706 2310 4759 2362 in

3111 2393 3472 2462 conjugium,
3507 2409 3740 2448 uxorem
3774 2391 3995 2446 scilicet
4017 2392 4762 2468 prmdictiWillelmiquem

3112 2482 3496 2536 interfecerat.
3532 2484 3602 2534 At
3654 2479 3749 2534 ille
3799 2481 3998 2535 statim
4049 2481 4317 2553 promisit
4345 2481 4494 2548 dari,
4544 2499 4760 2539 vocans

3109 2586 3235 2624 eam
3272 2571 3340 2623 ad
3376 2568 3728 2640 colloquium
3760 2569 3871 2634 sui,
3904 2585 4030 2641 qum
4055 2569 4316 2626 nondum
4335 2576 4618 2642 genuerat
4637 2591 4762 2644 pro-

3109 2659 3243 2724 lem,
3277 2658 3444 2730 quasi
3473 2657 3881 2713 consolaturus
3908 2673 3976 2714 ex
4006 2658 4222 2714 damno
4254 2659 4470 2724 mariti,
4517 2661 4760 2716 tradidit

3107 2749 3266 2803 illam
3297 2747 3570 2812 Tebaldo,
3587 2746 3927 2801 detestabile
3945 2746 4155 2802 satisin
4173 2748 4532 2820 conjugium.
4551 2749 4630 2805 Ex
4645 2767 4759 2822 qua

3105 2838 3308 2909 genuit
3337 2837 3617 2898 Odonem,
3654 2841 3874 2907 patrem
3895 2835 4156 2891 videlicet
4186 2837 4756 2909 istius,cujusﬁnem

3105 2927 3468 2982 teterrimum
3484 2942 3659 2995 supra
3673 2923 4104 2980 diximus.lllud
4118 2926 4293 2981 etiam
4307 2929 4758 2983 commemorari

3103 3015 3160 3069 in
3193 3015 3349 3069 calce
3383 3012 3534 3068 tertii
3568 3012 3746 3067 libelli
3781 3011 4018 3084 placuit,
4053 3012 4308 3085 qualiter
4335 3015 4757 3072 vindexdivina

3103 3109 3363 3176 potestas
3395 3103 3574 3156 totius
3601 3101 3736 3156 boni
3771 3102 4146 3169 moderatrix,
4171 3101 4756 3160 insolentiahumani

1351 3195 1486 3252 licet
1509 3211 1577 3251 ex
1606 3197 1851 3266 utraque
1881 3196 2042 3264 parte
2073 3190 2327 3263 plurima
2374 3191 2687 3248 multitudo
2735 3195 2993 3250 moriens
3101 3193 3330 3264 generis
3362 3190 3445 3246 vel
3480 3189 3654 3245 ultrix
3688 3191 4215 3262 impraesentiarum
4246 3191 4555 3249 exstiterit.
4598 3193 4756 3250 Olim

1344 3284 1816 3342 corruerit.Tunc
1845 3280 2096 3353 denique
2127 3284 2184 3335 et
2213 3279 2335 3352 ipse
2365 3279 2488 3336 Odo
2507 3280 2994 3339 miserrimeinte—
3029 3345 3062 3353 _
3101 3282 3279 3352 igitur
3315 3280 3465 3335 circa
3515 3279 3896 3334 millesimum
3948 3280 4230 3335 incarnati
4275 3280 4450 3337 Verbi
4501 3298 4753 3348 annum,

1344 3375 1470 3444 riit;
1502 3373 1673 3446 cujus
1701 3371 1956 3428 lacerum
1987 3345 2545 3441 cadaver-Rogerius
2575 3371 2987 3430 Catalonorum
3019 3345 3063 3417 θ
3261 3387 3357 3425 rex
3389 3369 3674 3424 Robertus
3707 3368 4027 3440 accepisset
4055 3369 4166 3424 sibi
4191 3369 4452 3441 reginam
4466 3345 4758 3427 Constans

1341 3462 1574 3537 praesul,
1608 3461 1834 3517 habens
1858 3474 2060 3515 secum
2088 3458 2278 3512 virum
2301 3459 2692 3514 venerabilem
2715 3461 2985 3517 abbatem
3096 3462 3235 3514 tiam
3269 3477 3301 3513 a
3334 3459 3598 3530 partibus
3629 3456 3955 3529 Aquitania!
3988 3457 4756 3532 inconjugium,cteperunt

1345 3551 1728 3618 Richardum,
1761 3566 1797 3604 a
1824 3549 1977 3602 crede
2006 3546 2336 3618 suspiciens
2366 3547 2530 3602 uxori
2570 3549 2838 3604 reddidit.
2874 3553 2988 3619 (24)
3095 3550 3384 3605 confluere
3416 3546 3601 3617 gratia
3628 3546 3893 3616 ejusdem
3923 3545 4133 3622 reginis
4159 3547 4216 3602 in
4238 3546 4541 3603 Franciam
4563 3554 4746 3622 atque

1347 3639 1619 3708 [Narrant
1645 3637 1824 3692 etiam
1855 3635 2297 3707 plerique,quod
2325 3651 2536 3707 corpus
2561 3638 2689 3709 ejus
2720 3639 2818 3694 diu
2846 3641 2991 3696 mul-
3097 3637 3520 3708 Burgundiam,
3578 3635 3650 3689 ab
3699 3634 3943 3689 Avernis
3981 3639 4040 3690 et
4086 3634 4420 3707 Aquitania,
4471 3635 4749 3693 homines

1345 3732 1593 3798 tumque
1621 3724 1932 3797 quasitum
1965 3723 2206 3778 inveniri
2249 3740 2360 3778 non
2393 3727 2600 3796 potuit,
2632 3728 2817 3783 donec
2847 3747 2991 3784 uxor
3097 3726 3255 3783 omni
3288 3725 3516 3781 levitate
3546 3723 3872 3787 vanissimi,
3921 3725 4184 3780 moribus
4214 3729 4271 3781 et
4294 3730 4450 3781 veste
4491 3726 4755 3794 distorti,

1345 3817 1476 3888 ejus
1505 3813 1743 3870 veniens
1771 3811 1872 3868 tali
1901 3811 2240 3884 intersignio
2270 3812 2485 3869 invenit
2512 3831 2523 3869 ε
2555 3814 2804 3872 habebat
2833 3819 2987 3874 enim
3097 3815 3279 3873 armis
3303 3819 3358 3869 et
3386 3830 3670 3885 equorum
3696 3811 3952 3884 phaleris
3983 3813 4424 3886 incompositi,a
4453 3816 4648 3872 medio
4663 3833 4762 3872 ca-

1345 3919 1644 3960 verrucam
1672 3901 1824 3958 inter
1851 3899 2125 3973 genitalia
2151 3905 2209 3956 et
2239 3901 2463 3975 anum.]
2490 3904 2652 3968 Quod
2683 3905 2766 3959 sic
2796 3904 2990 3962 inven-
3098 3906 3236 3979 pitis
3281 3903 3507 3968 nudati,
3568 3901 3924 3958 histrionum
3983 3917 4145 3958 more
4205 3902 4404 3959 barbis
4452 3904 4593 3971 rasi,
4653 3922 4754 3962 ca-

1345 3996 1470 4050 tum
1502 3989 1814 4064 accipiens,
1849 3989 2056 4046 direxit
2085 3989 2227 4045 illud
2259 3990 2534 4056 Turonis,
2569 3991 2765 4065 ibique
2796 3995 2989 4066 sepul-
3099 3994 3233 4065 ligis
3261 3997 3318 4048 et
3368 3990 3554 4047 ocreis
3607 3989 3958 4063 turpissimi,
4018 3990 4151 4048 ﬁdei
4199 3995 4258 4047 et
4315 3991 4480 4064 pacis
4536 3993 4759 4051 findere

1341 4088 1468 4140 tum
1502 4085 1592 4138 est
1612 4081 1782 4154 juxta
1812 4084 2036 4154 patrem
2066 4097 2242 4135 suum
2275 4080 2332 4136 in
2366 4081 2514 4137 atrio
2536 4083 2722 4138 sancti
2756 4084 2990 4141 Martini
3095 4082 3335 4140 omnino
3363 4080 3551 4135 vacui.
3585 4081 3843 4146 Quorum
3871 4080 4067 4152 itaque
4083 4081 4336 4137 nefanda
4362 4082 4752 4155 exemplaria,

1342 4169 1662 4244 superioris
1699 4167 1966 4226 cmnobii.
2001 4169 2065 4224 Et
2119 4167 2355 4241 quidem
2407 4169 2540 4224 linis
2589 4171 2808 4228 Odonis
2857 4175 2991 4231 talis
3099 4171 3242 4227 heu!
3280 4169 3424 4242 proh
3456 4167 3649 4223 dolori
3687 4173 3808 4223 tota
3837 4185 3982 4241 gens
4015 4169 4372 4226 Francorum
4401 4186 4589 4243 nuper
4623 4188 4758 4228 om-

1340 4259 1770 4326 exstitit.0uem
1801 4257 2018 4313 idcirco
2046 4255 2184 4312 huic
2206 4257 2374 4313 seriei
2405 4257 2658 4316 intexere
2675 4260 2989 4329 voluimus,
3102 4261 3266 4315 nium
3298 4256 3716 4313 honestissima
3746 4273 3813 4312 ac
3841 4257 4329 4328 Burgundionum
4345 4258 4648 4316 sitibunda
4667 4278 4759 4317 ra-

1340 4347 1594 4422 qualiter
1615 4347 2143 4420 impraesentiarum
2156 4353 2808 4418 cognoscereturrerum
2826 4351 2993 4408 Crea-

1339 4440 1432 4492 tor
1448 4437 1822 4508 justissimus
1856 4439 2120 4508 potenter
2146 4435 2396 4508 explere,
2429 4438 2585 4508 quod
2633 4437 2773 4495 olim
2807 4441 2991 4496 Thes-

1341 4526 1560 4582 mol’oro
1591 4541 1698 4582 suo
1727 4525 1908 4598 Moysi
1943 4523 2988 4598 promisit:Ego,inquiens,Dominus,

1338 4616 1436 4688 qui
1452 4615 1640 4687 judico
1664 4623 1884 4687 peccata
1907 4623 2130 4686 patrum
2160 4614 2219 4666 in
2244 4613 2379 4683 ﬁliis
2409 4615 2467 4666 in
2499 4615 2720 4668 tertiam
2747 4621 2800 4670 ei
2822 4635 2992 4689 quor-

3101 4349 3248 4421 puit,
3280 4347 3464 4402 donec
3483 4345 3677 4401 omnis
3707 4344 4205 4416 foretnequitieet
4228 4346 4758 4419 turpitudinisillo—

3103 4452 3233 4492 rum
3265 4432 3598 4491 conformis.
3635 4433 3691 4488 Si
3712 4432 3957 4505 quilibet
3977 4450 4111 4490 vero
4141 4433 4452 4507 religiosus
4485 4440 4752 4495 acDeum

3102 4525 3318 4580 timens
3348 4522 3488 4578 talia
3534 4527 3802 4593 gerentes
3846 4538 4217 4594 compescere
4269 4524 4633 4591 tentavisset,
4676 4529 4752 4583 ab

3101 4614 3324 4670 eisdem
3358 4610 3589 4666 insania
3620 4612 3951 4666 notabatur.
3971 4611 4084 4668 Sed
4115 4611 4752 4683 virintegerrimaﬂdei

1339 4711 1449 4758 tam
1477 4705 1902 4774 generationem.
1939 4700 2173 4757 Tertius
2203 4716 2461 4771 namque
2490 4699 2586 4754 hic
2613 4699 2755 4768 Odo,
2777 4703 2850 4759 de
2879 4723 2994 4776 quo
3022 4719 3072 4785 ι)
3102 4718 3170 4758 ac
3200 4700 3540 4757 constantiae
3571 4698 4402 4774 pater,videlicetWillelmus,
4430 4717 4607 4774 quem
4619 4704 4753 4775 jam

1339 4808 1374 4848 a
1404 4792 1570 4848 nobis
1598 4808 1790 4849 sermo
1823 4789 2092 4863 superior
2119 4793 2209 4844 est
2229 4787 2678 4859 habitus,nepos
2707 4789 2988 4850 fuitillius

1337 4880 1575 4936 Tebaldi
1607 4878 1841 4936 Carnoti
1871 4875 2228 4942 comitis,cui
2245 4890 2569 4946 cognomen
2583 4877 2844 4934 Tricator
2861 4881 2986 4937 fuit.

1337 4968 1440 5026 Hic
1467 4986 1679 5042 nempe
1726 4966 2026 5040 quondam
2071 4965 2317 5034 junctus
2367 4963 2609 5020 Arnulfo
2647 4966 2987 5026 Flandrensi

1335 5057 1559 5124 comiti,
1586 5060 1862 5130 expetens
1895 5069 1996 5128 per
2023 5052 2248 5124 legatos
2277 5050 2639 5109 Willelmum
2672 5056 2988 5115 Rotboma-

1338 5161 1548 5218 gerum
1577 5145 1789 5200 ducem
1818 5142 1978 5199 velut
2009 5142 2081 5198 ad
2116 5140 2400 5197 familiare
2417 5141 2776 5216 colloquium
2802 5149 2984 5218 pacis,

1336 5232 1690 5305 promittens
1719 5247 1782 5286 se
1809 5247 1882 5286 ex
1910 5235 2074 5303 parte
2103 5229 2257 5302 regis
2287 5230 2641 5288 Francorum
2671 5251 2770 5290 seu
2791 5236 2985 5309 Hugo-

1338 5319 1430 5376 nis
1461 5317 1786 5389 Magni,qui
1819 5319 2007 5376 fuerat
2036 5317 2193 5375 ﬁlius
2213 5317 2446 5375 Roberti
2479 5321 2834 5395 regis,quem
2852 5326 2986 5383 Otto

1337 5409 1458 5464 dux
1487 5407 1803 5472 Saxonum,
1821 5412 2023 5480 postea
2050 5424 2184 5464 vero
2214 5408 2532 5481 imperator
2563 5409 2984 5481 Romanorum,

1336 5493 1681 5556 Suessionis
1709 5494 2078 5564 interfecit,et
2107 5495 2275 5552 utilia
2301 5514 2430 5554 esse
2459 5498 2776 5557 dicturum:
2795 5507 2856 5558 at
2887 5502 2985 5560 ille

1335 5595 1600 5660 quoque,
1633 5585 1696 5635 ut
1722 5588 1844 5638 erat
1871 5582 1957 5639 vir
1997 5585 2297 5656 innocens,
2329 5585 2466 5642 licet
2513 5589 2979 5658 potentissimus,

1333 5675 1434 5733 ubi
1472 5668 1566 5724 illi
1593 5669 1984 5740 constituerat,
2003 5689 2106 5745 per
2134 5673 2376 5730 ﬂuvium
2409 5675 2692 5748 Sequanae
2724 5685 2980 5751 evectus,

3098 4807 3280 4864 supra
3295 4787 3909 4856 commemoravimus,
3941 4790 4150 4858 rejecto
4163 4790 4386 4863 pudore
4396 4797 4754 4866 sumptaque

3100 4877 3352 4953 spiritali
3381 4877 3723 4946 invectione,
3758 4893 3951 4950 regem
3983 4880 4202 4951 pariter
4227 4896 4297 4936 ae
4329 4881 4614 4952 reginam,
4647 4899 4754 4938 cur

3099 4969 3239 5026 talia
3269 4968 3329 5024 in
3359 4983 3467 5023 suo
3497 4983 3676 5039 regno
3699 4967 4758 5040 permitterentﬂeri,acerrimeinc1e-

3099 5054 3276 5132 pavit,
3309 5057 3528 5129 quippe
3557 5056 3716 5129 quod
3741 5061 4082 5114 ceterorum
4121 5056 4608 5116 honestissimum
4639 5059 4753 5116 δον

3099 5163 3240 5202 nere
3268 5151 3326 5201 et
3377 5145 3757 5217 religiositate
3811 5145 4034 5203 diutius
4075 5146 4363 5205 clament
4409 5163 4752 5221 regnorum.

3095 5239 3340 5291 Ceteros
3371 5250 3606 5307 quoque
3655 5234 3952 5291 inferioris
3997 5237 4220 5308 gradus
4247 5250 4352 5293 seu
4399 5236 4631 5294 ordinis
4669 5238 4752 5294 ita

3094 5324 3344 5395 redargu
3353 5339 3458 5378 ens
3470 5323 4034 5391 comminabatur,ut
4047 5323 4231 5397 pleriq
4240 5339 4311 5381 ue
4321 5325 4749 5382 monitionibus

3091 5410 3254 5467 illius
3281 5410 3537 5478 coerciti,
3571 5410 3776 5466 relicta
3797 5411 4207 5486 superstitiosa
4234 5412 4514 5482 vanitate,
4543 5413 4605 5470 in
4629 5415 4748 5487 pri-

3092 5499 3314 5556 stinum
3343 5516 3407 5554 se
3437 5500 3822 5556 reformarent
3842 5502 4364 5560 usum.Asssrebat
4391 5502 4579 5575 igitur
4593 5504 4746 5559 idem

3090 5590 3273 5644 abbas
3294 5587 3416 5644 haec
3446 5588 3648 5645 omnia
3675 5588 3988 5647 molimina
4029 5589 4271 5648 calteria
4313 5607 4446 5648 esse
4488 5592 4746 5658 Satanae;

3089 5694 3156 5734 ac
3186 5677 3234 5731 si
3266 5675 3400 5748 quis
3431 5676 3737 5733 hominum
3771 5679 3989 5737 talibus
4023 5679 4296 5753 insigniis
4325 5678 4750 5738 calteriatusex

1402 5755 1533 5838 (24)
1566 5753 1631 5811 In
1659 5771 1771 5824 uno
1800 5759 2596 5835 cod.additasuntsequentia
2617 5765 2974 5840 inmargine,
3007 5769 3108 5829 sed
3138 5765 3459 5824 recentiore
3490 5781 3691 5824 manu.
