3852 6430
116 430 274 495 (πθ

1035 440 1584 510 ΗΙΘῬΘΒῙΑΗΠΜ
1627 448 1836 519 LIBRI
1878 450 2252 526 QUINQUE.
2301 489 2376 504 -
2420 460 2565 521 LIB.
2613 461 2715 523 ιν.

3449 473 3567 534 674

109 582 286 623 cum
305 567 534 624 ceteris
566 568 697 625 fuit.
733 571 953 629 Deinde
970 591 1104 630 vero
1128 575 1326 647 prima)
1356 577 1577 635 fraudis
1607 585 1809 637 auctor
1832 594 1889 659 Α
1918 584 2277 655 cedentibus,
2313 592 2466 661 quod
2498 597 2631 647 tunc
2664 595 2862 666 procul
2916 597 3092 654 dubio
3129 602 3560 663 csidcntissime

108 657 370 731 adjecit
392 657 657 715 :«Noune
682 659 869 717 etiam
899 662 957 717 in
996 665 1409 723 transmarinis
1444 669 1704 739 partibus
1728 689 1811 727 rc-

107 762 333 821 gnum
358 749 695 804 Grecorum
724 753 863 821 post
909 751 1187 808 Basiliam
1204 753 1474 811 Michaeli
1497 756 1640 813 mihi
1672 759 1812 815 obe-

111 834 334 892 dienti
363 835 627 892 tradidi?
674 836 898 894 Idcirco
948 840 1115 896 crede
1156 841 1327 909 mihi,
1361 846 1420 898 et
1464 843 1673 901 faciam
1698 846 1812 902 tibi

112 923 341 980 multo
369 924 600 996 majora
622 940 803 998 quam
826 942 1064 999 sperare
1086 933 1462 1003 queas,trque
1492 932 1689 1005 ipsum
1723 951 1812 991 sa-

112 1012 316 1069 nitati
348 1013 683 1069 restituam.
717 1014 856 1094 εζητ.
883 1015 1101 1090 quippe
1152 1016 1314 1073 fama
1356 1023 1499 1075 tunc
1527 1022 1810 1094 temporis

111 1100 299 1174 quod
324 1100 489 1157 idem
510 1086 1389 1162 Michaelcubicnlariusfuisset
1404 1086 1809 1178 Basilii,clam-

114 1206 249 1262 que
270 1187 371 1244 illi
394 1204 692 1245 venenum
726 1190 787 1245 in
813 1195 951 1262 potu
981 1192 1054 1247 ad
1087 1208 1286 1249 necem
1317 1194 1596 1252 dedisset.
1626 1197 1810 1269 Cujus

114 1276 353 1351 procul
376 1276 563 1333 dubie
586 1276 818 1348 imperii
844 1282 1233 1350 postmortcm
1245 1282 1640 1357 ejussumpsit
1651 1301 1810 1340 coro-

113 1382 299 1423 nam.
337 1366 528 1437 Cujus
558 1366 763 1434 etiam,
793 1370 859 1421 ut
879 1383 988 1439 par
1012 1370 1575 1444 erat,regimenimp.
1598 1373 1667 1427 rii
1691 1389 1808 1428 non

115 1456 281 1512 satis
315 1453 471 1511 utile
486 1452 624 1509 fuit.
658 1453 886 1510 interea
900 1461 1264 1513 memoratus
1293 1457 1457 1531 Hugo
1479 1459 1539 1514 in
1561 1476 1687 1515 sese
1718 1475 1809 1515 re-

111 1559 371 1611 ver-sus,
398 1542 612 1597 dextra
641 1540 879 1615 signum
903 1543 1253 1601 venerabilis
1274 1546 1466 1604 crucis
1487 1548 1810 1620 exprimere

117 1637 403 1697 tentans,
436 1629 629 1686 dixit:
660 1652 691 1679 «
722 1631 845 1703 Ego
867 1646 1002 1687 vero
1022 1630 1222 1689 Jesum
1248 1633 1351 1690 Dei
1368 1634 1581 1692 Filium
1603 1640 1806 1706 testor,

117 1736 315 1794 quem
347 1718 745 1786 adoro,credo
765 1723 822 1774 et
838 1720 1264 1789 contiteor,non
1287 1721 1467 1778 alium
1488 1727 1545 1779 te
1570 1724 1810 1779 omnino

123 1808 477 1874 credidero,
511 1807 628 1863 nisi
656 1811 724 1862 ut
755 1807 916 1863 fuisti
947 1811 1004 1863 et
1034 1824 1118 1875 es,
1150 1809 1415 1866 fallacem
1448 1811 1808 1868 diabolum.»

120 1899 298 1954 'l‘nnc
329 1896 576 1952 daemon
604 1895 884 1951 continuo
911 1895 1061 1951 hanc
1082 1912 1282 1953 vocem
1312 1898 1529 1954 edidit:
1553 1923 1580 1949 ι(
1603 1900 1808 1963 Quaeso

126 2004 200 2044 ne
228 1983 561 2041 brachium
590 1986 798 2039 contra
821 1999 916 2039 me
956 1984 1167 2057 erigas.
1198 2007 1226 2034 »
1273 1986 1482 2058 Sicque
1528 1988 1807 2044 continuo

127 2074 333 2131 omnis
354 2070 465 2128 ille
484 2069 700 2149 globus
723 2075 787 2126 ut
804 2070 1003 2127 fumus
1016 2073 1452 2131 evanuit.Atille
1472 2075 1808 2132 exclamans

126 2178 270 2219 voce
298 2176 433 2234 qua
463 2158 1001 2232 potnit,occurrunt
1024 2159 1245 2233 quippe
1274 2163 1807 2229 domestici,narrat

130 2251 250 2307 illis
282 2266 357 2306 ex
388 2247 605 2303 ordine
632 2262 764 2319 quas
786 2246 1086 2319 vidit,quae
1114 2249 1587 2317 audivit.Quibus
1608 2252 1802 2320 dictis,

129 2341 260 2413 ipso
288 2338 394 2394 die
428 2339 574 2392 ante
594 2333 742 2391 solis
764 2350 1039 2391 occasum
1070 2335 1394 2393 obiit.Nulli
1419 2339 1670 2412 denique
1701 2340 1804 2396 du-

136 2427 303 2483 bium
336 2422 637 2497 quoniam
670 2420 783 2477 ista
804 2426 869 2477 et
899 2421 1010 2478 sibi
1037 2427 1096 2478 et
1125 2424 1295 2481 nobis
1319 2426 1483 2481 vidit.

135 2640 299 2712 Quod
325 2636 593 2709 peccatis
622 2634 921 2693 hominum
953 2636 1350 2712 erigentibus.
1397 2638 1630 2712 Domino
1669 2654 1803 2709 per-

202 2707 505 2791 mittente,
535 2724 575 2764 a
598 2722 846 2782 nequeam
874 2707 1174 2791 spiritibus
1200 2709 1510 2781 aliquando
1527 2707 1805 2783 ραηιηιε-

206 2783 445 2840 recula.

208 2888 420 2945 Divina
439 2886 629 2964 igitur
645 2884 964 2946 auctoritas
974 2904 1078 2961 per
1095 2885 1330 2965 Moysen
1348 2888 1567 2947 Judaeis
1583 2888 1806 2965 prolata

141 2977 336 3037 taliter
359 2976 504 3034 illos
538 2977 792 3044 monuit,
838 2976 1037 3035 dicens
1062 2996 1074 3033 :
1104 2979 1169 3033 Si
1192 2979 1395 3050 fuerit,
1427 2980 1638 3052 inquit,
1668 2995 1805 3049 pro-

140 3072 312 3140 pheta
343 3069 507 3131 inter
536 3082 656 3133 vos,
691 3066 926 3139 loquens
953 3066 1013 3121 in
1040 3067 1269 3124 nomine
1287 3066 1546 3141 alicujus
1564 3069 1806 3124 deorum

140 3155 529 3231 gentiumgei
539 3155 879 3226 przdixcril
894 3154 1185 3228 quidpiam
1197 3155 1544 3226 [nlurum,et
1556 3158 1807 3227 fortuitu

138 3244 538 3317 event-finitor:
554 3243 809 3299 credatis
834 3244 1186 3319 ei,quoniam
1212 3253 1399 3301 leniat
1427 3261 1524 3301 vos
1537 3246 1806 3302 Dominus

1918 672 2494 735 claruit.Multimode
2521 681 2736 754 quippe
2769 686 3164 743 membrorum
3204 691 3565 749 reformatio-

1918 776 2023 815 nes
2055 763 2270 819 ibidem
2290 766 2426 822 visae
2448 773 2585 823 sunt
2615 772 2927 839 exstitisse,
2944 790 3010 830 ac
3040 775 3294 848 insignia
3318 781 3567 851 pendere

1918 849 2252 907 oscillorum
2287 853 2692 927 multiformia,
2726 876 2829 915 nec
2868 866 3060 918 tamen
3113 849 3446 935 Moriannze,
3477 869 3566 925 vel

1920 935 2207 1006 Utzeticze,
2243 958 2347 997 seu
2376 942 2708 1001 Gratinona:
2749 949 2983 1007 urbium
3016 954 3316 1024 praesules,
3348 954 3407 1011 in
3430 974 3567 1029 quo-

1917 1040 2049 1115 rum
2072 1026 2422 1085 diceeesibus
2435 1032 2576 1087 talia
2590 1026 3567 1115 profanabantur,diligentiam‘hu-

1909 1112 2386 1188 jusinquirendzs
2407 1121 2488 1175 rei
2522 1122 2860 1181 adhibuere.
2894 1126 3041 1190 Quin
3075 1112 3271 1201 poti—us
3296 1132 3566 1190 concilia-

1918 1201 2055 1257 bula
2078 1209 2418 1275 statuentes,
2448 1208 2509 1265 in
2541 1210 2836 1283 aliquibus
2888 1215 3032 1271 nihil
3071 1217 3226 1274 aliud
3251 1220 3361 1276 nisi
3383 1221 3565 1294 inepti

1916 1288 2066 1345 lucri
2096 1294 2404 1364 quaesitum
2438 1314 2471 1351 a
2497 1298 2681 1370 plebe,
2715 1301 2889 1357 simul
2933 1308 2990 1359 et
3029 1305 3282 1362 favorem
3324 1288 3566 1365 fallaeim

1917 1378 2474 1452 exigebant.lnterea
2504 1387 2879 1457 Mainfredus,
2910 1392 3314 1450 marcbionum
3349 1396 3567 1455 ditissi-

1918 1467 2416 1540 mus,hujusmodi
2442 1473 2655 1529 famam
2691 1479 3243 1549 comperiens,misit
3264 1499 3293 1537 e
3312 1484 3563 1558 suis,qui

1915 1553 1969 1607 vi
2000 1557 2292 1628 rapientes
2333 1559 2476 1616 illud
2527 1564 2680 1633 quod
2713 1564 3014 1621 colebatur
3044 1569 3426 1627 simulacrum
3451 1553 3563 1630 sibi

1916 1642 2405 1718 deferrent.quem
2421 1651 2791 1708 mstimabmt
2814 1660 3129 1724 martyrem
3145 1660 3560 1721 venerandum.

1916 1729 2169 1801 imperat
2201 1733 2354 1789 idem
2385 1737 2646 1793 marchio
2678 1741 3027 1797 constituere
3055 1747 3478 1803 monasterium
3506 1750 3562 1804 in

1914 1818 2120 1874 Bantia:
2151 1826 2522 1895 castro,quod
2557 1830 2647 1881 est
2677 1828 3160 1899 antiquissimum
3193 1831 3346 1889 inter
3365 1835 3561 1908 Alpes,

1914 1905 1972 1960 in
2006 1905 2225 1963 honore
2256 1909 2354 1965 Dei
2390 1913 2825 1985 omnipotentis,
2850 1918 3231 1992 ejusdemque
3262 1905 3564 1996 genitricis

1916 1993 2107 2049 Mariae
2135 2012 2367 2071 semper
2394 1999 2667 2074 Virginis.
2704 2003 2765 2058 In
2789 2022 2902 2077 quo
2920 2006 3097 2061 etiam
3127 2014 3258 2081 post
3272 1993 3564 2083 vexpletio-

1915 2098 2047 2137 nem
2078 2085 2268 2155 operis
2282 2085 2445 2142 illum
2462 2106 2595 2145 cum
2612 2090 2741 2146 aliis
2756 2092 3208 2165 quamplurimis
3224 2102 3561 2155 sanctorum

1913 2169 2255 2241 pignoribus
2287 2173 2475 2231 locare
2532 2177 2885 2236 decreverat.
2916 2181 3049 2237 Post
3079 2185 3387 2255 paululum
3423 2204 3563 2260 quo-

1915 2274 2027 2329 que
2082 2261 2371 2333 completo
2427 2264 2682 2322 ecclesiae
2741 2284 2934 2340 Opere,
2990 2274 3324 2347 statutoque
3400 2275 3561 2331 dedi-

1913 2346 2155 2402 cationis
2214 2350 2325 2413 die,
2397 2353 2687 2408 accersitis
2772 2356 3063 2428 episcopis
3144 2346 3237 2413 in
3280 2360 3407 2433 giro
3462 2364 3558 2419 de-

1912 2435 2205 2505 gentibus,
2264 2456 2397 2494 cum
2458 2441 2673 2512 quibus
2724 2443 2899 2499 etiam
2979 2461 3130 2519 smpe
3216 2449 3556 2507 nominatus

1914 2522 2094 2577 abbas
2144 2524 2498 2595 Willelmus,
2572 2531 2955 2603 nonnullique
3029 2535 3271 2592 abbates
3356 2540 3555 2596 adfue-

1914 2614 2068 2664 runt.
2096 2611 2229 2667 Erat
2277 2619 2468 2670 autem
2502 2621 2640 2673 tunc
2697 2620 3007 2691 prazdictus
3066 2622 3144 2677 ibi
3192 2642 3404 2699 mango
3428 2629 3556 2699 jam

1913 2697 2066 2754 dicto
2118 2702 2441 2759 marchioni
2497 2706 2985 2777 percharissimus
3042 2711 3301 2782 effectus,
3337 2697 3562 2789 quippe

1913 2788 2189 2859 quoniam
2222 2794 2619 2863 spondebatse
2650 2795 2833 2851 multo
2847 2796 3189 2868 pretiosiora
3216 2788 3557 2859 sanctorum

1913 2877 2158 2949 pignora
2186 2880 2243 2935 in
2276 2881 2536 2953 proximo
2596 2884 3007 2954 revelaturum,
3042 2904 3292 2959 quorum
3341 2892 3562 2949 scilicet

1914 2970 2078 3037 gesta
2106 2971 2163 3021 et
2195 2968 2455 3038 nomina,
2504 2975 2680 3042 atque
2726 2974 3068 3044 passionum
3123 2978 3462 3050 certamina,
3497 2985 3561 3036 ut

1915 3058 2140 3119 eminere,
2170 3054 2454 3113 fallaciter
2484 3060 2868 3132 confingebat.
2894 3061 2999 3125 Qui
3058 3079 3190 3119 cum
3221 3082 3256 3120 a
3286 3067 3557 3124 doctiori-

1914 3141 2026 3197 bus
2056 3143 2388 3217 quibusque
2434 3146 2908 3221 iuterrogaretur,
2940 3150 3191 3221 qualiter
3246 3154 3385 3210 talia
3422 3172 3559 3228 per-

1915 3235 2195 3299 nosceret,
2228 3233 2422 3288 minus
2460 3235 2801 3291 verisimilia
2850 3237 3139 3295 blaterans
3190 3245 3555 3313 personabat.

142 3314 290 3392 Dem
319 3343 541 3403 ωηεν,
575 3339 643 3399 με
671 3332 820 3388 ,θεαί
849 3332 902 3387 ,ί
922 3314 1184 3403 δείσατε,
1212 3349 1367 3401 eum,
1388 3350 1464 3389 αη
1490 3314 1881 3390 nm_Habe-iC
1912 3318 2060 3373 Nam
2094 3326 2151 3375 et
2178 3327 2408 3391 egomet
2433 3339 2565 3378 cum
2599 3325 2813 3397 saepius
2861 3328 3159 3383 nominato
3189 3330 3397 3387 abbate
3421 3331 3559 3388 illuc

141 3438 271 3479 mus
302 3438 447 3496 ergo
480 3421 545 3476 in
567 3418 1454 3494 praesentiaruminredissimili
1478 3439 1593 3478 non
1606 3422 1805 3495 dispar

137 3510 500 3584 exemplum.
533 3507 674 3563 Fuit
697 3508 856 3563 enim
888 3507 947 3563 in
980 3509 1316 3581 prmseripto
1347 3514 1604 3583 tempore
1628 3510 1804 3567 homo

138 3595 403 3669 plebeius
434 3611 808 3671 mangonum
833 3593 1471 3669 callidissimus,ignoti
1491 3602 1685 3655 tamen
1709 3616 1807 3655 no-

136 3686 312 3743 minis
334 3691 395 3744 et
420 3682 944 3761 patrias,quoniam
968 3701 1071 3757 pro
1083 3685 1521 3741 diversitatibus
1540 3687 1802 3744 locorum

135 3790 406 3846 quaerens
423 3772 720 3833 latebram
746 3788 818 3826 ne
842 3772 1680 3844 agnosceretur,fraudulenter
1700 3775 1804 3831 im-

135 3864 390 3934 ponebat
419 3861 539 3919 sibi
574 3859 887 3928 vocabula,
919 3859 1003 3914 vel
1038 3860 1109 3914 de
1139 3877 1255 3932 qua
1288 3861 1433 3917 foret
1483 3864 1798 3935 provincia.

134 3950 766 4023 Effodiebatquoquee
788 3946 1034 4011 tumulis
1058 3947 1319 4007 clancule
1342 3966 1477 4007 ossa
1496 3950 1747 4010 evellens
1768 3971 1803 4011 a

134 4038 435 4097 cineribus
469 4037 817 4112 nuperrime
841 4035 1245 4094 defunctorum
1268 4038 1801 4115 hominum,sicque

132 4125 413 4202 imposita
445 4128 511 4183 in
541 4125 795 4182 diversis
854 4124 1227 4199 apophoretis
1281 4126 1617 4184 venditabat
1646 4131 1799 4203 apud

132 4213 422 4285 plurimos
448 4232 562 4289 pro
574 4217 1251 4285 sanctorummariyrum
1274 4231 1376 4269 seu
1399 4216 1797 4274 confessorum

132 4301 540 4376 rellquiisﬂic
559 4305 859 4375 vero,post
881 4300 1221 4358 innumeras
1236 4302 1482 4375 hujusce
1496 4302 1799 4363 illusiones

131 4387 191 4446 in
219 4390 430 4449 Galliis
458 4395 753 4479 patratas,
780 4388 1030 4487 perfuga
1053 4388 1519 4487 -venithadloea
1540 4392 1796 4487 Alpium,

132 4477 227 4533 ubi
259 4460 532 4554 persaepe
558 4460 750 4536 bruto:
780 4460 1004 4552 rgentes
1051 4468 1383 4535 inhabitant
1427 4460 1711 4539 habentes
1737 4460 1796 4540 in

131 4565 330 4624 arduis
360 4567 635 4643 plurima
665 4565 1074 4623 domicilia.lbi
1100 4582 1311 4641 nempe
1342 4584 1405 4625 se
1432 4567 1795 4643 Stephanum

135 4656 522 4745 nuncupavit,
554 4656 658 4735 qui
704 4654 851 4713 alias
882 4658 1110 4723 Petrus,
1142 4655 1290 4711 alias
1318 4655 1573 4745 Joannes
1603 4659 1797 4716 dictus
1828 4681 1875 4745 ι)

129 4726 353 4798 ﬁxerat:
371 4743 503 4799 Illic
527 4726 669 4817 ergo
709 4759 873 4800 more
894 4741 1071 4799 solito
1100 4747 1274 4800 noctu
1305 4741 1585 4816 colligens
1616 4765 1649 4802 a
1670 4747 1795 4805 loco

130 4825 537 4900 abjectissimo
561 4830 745 4905 ignoti
772 4846 911 4887 ossa
939 4829 1351 4903 hominisque:
1370 4832 1647 4901 posuitin
1677 4852 1797 4891 cas.

128 4910 270 4970 sella
299 4920 359 4973 et
383 4918 627 4990 feretro,
660 4918 891 4975 dicebat
919 4918 1030 4975 sibi
1062 4917 1320 4993 angelica
1346 4921 1682 4980 ostensione
1713 4938 1797 4981 re-

125 5001 382 5064 velatum
415 5007 612 5064 fuisse
640 5023 817 5081 quem
849 5005 1105 5081 ﬁngebat
1128 5022 1254 5063 esse
1280 5009 1550 5065 sanctum
1577 5017 1796 5087 marty-

134 5103 249 5145 rem
270 5093 515 5151 nomine
545 5094 809 5155 Justum.
840 5094 973 5151 Mox
1020 5109 1246 5169 quoque
1272 5092 1502 5165 vulgus,
1534 5104 1613 5155 ut
1643 5118 1703 5157 se
1732 5100 1794 5157 in

130 5174 341 5237 talibus
366 5182 598 5239 habere
627 5183 795 5251 solet,
828 5183 1099 5256 ignavum
1153 5179 1429 5253 quidquid
1458 5188 1792 5243 rusticanis

141 5261 316 5332 plebis
346 5269 461 5341 fuit
489 5275 684 5329 totum
720 5270 792 5325 ad
814 5270 961 5327 hanc
992 5270 1196 5326 famam
1222 5266 1493 5328 conﬂuit:
1520 5276 1797 5347 panitet

141 5347 370 5427 insuper
398 5358 447 5413 si
479 5374 602 5415 non
627 5363 718 5416 est
737 5356 848 5413 sibi
870 5356 1229 5427 morbus,quo
1241 5357 1428 5411 curari
1446 5361 1791 5436 deposcat.

145 5433 294 5498 Tunc
318 5444 480 5507 ducit
510 5445 761 5514 debiles,
793 5444 1004 5500 confert
1027 5439 1353 5508 munuscula,
1374 5433 1680 5528 pervigil
1709 5457 1792 5508 te-

146 5528 232 5579 net
256 5533 552 5603 excubias,
587 5529 925 5607 praastolans
953 5528 1213 5602 repentina
1252 5528 1371 5584 fore
1405 5540 1789 5611 miracula,

155 5622 352 5680 quam
379 5617 958 5689 diximus,aliquoties
980 5614 1345 5688 permittuntur
1366 5620 1485 5683 ῆριυί
1508 5648 1638 5687 ε-
1665 5646 1787 5687 ma-

1914 3408 2225 3465 deveniens
2254 3410 2588 3468 intereram.
2648 3413 2852 3469 Aiebat
2898 3433 3190 3494 namque:
3222 3441 3251 3468 ‹‹
3283 3420 3556 3495 Apparet,

1913 3497 2206 3569 inquiens,
2239 3498 2384 3554 mihi
2431 3505 2603 3556 noctu
2658 3503 2921 3576 angelus,
2958 3512 3270 3580 narretque
3301 3525 3366 3564 ac
3395 3511 3562 3567 docet

1912 3602 2274 3659 quaecunque
2304 3605 2396 3644 me
2426 3589 2570 3645 velle
2602 3591 2747 3648 scire
2795 3594 3036 3663 noverit,
3068 3600 3125 3650 et
3169 3598 3371 3653 tandiu
3403 3600 3557 3672 apud

1913 3691 2007 3729 me
2036 3682 2255 3748 manet,
2290 3694 2477 3749 usque
2522 3679 2661 3735 dum
2707 3697 2813 3753 ego
2874 3684 3139 3741 recedere
3192 3686 3494 3761 compello.
3530 3711 3559 3737 »

1911 3762 2057 3817 Cum
2090 3781 2224 3819 vero
2255 3766 2323 3819 ad
2353 3766 2473 3821 hare
2520 3770 2936 3841 respondentes
2997 3773 3451 3844 sciscitaremus,
3485 3795 3557 3834 an

1914 3850 2048 3924 vigil
2081 3869 2184 3908 seu
2216 3853 2506 3910 insomnis
2545 3857 2654 3912 hoc
2708 3864 2986 3929 cerneret,
3021 3863 3361 3934 subjunxit:
3396 3889 3423 3915 «
3451 3868 3562 3923 Per

1909 3939 2174 4013 singulas
2204 3958 2349 4013 pene
2379 3948 2577 3999 noctes
2617 3946 2789 4018 eripit
2817 3964 2909 4003 me
2967 3949 3210 4021 angelus
3238 3967 3271 4007 e
3322 3951 3557 4021 lectulo,

1910 4043 2087 4083 uxore
2114 4046 2242 4084 mea
2270 4030 2699 4104 ignorante,qui
2724 4039 2858 4106 post
2889 4036 3075 4092 multa
3093 4037 3384 4110 colloquia
3399 4040 3556 4096 salu-

1907 4119 2040 4170 tans
2073 4134 2166 4172 me
2224 4121 2397 4190 atque
2453 4119 2800 4177 deosculans
2856 4124 3094 4180 recedit.
3126 4147 3154 4175 ››
3186 4125 3302 4183 Nos
3323 4143 3556 4201 quoque

1907 4202 2726 4276 exspoliatumcailiditatibus
2742 4210 3133 4284 intelligentes
3159 4214 3553 4286 mendacium,

1908 4291 2493 4363 cognovimusvirum
2510 4313 2624 4352 non
2651 4297 3149 4372 angelicum,quin
3171 4303 3365 4374 potius
3396 4304 3554 4361 frau-

1907 4378 2000 4433 dis
2025 4397 2092 4436 ac
2121 4379 2507 4453 malignitatis
2550 4383 2907 4441 ministrum.
2942 4387 3221 4445 Praeterea
3248 4392 3553 4463 pontifices

1907 4467 2016 4527 rite
2045 4475 2406 4543 peragentes,
2438 4472 2511 4527 ob
2543 4489 2717 4544 quam
2744 4481 3042 4543 venerant,
3057 4477 3328 4535 Ecclesiae
3348 4496 3548 4537 conse-

1904 4557 2244 4626 crationem,
2278 4556 2728 4617 intromiserunt
2756 4580 2890 4619 cum
2913 4565 3134 4621 caeteris
3165 4566 3544 4639 reliquiarum

1905 4643 2247 4717 pignoribus
2276 4662 2411 4703 ossa
2438 4646 2599 4703 illius
2631 4651 2854 4719 profani
2886 4657 3018 4708 astu
3050 4654 3400 4725 adiuvante;
3432 4674 3549 4715 non

1904 4736 2099 4789 tamen
2131 4734 2258 4791 sine
2293 4751 2507 4807 magna
2549 4738 2858 4811 utriusque
2900 4740 3089 4813 plebis
3139 4743 3548 4813 exsultatione,

1903 4835 2030 4892 qua:
2053 4822 2495 4880 innumerabilis
2534 4825 2688 4882 illico
2732 4834 3094 4885 convenerat.
3122 4831 3374 4904 Contigit
3409 4850 3547 4907 ergo

1901 4908 2019 4966 ista
2050 4912 2172 4968 fieri
2201 4911 2295 4967 die
2320 4929 2413 4968 xv:
2442 4912 2834 4971 Kalendarum
2867 4917 3301 4976 Novembrium.
3330 4922 3547 4979 ideirco

1901 5013 2133 5071 nempe,
2161 4999 2439 5071 quoniam
2470 5001 2727 5060 fautores
2757 5004 2936 5076 hujus
2966 5007 3179 5063 erroris
3209 5011 3550 5067 asserebant

1899 5109 2031 5152 esse
2060 5097 2261 5153 eadem
2283 5096 2436 5152 Justi
2468 5100 2739 5172 martyris
2764 5104 3022 5177 ossa,qui
3051 5120 3117 5160 eo
3136 5105 3229 5160 die
3251 5106 3547 5163 Bellovaco

1899 5182 2220 5244 Galliarum
2235 5201 2445 5258 passus
2457 5187 2599 5243 urbe
2614 5206 2701 5256 ;cu
2700 5192 2805 5263 jus
2816 5191 2989 5249 etiam
3004 5194 3549 5265 caputAntissiodo-

1902 5287 1988 5340 ro,
2005 5276 2109 5331 ubi
2130 5278 2302 5331 natus
2323 5278 2379 5329 et
2393 5276 2649 5332 nutritus
2669 5279 2876 5347 fuerat,
2900 5279 3146 5337 relatum
3173 5288 3262 5337 est
3284 5288 3343 5339 et
3366 5283 3546 5339 habe--

1898 5363 2019 5417 tur.
2052 5363 2167 5422 Sed
2198 5377 2325 5436 ego,
2346 5363 2445 5434 qui
2469 5362 2550 5420 rei
2580 5367 2893 5424 novitatem
2944 5386 3242 5437 noveram,
3274 5370 3545 5426 frivolum

1898 5452 2065 5522 quod
2094 5452 2387 5510 dicebatur
2404 5455 3157 5530 asserebam.Elegantiores
3176 5462 3373 5513 tamen
3394 5456 3546 5512 viro-

1895 5554 2039 5595 rum
2078 5556 2333 5616 personae
2361 5547 2769 5613 cognoscentes
2798 5546 3074 5619 figmenta
3104 5543 3543 5613 fallacizsﬁdem

1891 5629 2138 5687 dabant
2166 5627 2659 5704 assertioniquam
2691 5632 3063 5707 protuleram.
3085 5632 3259 5688 Nocte
3290 5628 3547 5699 denique

150 5690 307 5774 ιίειιίο
328 5705 634 5782 ιρὶτὶιὶδυε
664 5702 974 5776 lentam“:
996 5701 1199 5778 Ρθοθείίε
1209 5700 1563 5778 hominum
1649 5734 1788 5801 pre-
1887 5717 2210 5792 insecuta,
2232 5717 2357 5780 visa
2384 5690 2523 5778 sunt
2548 5735 2583 5779 a
2609 5690 2957 5801 quibusdam
2990 5714 3415 5780 monachorum
3439 5690 3542 5769 ἕω
