3852 6420
100 439 225 499 8'17
1006 433 1550 498 HISTORIARUM
1595 433 1806 513 LIBRI
1850 435 2230 509 QUINQUE.
2277 470 2353 482 -—
2398 438 2542 500 LIB.
2592 438 2695 502 ιν.
3428 443 3547 501 6'78

101 566 419 641 capitibus
440 565 896 643 trucidatorum,
911 581 1163 638 quorum
1186 582 1390 621 carnes
1413 583 1511 621 ore
1533 566 1792 622 belluino
1822 571 1873 638 Α
1907 567 2040 622 Erat
2065 568 2220 623 enim
2243 569 2297 623 in
2323 567 2661 625 hominibus
2684 571 2943 641 qum-lam
2968 572 3184 627 duritia
3205 578 3391 632 cuntis
3413 595 3547 633 cum

102 659 447 714 voraverat.
485 654 673 718 Quem
708 654 1067 709 deducentcs
1101 655 1171 708 ad
1205 654 1526 721 civitatem,
1560 654 1618 710 in
1652 672 1795 726 quo-
1905 654 2257 712 hebetudine
2291 660 2527 727 mentis,
2555 664 2610 713 et
2639 660 2916 730 quoniam
2946 660 3039 715 ille
3067 680 3334 719 summus
3363 667 3545 724 Judex

106 748 250 805 dam
286 743 509 801 horreo
542 741 858 815 religatum
890 742 962 797 ad
987 741 1270 816 stipitem,
1303 747 1369 798 ut
1394 742 1503 815 ipsi
1535 747 1793 815 postmo-
1906 748 1961 798 et
1992 750 2193 801 auctor
2224 746 2403 801 totius
2432 746 2712 803 bonitatis
2752 748 2853 803 dat
2897 747 3040 804 velle
3092 766 3291 820 rogare
3338 770 3418 823 se,
3450 759 3547 829 qui

108 839 257 894 dum
290 832 744 906 conspeximus,
762 829 899 903 igne
926 830 1401 887 combusserunt.
1423 832 1587 886 Tunc
1616 830 1796 887 etiam
1908 831 2068 887 novit
2093 834 2328 906 quando
2356 834 2564 891 debeat
2593 835 2876 891 misereri.

108 926 529 999 pertentatum
560 925 655 976 est
686 919 747 975 in
777 918 999 976 eisdem
1022 918 1479 991 partibus,quod
1501 934 1795 991 nusquam
2557 923 2788 980 CAPUT
2827 924 2893 978 V.

119 1009 539 1086 comperimus
566 1007 909 1081 quempiam
957 1005 1184 1063 fecisse.
1235 1007 1597 1063 Elfodiebant
1639 1008 1796 1063 enim
1906 1008 1982 1063 De
2014 1025 2147 1080 pace
2192 1018 2245 1066 et
2287 1010 2626 1067 abundantia
2679 1014 2819 1068 anni
2871 1015 3160 1073 millesimi
3214 1037 3249 1074 α
3299 1026 3551 1093 passione

119 1100 396 1175 plerique
419 1096 623 1154 albam
646 1097 896 1153 humum
920 1094 1141 1169 argilla:
1157 1094 1432 1163 similem,
1451 1096 1803 1168 permiscen-
2606 1102 2846 1156 Domini.

113 1197 205 1248 tes
236 1189 548 1263 quantum
578 1188 706 1243 erat
736 1184 956 1251 farinae,
986 1182 1077 1240 vel
1107 1184 1384 1239 eantabro
1409 1201 1422 1252 ;
1455 1185 1663 1241 exinde
1693 1200 1797 1256 pa.

119 1297 228 1340 nes
259 1275 685 1339 conﬁciebant,
701 1277 767 1329 ut
795 1272 883 1329 vel
914 1272 999 1328 sic
1026 1271 1232 1328 inediae
1265 1272 1471 1328 mortis
1502 1288 1802 1356 succurre_

1977 1186 2142 1242 Anno
2173 1203 2207 1242 a
2255 1188 2525 1259 passione
2574 1188 2804 1244 Domini
2855 1190 3167 1249 millesimo
3217 1206 3550 1258 memoratae

1908 1270 2092 1329 cladis
2119 1274 2394 1345 penuriae
2424 1275 2837 1347 subsequente,
2856 1277 3072 1335 sedatis
3095 1279 3425 1340 nimborum
3449 1286 3554 1343 im-

120 1373 271 1428 rcnt.
296 1366 374 1423 -ln
407 1364 528 1420 hoc
556 1360 920 1419 conﬁciendo
943 1376 1078 1433 spes
1100 1364 1331 1417 tantum
1352 1365 1477 1416 erat
1495 1361 1771 1417 evadendi

118 1459 218 1519 sed
252 1454 569 1529 profectus
597 1450 815 1506 inanis.
848 1449 1105 1505 Tenebat
1147 1464 1283 1522 ergo
1317 1448 1505 1522 pallor
1532 1453 1589 1504 et
1619 1434 1798 1506 maci:

114 1547 299 1605 lentia
317 1559 427 1600 ora
449 1545 829 1606 cunctorum,
844 1538 1115 1609 cutisque
1136 1538 1398 1594 distensa
1415 1537 1717 1595 inflatione
1740 1538 1798 1592 in

122 1631 501 1710 plurioribus
530 1626 871 1701 apparebat,
899 1625 1159 1699 ipsasque
1186 1642 1357 1683 voces
1384 1625 1655 1681 humanis
1677 1641 1802 1697 per.

126 1723 302 1782 exiles
329 1720 586 1785 effectae,
627 1715 888 1789 garritus
934 1714 1314 1771 morientium
1364 1714 1559 1770 avium
1604 1713 1798 1770 imita-

123 1814 360 1869 bantur.
375 1809 469 1865 Tu
481 1822 557 1862 nc
581 1802 968 1860 nihilominus
988 1819 1019 1858 e
1036 1800 1416 1858 cadaveribus
1433 1805 1798 1857 mortuorum

121 1899 341 1975 passim
362 1912 514 1999 .pre
548 1891 942 1999 ‘m‘ultitudine
972 1890 1277 1963 sepultura
1306 1889 1644 1999 qarentibus
1674 1889 1798 1961 lup;
1830 1932 1876 1999 Β

128 1985 382 2048 adescaﬁ
428 1986 571 2058 post
618 1980 856 2053 longum
912 1985 1145 2052 tempus
1196 1980 1451 2052 praedam
1496 1994 1697 2050 cepere
1726 1994 1797 2033 ex

127 2074 490 2134 hominibus.
529 2071 600 2126 Et
630 2068 932 2142 quoniam,
957 2072 1023 2123 ut
1043 2068 1320 2133 diximus,
1335 2065 1567 2139 sepeliri
1591 2066 1795 2139 singu-

131 2165 291 2221 latim
323 2163 399 2219 ob
432 2157 882 2217 multitudinem
916 2173 1032 2212 non
1064 2156 1334 2228 quibant,
1366 2159 1703 2211 constructa
1734 2155 1793 2209 in

133 2252 488 2326 quibusdam
519 2245 669 2304 locis
700 2262 735 2302 a
763 2251 943 2302 Deum
977 2244 1342 2314 timentibus,
1363 2260 1490 2316 quae
1511 2243 1682 2314 vulgo
1705 2243 1796 2296 di-

135 2345 338 2398 cuntut
369 2335 670 2400 carnaria,
691 2335 748 2389 in
775 2333 993 2405 quibus
1013 2331 1404 2405 quingenti,et
1427 2348 1494 2387 eo
1517 2332 1791 2403 amplius.

136 2447 233 2486 seu
280 2430 581 2501 quantum
631 2438 836 2495 capere
885 2425 1174 2493 poterant,
1206 2420 1533 2493 permistim
1574 2420 1796 2490 absque

136 2518 331 2575 ordine
358 2514 628 2589 projects
658 2515 801 2567 sunt
847 2510 1179 2575 seminuda,
1214 2508 1302 2564 vel
1334 2510 1555 2581 absque
1589 2508 1794 2580 tegmi-

138 2606 324 2673 nibus,
386 2603 809 2660 defunctorum
884 2614 1146 2671 corpora.
1205 2597 1399 2653 Trivia
1451 2613 1685 2668 quoque
1741 2601 1799 2652 et

138 2709 404 2766 agrorum
435 2687 734 2748 succisiva
784 2702 889 2759 pro
937 2685 1285 2741 coemeteriis
1315 2685 1703 2741 habebantur.
1735 2685 1800 2756 Si

144 2782 238 2854 qui
266 2797 399 2838 vero
448 2777 661 2836 auditu
709 2779 1115 2846 compererant
1160 2774 1314 2844 quod
1362 2772 1575 2829 melius
1614 2772 1802 2828 babe-

147 2874 287 2934 rent,
316 2869 367 2925 si
399 2868 473 2925 ad
505 2865 631 2922 alia
659 2862 979 2919 transirent
1003 2878 1159 2929 arva,
1183 2860 1485 2935 perplures
1504 2860 1570 2917 in
1592 2859 1797 2918 itinere

152 2958 481 3014 deficientes
509 2952 936 3012 moriebantur.
968 2950 1212 3008 Deszevit
1240 2951 1397 3007 enim
1427 2950 1486 3005 in
1519 2951 1656 3006 orbe
1686 2955 1797 3007 ter-

147 3062 357 3114 rarum,
388 3044 653 3119 peccatis
708 3040 1015 3098 hominum
1072 3039 1458 3111 exigentibus,
1510 3039 1797 3111 praedictae

149 3133 481 3206 pestilentia:
513 3131 716 3188 clades
740 3130 798 3184 in
821 3128 1079 3201 spatium
1112 3127 1291 3183 trium
1320 3126 1801 3183 annorum.'l‘une

149 3222 207 3277 in
245 3222 513 3295 expensis
562 3234 887 3292 egenorum
931 3216 1209 3273 distracta
1237 3219 1377 3271 sunt
1422 3214 1796 3271 ecclesiarum

149 3289 503 3377 ornamenta,
555 3289 967 3379 dispertitique
1012 3303 1295 3369 thesauri,
1337 3303 1437 3376 qui
1490 3304 1564 3359 ob
1592 3304 1790 3360 hocin
1819 3289 1865 3360 ϐ

150 3398 387 3455 decretis
408 3398 652 3454 Patrum
676 3393 1055 3450 inveniuntur
1074 3392 1290 3448 ibidem
1314 3392 1588 3465 primitus
1615 3392 1794 3449 fuisse

150 3487 397 3558 repositi.
434 3485 549 3542 Sed
602 3486 895 3556 quantum
952 3485 1253 3553 supererat
1306 3480 1572 3535 vindicta:
1620 3481 1795 3551 justas

151 3573 401 3643 ultionis,
434 3572 692 3629 excessit
723 3569 996 3626 nimietas
1024 3584 1358 3641 egenorum
1412 3568 1470 3622 in
1505 3568 1795 3642 plerisque

152 3659 288 3716 locis
315 3661 626 3718 thesauros
655 3658 1055 3715 ecclesiarum.
1090 3656 1238 3712 Nam
1286 3660 1343 3711 et
1390 3656 1501 3728 ipsi
1543 3657 1793 3713 famelici

156 3748 328 3806 nimia
354 3749 544 3806 affecti
574 3748 793 3813 inedia,
825 3746 873 3802 si
903 3744 1247 3816 contigisset
1273 3762 1372 3801 eos
1405 3745 1613 3817 repleri
1644 3746 1792 3816 cibo,

157 3834 383 3893 distenti
412 3837 717 3893 inﬂatione
750 3832 1015 3908 protinus
1037 3832 1454 3888 moriebantur.
1471 3831 1580 3887 Alii
1600 3838 1795 3890 autem

157 3923 307 3981 cibos
339 3925 619 3982 manibus
658 3925 1104 3986 contrectantes,
1138 3920 1221 3975 ori
1274 3924 1564 3977 tentantes
1602 3921 1797 3993 impo-

161 4025 306 4081 nere,
334 4013 435 4069 sed
463 4009 968 4085 conquiniscendo
996 4008 1363 4075 deficiebant,
1396 4024 1510 4064 non
1539 4008 1798 4066 valentes

158 4099 375 4170 explere
405 4101 564 4171 quod
594 4098 930 4172 cupiebant.
963 4097 1227 4163 Quantus
1256 4095 1412 4151 enim
1444 4095 1608 4153 dolor
1636 4101 1795 4166 tunc,

160 4191 364 4256 quanta
393 4186 696 4256 maestitia,
729 4185 832 4257 qui
870 4183 1187 4257 singultus,
1218 4184 1320 4255 qui
1350 4183 1640 4255 planctus,
1670 4202 1795 4258 qua

157 4265 412 4345 lacrymaa
444 4292 480 4331 a
510 4274 658 4333 talia
702 4273 1078 4330 cernentibus
1127 4274 1273 4329 datas
1308 4275 1480 4341 sunt;
1512 4274 1798 4346 praecipue

157 4375 189 4412 a
214 4359 346 4416 viris
381 4363 798 4421 ecclesiastica
845 4360 1161 4435 religionis,
1194 4360 1484 4433 episcopis
1529 4361 1799 4420 videlicet

159 4449 320 4519 atque
372 4451 713 4518 abbatibus,
764 4450 1069 4506 monachis
1123 4453 1181 4505 et
1226 4449 1796 4527 sanetimonialibus,

159 4532 441 4609 simulque
469 4539 755 4595 omnibus
802 4537 863 4593 in
906 4554 1219 4596 commune
1263 4538 1571 4612 utriusque
1622 4557 1796 4599 sexus

160 4624 212 4675 et
254 4625 470 4683 ordinis
523 4627 715 4683 Deum
774 4627 1195 4695 metuentibus,
1248 4643 1362 4681 non
1411 4627 1564 4684 valet
1608 4629 1798 4702 stylus

156 4709 437 4784 quispiam
496 4715 802 4788 eXplicare
867 4715 1320 4772 characteribus.
1379 4715 1799 4775 Estimabatur

158 4796 303 4854 enim
365 4803 507 4859 ordo
552 4808 890 4877 temporum
938 4808 995 4860 et
1039 4804 1462 4861 elementorum
1510 4807 1799 4878 praeterita

160 4882 227 4939 ab
252 4885 415 4949 initio
443 4892 763 4950 moderans
791 4891 1007 4950 szecula
1053 4894 1111 4950 in
1147 4893 1324 4949 chaos
1354 4892 1638 4952 decidisse
1667 4913 1796 4968 per-

159 4974 410 5046 petuum,
454 4981 637 5052 atque
689 4978 934 5035 humani
988 4982 1218 5054 generis
1272 4979 1593 5040 interitum.
1645 4984 1793 5041 lllud

162 5066 692 5154 prolem-stupore
717 5067 902 5124 nimio
926 5066 1494 5142 permirabillimum,
1515 5073 1792 5144 quoniam

163 5150 220 5201 in
242 5150 359 5211 tam
384 5150 760 5221 clandestina
804 5156 1011 5214 divinis
1057 5157 1298 5215 ultionis
1343 5157 1672 5217 calamitate
1702 5180 1794 5220 ra-

1909 1360 2113 1417 bribus
2144 1367 2408 1433 respectu
2461 1362 2667 1418 divinae
2713 1364 2991 1421 bonitatis
3032 1371 3088 1422 et
3118 1368 3546 1443 misericordiaz,

1908 1448 2080 1520 coepit
2108 1448 2240 1504 laeta
2269 1450 2443 1506 facies
2463 1449 2587 1505 eceli
2610 1451 2945 1521 clarescere,
2964 1458 3354 1531 congruisque
3374 1462 3548 1518 aatbe-

1909 1538 2023 1594 reis
2076 1537 2213 1593 flare
2261 1538 2607 1610 p'acidaque
2654 1540 2961 1596 serenitate
3005 1547 3545 1617 magnanimitatem

1908 1626 2236 1682 Conditoris
2266 1627 2607 1695 ostendere;
2639 1626 2865 1685 telluris
2907 1646 3138 1702 quoque
3186 1637 3304 1689 tota
3344 1653 3549 1710 super-

1911 1714 2068 1769 ﬁcies
2099 1714 2483 1771 amicabiliter
2502 1715 2693 1772 virens
2713 1715 2947 1789 frugum
2978 1719 3401 1780 abundantiam
3425 1726 3551 1781 fun-

1908 1802 2070 1858 ditus
2115 1803 2373 1874 inopiam
2417 1802 2752 1876 expellendo
2802 1808 3161 1877 portendere.
3211 1810 3374 1867 Tunc
3414 1830 3549 1887 ergo

1908 1891 2182 1962 primitus
2207 1906 2429 1963 coepere
2453 1890 2512 1945 in
2535 1892 2857 1963 Aquitania:
2881 1895 3143 1965 partibus
3163 1897 3237 1952 ab
3263 1900 3550 1975 episcopis

1906 1985 1964 2035 et
1992 1978 2323 2047 abbatibus,
2342 1979 2677 2052 ceterisque
2695 1981 2837 2038 viris
2858 1999 3038 2039 sacrae
3068 1984 3366 2058 religionis
3386 1990 3553 2046 devo-

1904 2069 1979 2123 tis
2009 2084 2078 2123 ex
2114 2069 2382 2124 universa
2411 2067 2597 2139 plebe,
2627 2070 2942 2126 coadunari
2990 2072 3369 2132 conciliorum
3411 2094 3550 2133 con-

1904 2163 2131 2212 ventus.
2163 2157 2247 2211 Ad
2282 2172 2429 2228 quos
2458 2157 2635 2212 etiam
2684 2156 2871 2213 multa
2918 2158 3113 2217 delata
3141 2167 3282 2220 sunt
3308 2180 3552 2239 corpora

1905 2249 2241 2301 sanctorum
2274 2248 2446 2316 atque
2466 2244 2921 2303 innumerabiles
2943 2254 3279 2307 sanctarum
3303 2253 3554 2326 apopho-

1908 2338 2040 2388 reta:
2071 2332 2472 2403 reliquiarum.
2506 2332 2723 2388 Dehinc
2755 2351 2856 2406 per
2893 2336 3292 2394 Arelatensem
3319 2342 3550 2413 provin-

1907 2422 2078 2487 ciam,
2111 2428 2287 2493 atque
2336 2421 2807 2493 Lugdunensem,
2843 2423 3041 2495 sicque
3087 2443 3190 2497 per
3219 2427 3550 2486 universam

1907 2508 2330 2583 Burgundiam,
2392 2525 2580 2581 usque
2634 2509 2694 2565 in
2743 2508 2984 2568 ultimas
3034 2513 3287 2571 Francia:
3335 2524 3550 2589 partes,

1907 2616 2010 2670 per
2065 2597 2369 2652 universos
2419 2598 2790 2669 episcopatus
2837 2596 3121 2657 indictum
3165 2608 3274 2670 est,
3306 2606 3556 2677 qualiter

1909 2686 2083 2742 certis
2122 2686 2181 2739 in
2216 2685 2359 2741 locis
2408 2685 2808 2759 apraasulibus
2841 2690 3331 2763 magnatibusque
3379 2694 3556 2750 totius

1908 2774 2106 2847 patria:
2124 2774 2193 2830 de
2216 2775 2582 2830 reformanda
2602 2792 2740 2846 pace
2761 2779 2817 2830 et
2837 2792 3012 2831 sacrae
3036 2778 3169 2833 fidei
3193 2779 3555 2837 institutione

1907 2864 2342 2920 celebrarentur
2370 2862 2634 2919 concilia.
2667 2863 2828 2927 Quod
2861 2864 3038 2921 etiam
3088 2871 3210 2923 tota
3239 2868 3553 2927 multitudo

1908 2954 2191 3009 universa:
2224 2952 2409 3024 plebis
2447 2951 2711 3018 audiens,
2745 2952 3004 3008 lietanter
3050 2954 3246 3012 adiere
3295 2959 3554 3026 maximi,

1908 3041 2232 3097 medioeres
2262 3057 2329 3096 ac
2360 3040 2586 3095 minimi
2624 3058 2637 3095 :
2670 3041 2854 3112 parati
2895 3042 3090 3100 cuncti
3121 3045 3353 3103 obedire
3385 3048 3552 3120 quid-

1910 3130 2050 3202 quid
2082 3134 2433 3200 prseceptum
2465 3127 2672 3184 fuisset
2700 3146 2734 3184 a
2761 3130 3098 3201 pastoribus
3130 3133 3414 3204 Ecclesiae,
3441 3154 3554 3192 non

1908 3218 2106 3274 minus
2132 3215 2419 3281 videlicet,
2445 3232 2619 3286 quam
2644 3214 2693 3270 si
2722 3232 2828 3270 vox
2853 3217 3069 3273 emissa
3097 3220 3166 3275 de
3197 3219 3340 3278 cmlo
3371 3222 3556 3279 homi-

1903 3307 2078 3362 nibus
2109 3304 2166 3359 in
2198 3308 2355 3359 terra
2377 3302 2732 3375 loqueretur.
2757 3305 3035 3361 Terrebat
3064 3307 3221 3364 enim
3253 3310 3556 3368 universos

1905 3393 2099 3449 clades
2156 3390 2429 3463 praeteriti
2479 3390 2781 3462 temporis,
2814 3391 3187 3465 instabatque
3240 3401 3432 3453 metus
3485 3416 3555 3453 ne

1904 3482 2368 3554 adipiscerentur
2411 3477 2770 3549 opulentiam
2819 3479 3025 3537 futuras
3080 3484 3386 3541 ubertatis.
3419 3486 3556 3543 Erat

1905 3571 2121 3644 quippe
2149 3567 2461 3639 descriptio
2498 3567 2798 3638 capitatim
2846 3568 3092 3642 digesta,
3125 3588 3244 3644 qua
3285 3573 3547 3630 contine-

1903 3660 2120 3715 bantur
2150 3663 2268 3713 tam
2300 3656 2398 3711 illa
2429 3672 2555 3727 qua}
2596 3656 2719 3711 fieri
2768 3657 3245 3729 prohibebantur,
3277 3678 3455 3733 quam
3486 3678 3554 3719 ea

1903 3764 2030 3821 qua:
2059 3746 2266 3801 devota
2296 3745 2609 3818 sponsione
2652 3745 3036 3818 omnipotenti
3069 3748 3313 3807 Domino
3345 3752 3549 3808 offerre

1904 3836 2293 3891 decreverant.
2345 3833 2408 3889 In
2456 3832 2673 3904 quibus
2703 3834 3079 3906 potissimum
3113 3842 3239 3894 erat
3269 3839 3341 3895 de
3371 3839 3553 3896 invio-

1903 3923 2065 3979 labili
2104 3938 2245 3995 pace
2274 3921 2693 3990 conservanda,
2726 3925 2791 3975 ut
2834 3922 3058 3978 scilicet
3102 3925 3209 3980 viri
3241 3927 3550 4001 utriusque

1904 4009 2278 4074 conditionis,
2294 4010 2699 4080 cujuscunque
2717 4013 2890 4064 antea
2918 4010 3166 4067 fuissent
3189 4013 3275 4069 rei
3293 4013 3550 4082 obnoxii,

1906 4099 2129 4170 absque
2160 4096 2470 4152 formidine
2495 4097 2873 4167 procederent
2913 4099 3094 4155 armis
3139 4101 3325 4158 vacui.
3354 4102 3550 4160 Praedo

1906 4202 2159 4257 namque
2188 4188 2289 4241 aut
2320 4184 2551 4240 invasor
2580 4184 2819 4240 alterius
2862 4186 3157 4243 facultatis
3200 4186 3399 4261 legum
3430 4190 3550 4246 dis-

1904 4274 2174 4332 trictione
2202 4277 2481 4338 arctatus,
2513 4271 2601 4328 vel
2630 4272 2800 4329 donis
2832 4274 3195 4342 facultatum,
3226 4293 3326 4331 seu
3358 4277 3547 4349 pomis

1906 4362 2162 4435 corporis
2205 4361 2485 4417 acerrime
2534 4360 2901 4420 multaretur.
2948 4363 3114 4420 Locis
3165 4363 3549 4423 nihilominus

1905 4452 2086 4510 sacris
2136 4451 2401 4508 omnium
2456 4450 2835 4507 ecclesiarum
2893 4450 3081 4509 honor
3121 4457 3179 4507 et
3233 4453 3550 4509 reverentia

1904 4542 2040 4599 talis
2059 4541 2521 4608 exbiberetur,ut
2536 4539 2583 4595 si
2609 4539 2743 4611 quis
2764 4541 2835 4596 ad
2857 4558 2926 4597 ea
2945 4542 3347 4612 cujuscunque
3368 4539 3549 4612 culpae

1825 4652 1875 4718 Β
1907 4630 2196 4687 obnoxius
2242 4627 2581 4701 confugium
2614 4629 2840 4697 faceret,
2873 4629 3089 4684 illaesus
3118 4627 3403 4696 evaderet,
3440 4627 3549 4685 nisi

1904 4719 2272 4778 solummodo
2298 4717 2394 4773 ille
2433 4716 2532 4789 qui
2577 4721 2811 4789 pactum
2842 4718 3129 4790 praedicta:
3159 4716 3319 4788 pacis
3341 4715 3550 4772 violas-

1905 4812 2024 4878 set;
2059 4807 2153 4864 bic
2183 4812 2378 4864 tamen
2426 4810 2630 4878 captus
2678 4806 2750 4860 ab
2778 4805 2957 4863 altare
2999 4808 3396 4878 praestatutam
3425 4803 3549 4859 vin-

1903 4898 2120 4952 dictam
2150 4894 2353 4951 lueret.
2373 4893 2607 4951 Clericis
2638 4893 2905 4951 similiter
2933 4892 3229 4961 omnibus,
3250 4889 3552 4949 monachis

1903 4990 1961 5040 et
1980 4981 2546 5050 sanetimonialibus,
2562 4986 2625 5036 ut
2647 4982 2695 5036 si
2718 4983 2853 5054 quis
2873 4999 3007 5039 cum
3028 4980 3114 5037 eis
3134 4996 3237 5053 per
3256 4981 3549 5053 regionem

1902 5079 2185 5147 pergeret,
2218 5071 2441 5131 nullam
2471 5071 2588 5127 vim
2618 5072 2693 5127 ab
2725 5072 2923 5145 aliquo
2953 5074 3266 5147 pateretur.
3297 5069 3553 5126 Plurima

1900 5168 2098 5219 autem
2150 5164 2209 5219 in
2260 5160 2481 5218 eisdem
2537 5159 2798 5216 conciliis
2844 5160 3161 5218 constituta
3207 5162 3368 5224 sunt,
3419 5173 3548 5229 quis

163 5230 385 5326 ιίιρξωσ
430 5226 893 5321 reperiebantur,
950 5246 1052 5319 qui
1107 5263 1211 5320 pro
1266 5243 1485 5303 talibus
1544 5252 1790 5309 contrito
1897 5248 2563 5326 perlongum'duximus
2592 5247 2825 5306 referre.
2858 5249 3009 5305 Illud
3040 5264 3181 5305 sane
3211 5226 3540 5304 memoran-

158 5322 771 5391 ‘mvcthumiliato
820 5349 1075 5408 corpore.
1131 5340 1195 5393 ut
1240 5334 1601 5404 expediebat.
1643 5339 1793 5398 leva-

172 5414 290 5501 rent
332 5416 505 5475 corda
550 5434 690 5477 cum
738 5420 1012 5479 manibus
1058 5424 1129 5480 ad
1177 5420 1517 5490 Dominum,
1565 5427 1794 5501 sibique

170 5494 1076 5583 Emeienduminterpellarent.
1090 5512 1254 5568 Tunc
1269 5523 1480 5581 nempe
1494 5494 1791 5573 Isaiam-1m

174 5577 305 5677 illud
341 5589 592 5664 elogium
642 5577 843 5657 nostro
888 5598 1188 5671 impletum
1227 5599 1320 5653 est
1344 5577 1610 5671 tempore
1637 5607 1789 5677 quod

1904 5340 2067 5408 dum,
2105 5339 2263 5414 quod
2292 5335 2566 5393 omnibus
2596 5334 2661 5390 in»
2687 5350 2999 5394 commune
3026 5334 3269 5408 placuit,
3302 5331 3551 5408 qualiter

1902 5430 2192 5487 omnibus
2233 5422 2694 5483 hebdomadibus
2726 5425 3027 5481 sanctione
3056 5427 3355 5496 perpetua,
3386 5422 3547 5477 sexta

1902 5517 1994 5576 die
2022 5517 2428 5578 abstineretur
2456 5528 2492 5567 a
2519 5511 2669 5579 vino,
2702 5516 2759 5567 et
2800 5511 3074 5569 carnibus
3104 5500 3352 5582 septima
3384 5522 3398 5563 :
3432 5502 3546 5560 nisi

1901 5607 2045 5669 forte
2076 5605 2291 5684 gravis
2315 5597 2618 5657 inﬁrmitas
2646 5598 3035 5672 compelleret,
3052 5600 3160 5684 aut
3172 5589 3547 5684 celeberrima

176 5666 302 5734 dixit
330 5691 344 5734 :
374 5678 612 5767 Pupulus
645 5701 756 5747 non
785 5690 865 5752 est
891 5666 1168 5755 votivam:
1194 5682 1269 5744 ad
1290 5666 1688 5760 pereat—femori;
1713 5711 1786 5781 se.
1897 5666 2276 5765 solem‘rlxitas
2325 5685 2699 5750 interveniret.
2758 5666 2818 5748 Si
2879 5666 3026 5747 vero
3079 5678 3301 5742 οσοοῑιο
3353 5675 3549 5755 suum
