4938 6398
1115 439 1239 497 81'.)

1117 569 1529 636 intercederet,
1563 573 1629 624 ut
1659 569 1754 625 hic
1781 574 1945 625 tenor
1966 570 2269 642 paululum
2303 571 2630 638 laxaretur;
2658 576 2774 629 tres
2804 575 2854 642 Α

1119 659 1367 733 proinde
1400 675 1686 730 pauperes
1715 659 1870 714 victu
1920 665 2363 718 sustentaretur.
2395 661 2554 716 Tunc
2596 659 2774 716 innu-

1118 765 1296 805 mera:
1316 748 1594 803 sanitates
1613 753 1846 820 patrata)
1866 755 2000 804 sunt
2023 750 2447 805 inlirmantium
2470 749 2527 804 in
2553 749 2770 805 eisdem

1123 837 1506 893 conventibus
1537 842 1891 892 sanctorum.
1926 838 2034 893 Sed
2067 844 2122 893 et
2155 855 2224 893 ne
2256 840 2346 892 cui
2386 838 2655 893 frivolum
2690 839 2770 893 vi-

1123 928 1363 982 deretur
1390 925 1448 980 in
1479 925 1681 980 multis
1726 925 1990 998 disrupta
2037 927 2207 992 cutis,
2240 929 2607 999 discissaque
2638 945 2770 982 caro

1123 1015 1382 1070 crurium
1415 1020 1470 1069 et
1501 1014 1869 1069 brachiorum
1913 1033 2099 1086 nuper
2128 1031 2461 1072 curvorum.
2495 1016 2769 1084 erigenda

1122 1104 1180 1159 in
1201 1108 1413 1159 statum
1439 1103 1746 1176 pristinum
1769 1103 2058 1176 plurimus
2075 1106 2317 1176 sanguis
2339 1106 2765 1160 etl‘undebatur.

1116 1193 1280 1260 Quod
1331 1192 1528 1263 utique
1576 1191 1632 1247 in
1680 1192 1924 1258 caeteris,
1979 1211 2105 1264 quae
2159 1195 2428 1248 dubitare
2477 1199 2763 1264 poterant,

1117 1283 1289 1337 ﬁdem
1320 1281 1648 1353 praestabat.
1680 1281 1905 1345 Quibus
1937 1283 2188 1336 universi
2235 1287 2396 1336 tanto
2429 1283 2635 1336 ardore
2667 1299 2763 1336 ae-

1111 1370 1364 1436 censi,ut
1379 1387 1480 1442 per
1498 1386 1711 1426 manus
1725 1372 2134 1443 episcoporum
2161 1371 2431 1426 baculum
2457 1372 2527 1424 ad
2552 1370 2761 1425 crrlum

1111 1459 1422 1526 elevarent,
1457 1459 1691 1530 ipsique
1717 1459 1931 1530 palmis
1982 1459 2236 1514 extensis
2285 1460 2354 1514 ad
2388 1459 2590 1526 Deum,
2627 1460 2762 1524 Pax,

1109 1565 1242 1621 pax,
1273 1564 1408 1620 pax,
1440 1547 1800 1602 unanimiter
1848 1546 2189 1616 clamarent,
2225 1554 2288 1602 ut
2319 1553 2471 1602 esset
2500 1547 2765 1602 videlicet

1111 1638 1349 1709 signum
1381 1636 1648 1708 perpetui
1683 1637 1830 1708 pacti
1865 1637 1936 1690 de
1969 1637 2074 1690 hoc
2123 1637 2278 1708 quod
2335 1638 2765 1709 spoponderant.

1111 1726 1268 1782 inter
1287 1742 1348 1781 se
1377 1730 1434 1780 et
1465 1727 1643 1780 Deum
1676 1742 1688 1780 :
1723 1726 1779 1779 in
1813 1725 1920 1779 hac
1953 1731 2141 1780 tamen
2177 1727 2416 1788 ratione,
2443 1732 2505 1780 ut
2535 1726 2763 1780 evoluto

1114 1814 1520 1888 quinquennio
1552 1815 1965 1868 conlirmandm
1999 1815 2157 1886 pacis
2187 1817 2375 1887 gratia
2406 1815 2658 1887 idipsum
2692 1815 2763 1868 ab

1111 1903 1404 1960 universis
1433 1903 1490 1957 in
1524 1903 1660 1958 orbe
1692 1903 1848 1957 fieret
1883 1904 2094 1957 mirum
2143 1904 2198 1957 in
2253 1905 2511 1958 modum.
2549 1904 2756 1958 Eodem

1111 1993 1365 2064 denique
1396 2008 1548 2046 anno
1585 1997 1746 2046 tanta
1775 1993 1938 2063 capia
1978 1993 2348 2047 abundantia:
2397 1993 2672 2046 frumenti
2705 1999 2761 2047 et

1110 2082 1249 2148 vini,
1283 2087 1738 2152 ca'terarumque
1771 2082 2000 2151 frugum
2036 2081 2272 2146 exstitit,
2299 2087 2516 2152 quanta
2539 2081 2595 2134 in
2631 2081 2762 2132 sub-

1110 2175 1390 2243 sequente
1409 2168 1805 2241 quinquennio
1829 2170 2142 2240 contigisse
2167 2172 2383 2241 sperari
2411 2187 2523 2224 non
2551 2170 2759 2241 ioluit.

1105 2259 1334 2331 Aliquis
1384 2259 1538 2313 enim
1590 2258 1776 2312 victus
1831 2259 2148 2325 humanus,
2187 2265 2394 2330 praster
2423 2275 2628 2311 carnes
2658 2275 2758 2312 seu

1105 2348 1380 2404 deliciosa
1405 2346 1814 2420 pulmentaria,
1850 2347 2072 2402 nullius
2105 2354 2222 2402 erat
2258 2347 2449 2420 pretii.
2481 2348 2607 2400 Erat
2658 2364 2760 2400 au-

1099 2443 1217 2494 tem
1251 2438 1438 2492 instar
1487 2435 1646 2492 illius
1695 2436 1918 2508 antiqui
1970 2437 2206 2492 Mosaici
2255 2437 2452 2506 magni
2502 2435 2754 2491 Jubila'i.

1099 2525 1378 2600 Sequenti
1424 2543 1557 2580 vero
1607 2543 1759 2580 anno
1809 2527 1977 2580 tertio
2030 2531 2087 2580 et
2136 2532 2346 2596 quarto
2393 2542 2506 2579 non
2557 2526 2757 2579 minus

1101 2615 1388 2690 provenit.
1432 2614 1541 2668 Sed
1593 2614 1738 2668 heu!
1776 2613 1921 2684 proh
1973 2615 2174 2668 dolor!
2214 2614 2472 2667 humana
2503 2614 2754 2684 denique

1103 2703 1282 2776 stirps
1311 2703 1624 2757 immemor
1651 2703 2068 2756 beneﬁciorum
2119 2702 2239 2766 Dei,
2273 2704 2344 2755 ab
2378 2702 2540 2755 initio
2573 2719 2752 2772 prona

1105 2793 1176 2848 ad
1209 2789 1650 2850 malum.veluti
1683 2791 1844 2844 canis
1875 2792 1945 2845 ad
1977 2791 2281 2856 vomitum,
2306 2789 2391 2845 vel
2424 2809 2524 2845 sus
2556 2790 2668 2844 lota
2694 2791 2749 2846 in

1103 2881 1250 2939 caeni
1284 2878 1676 2943 volutabrum,
1709 2879 1937 2934 irritum
1974 2879 2028 2934 in
2064 2879 2262 2934 multis
2293 2881 2473 2934 fecere
2505 2880 2748 2951 ωορκ-ἱππ

1097 2969 1437 3044 sponsionis
1471 2973 1723 3040 pactum.
1759 2969 1826 3023 Et
1856 2969 2008 3023 sicut
2052 2969 2331 3041 scriptum
2365 2974 2452 3023 est
2485 2985 2497 3023 :
2537 2972 2746 3040 Impin-

1098 3065 1301 3130 guatus
1325 3063 1378 3114 et
1417 3059 1676 3114 dilatata:
1725 3060 2107 3114 rcculcilram't.
2142 3059 2282 3114 Nam
2322 3059 2428 3131 ipsi
2465 3060 2745 3131 primates

1097 3149 1406 3220 utriusque
1457 3145 1677 3202 ordinis
1743 3148 1798 3201 in
1872 3147 2173 3202 avaritiam
2233 3148 2380 3202 versi
2443 3152 2744 3218 cmperunt

1093 3254 1355 3295 exercere
1386 3235 1688 3310 plurimas,
1720 3242 1786 3291 ut
1817 3237 1952 3291 olim
2003 3239 2274 3302 fecerant,
2331 3236 2417 3291 vel
2467 3237 2641 3291 etiam
2674 3253 2740 3290 eo

2109 437 2446 501 ltODULFI
2493 439 2774 502 GLABI“
2825 441 3174 506 MONACHI
3217 445 3580 508 CLUNIAC.

3521 578 3755 636 CAPUT
3801 580 3897 640 νι.

2887 668 2971 721 De
2999 668 3329 749 con/lucn_1_ia
3356 668 3556 749 popu!_i'_
3576 671 3734 749 totius
3781 672 3947 749 orbis,
3981 688 4107 743 quae
4129 675 4200 729 ad
4225 677 4545 749 sepulcrm

3239 741 3459 795 Domini
3487 740 3875 813 Hierosolymis
3902 740 4050 814 [acta
4081 755 4179 802 eu.

2957 823 3060 878 Per
3087 826 3234 881 idem
3273 833 3503 899 tempus
3533 845 3600 884 ex
3640 831 3910 886 universo
3937 833 4081 888 orbo
4111 839 4236 894 tam
4263 835 4548 892 haemon

2883 913 3084 969 rabilis
3136 916 3454 971 multitudo
3501 918 3674 989 ctrpit
3719 919 4011 977 conﬂuere
4069 924 4142 978 ad
4199 925 4544 996 uapularem

2881 1002 3197 1058 Salvatoris
3228 1005 3967 1079 Hierosolymis,quantam
3999 1011 4200 1068 nullo.
4229 1013 4542 1070 hominum

2881 1092 3043 1161 prius
3077 1110 3312 1164 sperare
3343 1101 3564 1166 poterat
3599 1113 3613 1152 :
3650 1098 3926 1168 primitus
3948 1099 4103 1155 enim
4134 1101 4278 1157 ordo
4305 1103 4544 1160 ial'erio.

2875 1179 2959 1234 ris
2995 1181 3212 1252 plebis;
3240 1183 3449 1239 deinde
3479 1202 3612 1240 vero
3643 1187 3966 1243 medioeres
3990 1207 4003 1256 ;
4030 1191 4282 1262 posthaec
4315 1209 4542 1264 pume-

2877 1270 3015 1324 ximi
3049 1272 3267 1344 quique
3300 1280 3561 1340 reges,et
3591 1277 3835 1331 comites
3864 1292 3928 1331 ac
3961 1279 4362 1350 praeuics.Ad
4397 1281 4538 1338 ulti»

2877 1373 3036 1412 mum
3063 1362 3385 1433 vero,quod
3411 1378 3712 1434 nunquam
3735 1367 4077 1436 contigerat,
4093 1368 4369 1424 mulierm
4383 1369 4539 1426 mul-

2875 1451 2944 1500 ιω
2975 1449 3199 1504 nobiles
3232 1465 3364 1505 cum
3401 1454 3845 1523 pauperioribus
3877 1454 4016 1510 illuc
4049 1471 4368 1528 perreer'e.
4397 1458 4534 1515 Plu-

2875 1538 3038 1590 ribus
3064 1539 3218 1592 enim
3241 1545 3365 1593 erat
3389 1542 3601 1595 mentis
3623 1541 3984 1598 desiderium
4007 1545 4534 1618 mori,priuaqualn

2869 1627 2942 1679 ad
2973 1629 3203 1698 propria
3238 1635 3678 1686 reverterentur.
3709 1632 3968 1703 Contigit
3993 1633 4152 1690 enim
4185 1641 4254 1691 ut
4283 1637 4532 1708 quidam

2873 1732 2906 1768 a
2941 1715 3286 1785 Burgundim
3318 1719 3581 1788 partibus
3601 1736 3665 1773 ex
3689 1721 4207 1790 Augustiduneuse
4237 1724 4531 1782 territon'o

2877 1804 3227 1860 Letlibaldus
3258 1808 3495 1861 nomine
3526 1824 3659 1862 cum
3693 1809 3914 1863 ceteris
3939 1809 4077 1866 illuc
4100 1813 4532 1883 pergaude

2875 1893 3165 1958 niret.0ui
3198 1898 3518 1966 prospectis
3551 1896 3692 1950 locis
3720 1899 3988 1954 omnium
4019 1902 4532 1969 sacer-rimis,”

2873 1984 2941 2036 ad
2979 1983 3142 2038 illum
3182 1984 3370 2039 locum
3407 1987 3622 2042 montis
3669 1987 3872 2042 Uiiveti
3924 1989 4226 2047 devenisse
4257 1992 4528 2064 contigit.

2872 2090 2938 2125 ex
2970 2090 3084 2143 quo
3115 2073 3380 2128 Salvator
3400 2076 3470 2128 ad
3495 2074 3670 2129 αιτιοι
3691 2077 4011 2132 ascendens
4033 2083 4118 2133 tot
4147 2082 4528 2138 cernentibus

2874 2161 3096 2214 idoneis
3140 2165 3406 2229 testibus,
3441 2169 3723 2218 venturus
3774 2165 3907 2220 inde
3947 2166 4215 2238 judicare
4259 2169 4424 2225 vivos
4469 2174 4526 2228 et

2873 2255 3154 2310 mortuos.
3187 2257 3276 2306 est
3327 2253 3738 2322 repromissus,
3775 2255 4087 2325 projiciens
4129 2272 4193 2310 se
4236 2256 4298 2312 in
4329 2258 4524 2314 crucia

2871 2340 3132 2403 modum,
3165 2345 3285 2393 toto
3319 2347 3644 2411 prostratus
3670 2358 3908 2414 corpore
3934 2360 4067 2399 cum
4100 2344 4376 2417 lacrymis
4405 2346 4526 2405 ino-

2870 2429 3158 2483 narrabile
3192 2430 3402 2484 mentis
3427 2430 3617 2499 jubilo
3647 2432 3954 2488 exsultavit
3985 2434 4042 2488 in
4076 2433 4346 2492 Domino.
4377 2436 4522 2493 Ree-

2868 2519 3061 2587 rigens
3104 2536 3165 2572 se
3217 2519 3554 2584 identidem,
3591 2519 3800 2592 palmis
3853 2521 3924 2576 ad
3973 2521 4185 2580 cretum
4233 2527 4518 2592 extensis,

2867 2609 2994 2662 nisu
3028 2625 3141 2678 quo
3186 2614 3408 2678 poterat
3459 2625 3668 2680 corpus
3723 2609 3976 2665 librabat
4025 2612 4083 2666 in
4118 2612 4327 2682 altum,
4359 2632 4426 2670 ac
4461 2616 4518 2672 iu

2863 2714 2996 2751 voce
3017 2697 3353 2767 hujusmodi
3374 2699 3665 2769 aperiebat
3691 2699 3900 2754 mentis
3926 2700 4520 2762 desiderium.Aiebat

2861 2804 3115 2857 namque
3150 2803 3162 2839 :
3198 2811 3221 2832 α
3261 2786 3501 2841 Domine
3532 2786 3692 2850 Jesu,
3726 2787 3825 2858 qui
3871 2795 4105 2860 propter
4131 2807 4240 2846 nos
4269 2792 4343 2847 de
4373 2794 4515 2849 sede

2859 2875 3186 2945 majestatis
3219 2881 3331 2930 tum
3364 2876 3432 2929 ad
3487 2880 3668 2930 terras
3713 2877 4060 2933 descendere
4111 2879 4396 2951 dignatus
4427 2898 4512 2950 es,

2857 2971 2916 3018 ut
2949 2981 3133 3036 genus
3167 2965 3491 3019 humanum
3526 2966 3816 3031 salvares;
3851 2966 4070 3039 quique
4110 2984 4180 3024 ex
4219 2968 4330 3025 hoc
4360 2969 4513 3042 loco,

2855 3070 3029 3125 quem
3080 3054 3264 3108 oculis
3315 3053 3562 3120 intueor,
3596 3071 3770 3109 carne
3817 3056 4063 3111 vestitus
4113 3058 4391 3114 πιπρασιί
4441 3061 4515 3118 οὐ

2851 3143 3025 3196 cmlos
3057 3145 3208 3198 unde
3240 3159 3506 3197 veneras:
3527 3145 3765 3198 obsecro
3791 3149 3951 3199 tuam
3984 3147 4414 3218 omnipotentis
4441 3151 4518 3205 si-

2853 3250 3006 3287 mam
3042 3233 3378 3294 bonitatem.
3411 3238 3476 3287 ut
3507 3233 3552 3288 si
3602 3233 3708 3287 hoc
3741 3250 3893 3288 anno
3925 3239 4015 3290 est
4048 3252 4179 3291 mea
4208 3236 4414 3292 anima
4444 3255 4516 3295 ex

1091 3328 1364 3400 amplius,
1392 3309 1632 3399 rapinas
1678 3326 2036 3398 cupiditatis.
2071 3326 2286 3381 Deinde
2321 3327 2640 3381 mediocres
2671 3341 2736 3380 ac
2768 3309 2811 3380 C
2853 3321 2959 3375 hoc
2991 3338 3230 3393 corpore
3261 3323 3600 3393 migratum,
3652 3339 3764 3376 non
3817 3323 3952 3377 hinc
3982 3325 4272 3393 recedam,
4303 3327 4410 3382 sed
4447 3327 4511 3384 in

1091 3418 1348 3473 minores
1369 3414 1632 3487 exemplo
1655 3417 1943 3486 majorum
1969 3415 2039 3470 ad
2060 3415 2340 3469 immania
2364 3420 2499 3468 sunt
2523 3415 2742 3485 flagitia

1093 3504 1366 3562 devoluti.
1389 3504 1530 3566 Quis
1554 3504 1708 3558 enim
1742 3520 2002 3575 unquam
2037 3510 2204 3558 antea
2236 3509 2428 3558 tantos
2461 3503 2739 3569 incestus,

1101 3598 1269 3650 tanta
1319 3590 1646 3656 adulteria,
1681 3596 1873 3646 tantas
1926 3591 2454 3662 consanguinitatis
2511 3591 2743 3646 illicitas

1097 3679 1527 3755 permistiones,
1561 3684 1643 3734 tot
1669 3680 2124 3736 concubinarum
2159 3681 2536 3744 ludibria,tot
2567 3681 2741 3736 malo-

1098 3787 1230 3826 rum
1263 3767 1662 3824 aemulationes
1692 3769 1986 3824 audiverat
2014 3775 2036 3826 ?
2065 3770 2310 3841 Insuper
2339 3771 2406 3824 ad
2440 3771 2740 3825 cumulum

1097 3858 1242 3915 tanti
1277 3858 1435 3926 mali,
1469 3874 1602 3914 cum
1635 3875 1748 3913 non
1781 3867 1972 3914 essent
2000 3860 2054 3914 in
2093 3859 2326 3932 populo,
2357 3860 2442 3915 vel
2478 3861 2611 3927 rari,
2642 3863 2742 3932 qui

1095 3954 1333 4004 caeteros
1380 3946 1735 4020 corrigentes
1785 3947 1921 4002 talia
1969 3948 2400 4020 redarguerent,
2434 3949 2741 4022 impletum

1091 4044 1179 4096 est
1208 4036 1500 4110 propheta:
1529 4037 1894 4108 vaticinium,
1927 4039 2081 4110 quod
2107 4038 2187 4093 ait
2221 4056 2233 4093 :
2261 4040 2325 4093 Et
2354 4041 2459 4094 erit
2487 4041 2629 4094 sicut
2655 4057 2746 4111 po-

1085 4129 1270 4200 pulus,
1294 4129 1374 4182 sic
1400 4125 1665 4182 sacerdos.
1696 4126 2022 4182 Prarscrtim
2053 4144 2188 4182 cum
2223 4132 2361 4182 tunc
2393 4127 2449 4182 in
2480 4129 2744 4184 sa3culari

1088 4219 1532 4288 potestate,tum
1557 4215 1732 4270 etiam
1758 4215 1817 4270 in
1841 4215 2233 4272 ecclesiastica
2255 4216 2744 4288 religione,totius

1088 4303 1388 4377 regiminis
1441 4321 1702 4377 persona:
1750 4304 2136 4361 constiterant
2183 4307 2240 4360 in
2289 4306 2496 4378 puerili
2551 4311 2741 4362 etate.

1087 4393 1325 4464 Propter
1370 4398 1607 4465 pecrata
1653 4395 1809 4449 enim
1861 4393 2058 4466 p0puli
2113 4395 2357 4467 contigit
2405 4400 2546 4450 tunc
2594 4395 2740 4450 illud

1086 4481 1543 4548 Salomonicum,
1597 4483 1752 4554 quod
1804 4483 1930 4538 ait:
1969 4483 2058 4539 Vm
2105 4485 2228 4549 tibi,
2281 4486 2460 4539 terra!
2497 4485 2641 4539 Nam
2683 4489 2742 4540 et

1085 4569 1210 4644 ipse
1240 4571 1587 4628 universalis
1619 4589 1770 4646 papa
1791 4571 2116 4637 Romanus,
2139 4589 2324 4644 nepos
2353 4571 2574 4628 scilicet
2602 4573 2744 4628 duo-

2850 3417 3160 3482 conspectu
3195 3410 3300 3464 loci
3325 3417 3436 3464 tua:
3463 3411 3822 3466 ascensionis
3847 3412 3969 3472 ﬁeri
3995 3414 4513 3486 contingenti}me

2849 3499 3002 3554 enim
3029 3499 3304 3570 quoniam
3327 3500 3478 3554 sicut
3501 3505 3552 3554 te
3574 3506 3808 3554 secutus
3827 3517 3960 3556 sum
3983 3503 4511 3576 corpore,qualiter

2850 3590 2920 3644 ad
2955 3590 3108 3644 hunc
3141 3589 3471 3644 devenirem
3503 3589 3690 3644 locum
3715 3608 3728 3655 ;
3752 3590 3834 3645 sic
3858 3592 4055 3646 anima
4085 3609 4216 3649 mea
4245 3592 4508 3650 iltcaaot

2851 3680 3111 3750 gaudens
3143 3683 3272 3750 post
3306 3683 3358 3730 te.
3385 3680 3460 3732 sit
3495 3679 3830 3748 ingressum
3854 3681 3923 3734 ad
3962 3681 4322 3751 paradisum.
4347 3705 4374 3730 α
4403 3683 4509 3738 His

2855 3768 3153 3839 peroratis,
3189 3784 3453 3823 reversus
3501 3772 3591 3822 est
3634 3784 3767 3822 cum
3817 3770 3992 3824 sociis
4040 3770 4112 3825 ad
4153 3770 4505 3843 hospitium.

2853 3859 2986 3912 Erat
3015 3863 3209 3911 autem
3237 3858 3360 3927 jam
3389 3858 3528 3912 hora
3552 3859 3798 3928 prandii.
3819 3859 4052 3914 Ceteris
4079 3875 4216 3914 vero
4245 3861 4512 3917 discum-

2851 3946 3479 4008 bentibus,conversus
3512 3948 3632 4018 ipse
3662 3948 3733 4002 ad
3768 3947 4046 4004 lectulum
4077 3947 4238 4004 vultu
4269 3949 4508 4020 alacn's,

2853 4052 2919 4090 ac
2949 4035 3124 4090 veluti
3156 4035 3315 4105 gravi
3349 4052 3553 4106 sopore
3585 4036 3889 4108 paululum
3923 4039 4314 4110 requieturus,
4349 4038 4512 4096 illico

2855 4141 3109 4196 namque
3136 4126 3596 4192 obdormiscens,
3631 4127 3934 4198 ignoratur
3962 4126 4102 4199 quid
4127 4128 4356 4194 viderit,
4369 4145 4512 4200 pro-

2851 4215 3014 4270 tinus
3035 4214 3333 4269 dormiens
3353 4213 3699 4270 exclamavit
3724 4232 3736 4270 :
3761 4216 3956 4272 Gloria
3973 4217 4105 4287 tibi,
4121 4216 4274 4273 Deus
4288 4235 4302 4283 ;
4317 4217 4512 4290 gloria

2852 4304 2978 4369 tibi,
3012 4303 3194 4359 Deus!
3227 4303 3380 4357 Socii
3421 4319 3655 4375 quoque
3686 4303 3803 4359 haec
3833 4305 4158 4372 audientes,
4191 4307 4514 4363 monebant

2853 4392 3019 4448 illum
3053 4397 3116 4447 ut
3148 4408 3396 4462 surgens
3426 4394 3894 4458 comederet.0ui
3925 4393 4250 4462 noluit,“
4273 4399 4512 4452 vertens

2844 4499 2912 4538 se
2943 4483 3001 4537 in
3034 4481 3186 4537 latus
3219 4481 3398 4548 aliud,
3432 4481 3578 4537 dixit
3609 4498 3670 4538 se
3701 4485 3818 4554 pati
3871 4483 4092 4556 aliquid
4123 4483 4508 4541 incommodi.

2849 4573 3271 4642 Recubansque
3320 4587 3508 4642 usque
3555 4572 3628 4627 ad
3675 4589 4005 4644 vesperum,
4035 4575 4370 4630 convocatis
4407 4576 4506 4630 sui

1085 4674 1216 4716 rum
1248 4661 1542 4716 Benedicti
1573 4664 1750 4733 atque
1778 4660 2044 4723 Joannis,
2081 4659 2182 4732 qui
2215 4660 2266 4715 ei
2300 4667 2737 4732 praecesserant,
2764 4687 2811 4753 Β
2847 4662 3072 4716 itineris
3092 4659 3264 4714 sociis
3287 4661 3526 4715 νὴνὶίὶοε
3545 4661 3908 4719 eucharistize
3939 4661 4248 4735 requirens
4271 4666 4510 4737 accepit

1083 4766 1228 4823 puer
1259 4751 1439 4806 ferme
1469 4749 1746 4804 decennis
1776 4747 2174 4803 intercedente
2202 4748 2611 4804 thesaurorum
2647 4767 2736 4822 pe-
2764 4747 2804 4753 ’
2841 4750 3144 4812 viaticum,
3170 4749 3401 4821 illisque
3421 4749 3672 4804 dulciter
3691 4749 3964 4806 salutatis
3983 4753 4182 4808 emisit
4195 4751 4500 4826 spiritum.

1084 4839 1260 4895 cunia
1289 4838 1506 4894 electus
1537 4837 1760 4893 exstitit
1789 4853 1823 4890 a
1853 4836 2154 4892 Romanis.
2188 4841 2233 4891 Δ
2284 4838 2500 4909 quibus
2531 4839 2735 4896 exinde

1085 4929 1419 5000 frequenter
1445 4927 1666 4997 ejectus
1697 4941 1764 4980 ac
1793 4923 2104 4980 inhoneste
2136 4930 2404 5000 receptus
2439 4928 2601 4984 nulla
2632 4945 2738 5001 po-

1085 5020 1298 5070 testate
1327 5014 1532 5087 viguit.
1565 5015 1655 5080 Et,
1689 5018 1755 5069 ut
1789 5014 1918 5085 jam
1952 5014 2221 5086 superius
2252 5017 2598 5086 taxavimus,
2631 5035 2738 5074 cae-

1085 5105 1246 5158 teros
1275 5107 1415 5157 tunc
1465 5101 1748 5173 temporis
1794 5101 2186 5160 Ecclesiarum
2230 5104 2498 5178 praelatos
2528 5123 2738 5164 aurum

1090 5191 1287 5264 potius
1337 5189 1428 5246 vel
1485 5195 1792 5263 argentum
1849 5191 2138 5250 exultabat
2192 5212 2371 5268 quam
2442 5199 2738 5253 meritum.

1088 5278 1241 5336 Proh
1286 5278 1514 5351 pudor!
1549 5280 1618 5335 de
1661 5279 1754 5336 his
1800 5282 2232 5341 evidentissima
2282 5285 2587 5360 Scriptura
2638 5288 2740 5354 ait,

2845 4840 2958 4895 Iste
2983 4836 3181 4911 procul
3200 4838 3380 4893 dubio
3404 4837 3966 4906 liberavanitate,ob
3981 4857 4158 4914 quam
4180 4841 4354 4897 multi
4379 4857 4510 4915 plo-

2845 4929 3212 4996 ticiscuntur,
3244 4932 3308 4983 ut
3339 4927 3708 4984 solummodo
3732 4928 4028 4986 mirabiles
4050 4927 4399 5000 habeantur,
4431 4932 4506 4989 de

2846 5017 3378 5090 Hierosolymitano
3397 5017 3600 5073 itinere
3619 5019 3676 5072 in
3697 5020 3934 5074 nomine
3952 5018 4182 5076 Domini
4203 5019 4346 5076 Josu
4371 5020 4512 5076 ﬁde.

2845 5107 2980 5162 liter
2999 5108 3204 5180 petivit
3223 5107 3628 5179 patrem,un
3641 5113 3696 5161 et
3711 5109 4140 5181 accepit.Cujua
4154 5108 4296 5165 socii
4315 5125 4506 5166 mer-

2843 5202 3057 5260 tontes,
3075 5195 3245 5252 nobis
3268 5213 3337 5251 ea
3353 5213 3481 5268 quae
3503 5196 3760 5252 diximus
3781 5197 4110 5254 retulerunt
4129 5196 4342 5271 positis
4359 5203 4500 5255 tunc

2849 5287 3006 5359 apud
3046 5287 3231 5341 Besue
3268 5285 3711 5342 monasterium.
3743 5287 3959 5343 Eodem
3997 5287 4215 5360 quippe
4237 5290 4502 5361 tempore

1083 5367 1207 5427 imo
1263 5385 1330 5424 os
1389 5367 1574 5441 ipsius
1603 5369 1702 5426 Dei
1733 5387 1747 5427 :
1778 5372 2064 5446 Principes
2116 5377 2462 5444 exstiterunt,
2497 5385 2548 5434 et
2619 5394 2727 5433 non
2834 5375 4504 5450 OdolricusAurelianorumpraasutilluepergeusauidIK

1085 5459 1334 5532 cgnovi.

2833 5467 2986 5522 derit
3009 5465 3294 5536 nobisque
3320 5465 3661 5533 narraverit,
3687 5481 3800 5521 non
3825 5464 4392 5539 prastarmitteuium
4417 5466 4499 5522 vt-

2831 5553 3387 5612 deturmiraculum.
3405 5553 3508 5608 Die
3527 5553 3912 5627 igiturmagni
3931 5553 4094 5610 illius
4105 5553 4495 5629 Νίκῃ.

1867 5662 1938 5680 ⁸-
2829 5646 2983 5721 ignis
3015 5643 3270 5700 mirabili
3305 5642 3404 5698 Dei
3433 5641 3690 5714 potentia
3717 5645 3959 5700 veniens
3988 5643 4063 5699 ab
4095 5642 4372 5700 universo
4403 5657 4502 5719 po.

2830 5733 2969 5818 pulo
2997 5730 3388 5814 proctolatur,
3407 5730 3490 5790 ibi
3509 5745 3648 5793 cum
3677 5733 3904 5794 ceteris
3927 5732 4086 5794 idm
4106 5731 4324 5813 pm
4343 5734 4500 5798 asto-
