4938 6422
1611 469 2148 536 HISTORIARUM
2193 474 2814 551 LIBRI~QU'INQUE.
2847 513 2926 524 ——
2952 481 3095 542 LIB.
3139 483 3212 543 V.

715 632 2542 655 —*———————.—_..~m*

1941 777 2266 862 LIBER
2333 777 2889 889 QUINTUS.

1971 924 2226 981 CAPITU
2235 925 2324 981 LA
2361 925 2554 988 LIBRI
2593 927 2858 993 QUINTI;

1065 1028 1116 1101 I.
1301 1030 1482 1086 Variae
1511 1033 1856 1101 quaestiones.

1067 1099 1140 1170 ll.
1289 1101 1365 1154 De
1394 1099 1532 1156 bello
1555 1103 1694 1157 mire
1721 1110 1884 1170 gesto.

1063 1169 1160 1244 lli.
1277 1171 1353 1244 _De
1383 1174 1543 1244 tertia
1570 1169 1764 1244 eclz'pai
1797 1173 1951 1228 solis.

1062 1240 1157 1315 1y.
1271 1242 1346 1315 Qe
1373 1240 1704 1298 dissensione
1732 1244 2104 1315 Lugdunensis
2133 1243 2482 1315 praesulatus.

1059 1310 1130 1366 V.
1281 1314 1356 1369 De
1379 1315 1769 1386 exstirpatione
1798 1310 2126 1370 Simom'aca.

1244 1586 1476 1641 CAPUT
1512 1586 1821 1643 PRIMUM.

1262 1701 1444 1758 Variae
1475 1705 1819 1773 quwslz'ones.

771 1852 996 1906 Rerum
1023 1851 1392 1907 diversarum
1418 1854 1947 1924 permutationibus
1976 1873 2038 1912 ac
2069 1857 2358 1912 variorum

692 1957 953 1996 casuum
975 1940 1281 1995 eventibus
1304 1941 1559 1996 attonitae
1579 1959 1767 2009 aures,
1785 1947 2123 2016 mentesque
2141 1946 2358 2001 obtusae

693 2045 796 2083 seu
835 2027 1147 2096 hebetatae,
1163 2027 1568 2084 universorum
1591 2034 1728 2084 tunc
1753 2032 2030 2103 temporis
2049 2049 2191 2104 pene
2213 2051 2361 2088 mor-

692 2115 941 2183 talium,
967 2120 1095 2171 tum
1122 2116 1301 2171 etiam
1336 2116 1810 2174 infestationibus
1842 2120 2212 2176 sinistrorum
2245 2123 2359 2194 spi-

689 2206 952 2260 rituum.
1009 2205 1320 2276 Aliquibus
1356 2209 1584 2261 ‘tamen
1650 2207 2062 2264 revelationum
2123 2210 2354 2266 utilium

683 2295 762 2367 ph
774 2294 1028 2349 antasiae
1043 2293 1426 2350 manifestata:
1441 2295 1496 2348 fu
1508 2295 1620 2350 isse
1638 2297 1982 2352 creberrime
2005 2299 2352 2355 ferebantur.

680 2383 946 2438 Cuidam
980 2399 1236 2454 namque
1267 2383 1553 2439 monaCho
1584 2402 1702 2440 una
1733 2386 1990 2441 noctium
2023 2388 2212 2442 visum
2246 2394 2352 2456 est,

678 2472 834 2528 bora
869 2486 996 2542 qua
1026 2471 1373 2526 matutinale
1405 2471 1687 2543 agitatum
1721 2479 1808 2529 est
1839 2475 2095 2546 signum,
2119 2477 2354 2532 affuisse

675 2561 798 2616 sibi
836 2561 1169 2632 quemdam
1203 2561 1587 2626 teterrimum,
1608 2562 1705 2633 qui
1727 2563 1912 2617 eidem
1937 2565 2104 2634 plura
2127 2581 2356 2636 persua-

676 2651 884 2705 dendo
943 2648 1232 2704 inferebat
1278 2649 1680 2719 hujuscemodi
1719 2651 2068 2723 colloquium
2109 2671 2179 2708 τα
2223 2658 2354 2721 Cur,

673 2738 1002 2810 inquiens,
1051 2754 1172 2805 vos,
1225 2737 1517 2804 monachi,
1568 2742 1652 2793 tot
1708 2739 1952 2806 labores,
1987 2745 2072 2796 tot
2127 2742 2355 2814 vigilias

674 2832 868 2899 atque
895 2825 1156 2896 jejunia,
1201 2842 1306 2880 nec
1360 2842 1474 2880 non
1511 2826 1876 2893 afﬂictiones,
1911 2833 1965 2884 et
1999 2830 2355 2901 psalmodias

669 2915 1023 2988 pluresque
1057 2914 1202 2969 alias
1233 2913 1671 2970 bumiliationes
1705 2916 1977 2972 exercetis
2008 2922 2168 2973 extra
2198 2936 2352 2974 com-
2386 2947 2432 3012 B

667 3019 941 3058 munem
963 3002 1214 3058 aliorum
1238 3001 1543 3057 hominum
1571 3020 1743 3058 usum
1760 3005 1786 3059 ‘?
1805 3005 2004 3060 Nonne
2026 3006 2355 3062 innumera-

660 3091 830 3147 biles
867 3089 1248 3146 seecularium
1274 3089 1542 3146 homines
1569 3109 1755 3163 usque
1778 3094 1848 3147 ad
1880 3094 2006 3148 vitze
2037 3095 2353 3150 terminum

662 3181 727 3235 in
764 3179 1039 3234 diversis
1086 3177 1322 3251 ﬂagitiis
1370 3185 1826 3250 perseverantes,
1861 3183 2126 3238 eamdem
2158 3189 2354 3239 tamen

661 3267 1037 3341 percepturi
1068 3284 1246 3338 quam
1278 3284 1378 3323 vos
1410 3270 1758 3340 exspectatis
1781 3271 2038 3341 requiem
2067 3274 2094 3326 ‘?
2123 3273 2360 3328 Sufﬁce-

655 3362 755 3412 ret
790 3357 976 3411 enim
1008 3355 1134 3410 dies
1169 3373 1340 3421 unus,
1379 3355 1466 3411 vel
1500 3356 1662 3423 hora,
1698 3359 1765 3411 ad
1802 3361 2183 3430 promerenda
2214 3378 2354 3432 prie-

653 3445 793 3500 mia
829 3448 1078 3500 aeternae
1127 3443 1506 3500 beatitudinis
1560 3450 1762 3501 vestrae
1794 3447 2058 3516 justitiie.
2093 3449 2380 3520 Namque

655 3538 725 3588 tu
761 3533 945 3606 ipse,
977 3533 1160 3587 miror
1189 3548 1305 3603 qua
1335 3532 1404 3587 de
1436 3549 1615 3588 causa
1643 3539 1762 3588 tam
1795 3534 2099 3604 sollicitus,
2129 3554 2262 3591 mox
2295 3542 2358 3592 ut

647 3622 853 3677 audis
893 3621 1166 3691 signum,
1197 3619 1470 3676 velociter
1499 3622 1760 3693 exsurgis
1783 3622 1986 3678 alecto
2017 3625 2358 3696 rumpisque

647 3710 931 3766 dulcem
960 3708 1152 3764 somni
1179 3708 1453 3780 quietem,
1473 3725 1603 3763 cum
1632 3726 1832 3781 posses
1855 3711 2033 3782 quieti
2056 3712 2356 3785 indulgere

642 3799 742 3854 vel
784 3812 1009 3869 usque
1041 3797 1113 3851 ad
1166 3796 1404 3852 tertium
1438 3797 1691 3869 signum.
1724 3799 1826 3852 Est
1857 3799 2030 3854 etiam
2063 3801 2213 3871 quod
2250 3801 2354 3855 tibi

638 3888 952 3959 pandam
999 3889 1292 3940 secretum
1342 3884 1509 3940 valde
1553 3886 1951 3952 memorabile,
1982 3887 2117 3944 licet
2149 3893 2356 3945 nostras

633 3977 725 4031 sit
762 3973 955 4047 parti
989 3972 1593 4043 dispendium,vestrte
1627 3990 1861 4045 quoque
1893 3973 2146 4032 salutare
2172 3993 2357 4032 reme-

640 4064 839 4118 dium
855 4104 868 4114 .
898 4061 1060 4116 Nam
1085 4063 1316 4116 constat
1335 4060 1608 4118 omnibus
1631 4062 1819 4129 annis,
1847 4063 1936 4118 die
1959 4081 2074 4135 qua
2095 4064 2358 4120 Christus

630 4166 1016 4223 resurgens
1047 4165 1116 4204 ex
1145 4148 1393 4203 mortuis
1417 4148 1594 4204 vitam
1615 4150 1902 4221 reparavit
1921 4151 2162 4207 humani
2184 4167 2356 4224 gene-

627 4241 748 4306 ris,
793 4238 886 4293 ab
914 4237 1133 4292 eodem
1161 4235 1433 4291 universa
1455 4236 1693 4308 spoliari
1718 4242 1933 4294 tartara
1965 4243 2019 4294 et
2049 4257 2186 4295 suos
2214 4257 2354 4312 quo-

2385 1591 2440 1657 Α
2470 1591 2685 1658 futura,
2720 1591 2830 1646 nisi
2863 1592 3006 1647 forte
3037 1555 3234 1647 divina
3260 1592 3361 1647 ﬁat
3401 1593 3780 1665 providentia,
3810 1593 3882 1650 ob
3913 1609 4104 1650 corre-

2469 1679 2680 1735 ctionis
2713 1680 3026 1736 solertiam.

2541 1767 2888 1838 Hujusmodi
2919 1768 3095 1840 igitur
3132 1769 3399 1824 mihimet
3429 1769 3761 1842 nuperrime
3791 1769 4104 1837 multoties,

2470 1854 2585 1910 Deo
2615 1857 2981 1927 propitiante,
3029 1857 3221 1929 palam
3271 1863 3361 1913 est
3409 1857 3743 1931 contigisse.
3789 1858 3934 1914 Nam
3965 1859 4107 1914 dum

2469 1943 2782 2014 aliquando
2814 1945 2870 1999 in
2893 1945 3045 2001 beati
3068 1947 3339 2018 martyris
3373 1947 3706 2019 Leodegarii
3737 1945 4106 2015 monasterio,

2470 2033 2623 2102 quod
2682 2033 2969 2105 Cappellis
3027 2035 3491 2106 cognominatur,
3542 2035 3769 2108 positus
3816 2035 4106 2107 degerem,

2469 2124 2633 2174 nocte
2683 2122 2955 2192 quadam,
2991 2127 3124 2178 ante
3171 2123 3577 2178 matutinalem
3626 2123 3890 2193 synaxin,
3926 2121 4110 2178 astitit

2468 2209 2608 2262 mihi
2635 2226 2701 2264 ex
2731 2213 2892 2281 parte
2924 2211 3136 2282 pedum
3159 2211 3351 2266 lectuli
3378 2212 3563 2266 forma
3583 2210 3921 2268 homunculi
3943 2214 4109 2266 teter-

2467 2298 2625 2352 rima:
2657 2299 2891 2368 speciei.
2924 2300 3058 2354 Erat
3091 2299 3267 2369 enim,
3325 2303 3608 2370 quantum
3640 2316 3674 2354 a
3704 2316 3796 2354 me
3841 2299 4104 2372 dignosci

2465 2385 2672 2457 potuit,
2705 2391 2929 2442 statura
2959 2387 3288 2458 mediocris,
3321 2387 3466 2443 collo
3499 2387 3720 2460 gracili,
3755 2387 3899 2443 facie
3930 2385 4104 2442 maci-

2464 2473 2637 2540 lenta,
2661 2474 2842 2530 oculis
2877 2476 3226 2547 nigerrimis,
3253 2477 3436 2531 fronte
3467 2493 3678 2549 rugosa
3701 2480 3758 2531 et
3787 2477 4100 2541 contracta,

2465 2563 2757 2633 depressis
2788 2563 3047 2631 naribus,
3078 2582 3172 2619 ore
3220 2569 3570 2636 exporrecto,
3606 2563 3831 2620 labellis
3868 2568 4100 2619 tumen-

2465 2651 2842 2720 tibus,mcnto
2861 2652 3157 2707 subtracto
3180 2669 3243 2707 ac
3262 2657 3633 2724 perangusto,
3647 2652 3829 2707 barba
3842 2651 4100 2725 caprina,

2465 2739 2705 2794 auribus
2736 2739 2905 2794 hirtis
2928 2744 2984 2794 et
3014 2740 3340 2812 praeacutis,
3365 2739 3588 2812 capillis
3619 2740 3911 2796 stantibus
3941 2745 3997 2794 et
4023 2738 4100 2794 in-

2463 2828 3106 2899 compositis,dcntibus
3127 2829 3374 2894 caninis,
3398 2827 3663 2902 occipitio
3684 2833 4107 2900 acuto,pectore

2464 2919 2524 2969 tu
2535 2916 2889 2979 mido,dorso
2905 2916 3159 2988 gibbato,
3177 2917 3446 2972 clunibus
3465 2917 4108 2989 agitantibus,vestibus

2465 3004 2738 3072 sordidis,
2771 3009 2976 3058 conatu
3011 3009 3266 3059 aestuans
3297 3021 3363 3059 ac
3395 3009 3512 3059 toto
3541 3021 3779 3076 corpore
3809 3019 4063 3077 praeceps
4091 3029 4107 3070 ;

2465 3090 2866 3162 arripiensque
2897 3092 3296 3148 summitatem
3347 3093 3512 3148 strati
3562 3093 3619 3147 in
3652 3109 3766 3165 quo
3799 3092 4107 3158 cubabam,

2464 3182 2650 3234 totum
2709 3179 3044 3235 terribiliter
3089 3182 3384 3236 concussit
3433 3179 3736 3247 lectulum,
3780 3197 3846 3236 ac
3900 3180 4108 3235 deinde

2466 3267 2637 3321 infit:
2674 3292 2700 3317 ‹‹
2746 3269 2868 3324 Non
2913 3272 2974 3322 tu
3027 3269 3083 3322 in
3128 3268 3236 3324 hoc
3279 3268 3403 3324 loco
3454 3268 3608 3324 ultra
3659 3268 3944 3324 manebis.
3979 3288 4008 3318 »
4037 3269 4109 3323 At

2465 3373 2569 3428 ego
2599 3356 2856 3422 territus,
2884 3356 3298 3429 evigilansque,
3333 3356 3504 3412 sicuti
3547 3360 3782 3430 repente
3815 3355 3937 3412 fieri
3967 3371 4107 3412 con-

2463 3445 2654 3514 tingit,
2688 3445 2879 3517 aspexi
2914 3445 3086 3500 talem
3118 3461 3293 3517 quem
3325 3445 3670 3518 praescripsi.
3695 3443 3823 3518 Ipse
3851 3461 3984 3501 vero
4016 3445 4107 3516 ing-

2466 3533 2738 3587 frendens
2770 3533 3086 3588 identidem
3117 3534 3307 3589 aiebat
3338 3551 3351 3588 :
3388 3558 3415 3584 «
3446 3535 3572 3590 Non
3602 3533 3696 3589 hic
3726 3533 3878 3589 ultra
3908 3547 4107 3588 mane-

2466 3621 2576 3675 bis.
2619 3644 2643 3669 ››
2676 3620 2829 3676 Illico
2862 3621 3111 3692 denique
3144 3639 3177 3677 a
3204 3621 3415 3678 lectulo
3467 3621 3761 3689 exsiliens,
3792 3621 4019 3677 cucurri
4048 3621 4108 3676 in

2467 3709 2905 3776 monasterium,
2939 3713 3114 3781 atque
3164 3715 3295 3765 ante
3325 3709 3506 3765 altare
3539 3709 3893 3767 sanctissimi
3926 3709 4110 3782 patris

2466 3797 2757 3852 Benedicti
2790 3803 3117 3869 prostratus
3147 3817 3211 3854 ac
3244 3799 3493 3854 nimium
3527 3801 3859 3871 pavefactus
3889 3798 4112 3854 diutine

2465 3884 2734 3940 decubui.
2757 3885 3027 3956 Coepique
3051 3886 3328 3941 acerrime
3359 3886 3429 3940 ad
3464 3887 3807 3941 memoriam
3840 3886 4113 3941 reducere

2466 3972 2748 4044 quidquid
2783 3973 2852 4028 ab
2885 3973 3118 4028 ineunte
3169 3977 3334 4029 aetate
3381 3974 3770 4029 offensionum
3819 3973 4113 4045 gravium-

2466 4077 2577 4130 que
2604 4061 3005 4132 peccaminum
3029 4061 3348 4132 procaciter
3367 4077 3468 4116 seu
3493 4060 3854 4132 negligenter
3875 4061 4113 4116 commi-

2467 4165 2676 4213 seram,
2713 4151 2836 4202 tum
2869 4149 3178 4220 praecipue,
3203 4149 3478 4220 quoniam
3502 4165 3646 4220 pene
3679 4147 3838 4203 nulla
3866 4148 4112 4220 poenitu-

2466 4236 2619 4291 dinis
2650 4236 2964 4291 satisfactio
2989 4236 3061 4290 ob
3095 4253 3350 4292 amorem
3375 4253 3476 4293 seu
3500 4236 3767 4292 timorem
3791 4235 4110 4292 divinitatis

626 4343 764 4402 que
805 4323 1042 4382 reduci
1066 4324 1136 4379 ad
1171 4340 1403 4395 supera.
1431 4324 1537 4380 Pro
1572 4343 1688 4397 qua
1719 4343 1777 4381 re
1808 4326 1953 4380 nihil
1984 4328 2146 4384 vobis
2179 4308 2354 4400 perti-
2385 4308 2427 4373 (ἶ
2468 4342 2502 4380 a
2531 4342 2622 4379 me
2654 4325 2858 4379 exinde
2884 4329 3262 4380 successerat.
3295 4328 3383 4380 Ita
3407 4340 3660 4396 quoque,
3687 4323 3863 4378 miser
3891 4327 3948 4378 et
3977 4339 4109 4379 con-

621 4414 1105 4472 mescendum'.
1140 4412 1434 4484 Quidquid
1487 4412 1723 4469 libuerit
1766 4414 2127 4487 voluptatum
2160 4418 2352 4471 carnis

618 4521 701 4562 ac
743 4501 1223 4560 desideriorum
1248 4501 1437 4557 securi
1461 4518 1628 4574 agere
1652 4503 1914 4574 potestis.
1944 4525 1969 4551 ››
1994 4504 2120 4558 Haec
2144 4522 2352 4576 nempe

614 4600 682 4650 et
721 4593 872 4649 alia
909 4588 1225 4663 perplura,
1259 4589 1432 4645 sicuti
1479 4595 1602 4645 erat
1650 4590 2059 4664 fallacissimus
2102 4593 2347 4660 daemon,

614 4680 850 4735 eidem
919 4675 1228 4731 monacho
1276 4674 1550 4743 illudens,
1586 4676 1790 4731 frivola
1839 4677 2057 4750 retulit,
2091 4680 2348 4751 adeoque

606 4769 818 4823 illum
864 4763 1102 4829 illexit,
1127 4766 1193 4818 ut
1211 4763 1509 4820 communi
1531 4765 1776 4819 fratrum
1799 4767 1999 4839 synaxi
2018 4768 2347 4822 matutinali

605 4853 949 4913 defuerit.
987 4851 1140 4906 Illud
1177 4870 1316 4908 sane
1339 4853 1493 4926 quod
1518 4853 1586 4908 de
1613 4854 1909 4910 Dominica
1929 4856 2349 4912 resurrectione

601 4947 721 5003 sed
737 4939 1026 4999 uctorie
1057 4938 1358 5006 conﬁnxit,
1390 4941 1564 4995 verba
1595 4941 1745 4996 sacri
1775 4942 2131 5014 redarguunt
2161 4945 2348 4999 Evan-

599 5034 799 5108 gelii,
844 5043 1022 5103 quae
1047 5027 1251 5082 dicunt
1283 5045 1294 5082 :
1333 5051 1360 5078 ‹‹
1396 5028 1578 5084 Multa
1608 5045 1848 5100 corpora
1881 5032 2349 5102 sanctorum,qui

598 5119 1080 5181 dormierunt,
1128 5120 1523 5173 surrexerunt.
1561 5138 1588 5164 »
1621 5117 1765 5184 Non,
1817 5117 2109 5189 inquiunt,
2141 5123 2346 5186 omnia,

597 5212 716 5267 sed
765 5207 1031 5263 multa.
1066 5203 1134 5258 Et
1165 5203 1246 5258 ita
1276 5221 1472 5260 revera
1502 5205 1805 5275 profitetur
1849 5206 1992 5260 ﬁdes
2044 5206 2344 5263 catholica.

597 5302 792 5356 Licet
814 5295 1035 5353 enim
1053 5289 1384 5362 aliquoties,
1398 5291 1969 5365 veraOmnipotentis
1987 5295 2349 5366 prazscientia

591 5383 1070 5461 disponente,
1125 5377 1483 5434 fallacissimi
1531 5381 1766 5435 omnino
1812 5382 2102 5438 daemones
2151 5383 2348 5438 minus

585 5480 795 5534 irrita
833 5466 1310 5546 prasnuntient,
1334 5472 1549 5533 tamen,
1583 5474 1864 5540 quantum
1893 5486 1963 5524 ex
1994 5469 2224 5526 illorum
2256 5472 2350 5527 de-

585 5561 1044 5623 liberatione
1077 5555 1162 5624 fit,
1188 5557 1576 5625 perfunctoria
1604 5557 2028 5613 acseductoria
2058 5560 2344 5627 conﬂant;

584 5657 683 5714 vel
728 5652 1002 5710 etiam,
1051 5641 1102 5734 si
1137 5642 1440 5734 contigerit
1469 5660 1536 5699 ex
1580 5649 1897 5734 partequae
1949 5652 2345 5719 praesagantur
2376 5667 2422 5734 D

578 5747 676 5806 ab.
702 5739 1008 5801 eisdem
1053 5728 1207 5799 ﬁeri,
1227 5747 1338 5788 non
1372 5730 1540 5805 plane
1563 5731 1734 5788 saluti
1762 5732 2029 5790 humanis
2053 5741 2192 5792 sunt
2221 5753 2347 5813 pro-

2462 4413 2629 4468 fusus
2659 4412 2882 4482 jacens,
2913 4429 3026 4466 non
3068 4412 3355 4468 habebam
3386 4413 3524 4485 quid
3554 4411 3926 4484 potissimum
3956 4411 4107 4466 dice-

2461 4518 2602 4568 rem,
2638 4501 2748 4555 nisi
2779 4504 3005 4555 tantum
3041 4517 3052 4554 :
3091 4523 3119 4551 «
3151 4501 3393 4555 Domine
3424 4500 3583 4569 Jesu,
3613 4499 3712 4571 qui
3741 4498 3948 4570 venisti
3978 4515 4106 4571 pec-

2460 4593 2682 4644 catores
2705 4587 2894 4644 salvos
2917 4589 3120 4656 facere,
3142 4589 3464 4644 secundum
3485 4603 3757 4659 magnam
3781 4585 4103 4641 misericor-

2459 4677 2614 4732 diam
2641 4682 2800 4732 tuam
2824 4677 3098 4732 miserere
3118 4676 3252 4732 mei.
3271 4699 3298 4725 »
3315 4677 3539 4732 Interea
3555 4673 3813 4730 conﬁteri
3836 4690 3950 4729 non
3973 4690 4100 4730 eru-

2459 4767 2628 4821 besco
2660 4783 2752 4821 me
2784 4783 2894 4821 non
2919 4766 3109 4821 solum
3137 4765 3190 4819 in
3217 4765 3468 4836 peccatis
3499 4767 3802 4836 parentum
3834 4779 4098 4818 meorum

2459 4854 2740 4926 genitum,
2766 4870 2965 4909 verum
2990 4854 3170 4909 fuisse
3203 4853 3465 4909 moribus
3495 4852 3988 4924 importunum,et
4012 4867 4101 4906 ac-

2457 4941 3048 4998 tibusintolerabilem
3073 4941 3386 5013 plusquam
3410 4941 3629 4997 narrari
3653 4944 3826 5012 queat
3844 4939 4101 4996 exstitis-

2458 5029 2614 5084 se.Vi
2628 5030 2799 5086 etiam
2816 5031 3122 5099 cujusdam
3137 5029 3548 5097 monachi,mei
3568 5028 3789 5085 scilicet
3807 5027 4102 5099 avunculi,

2456 5119 2782 5173 abstractus
2808 5135 2837 5170 a
2859 5117 3319 5189 perversissima,
3353 5133 3529 5188 quam
3563 5135 3678 5189 pra:
3709 5115 3929 5172 caeteris
3969 5132 4102 5188 age-

2456 5207 2614 5272 bam,
2637 5205 2933 5261 smcularis
2959 5207 3087 5261 vita:
3110 5206 3531 5272 vanitate,cum
3555 5222 3746 5261 essem
3764 5205 3943 5262 ferme
3960 5204 4103 5260 duo-

2456 5294 2664 5349 dennis
2690 5299 2863 5365 atque
2903 5293 3215 5349 monachili
3259 5293 3501 5349 indutus
3543 5291 4104 5364 habitu,beulprob

2457 5381 2925 5452 doloriquoniam
2954 5385 3110 5437 veste
3133 5382 3520 5448 solummodo,
3547 5399 3662 5440 non
3695 5383 3884 5436 mente
3914 5383 4106 5434 muta-

2455 5472 2941 5540 tus.Quzecunque
2953 5469 3107 5524 enim
3125 5487 3156 5525 a
3169 5470 3438 5525 Patribus
3450 5469 3534 5524 vel
3549 5468 3908 5540 spiritalibus
3920 5466 4106 5520 fratri-

2457 5559 2566 5614 bus
2580 5559 2843 5612 modesta
2858 5561 2912 5612 et
2929 5561 3131 5611 sancta
3143 5557 3212 5612 ch
3221 5557 3303 5612 ari
3312 5558 3483 5613 tative
3499 5556 3640 5611 mihi
3656 5555 4106 5631 suggererentur

2459 5644 2769 5701 truculenti
2801 5644 2981 5699 animi
3014 5645 3308 5700 inflatione
3329 5645 3626 5716 turgidum
3657 5645 3885 5698 scutum
3908 5635 4100 5690 cordis

2455 5751 2686 5810 gerens,
2709 5732 2965 5791 dictante
2989 5733 3281 5810 superbia,
3305 5749 3374 5792 ne
3405 5730 3662 5789 salubria
3688 5741 3780 5784 me
3809 5719 4114 5814 contingas
