4938 6490
1369 507 1485 572 68³1
2351 507 2684 574 RODULF’I
2729 505 3010 571 GLABRI
3054 501 3410 570 MONACHI
3454 505 3818 572 CLUNIAC.
4667 499 4789 571 688

1371 648 1522 711 rent,
1553 645 1947 715 opponebam.
1973 643 2192 699 Dehinc
2226 644 2550 698 senioribus
2583 659 2694 696 non
2724 643 3022 704 obedicns,
3056 645 3106 708 Α
3138 642 3389 695 dentem.
3414 645 3566 704 Quas
3590 659 3720 696 cum
3759 644 3856 696 diu
3894 642 4261 714 multumque
4287 641 4535 697 intuitus
4561 644 4787 710 fuisset,

1368 731 1773 804 coaequalibus
1801 731 2106 799 molestus,
2133 733 2471 804 junioribus
2501 751 2802 797 onerosus,
2827 737 3023 802 atque,

1366 825 1435 878 ut
1461 837 1593 877 vere
1615 821 1820 893 fatear,
1841 821 2124 877 universis
2143 822 2253 877 mei
2281 821 2584 893 praesentia
2607 819 2856 892 gravedo
2879 823 3024 886 erat,

1363 911 1627 967 levamen
1659 911 1943 967 absentia.
1979 911 2257 966 Przctcrca
2289 910 2380 965 bis
2411 915 2464 964 et
2498 909 2841 980 iilljUBmOtii
2875 926 3024 980 pras-

1365 1000 1504 1056 dicti
1532 999 1642 1055 loci
1667 1000 1873 1055 fratres
1897 999 2156 1072 instigati
2179 999 2528 1072 expulerunt
2554 1017 2698 1053 mea
2720 998 3028 1054 contuber-

1280 1115 1286 1120 ·
1364 1089 1462 1146 nio
1485 1105 1602 1144 suae
1621 1088 2016 1155 habitationis,
2034 1094 2225 1143 tamen
2251 1089 2502 1144 scientes
2529 1106 2640 1142 non
2665 1088 2858 1140 defore
2882 1085 3022 1140 mihi

1363 1176 1556 1233 locum
1573 1179 1909 1250 quempiam
1930 1178 2363 1244 commanendi,
2389 1183 2619 1232 tantum
2645 1177 2716 1231 ob
2745 1176 3022 1229 litterato-

1364 1265 1511 1321 riam
1534 1266 1978 1321 notionem.Hoc
1999 1267 2173 1322 etiam
2205 1283 2461 1338 perszrpe
2485 1272 2787 1338 expertum
2816 1267 3021 1318 fuerat.

1430 1355 1565 1410 Post
1595 1354 1702 1410 hoc
1734 1355 1917 1427 igitur
1947 1356 2004 1410 in
2038 1355 2394 1410 monasterio
2429 1355 2614 1409 sancti
2652 1350 3024 1424 Bcnigni,l)i-

1359 1443 1648 1499 vionensis
1682 1445 1981 1516 martyris,
2014 1444 2262 1508 locatus,
2301 1463 2414 1498 non
2463 1445 2684 1516 dispar,
2724 1444 2837 1496 imo
2870 1442 3022 1495 idem

1357 1531 1500 1587 mihi
1531 1533 1693 1586 visus
1725 1537 1813 1587 est
1837 1533 1897 1587 in
1922 1533 2264 1588 dormitorio
2291 1534 2556 1586 fratrum.
2585 1531 2899 1603 Incipiente
2925 1548 3025 1585 au-

1356 1626 1488 1676 t‘ora
1516 1619 1655 1687 diei,
1688 1637 1931 1676 currens
1965 1621 2107 1676 exiit
2153 1639 2187 1676 a
2218 1622 2391 1676 domo
2431 1621 2802 1678 latrinarum.
2835 1620 3026 1673 taliter

1357 1708 1730 1764 inclamando
1764 1727 1776 1764 :
1813 1732 1841 1759 «
1878 1709 2042 1764 Meus
2093 1709 2510 1764 baccalaurens
2561 1710 2660 1763 ubi
2711 1715 2821 1774 est,
2856 1723 3024 1762 meus

1357 1796 1772 1854 baccalaurens
1805 1798 1902 1854 ubi
1924 1798 2053 1854 est?
2080 1821 2105 1846 η
2127 1799 2401 1870 Sequenti
2429 1814 2662 1870 quoque
2691 1797 3022 1862 die,eadem

1359 1884 1478 1942 fere
1510 1885 1674 1954 hora,
1699 1887 2010 1958 aufugiens
2042 1887 2181 1942 abiit
2217 1888 2422 1941 exinde
2455 1887 2691 1958 quidam
2728 1887 2903 1940 frater
2925 1887 3021 1955 ju-

1355 1975 1541 2043 venis,
1567 1979 1760 2031 mente
1790 1975 2150 2042 levissimus,
2171 1976 2570 2030 Theudoricus
2600 1976 2854 2040 nomine,
2882 1975 3021 2043 reje-

1358 2065 1568 2136 ctoque
1589 2062 1818 2128 habitu,
1833 2079 1936 2137 per
1953 2063 2185 2136 aliquod
2211 2064 2488 2137 temporis
2509 2064 2761 2135 spatium
2788 2063 3017 2118 szecula.

1358 2151 1501 2208 riter
1525 2151 1687 2208 vixit.
1719 2154 1827 2220 Qui
1856 2154 2254 2226 postmodum,
2304 2154 2473 2208 corde
2501 2158 2908 2224 compunctus,
2943 2153 3012 2205 ad

1354 2241 1718 2317 propositum
1749 2243 1899 2298 sacri
1933 2243 2153 2297 ordinis
2178 2243 2364 2297 rediit.
2387 2243 2583 2297 Tertio
2605 2259 2757 2312 quoq
2770 2258 2858 2306 ue,
2879 2257 3012 2294 cum

1353 2331 1504 2406 apud
1535 2331 1868 2387 emnobium
1899 2331 2086 2387 beate
2135 2348 2485 2404 semperque
2519 2332 2764 2402 virginis
2798 2329 3014 2398 Maria),

1350 2425 1731 2492 cognomento
1761 2421 2172 2488 Meteredensc,
2197 2423 2550 2487 demorarer,
2584 2439 2698 2474 una
2729 2420 3013 2483 noctium,

1349 2507 1488 2564 dum
1521 2509 1881 2566 matutinum
1915 2510 2252 2582 pulsaretur
2283 2510 2541 2581 signum,
2576 2515 2632 2563 et
2666 2525 2794 2578 ego,
2817 2508 3013 2561 labore

1349 2598 1602 2670 quodam
1631 2598 1849 2666 fessus,
1875 2616 2013 2665 non,
2039 2603 2104 2652 ut
2130 2599 2472 2667 debueram,
2498 2615 2630 2652 mox
2655 2603 2716 2651 ut
2749 2597 3012 2650 auditum

1352 2687 1542 2742 fuerat
1583 2686 2069 2755 exsurrexissem,
2106 2703 2454 2757 mecumque
2487 2685 2667 2757 aliqui
2703 2684 3012 2739 remansis-

1355 2778 1506 2842 sent,
1540 2789 1689 2846 qnos
1715 2774 1983 2830 videlicet
2015 2792 2192 2846 prava
2223 2775 2583 2828 consuetudo
2619 2774 3012 2834 illexerat,em-

1355 2862 1497 2918 teris
1525 2861 1598 2918 ad
1620 2861 1922 2917 ecclesiam
1949 2862 2433 2916 concurrentibus
2460 2880 2471 2928 ;
2496 2861 2796 2930 egrediens
2822 2867 3012 2913 autem

1358 2956 1493 3023 post
1524 2951 1771 3007 fratrum
1793 2951 2039 3023 vestigia
2061 2951 2308 3006 anhelus
2332 2951 2589 3004 ascendit
2612 2952 2854 3020 gradum
2880 2967 3016 3020 prm-

1365 3039 1638 3112 signatus
1669 3041 1916 3118 damon,
1941 3039 2011 3096 ad
2035 3041 2275 3095 dorsum
2306 3040 2576 3094 manilius
2600 3039 2873 3104 reductis,
2902 3039 3012 3092 hae-

1363 3145 1620 3205 rensque
1650 3130 1852 3202 parieti
1888 3129 1977 3186 bis
2009 3134 2212 3202 terque
2247 3129 2538 3201 repetebat
2568 3128 2768 3182 dicens
2795 3143 2806 3181 :
2841 3151 2866 3174 α
2899 3127 3015 3197 ligo

1363 3233 1520 3287 sum,
1555 3235 1660 3292 ego
1689 3233 1843 3286 sum,
1877 3219 1978 3291 qui
2029 3223 2120 3274 sto
2151 3234 2285 3273 cum
2319 3218 2435 3271 illis
2479 3216 2577 3288 qui
2629 3221 2949 3270 remanent.
2989 3239 3014 3264 η

1353 3309 1485 3373 Qua
1512 3325 1648 3364 voce
1676 3309 1918 3377 excitus,
1948 3311 2133 3381 caput
2163 3307 2419 3371 elevans,
2450 3306 2564 3360 vidi
2599 3320 3016 3376 recognoscens

3134 735 3385 784 a-siuaus
3417 748 3616 786 vocare
3671 733 4007 804 quempiam
4039 749 4069 787 e
4103 730 4226 785 suis
4267 732 4340 786 ad
4381 731 4791 788 testimonium

3133 815 3277 872 tanti
3307 823 3593 873 ostentus.
3625 824 3766 875 Dum
3795 825 3987 875 autem
4014 820 4186 892 cmpit
4212 819 4466 876 clamare
4499 823 4560 875 ut
4589 837 4796 877 occur-

3136 914 3378 974 reretur,
3444 910 3790 963 rarescendo
3849 911 4119 981 protinus
4178 909 4616 981 disparuerunt.
4669 908 4801 982 Ipse

3136 1014 3368 1067 quoque
3394 1003 3555 1052 tanto
3580 998 3760 1051 animi
3790 1003 4004 1052 terrore
4027 997 4334 1071 perculsus
4374 999 4508 1069 [est]
4547 1001 4614 1053 ut
4649 998 4743 1053 vix
4769 1015 4804 1052 a

3135 1085 3278 1157 lacr)
3297 1086 3405 1139 mis
3427 1103 3486 1140 se
3507 1087 3807 1142 continere
3827 1090 4054 1158 posset;
4074 1086 4283 1144 dehinc
4303 1086 4474 1160 coepit
4493 1086 4804 1155 inﬁrmari,

3134 1176 3453 1245 eodemque
3476 1191 3648 1240 anno,
3667 1181 3730 1230 ut
3752 1177 3969 1248 optime
3987 1175 4682 1241 vixerat,obiit.Portento
4704 1176 4805 1230 de-

3135 1266 3310 1335 nique.
3330 1262 3665 1320 subtractus
3685 1266 3836 1335 quod
3863 1261 4122 1330 vidit,illi
4145 1264 4243 1338 qui
4265 1277 4601 1337 persensere
4619 1269 4803 1320 testes

3137 1355 3389 1408 fuerunt.
3424 1353 3568 1409 Nam
3628 1354 3892 1426 sequenti
3947 1371 4100 1409 anno
4147 1349 4305 1409 illius
4353 1355 4510 1423 regis
4557 1354 4799 1410 Roberti

3137 1443 3440 1500 Henricus.
3472 1441 3568 1513 qui
3604 1460 3664 1515 pc
3681 1450 3732 1497 st
3768 1444 3930 1497 illum
3957 1442 4238 1514 regnavit,
4261 1443 4328 1496 ad
4354 1442 4504 1497 idem
4531 1447 4796 1498 castrum

3136 1531 3220 1584 ira
3254 1538 3551 1602 permotus
3585 1533 3822 1586 veniens
3863 1549 3994 1587 cum
4043 1531 4260 1602 ingenti
4293 1532 4572 1601 exercitu,
4605 1532 4799 1586 multa

3136 1619 3349 1674 ibidem
3388 1620 3696 1675 hominum
3727 1619 3914 1674 ca‘des
3965 1621 4040 1675 ab
4092 1623 4344 1691 utraque
4371 1625 4530 1693 parte
4562 1625 4800 1692 patrata

3134 1715 3240 1763 est.
3268 1709 3345 1764 De
3379 1709 3486 1763 hoc
3525 1711 3779 1781 profecto
3811 1715 4040 1766 constat
4070 1709 4350 1781 quoniam
4382 1725 4450 1764 ea
4478 1725 4608 1780 qua
4639 1709 4800 1763 vide-

3137 1804 3244 1863 rat,
3269 1804 3324 1853 et
3359 1799 3465 1852 sibi
3507 1799 3802 1870 prospexit
3835 1803 3886 1852 et
3922 1797 4052 1852 aliis
4085 1796 4237 1851 (licet
4270 1796 4805 1863 dissimiliter‘,mi-

3135 1888 3292 1941 rifice
3328 1892 3519 1940 tamen
3556 1888 3709 1958 apud
3745 1887 4214 1942 Autissiodorum
4249 1885 4305 1940 in
4361 1883 4606 1941 ecclesia
4646 1886 4804 1941 beati

3133 1977 3404 2030 Germani
3431 1976 3746 2044 contigisse
3771 1975 4168 2030 meminimus.
4196 1975 4328 2030 Erat
4351 1973 4570 2030 ibidem
4596 1975 4800 2042 Mter,

3129 2067 3424 2118 (ierardus
3455 2065 3709 2129 nomine,
3746 2065 3837 2119 cui
3871 2080 4000 2120 mos
4029 2068 4153 2120 erat
4185 2068 4316 2136 post
4341 2061 4640 2119 solemnes
4671 2077 4802 2118 ωι-

3125 2154 3406 2206 tutinnlcs
3427 2155 3481 2206 in
3503 2153 3753 2206 oratorio
3778 2153 4079 2208 remorari.
4101 2152 4246 2207 lluie
4270 2152 4516 2224 contigit
4538 2151 4802 2224 quodam

3126 2259 3294 2296 mane
3311 2249 3372 2296 ut
3395 2243 3542 2295 inter
3560 2239 3850 2295 orationes
3870 2242 4344 2296 obdormisceret.
4362 2238 4471 2307 Qui
4499 2243 4794 2313 protinus,

3125 2331 3279 2403 gravi
3312 2347 3518 2385 somno
3550 2332 3882 2402 depressus,
3915 2330 4070 2386 velut
4105 2331 4405 2386 exanimis
4437 2329 4676 2386 delatus
4707 2336 4796 2385 θα

3126 2421 3278 2474 foras
3312 2420 3647 2474 monasterii
3678 2437 3689 2486 ;
3724 2421 3823 2474 sed
3879 2419 4147 2490 qualiter.
4183 2425 4284 2475 aut
4337 2435 4370 2475 a
4423 2420 4646 2492 quibus
4676 2417 4793 2475 huc

3125 2525 3310 2579 usque,
3373 2511 3646 2563 nescitur.
3701 2509 3806 2574 Qui
3862 2509 4302 2581 expergefactus
4353 2510 4568 2583 reperit
4612 2525 4674 2564 se
4729 2509 4791 2564 in

3124 2598 3380 2652 claustro
3413 2603 3570 2651 extra
3606 2600 4026 2652 monasterium
4061 2599 4334 2667 ejectum,
4368 2597 4672 2654 admirans
4698 2595 4790 2652 illo

3123 2687 3436 2741 dicibiliter
3492 2687 3644 2758 quod
3699 2688 3913 2740 factum
3968 2687 4040 2740 de
4086 2701 4213 2741 sese
4261 2688 4554 2741 cernebat.
4587 2685 4785 2741 Simili

3123 2777 3338 2847 quippe
3373 2777 3544 2829 modo
3576 2775 3816 2844 contigit
3850 2775 4080 2829 cuidam
4123 2775 4457 2848 presbytero
4483 2775 4544 2829 in
4573 2775 4787 2830 eodem

3124 2865 3474 2919 monasterio
3510 2864 3893 2936 pernoctanti,
3914 2864 4051 2918 dum
4075 2865 4132 2918 in
4160 2864 4589 2919 subterioribus
4609 2877 4788 2935 cryp-

3124 2956 3221 3016 tis,
3239 2955 3332 3007 ubi
3356 2955 3539 3008 multa
3559 2960 3892 3008 sanctorum
3918 2951 4290 3025 requiescunt
4305 2954 4792 3026 corporambdm-

3127 3044 3314 3108 iniret,
3342 3045 3491 3096 circa
3521 3043 3655 3111 galli
3685 3049 3922 3098 cantum
3957 3044 4166 3114 reperit
4195 3049 4380 3098 semet
4411 3046 4790 3114 asportatum

3125 3138 3254 3204 post
3275 3132 3518 3186 chorum
3540 3127 3981 3187 monachorum.
4004 3132 4266 3203 Namque
4288 3132 4358 3186 de
4379 3133 4586 3186 eadem
4605 3127 4794 3186 eccis-

3124 3223 3211 3276 sia
3233 3226 3386 3276 certa
3412 3221 3609 3274 relatio
3634 3225 3862 3274 constat
3883 3219 4248 3291 quoniam,si
4271 3219 4585 3291 contigerit
4605 3227 4793 3276 noctu

3126 3311 3307 3365 lumin
3319 3327 3410 3363 are
3425 3327 3487 3363 ex
3497 3309 3710 3376 stingui
3723 3325 3968 3381 ,quousq
3980 3325 4049 3362 ue
4063 3309 4794 3372 reaccendatur,custodel

1351 3407 1530 3469 quem
1553 3397 1652 3453 bis
1680 3397 1908 3454 dudum
1929 3398 2054 3469 jam
2085 3397 2366 3452 videram.
2391 3395 2525 3450 Post
2555 3394 2708 3448 diem
2743 3411 2875 3449 vero
2904 3399 3012 3448 ter-
3043 3383 3085 3451 C
3122 3400 3384 3470 ejusdem
3416 3398 3670 3453 ecclesia:
3703 3398 3921 3452 nullam
3953 3399 4208 3470 quietem
4255 3407 4426 3470 posse
4466 3400 4789 3470 consequi.

1349 3485 1530 3553 tium,
1558 3501 1716 3541 unus
1744 3501 1814 3540 ex
1843 3485 1966 3540 illis
1997 3484 2278 3540 fratribus
2308 3485 2431 3556 qui,
2455 3488 2518 3539 ut
2549 3483 2826 3547 diximus,
2853 3482 3010 3537 elan-

1353 3571 1486 3630 cule
1516 3572 1776 3628 cubitare
1805 3573 1963 3628 soliti
1997 3573 2246 3643 fuerant,
2265 3573 2582 3644 procaciter
2603 3587 2636 3626 a
2660 3571 3012 3626 monasterio

1353 3661 1910 3737 egressus,pra3fato
1939 3662 2202 3716 daemone
2225 3662 2558 3733 instigante,
2585 3679 2684 3716 sex
2707 3661 2831 3715 dies
2853 3663 3011 3715 extra

1353 3748 1784 3804 monasterium
1817 3765 1949 3804 cum
1983 3749 2358 3806 saecularibus
2381 3747 2744 3806 tumultuose
2773 3749 3008 3803 mansit.

1352 3835 1621 3910 Septima
1648 3839 1843 3894 tamen
1895 3839 2007 3907 die,
2045 3845 2346 3911 correptus
2397 3838 2693 3911 recipitur.
2729 3837 3007 3904 Profecto,

1351 3929 1420 3982 ut
1450 3925 1656 3984 beatus
1685 3926 2000 4000 Gregorius
2029 3932 2296 3996 testatur,
2325 3929 2679 4000 quibusdam
2715 3927 2808 3981 hic
2841 3944 3011 3998 appa-

1347 4017 1480 4072 rent
1501 4014 1572 4072 ad
1589 4033 1766 4072 suum
1791 4017 2234 4084 detrimentum,
2250 4018 2550 4090 aliquibus
2569 4033 2700 4071 vero
2719 4017 2788 4072 ad
2812 4033 3009 4072 emcn-

1348 4103 1604 4161 dationis
1645 4104 2135 4163 emolumentum.
2185 4107 2349 4171 Quod
2401 4105 2544 4162 mihi
2593 4107 2890 4179 contingat
2937 4107 3006 4160 ad

1345 4189 1595 4270 salutem
1613 4195 1763 4251 arari
1786 4213 1852 4252 ac
1869 4197 2174 4269 provenire
2197 4201 2332 4268 opto
2349 4211 2454 4268 per
2469 4195 2780 4251 Dominum
2803 4196 3006 4251 Jesum

1343 4280 1792 4354 Redemptorem
1827 4287 2117 4340 nostrum.
2174 4284 2320 4340 Illud
2369 4301 2575 4358 nempe
2604 4285 2883 4340 attentius
2913 4289 3007 4339 est

1343 4371 1637 4427 memoria:
1667 4374 2199 4430 commendandum
2231 4375 2530 4447 quoniam,
2553 4376 2694 4430 dum
2718 4374 3007 4429 manifes-

1343 4455 1575 4516 tissima
1588 4461 1854 4535 prodigia
1868 4463 1924 4517 in
1941 4480 2182 4535 corpore
2199 4464 2266 4519 ad
2276 4464 2386 4519 huc
2405 4463 2885 4526 constitutis,sive
2900 4478 3004 4535 per

1340 4547 1550 4615 bonos,
1583 4565 1683 4607 seu
1720 4568 1820 4623 per
1851 4552 2121 4608 sinistros
2165 4553 2409 4625 spiritus
2457 4556 2850 4618 ostantentur,
2883 4567 2998 4608 non

1343 4634 1476 4692 illos
1494 4636 1720 4694 diutius
1743 4639 1800 4694 in
1821 4639 1934 4695 hac
1951 4655 2125 4696 carne
2140 4640 2395 4696 victuros
2417 4639 2637 4710 quibus
2658 4639 2997 4709 hujusmodi

3193 3489 3471 3544 Praeterea
3503 3487 3610 3541 fuit
3638 3487 3879 3558 quidam
3933 3487 4108 3542 frater
4153 3486 4254 3558 qui
4302 3487 4517 3542 solitus
4542 3492 4678 3542 erat
4709 3489 4790 3542 ad

3121 3578 3301 3632 altare
3333 3583 3545 3632 sanctm
3578 3575 3791 3634 Mariae.
3817 3577 3970 3648 quod
4001 3576 4492 3632 excellentissimo
4524 3581 4790 3645 constat,

3121 3668 3454 3738 frequenter
3483 3682 3667 3732 orare,
3702 3681 3765 3719 ac
3815 3667 4069 3738 gemitus
4100 3671 4156 3721 et
4187 3665 4666 3740 compunctionis
4699 3665 4796 3723 lc-

3118 3772 3347 3828 crymas
3380 3756 3640 3810 fundere.
3685 3754 3874 3809 Unum
3929 3755 4106 3825 igitur
4151 3755 4202 3810 ei
4247 3758 4394 3818 erat,
4427 3755 4583 3826 quod
4631 3767 4796 3828 pera.

3118 3845 3408 3899 universis
3441 3843 3670 3904 accidit.
3717 3842 3873 3897 inter
3913 3847 4145 3897 oratum
4180 3843 4514 3914 frequenter
4543 3855 4794 3916 spuere,

3117 3949 3180 3988 ac
3205 3933 3277 3987 de
3301 3932 3494 3987 lumbe
3519 3931 3757 3986 salivam
3782 3933 4069 3986 emittere.
4087 3929 4344 4002 Contigit
4362 3945 4498 3986 vero
4512 3931 4800 4004 ntiqua-

3115 4023 3188 4076 do
3208 4027 3270 4077 ut
3288 4037 3493 4076 somno
3512 4037 3828 4093 Oppressus
3843 4020 4222 4075 obdormiret.
4238 4021 4519 4092 Apparuit
4537 4020 4588 4075 ei
4603 4025 4797 4077 statis

3108 4113 3275 4181 juxta
3301 4109 3480 4166 altare
3502 4111 3743 4182 quidam
3772 4109 4037 4164 candidis
4057 4109 4424 4164 indumentis
4447 4110 4796 4165 circumda-

3113 4207 3229 4266 tus,
3256 4201 3565 4272 praeferens
3591 4200 3645 4252 in
3672 4199 3947 4253 manibus
3971 4211 4232 4271 pannum
4255 4198 4792 4266 candidissimum,

3114 4295 3286 4360 atque
3309 4289 3366 4342 in
3393 4287 3732 4358 hujusmodi
3756 4289 4098 4359 erumpebat
4117 4287 4330 4344 verba:
4361 4309 4390 4337 α
4411 4283 4528 4342 Cur
4544 4297 4667 4348 me.
4687 4289 4798 4343 in-

3112 4377 3539 4450 quiens,sputis
3563 4377 3816 4448 propriis
3838 4377 4197 4432 verberando
4221 4375 4404 4431 iilinis
4421 4375 4616 4432 “iam
4645 4389 4792 4450 ego,

3110 4472 3172 4522 ut
3195 4467 3406 4532 cernis,
3437 4465 3694 4536 suscipio
3729 4481 3946 4521 munus
3972 4467 4207 4522 tuamm
4237 4466 4798 4530 «alumnandam-

3109 4573 3242 4611 rens
3267 4556 3406 4609 illud
3433 4555 3500 4608 ad
3517 4560 3895 4626 conspectum
3915 4553 4450 4609 misericm'dissimi
4471 4553 4729 4610 ludit-is.
4753 4575 4794 4602 v-

3105 4646 3226 4708 Qua
3254 4645 3475 4699 visione
3497 4649 3800 4715 correptus
3827 4644 4001 4699 frater
4023 4641 4138 4708 ille,
4164 4648 4218 4698 et
4241 4661 4367 4699 sese
4387 4641 4798 4710 continuit,et

1337 4723 1532 4820 videre
1549 4727 1855 4800 contigerit
1879 4729 2110 4800 (certum
2129 4729 2459 4798 est).iiujus
2475 4743 2706 4798 quoque
2729 4729 2997 4784 assertio-
3029 4754 3078 4820 Β
3107 4738 3344 4790 (ξενίαι-οε
3377 4739 3436 4787 ut
3469 4751 3550 4800 se,
3585 4732 3641 4787 in
3678 4737 3964 4803 quantum
3998 4732 4282 4799 valerent,
4309 4733 4373 4788 in
4401 4732 4593 4788 sacris
4625 4731 4796 4788 locis

1339 4811 1431 4870 nis
1452 4815 1849 4888 eXperimenta
1867 4816 2057 4872 multa
2073 4832 2200 4872 com
2210 4817 2327 4887 peri
2338 4831 2492 4880 mus,
2510 4832 2579 4869 ex
2593 4816 2808 4886 quibus
2825 4818 3000 4874 etiam

1338 4903 1626 4979 nonnulla
1643 4905 1941 4961 memoriae
1976 4903 2376 4960 commendari
2410 4901 2648 4974 placuit,
2668 4909 2750 4971 ut,
2771 4907 2998 4976 quoties

1336 4992 1657 5065 evenerint,
1675 4992 1966 5050 cautelam
1991 4992 2249 5048 inferant
2270 4992 2464 5063 potius
2493 5009 2669 5065 quam
2707 4997 2996 5066 deceptio-

1337 5095 1491 5136 nem.

1403 5152 1572 5246 Apud
1591 5174 1862 5226 castrum
1881 5169 2328 5225 Tamodorense
2349 5174 2470 5226 erat
2491 5170 2727 5242 quidam
2753 5175 2994 5246 presby-

1333 5261 1424 5314 ter
1463 5259 1740 5330 rei-igiose
1785 5259 2028 5330 degens,
2078 5257 2389 5314 Fretterius
2438 5261 2690 5326 nomine,
2731 5266 2992 5334 tempore

1330 5363 1448 5418 quo
1470 5347 1667 5401 Bruno
1689 5345 2017 5418 Lingonum
2041 5346 2418 5418 praesulatum
2443 5350 2692 5405 tenebat.
2709 5349 2811 5407 Hic
2831 5369 2987 5422 vero,

1329 5447 1450 5490 una
1479 5433 1716 5489 dierum
1747 5433 2054 5490 Dominica
2075 5437 2200 5508 jam
2231 5443 2688 5510 vesperascente,
2712 5457 2846 5496 cum
2878 5458 2990 5496 cu:-

1333 5527 1592 5577 naturus
1621 5527 1794 5589 esset,
1823 5523 2000 5580 exivit
2051 5524 2351 5597 paululum
2385 5545 2446 5583 se
2475 5528 2766 5584 relevandi
2801 5531 2992 5603 gratia

1325 5609 1400 5665 ad
1425 5609 1719 5667 fenestras
1751 5613 1964 5669 domus
1986 5630 2126 5681 suae,
2151 5615 2626 5690 prospiciensque
2658 5619 2802 5673 vidit
2833 5637 2867 5674 a
2897 5637 2988 5676 se-

1326 5697 1702 5771 ptentrionali
1751 5705 1917 5776 parte
1964 5704 2158 5776 egredi
2209 5705 2362 5760 acies
2411 5706 2699 5778 equitum,
2738 5707 2896 5764 velut
2927 5709 2985 5764 in

1323 5783 1953 5870 pretiumﬁnnumera:
1976 5791 2398 5863 muititudinis,
2417 5797 2725 5868 pergentes
2745 5797 2818 5852 ad
2842 5798 2990 5855 occi-

3109 4823 3471 4880 continerent
3505 4822 3820 4876 admonere
3873 4822 4116 4876 curavit.
4145 4822 4218 4877 Et
4247 4821 4385 4878 licet
4413 4821 4525 4876 hoc
4558 4824 4796 4878 natura

3105 4912 3361 4966 dictante
3388 4910 3911 4982 proveniat,tamen
3935 4909 3991 4963 in
4017 4909 4311 4981 plerisque
4333 4905 4477 4964 locis
4500 4911 4794 4980 genuum

3104 4999 3456 5056 omnimodis
3471 4997 3864 5053 abstineturin
3880 4997 4211 5054 eeclesiaab
4224 4996 4623 5054 servationem
4635 5011 4802 5069 spn-

3104 5090 3199 5159 tis,
3221 5088 3329 5143 nisi
3357 5088 3500 5143 forte
3524 5086 3944 5157 suscipiantur,
3962 5086 4277 5142 deferenda
4295 5085 4504 5143 exinde
4523 5085 4796 5152 forcsjn

3101 5177 3457 5250 quibusdam
3493 5174 3902 5246 receptaculis;
3928 5178 3982 5229 et
4001 5176 4294 5248 pracipue
4325 5174 4479 5250 apud
4509 5174 4796 5244 Graecos,

3101 5267 3199 5323 ubi
3232 5281 3464 5338 semper
3491 5270 3660 5319 tenor
3687 5264 4123 5320 ecclesiasticus
4162 5261 4508 5320 cautissime
4549 5263 4794 5336 viguit.

3097 5355 3323 5411 Ciarere
3341 5355 3522 5426 igitur
3541 5353 3731 5407 locum
3755 5354 4098 5425 praedictum
4116 5353 4344 5409 diutine
4360 5352 4590 5409 meritis
4612 5351 4796 5409 beati

3095 5444 3366 5500 Germani
3403 5460 3467 5499 ac
3499 5446 3836 5498 cieterorum
3863 5447 4199 5498 sanctorum
4217 5441 4437 5498 ibidem
4459 5440 4804 5513 quiescens

3097 5535 3266 5602 tium,
3307 5532 3498 5605 signis
3549 5535 3606 5586 et
3655 5531 3958 5602 prodigiis,
3991 5533 4110 5586 tam
4143 5532 4200 5587 in
4231 5531 4404 5586 donis
4437 5530 4804 5589 sanitatum

3094 5640 3271 5696 quam
3315 5623 3372 5676 in
3407 5620 3698 5676 ultionum
3731 5619 4005 5674 vindictis
4039 5621 4108 5675 ad
4143 5637 4208 5674 se
4237 5617 4594 5694 pertinentia
4621 5617 4808 5675 diﬁ—

3096 5712 3404 5786 pientium,
3423 5709 3806 5765 manifestum
3831 5713 3938 5763 est.
3963 5709 4019 5763 Si
4047 5709 4148 5782 qui
4175 5725 4384 5782 nempe
4405 5709 4480 5763 de
4497 5707 4814 5780 primatis

3096 5802 3206 5858 bus
3237 5801 3435 5875 patriae
3467 5798 3717 5873 hujusce
3739 5796 3852 5854 loci
3876 5813 4074 5857 rerum
4095 5798 4393 5856 invasores
4415 5812 4522 5855 seu
4549 5796 4806 5862 diram.
