4938 6476
753 445 878 512 ese
1637 450 2206 531 HISTORIARIUM
2247 451 2456 516 LIBRI

2502 450 2875 529 QUINQUE.
2909 491 2986 504 --
3014 457 3164 526 LIB.
3210 461 3286 526 V.
4026 463 4150 530 690

757 588 955 659 ptores
986 582 1533 652 increverunt,Deus
1554 586 1761 643 exinde
1775 587 2196 660 ultoripsorum
2211 604 2393 659 genus
2424 587 2475 656 Α
2507 591 2662 647 libus
2707 591 2845 647 viris
2893 609 2959 648 ac
3009 592 3354 651 mulieribus
3406 593 3682 654 columna
3711 592 3857 654 lucis
3890 597 4076 672 ignea,
4111 617 4151 658 ει

760 690 893 731 cum
919 674 1043 729 suis
1070 673 1246 730 rebus
1277 673 1336 728 in
1368 676 1746 748 opprobrium
1771 680 1829 731 et
1860 691 2003 747 pene
2033 677 2104 730 ad
2148 675 2399 730 nihilum

757 763 1020 835 redigere
1049 762 1369 819 consuevit.
1403 764 1591 834 Hujus
1621 763 1776 819 enim
1817 765 2217 820 testimonium
2251 765 2401 819 inter

754 856 962 910 cratera
993 855 1204 908 nostra:
1230 852 1572 908 assertionis
1601 852 1835 909 evidens
1863 856 2047 911 exstat
2073 853 2214 907 ultio
2235 869 2401 925 gene-

752 942 834 998 ris
865 940 1177 1012 cujusdam
1210 939 1478 1008 Bavonis,
1501 957 1725 997 necnon
1758 947 1813 996 et
1837 941 1940 996 filii
1972 942 2099 1012 ejus
2127 940 2398 996 Aluvalo.

750 1028 1352 1101 nis,creberrimaque
1381 1027 1641 1086 confusio
1664 1028 1942 1086 Silliniaci
1961 1029 2397 1102 sacrilegissimi

753 1117 954 1174 castri.

821 1206 1106 1262 Praeterea
1133 1209 1364 1278 egomet
1392 1207 1686 1278 quondam
1710 1211 1949 1279 rogatus
1971 1223 2005 1262 a
2033 1208 2325 1270 conservis
2343 1212 2398 1262 et

746 1294 1034 1352 fratribus
1064 1293 1281 1352 nostris
1309 1295 1572 1365 eiusdem
1595 1293 1705 1350 loci
1727 1299 1791 1350 ut
1812 1295 2148 1351 altariorum
2172 1294 2392 1361 titulos,

659 1422 670 1430 .
748 1384 849 1458 qui
877 1400 918 1438 a
947 1381 1316 1440 scholasticis
1345 1383 1485 1440 viris
1513 1383 1819 1456 compositi
1853 1383 1993 1438 olim
2023 1383 2270 1451 fuerant,
2295 1384 2392 1438 sed

742 1475 1138 1539 vetustate,ut
1163 1486 1310 1542 pene
1341 1471 1876 1536 cuncta,fatiscentc
1903 1471 2142 1528 minime
2163 1487 2395 1544 compa-

742 1561 976 1626 rebant,
1013 1559 1409 1618 reformarem.
1443 1561 1627 1628 Quod,
1661 1568 1728 1616 ut
1772 1564 2109 1631 competens
2158 1564 2298 1624 erat,
2328 1559 2394 1613 li-

745 1648 912 1708 benti
939 1646 1159 1714 animo,
1192 1648 1486 1718 quomodo
1510 1647 1796 1714 valebam,
1821 1648 2139 1720 adimplere
2169 1648 2390 1704 studui.

739 1738 855 1794 Sed
888 1735 1241 1810 priusquam
1270 1736 1342 1790 ad
1374 1735 1591 1792 calcem
1621 1740 1876 1807 coeptum
1925 1751 2070 1807 opus
2123 1736 2396 1808 perduce-

739 1843 894 1892 rem,
941 1841 1011 1882 ex
1063 1823 1247 1880 nimia
1295 1824 1553 1896 corporis
1602 1824 1870 1888 statione,
1921 1829 1983 1879 ut
2032 1840 2180 1891 reor,
2231 1830 2394 1879 nocte

736 1913 1005 1988 quadam
1035 1912 1095 1968 in
1124 1915 1304 1968 strato
1327 1911 2230 1983 conquiniscens,itacontractus
2261 1929 2393 1967 sum
2424 1954 2471 2019 Β

735 2001 1034 2077 membris
1063 2000 1338 2060 omnibus
1369 1999 1601 2056 icterica
1630 1999 2004 2071 passioneﬁut
2030 2017 2142 2056 non
2176 2001 2396 2072 erigere

727 2092 970 2162 memet
989 2103 1179 2161 neque
1206 2086 1266 2142 in
1291 2085 1447 2144 latus
1468 2086 1625 2142 aliud
1658 2092 1878 2143 vertere
1912 2087 2032 2144 ullo
2065 2089 2234 2144 modo
2251 2088 2398 2154 vale-

733 2195 886 2238 rem.
927 2178 1066 2238 Post
1098 2176 1358 2234 triduum
1390 2193 1524 2232 vero
1555 2176 1816 2232 insecuta
1847 2181 2035 2248 nocte,
2068 2177 2268 2233 nimiis
2295 2178 2389 2231 de-

734 2271 902 2324 tento
915 2264 1211 2339 angustiis
1223 2264 1652 2336 apparuitmihi
1674 2265 1759 2318 vir
1779 2265 1988 2320 canitie
2011 2266 2391 2332 venerandus,

733 2356 839 2431 qui
875 2372 978 2410 me
1007 2354 1070 2410 in
1098 2353 1324 2412 somnis
1355 2369 1458 2424 per
1488 2353 1792 2410 brachium
1823 2352 2395 2426 erigens,aiebat:Ex-

731 2444 830 2518 ple
865 2441 1225 2516 quantocius
1257 2440 1412 2512 quod
1443 2439 1888 2512 coepisti;dolero
1906 2439 2058 2498 ultra
2071 2458 2140 2496 ne
2162 2458 2390 2512 paveas.

731 2531 904 2590 Illico
936 2546 1072 2586 vero
1123 2529 1582 2602 expergefactus,
1616 2533 1832 2584 memet
1877 2529 2176 2584 admirans
2223 2545 2392 2584 excu-

729 2622 1021 2692 tiensque
1052 2635 1086 2674 a
1113 2617 1345 2681 lectulo,
1377 2616 1606 2672 cucurri
1635 2617 1709 2672 ad
1739 2616 1920 2674 altare
1953 2616 2392 2673 victoriosorum

722 2714 1098 2781 martyrum,
1156 2705 1402 2764 Victoris
1457 2704 1743 2774 videlicet,
1805 2704 2271 2776 Apollinarisque
2328 2723 2394 2762 ac

725 2795 998 2868 Georgii,
1049 2795 1332 2866 quoniam
1389 2792 1622 2852 illorum
1683 2793 1999 2848 oratorium
2055 2794 2392 2866 contiguum

719 2889 855 2944 erat
887 2882 1102 2940 domui
1136 2882 1544 2950 infirmorum;
1580 2881 1777 2952 ibique
1827 2881 2230 2938 universorum
2277 2883 2391 2942 Deo

718 2972 1116 3048 humillimas
1145 2974 1340 3044 grates
1375 2968 1845 3034 referens,alaccr
1878 2969 2250 3026 matutinales
2294 2987 2393 3025 ex-

715 3064 881 3139 plevi
914 3062 1244 3120 solemnes.
1275 3060 1380 3116 Die
1417 3075 1549 3117 vero
1578 3058 1844 3116 insecuta
1873 3062 1990 3113 toto
2023 3059 2392 3132 integerrime

712 3153 935 3218 valens
950 3149 1562 3221 corpore,eorumdem
1577 3151 1898 3219 martyrum
1912 3147 2250 3204 nominibus
2267 3165 2392 3219 pro-

707 3240 871 3316 priis
885 3239 1120 3298 ibidem
1137 3235 1437 3308 composui
1453 3235 1989 3306 titulum.,Ecclesize
2007 3236 2255 3307 denique
2267 3252 2388 3292 ma-

701 3309 868 3402 iuris
879 3325 1288 3386 erantaltaria
1299 3340 1543 3382 numero
1562 3322 1765 3396 viginti
1785 3324 1920 3392 duo,
1947 3323 2182 3394 quibus,
2206 3328 2271 3379 ut
2289 3325 2385 3380 de-
2419 3309 2463 3384 (ἶ

704 3434 868 3488 cens
897 3419 1060 3481 erat,
1085 3413 1275 3472 titulis
1299 3411 1503 3485 syncpi
1522 3413 1642 3482 (sic)
1664 3413 1734 3466 de
1764 3413 2026 3468 versibus
2040 3412 2389 3468 hexametris

707 3501 1429 3576 crnvenienterdigestis,
1445 3503 1895 3570 sanctorumque
1905 3499 2391 3573 cpitaphiisrepa-

705 3590 1325 3663 ratis,religiosorum
1336 3589 1512 3644 etiam
1525 3588 1779 3642 virorum
1791 3589 2180 3658 quorumdam
2200 3593 2259 3644 tu
2269 3605 2391 3644 mu-

701 3682 1348 3751 lositidemperonare
1360 3675 1575 3732 curavi.
1590 3675 1750 3740 Quod
1763 3693 1903 3732 sane
1915 3677 2128 3732 mentis
2141 3677 2388 3732 homini-

696 3767 1197 3832 busadmodum
1210 3763 1493 3840 placabile
1513 3763 1642 3819 fuit.
1656 3763 1792 3830 Sed,
1816 3768 1880 3820 ut
1912 3768 2074 3835 pater
2096 3763 2260 3819 Odilo
2287 3782 2392 3819 saa-

693 3862 852 3933 pius
863 3857 1173 3931 plangere
1185 3853 1396 3909 solitus
1408 3852 1704 3918 fuerat,ita
1714 3851 2123 3923 contigitzlieul
2139 3851 2285 3923 proh
2299 3853 2395 3908 do-

691 3941 1446 4019 lprlinquiens,quoniam
1460 3956 1684 4028 naevum
1705 3939 2050 4006 invidentia,
2065 3939 2199 3994 licet
2212 3940 2267 3994 in
2282 3957 2394 3996 caa-

696 4037 856 4102 teris
879 4034 1220 4108 grassetur
1243 4025 1602 4098 hominibus,
1622 4025 1814 4084 tamen
1841 4026 1899 4081 in
1927 4026 2144 4084 finibus
2168 4027 2360 4098 aliquo
2377 4058 2396 4070 ι

695 4141 848 4182 eum
863 4116 1322 4190 mnachaliter
1333 4116 1520 4172 vivere
1532 4114 1814 4187 professis
1826 4113 2016 4171 cubile
2041 4113 2150 4169 sibi
2167 4113 2393 4170 locavit.

690 4213 744 4270 Ν
752 4229 862 4282 am
877 4207 1217 4282 quidam,a
1229 4202 1326 4259 sui
1345 4202 1680 4262 monasterii
1696 4201 1971 4260 fratribus
1985 4201 2398 4264 exosusl.disoe-

695 4300 860 4356 dens
876 4293 1158 4360 vanitati.
1169 4295 1420 4356 nostros.
1433 4292 1480 4348 A
1493 4290 1730 4361 quibus,
1747 4293 1810 4345 ut
1827 4305 1983 4344 mors
1996 4288 2228 4346 illorum
2244 4303 2396 4344 sem-

680 4405 808 4461 per
822 4383 1527 4453 fuigdevotesusceptus
1539 4382 1645 4434 est.
1662 4377 1717 4434 Is
1736 4382 1929 4434 autem
1947 4393 2160 4432 veneno
2173 4375 2397 4434 invidiae

687 4475 921 4536 infecit
957 4471 1259 4540 abbatem
1287 4483 1426 4524 cum
1462 4465 1758 4537 aliquibus
1787 4464 2110 4530 monachis,
2143 4463 2398 4536 compel-

685 4564 834 4632 lens
867 4561 937 4620 in
961 4562 1233 4634 tantum
1264 4551 1575 4610 adversum
1607 4570 1700 4610 me
1726 4551 2399 4624 odium,utprazscriptos

2507 681 2762 736 culmine
2797 682 3132 738 monasterii
3173 685 3245 738 ad
3295 683 3504 741 omium
3551 702 3738 756 usque
3787 689 4140 760 pertingens.

2508 769 2730 833 Quibus
2761 786 2966 842 nempe
2999 788 3113 826 non
3162 772 3407 826 dubium
3457 773 3569 828 fuit
3617 775 4144 834 misericordissimi

2507 857 2604 912 Dei
2638 863 2830 912 actum
2863 857 3288 930 largitione,qui
3322 861 3578 916 animam
3612 862 3807 918 fratris
3836 863 4006 921 istius
4028 882 4146 920 suae

2505 946 2768 1016 gloriosae
2819 947 3255 1004 resurrectionis
3293 949 3474 1006 voluit
3520 951 3860 1022 participem
3912 953 4052 1023 fore,
4081 971 4146 1010 ac

2507 1034 2832 1090 viventibus
2859 1035 3037 1092 vitam
3068 1037 3410 1092 innocentia:
3439 1039 3860 1097 demonstrare.

2577 1123 2760 1189 Quaeri
2795 1123 2939 1179 solet
2968 1141 3002 1179 a
3033 1125 3328 1182 nonnullis
3359 1143 3464 1182 cur
3490 1133 3748 1200 tempore
3792 1146 3950 1188 nove
3999 1130 4145 1204 legis

2503 1210 2591 1266 vel
2643 1213 2862 1284 gratiae,
2895 1230 3009 1269 non
3057 1214 3382 1283 manifeste,
3417 1217 3568 1272 sicut
3614 1218 3962 1290 antiquitus,
3995 1220 4148 1278 ﬁunt

2503 1299 2754 1356 visiones
2773 1302 3051 1357 divinitus
3069 1320 3131 1358 ac
3146 1320 3338 1358 rerum
3357 1305 3675 1362 miracula?
3693 1307 3916 1371 Quibus
3938 1310 4141 1380 paucis

2505 1390 2974 1460 respondendum
3008 1397 3095 1446 est
3123 1409 3190 1448 ex
3217 1393 3398 1463 ipsius
3428 1394 3632 1451 divinaa
3655 1395 3962 1467 Scriptura;
3985 1399 4142 1455 testi-

2504 1478 2738 1546 moniis,
2774 1479 2820 1533 si
2852 1482 3046 1534 tamen
3099 1497 3196 1534 cor
3225 1480 3456 1538 illorum
3507 1500 3688 1554 capax
3735 1484 3906 1540 fuerit
3951 1487 4138 1548 sancti

2503 1566 2757 1637 Spiritus
2789 1567 3268 1623 donorum.Libet
3297 1587 3528 1641 quoque
3547 1576 3612 1626 ut
3626 1573 4138 1640 Deuteronomium

2503 1654 2738 1710 evidens
2769 1655 3042 1726 primitus
3069 1656 3337 1712 exhibeat
3369 1658 3791 1714 testimonium.
3825 1660 4139 1731 Postquam

2501 1743 2657 1798 enim
2688 1743 2939 1814 populus
2965 1744 3332 1799 Hebramrum
3355 1747 4142 1818 pastusquadragintaanno-

2503 1848 2631 1886 rum
2664 1830 2894 1887 caeleste
2925 1833 3480 1897 manna,Jordanem
3513 1834 3822 1899 transiens,
3837 1835 3896 1890 in
3928 1840 4139 1896 terram

2501 1919 2660 1974 venit
2718 1920 3014 1985 Chanaan,
3049 1921 3296 1976 cessavit
3325 1922 3534 1980 omium
3579 1923 3776 1993 pluere
3822 1923 3990 1986 illud.
4039 1943 4142 1981 nec

2505 2008 2659 2064 ultra
2693 2008 2782 2064 usi
2813 2013 2950 2064 sunt
2979 2009 3080 2063 tali
3112 2010 3242 2064 cibo
3275 2010 3380 2064 filii
3421 2010 3616 2068 Israel.
3651 2012 3812 2076 Quod
3862 2013 4040 2085 igitur
4082 2015 4140 2070 in

2504 2095 2614 2151 hoc
2645 2096 2793 2151 facto
2825 2096 2995 2153 nobis
3023 2095 3455 2168 innuit,quibus
3487 2115 3630 2170 pene
3652 2099 3848 2156 omnia
3874 2101 3934 2156 in
3957 2103 4142 2173 ﬁgura

2505 2183 2984 2255 contingunt,nisi
3014 2185 3442 2256 quod,transito
3472 2190 3669 2242 nostro
3695 2188 4032 2254 Jcrdane,id
4055 2195 4141 2246 est

2503 2272 2713 2328 Christi
2748 2273 3113 2343 baptismate,
3151 2290 3262 2327 non
3297 2273 3450 2329 ultra
3480 2275 3891 2346 praesagiorum
3915 2276 4137 2334 coalitus

2501 2360 2672 2432 signa
2702 2360 2914 2416 debent
2939 2361 3190 2431 inquiri?
3211 2362 3318 2416 Sed
3352 2363 3544 2432 potius
3573 2363 3741 2420 nobis
3772 2364 3941 2420 debet
3969 2365 4137 2435 panis

2501 2449 2667 2504 vivus
2698 2448 2794 2504 ille
2824 2449 3111 2514 sufficere,
3131 2467 3245 2520 quo
3276 2450 3374 2521 qui
3405 2454 3684 2515 vescetur,
3708 2452 3855 2506 vivet
3885 2452 3942 2506 in
3973 2457 4135 2511 reter-

2505 2554 2644 2592 num
2679 2555 3056 2609 possessurus
3085 2543 3297 2593 terram
3328 2539 3894 2598 viventium.Rursus
3915 2557 4048 2600 vero
4070 2557 4137 2596 ex

2504 2631 2785 2696 praecepto
2805 2625 3032 2682 Domini
3055 2625 3434 2682 constitutum
3468 2633 3556 2682 est
3579 2644 3614 2684 a
3644 2628 3837 2699 Moyse
3871 2633 3955 2694 ut,
3981 2646 4135 2699 qum-

2503 2731 2901 2786 cumquevasa
2920 2731 2987 2768 ex
3015 2714 3208 2786 praeda
3237 2714 3496 2771 hostium
3521 2715 3602 2770 illi
3636 2715 3850 2786 populo
3877 2717 4137 2786 perveni-

2504 2801 3026 2874 rent,lignea,aqua
3057 2803 3580 2874 expiarentur,quae
3603 2803 4137 2874 mnemigneSimili

2501 2907 2732 2961 quoque
2772 2891 2942 2946 modo
2994 2889 3314 2962 figuraliter
3360 2890 3630 2962 exprimit
3677 2891 3956 2970 quoniam
4005 2908 4142 2948 vasa

2501 2979 2676 3034 iidem
2706 2977 2972 3034 homines
2996 2979 3094 3049 qui
3131 2995 3198 3034 ex
3229 2977 3405 3048 praela
3433 2978 3619 3037 hostis
3659 2978 3888 3049 antiqui
3917 2979 3976 3036 in
4009 2995 4137 3049 par.

2501 3070 2619 3120 tem
2652 3071 2953 3120 cesserunt
2979 3065 3312 3129 Salvatoris,
3345 3081 3500 3135 aqua
3545 3065 3915 3137 baptismatis
3963 3071 4139 3137 atque

2499 3154 2632 3226 igne
2663 3153 2926 3224 martyrii
2956 3153 3302 3224 purificandi
3331 3157 3546 3213 essent.
3570 3153 3696 3215 Non
3729 3153 3926 3215 minus
3955 3153 4130 3212 etiam

2497 3242 2730 3313 virgeus
2777 3240 2872 3296 ille
2923 3257 3182 3312 serpens,
3219 3241 3316 3311 qui
3368 3239 3549 3312 Moysi
3587 3255 3854 3310 pavorem
3884 3239 4135 3300 incussit

2501 3330 2582 3384 ita
2613 3334 2674 3386 ut
2699 3329 2922 3400 fugeret
2951 3329 3138 3397 illum,
3157 3333 3212 3384 et
3240 3345 3444 3386 rursus
3473 3329 3764 3400 accipians
3792 3327 3959 3384 illum
3989 3344 4132 3386 cauo

2496 3417 2570 3472 da
2600 3420 2770 3472 tenus
2819 3415 3054 3471 effectus
3084 3421 3172 3471 est
3199 3415 3378 3487 virga,
3393 3415 3579 3486 typice
3607 3416 3666 3474 in
3688 3414 3798 3472 hoc
3826 3415 3974 3474 facto
4001 3429 4126 3484 pel“

2498 3504 2835 3576 spiciendus
2872 3508 2982 3558 est.
3015 3503 3290 3574 Signatur
3336 3519 3438 3574 per
3480 3506 3810 3574 serpentem
3857 3518 3926 3562 ex
3971 3500 4132 3573 virga

2498 3593 2718 3650 factum
2748 3591 2991 3648 Deitatis
3022 3593 3278 3662 potentia
3305 3609 3373 3646 ex
3404 3595 3612 3648 sancte:
3659 3589 3851 3649 Mariae
3889 3587 4132 3661 virginis

2501 3696 2672 3734 carne
2706 3679 3055 3750 indutazper
3087 3679 3321 3750 Moysen
3349 3679 3529 3749 enim,
3551 3678 3831 3738 Judaicus
3860 3675 4131 3749 populus,

2500 3769 2602 3839 qui
2630 3783 2874 3824 cernens
2903 3767 3216 3822 Dominum
3247 3768 3449 3824 Jesum
3480 3782 3680 3824 verum
3711 3767 3897 3826 Deum
3944 3769 4002 3820 et
4032 3765 4134 3826 ho-

2502 3856 2745 3924 minem,
2769 3855 2921 3926 fugit
2949 3856 3022 3912 ab
3065 3871 3130 3910 eo
3164 3855 3500 3910 iucredulus
3526 3872 3540 3922 ;
3571 3855 3672 3917 sed
3703 3853 3940 3925 recipiet
3968 3852 4137 3914 illum

2502 3942 2656 3999 circa
2704 3944 2875 3999 finem
2925 3942 3144 4009 saeculi,
3173 3943 3328 4013 quod
3375 3941 3721 4012 exprimitur
3763 3957 3865 4010 per
3889 3939 4140 4006 caudam

2503 4029 2918 4101 serpentis.llle
2946 4047 3177 4101 quoque
3208 4028 3494 4084 transitus
3523 4027 3702 4092 maris
3734 4027 4000 4094 Rubridn
4025 4041 4142 4096 quo

2505 4118 2646 4176 illud
2680 4134 2838 4174 mare
2867 4117 3118 4172 divisum
3151 4117 3235 4172 vel
3265 4115 3617 4172 exsiccatum
3649 4114 4144 4192 est;deindelgen-

2505 4211 2591 4262 tes
2621 4222 2688 4260 ex
2719 4210 3002 4276 prmoepto
3025 4204 3470 4277 Dominigladio
3497 4203 4144 4274 exstirpataevidentar

2506 4295 2739 4366 signant
2767 4309 3009 4364 regnum
3045 4292 3367 4348 Israeliticae
3394 4290 3582 4363 gentis
3597 4289 4144 4360 temporalitcrsub-

2506 4382 2720 4438 sistens
2751 4381 3157 4436 marcescendo
3189 4378 3499 4434 annullari.
3530 4377 3592 4432 In
3611 4376 3778 4431 initio
3801 4377 4015 4449 quippe
4041 4396 4142 4441 no-

2506 4487 2586 4524 vae
2617 4467 2838 4542 gratiae,
2868 4468 2956 4523 vel
2989 4468 3150 4540 regni
3182 4466 3412 4532 Christi,
3445 4470 3608 4522 stans
3655 4463 3941 4528 Dominus
3967 4466 4142 4529 Josus

2509 4563 2684 4629 atque
2715 4556 3026 4614 ambulans
3053 4571 3226 4628 super
3258 4555 3470 4610 fluetus
3502 4552 3774 4619 maris,ac
3789 4552 4141 4624 Petroquem

689 4651 1096 4710 altariorum
1128 4637 1728 4718 titulosdestruerent
1760 4640 2084 4696 universos.
2117 4640 2227 4696 Sed
2267 4656 2396 4711 pro—
2426 4663 2474 4732 Β
2506 4644 2770 4702 Ecclesia:
2803 4663 2917 4698 suis
2952 4639 4140 4715 praefecerat,secumambulareconcessit:

686 4742 893 4808 tinus,
915 4730 1634 4802 Dominc.ultcre,adfuit
1664 4728 1821 4784 illius
1850 4727 2058 4784 vindex
2087 4728 2186 4799 qui
2209 4727 2400 4782 incen-

681 4834 787 4886 tor
831 4824 1211 4889 exstiterat,
1238 4819 1501 4876 fraternae
1543 4816 1870 4872 discordiae.
1914 4814 2195 4871 Multatus
2241 4815 2396 4870 enim

684 4899 859 4974 illico
900 4906 1263 4968 damnabili
1294 4905 1594 4962 oculorum
1625 4904 1897 4975 caecitate,
1917 4903 2212 4960 offendens
2242 4903 2398 4976 pedi-

677 5007 808 5070 bus
862 4992 1440 5068 irrecuperabiliter
1491 5009 1678 5064 usque
1725 4990 1785 5047 in
1838 4994 2013 5048 finem
2072 4990 2199 5046 vita:
2257 5008 2396 5046 suae.

671 5093 890 5165 cujus
927 5083 1223 5156 denique
1251 5081 1334 5138 rei
1362 5084 1605 5138 eventus
1636 5085 1754 5135 tam
1783 5079 1990 5134 vicinis
2021 5095 2198 5150 quam
2230 5078 2400 5152 longe

669 5180 918 5255 positis
958 5190 1106 5234 non
1139 5169 1462 5240 minimam,
1479 5167 1730 5243 praebuit
1754 5167 2224 5224 admirationem.
2245 5166 2402 5222 Con-

671 5253 830 5348 tigit
863 5265 1138 5348 ibidem
1169 5258 1296 5335 ipso
1324 5258 1384 5312 in
1417 5261 1677 5348 tempore
1722 5259 1786 5312 ut
1817 5253 1998 5348 aliqui
2042 5271 2073 5308 e
2123 5253 2403 5310 fratribus

673 5343 971 5416 sdbinde
1012 5347 1360 5420 migrarent
1390 5345 1461 5402 ab
1488 5344 1596 5400 hac
1640 5343 1790 5398 luce.
1821 5343 2075 5406 Quorum
2107 5359 2258 5396 unus
2311 5357 2408 5396 no-

673 5449 856 5508 mine
893 5433 1289 5500 \Valterius,
1319 5435 1725 5506 cognomento,
1761 5435 1827 5486 ut
1856 5434 1978 5486 erat
2008 5434 2254 5493 statura,
2288 5428 2404 5484 Pu-

679 5534 904 5602 sillus,
936 5543 1018 5584 ac
1071 5525 1309 5580 natura
1359 5516 1856 5590 simplicissimus,
1889 5514 2198 5586 incipiente
2237 5520 2404 5571 nocte

680 5619 904 5700 magni
945 5608 1229 5674 Sabbati
1265 5605 1723 5663 Resurrectionis
1770 5603 2104 5670 Dominicaz,
2135 5621 2253 5674 qua
2284 5602 2408 5674 ipse

677 5689 1218 5782 οωῇοΑΡΡειῘιιὶι
1242 5694 1398 5756 enim
1427 5694 1486 5749 in
1515 5694 1662 5752 hora
1689 5692 1782 5748 sui
1802 5691 1986 5748 exitus
2017 5690 2409 5747 innumerabi-

2509 4731 2683 4802 (quid)
2703 4729 2970 4786 fidelibus
2989 4729 3270 4786 universis
3293 4728 3574 4793 innuilur,
3589 4726 3700 4782 nisi
3722 4727 3874 4797 quod
3889 4727 4146 4788 subactis

2507 4819 2782 4890 gentibus
2811 4818 3118 4886 universis,
3139 4822 3196 4874 et
3233 4833 3344 4872 non
3385 4816 3649 4872 funditus
3669 4813 3912 4885 perditis
3932 4813 4022 4872 vel
4047 4831 4147 4871 ex.

2507 4905 2794 4977 stirpatis,
2827 4923 2895 4961 ex
2924 4907 3144 4962 eisdem
3178 4903 3511 4962 stabilietur
3533 4901 3743 4960 Christi
3773 4917 4017 4973 regnum
4048 4919 4151 4973 per

2510 4992 2720 5048 saecula
2750 4995 3231 5050 mansurum?Est
3258 4992 3412 5047 enim
3445 4992 3717 5062 frequens
3748 4990 4038 5054 attestatio
4068 4990 4152 5046 di-

2509 5079 2628 5136 vini
2661 5083 2969 5152 sermonis,
3003 5083 3160 5154 quod
3190 5081 3452 5138 videlicet
3484 5096 3650 5136 mare
3699 5079 3948 5151 ﬁguram
3985 5084 4154 5150 gerat

2509 5168 2817 5240 praesentis
2846 5170 3065 5226 saeculi.

2584 5256 2744 5326 Saepe
2773 5255 3119 5326 igitur,dum
3141 5252 3351 5328 aliquis
3381 5274 3505 5312 rem
3521 5255 3943 5328 permaximam
3965 5252 4154 5316 verbis

2516 5341 2808 5398 elucidare
2839 5345 3018 5416 cupit,
3053 5344 3107 5398 in
3143 5361 3268 5399 sese
3315 5344 3591 5402 deficiens
3620 5344 3852 5411 minuit,
3885 5346 3950 5397 ut
3997 5339 4154 5400 Scri-

2517 5435 2688 5502 ptura
2713 5430 2851 5486 dicit
2881 5450 2892 5486 :
2928 5435 3042 5504 Qui
3077 5440 3153 5486 est
3203 5441 3474 5489 scrutator
3525 5433 3840 5504 majtslats's,
3887 5429 4151 5500 opprimi-

2513 5527 2606 5574 tur
2632 5536 2665 5574 a
2695 5520 2894 5587 gloria.
2924 5521 3033 5575 Sed
3068 5537 3173 5575 cur
3197 5520 3308 5577 ista
3337 5521 3748 5592 praemisimus,
3782 5517 4029 5576 breviter
4057 5513 4149 5566 in-

2519 5606 2878 5662 timabimus.
2912 5609 3148 5664 Constat
3186 5607 3339 5662 enim
3393 5607 3730 5678 mysterium
3781 5599 4146 5660 Eucharistia:

2520 5693 2893 5768 paucissimis
2933 5695 3326 5768 perspicuum,
3353 5696 3494 5752 dum
3527 5695 3603 5750 sit
3630 5708 3774 5763 pene
3805 5683 4142 5752 mortalibus
