4938 6424
700 470 819 536 693

1586 474 2130 542 HISTORIARUM
2169 473 2379 539 LIBRI
2421 473 2792 551 QUINQUE.
2822 510 2900 524 —-
2940 477 3091 543 LIB.
3136 479 3216 545 ν.

3970 467 4092 555 691

696 604 876 664 cessit
897 603 959 663 in
978 620 1228 680 regnum
1260 606 1542 667 Henricus
1572 609 1728 666 filius
1759 609 1963 683 ipsius,
1988 610 2113 682 jam
2143 610 2216 666 ab
2245 626 2340 666 eo-
2368 610 2423 677 Α
2453 610 2967 686 Germania,longe
2995 612 3520 686 lateque,eumdem
3551 628 3743 686 regem
3763 609 4087 669 dominium

696 698 834 753 dem
875 700 1038 770 patre
1087 697 1443 754 constitutus
1492 715 1608 754 rex.
1658 698 1909 771 Contigit
1948 715 2080 755 vero
2129 698 2255 771 ipso
2283 698 2342 755 in

694 791 983 859 tempore,
1004 785 1331 859 inspirante
1359 787 1555 843 divina
1583 787 1789 861 gratia,
1824 788 2103 860 primitus
2130 788 2188 843 in
2221 806 2346 861 par-

692 874 859 932 tibus
888 874 1271 947 Aquitanicis,
1305 876 1515 932 deinde
1546 875 1827 948 paulatim
1859 893 1961 949 per
2004 877 2340 934 universum

694 963 1024 1020 Galliarum
1057 963 1434 1031 territorium,
1466 965 1679 1020 ﬁrmati
1713 970 1947 1037 pactum
1997 971 2230 1038 propter
2266 966 2370 1021 ti-.

693 1068 926 1109 morem
950 1052 1050 1108 Dei
1072 1052 1288 1125 pariter
1309 1057 1363 1109 et
1384 1069 1661 1109 amorem.
1677 1053 1891 1110 Taliter
1909 1058 1973 1110 ut
1996 1071 2164 1110 nemo
2198 1072 2346 1109 mor-

693 1140 910 1196 talium
944 1158 979 1197 a
1008 1141 1162 1196 ferite
1194 1145 1411 1214 quartae
1442 1158 1677 1213 vespere
1707 1158 1884 1214 usqae
1914 1143 1986 1198 ad
2027 1144 2343 1199 secundam

695 1230 908 1285 feriam
938 1228 1256 1301 incipiente
1285 1229 1434 1296 luce,
1453 1246 1601 1286 ausu
1635 1231 1941 1288 temerario
1972 1236 2346 1303 praesumeret

694 1317 1005 1390 quidpiam
1038 1317 1211 1374 alicui
1242 1317 1544 1375 hominum
1580 1336 1683 1391 per
1720 1318 1837 1375 vim
1886 1320 2133 1391 auferre,
2160 1336 2344 1391 neque

693 1406 941 1463 ultionis
971 1407 1288 1462 vindictam
1334 1424 1370 1462 a
1416 1422 1764 1479 quocunque
1810 1407 2047 1464 inimico
2094 1408 2339 1480 exigere,

696 1512 803 1551 nec
832 1495 1013 1552 etiam
1045 1512 1080 1550 a
1110 1494 1453 1566 fidejussore
1482 1496 1882 1551 vadimonium
1913 1498 2343 1562 sumere.Quod

694 1584 740 1641 si
786 1584 866 1641 ab
910 1583 1108 1655 aliquo
1137 1583 1264 1639 ﬁeri
1297 1584 1636 1657 contigisset
1665 1588 1866 1640 contra
1907 1585 2013 1640 hoc
2044 1586 2339 1641 decretum

690 1672 1023 1746 publicum,
1055 1675 1157 1727 aut
1186 1672 1257 1728 de
1286 1673 1403 1727 vita
1423 1679 1810 1745 componeret,
1845 1678 1945 1729 aut
1983 1692 2018 1729 a
2063 1674 2340 1730 Christia-

690 1778 904 1818 norum
957 1760 1248 1818 consortio
1294 1760 1574 1832 expulsus
1626 1762 1815 1834 patria
1860 1762 2191 1834 pelleretur.
2226 1763 2341 1819 Hoc

689 1851 938 1923 insuper
968 1849 1189 1923 placuit
1222 1850 1530 1916 universis,
1560 1852 1737 1908 veluti
1785 1850 1957 1923 vulgo
2010 1851 2242 1917 dicitur,
2276 1857 2342 1907 ut

2455 718 2629 773 super
2650 708 2832 757 semet
2870 719 3129 759 exercere
3160 707 3455 776 gratanter
3484 703 3845 775 expetebant.
3878 704 3944 759 Et
3971 721 4087 762 non

2454 790 2767 846 immerito.
2783 792 2917 846 Erat
2933 792 3087 847 enim
3112 792 3451 848 affabilitate
3472 792 3935 865 gratissimus,ac
3955 792 4093 849 libe-

2454 877 2679 935 ralitate
2702 880 3065 952 perspicuus,
3091 884 3263 951 atque
3286 879 3637 936 humilitatis
3662 880 3850 953 gratia
3886 881 4092 954 prendi:-

2453 968 2689 1023 tus.Nec
2702 968 3029 1040 cujuspiam
3049 969 3394 1040 (dominium)
3409 968 3753 1025 extollentize
3775 974 3921 1025 nutu
3934 973 4093 1026 nota-

2454 1055 2625 1109 batur
2646 1055 2937 1127 indeptus.
2956 1059 3142 1128 Atque
3164 1056 3375 1113 idcirco
3398 1057 3686 1113 universis
3716 1057 4093 1114 circumcirca

2453 1143 2733 1199 existebat
2762 1144 3050 1200 amabilis.
3086 1146 3213 1216 Ipso
3242 1146 3443 1201 itidem
3471 1163 3623 1202 anno
3653 1147 3927 1219 praedicta
3948 1163 4090 1219 gens

2455 1232 2860 1305 llungarorum
2878 1234 3004 1304 ejus
3025 1234 3099 1287 im
3113 1234 3268 1305 perio
3289 1234 3521 1290 rebellis
3544 1234 3972 1299 exstitit.Quam
3995 1234 4091 1292 ille

2451 1320 2741 1376 hostiliter
2797 1338 3125 1393 aggressus,
3162 1327 3423 1394 potenter
3464 1324 3693 1392 devicit,
3727 1323 3955 1396 sibique
3985 1324 4090 1380 tri-

2452 1410 2741 1465 butariam
2772 1411 3122 1481 subjugavit.
3143 1411 3541 1484 Tamen,proh
3573 1412 3789 1484 pudorl
3817 1427 4002 1477 unum
4027 1412 4097 1479 in

2451 1514 2518 1553 eo
2546 1502 2669 1553 erat
2699 1498 2945 1553 nimium
2978 1498 3447 1570 reprehensibile,
3481 1501 3635 1571 quod
3671 1499 4091 1555 incontinentia

2452 1587 2645 1642 carnis
2674 1586 2915 1641 luxurize
2948 1587 3359 1641 infamabatur.
3389 1587 3536 1643 lllud
3554 1589 3709 1643 enim
3726 1588 3931 1643 vitium
3955 1588 4086 1661 plus

2451 1676 2672 1731 ceeteris
2702 1675 2759 1729 in
2791 1691 2999 1746 genere
3029 1674 3287 1730 humano
3317 1691 3510 1729 rerum
3541 1674 3803 1729 ordinem
3835 1676 4049 1729 turbat.

2521 1763 2794 1835 Sequenti
2826 1763 3005 1835 igitur
3036 1780 3207 1829 anno,
3240 1764 3297 1817 id
3329 1767 3434 1829 est,
3468 1762 3911 1835 quadragesimo
3929 1767 4087 1818 sexto

2451 1858 2582 1925 post
2613 1852 3176 1917 millesimum,facta
3205 1857 3292 1908 est
3321 1869 3423 1923 per
3452 1852 3578 1908 loca
3605 1869 3817 1925 magna
3840 1851 3956 1906 vini
3983 1852 4089 1906 fer-

693 1942 902 2010 Treuga
930 1941 1155 1995 Domini
1182 1945 1483 1996 vocaretur.
1517 1940 1650 2004 Quaa
1675 1940 1940 1996 videlicet
1986 1958 2101 1995 non
2148 1940 2336 1996 solum
2366 1974 2414 2038 B
2448 1941 2629 1997 tilitas
2660 1946 2716 1998 et
2744 1940 3130 2013 leguminum.
3155 1941 3290 1996 Post
3321 1934 3441 1996 haec
3470 1957 3603 1996 vero
3633 1944 3791 1996 sexto
3821 1941 4086 1996 IdusNo-

688 2027 972 2084 humanis
1032 2026 1182 2083 fulta
1227 2028 1533 2100 praesidiis,
1566 2045 1769 2084 verum
1818 2029 1991 2085 etiam
2039 2027 2336 2085 multoties

688 2115 906 2172 divinis
937 2116 1257 2189 suffragata
1284 2117 1624 2173 terroribus.
1656 2118 1800 2173 Nam
1849 2117 2109 2191 plerique
2139 2117 2335 2173 vesani

689 2204 897 2261 audaci
922 2205 1251 2260 temeritate
1272 2206 1674 2277 praescriptum
1698 2211 1934 2279 pactum
1956 2222 2070 2261 non
2090 2206 2337 2261 timuere

686 2292 1045 2365 transgredi,
1062 2292 1122 2347 in
1138 2293 1354 2365 quibus
1376 2292 1639 2365 protinus
1669 2298 1770 2349 aut
1798 2294 1991 2349 divina
2005 2294 2211 2348 vindex
2228 2294 2332 2359 ira,

688 2398 786 2438 seu
819 2381 1129 2437 humanus
1159 2380 1391 2453 gladius
1422 2380 1577 2438 ultor
1605 2382 1841 2439 exstitit.
1865 2384 1936 2438 Et
1962 2382 2071 2437 hoc
2114 2382 2334 2453 passim

686 2475 807 2527 tam
837 2470 1181 2542 frequenter
1208 2470 1540 2542 contigit,ut
1570 2488 1685 2543 prae
1712 2472 1803 2527 sui
1826 2471 2200 2527 multitudine
2222 2472 2333 2527 sin-

685 2557 938 2632 gulatim
960 2574 1077 2613 non
1100 2562 1318 2630 queant
1337 2559 1683 2627 adnotari,et
1702 2559 1811 2614 hoc
1834 2560 1979 2614 satis
2002 2560 2334 2630 juste.Nam

689 2648 843 2703 sicut
871 2646 1003 2702 dies
1034 2646 1377 2702 Dominicus
1409 2652 1644 2720 propter
1671 2648 2033 2703 Dominicam
2056 2665 2339 2704 resurrec-

685 2735 909 2792 tionem
943 2734 1292 2791 venerabilis
1320 2735 1587 2804 habetur,
1611 2741 1669 2791 et
1699 2737 1945 2792 Octavus
1971 2738 2338 2808 cognomina-

687 2827 798 2890 tur,
835 2824 924 2879 ita
948 2824 1213 2895 quintus,
1249 2828 1447 2884 sextus
1476 2828 1534 2879 et
1587 2826 1891 2897 septimus,
1922 2827 1995 2881 ob
2024 2827 2335 2881 Dominicus

684 2929 866 2967 οωηω
900 2917 960 2967 et
987 2912 1253 2981 ejusdem
1282 2913 1572 2984 passionis
1604 2914 1998 2979 reverentiam,
2023 2915 2234 2970 debent
2263 2914 2336 2969 ab

684 3000 913 3073 iniquis
937 3000 1267 3056 actionibus
1289 3017 1417 3057 esse
1440 3001 1645 3057 feriati.
1664 3000 1913 3074 Contigit
1932 3002 2085 3057 enim
2104 3004 2334 3068 ut,dum

683 3105 853 3161 pene,
886 3087 1047 3145 sicut
1069 3090 1196 3159 jam
1222 3088 1498 3156 diximus,
1530 3107 1633 3162 per
1660 3094 1811 3147 totas
1839 3090 2052 3146 Gallias
2088 3091 2196 3146 hoc
2218 3095 2334 3147 sta-

682 3181 883 3233 tutum
941 3176 1187 3233 firmiter
1233 3178 1641 3247 custodiretur,
1674 3180 1953 3236 Neustrize
2001 3196 2143 3252 gens
2190 3179 2333 3236 illud

682 3266 990 3339 suscipere
1023 3269 1339 3323 recusaret.
1372 3268 1507 3323 Erat
1553 3268 1709 3323 enim
1758 3268 1937 3339 hujus
1986 3269 2067 3325 rei
2108 3268 2334 3325 occasio

2446 2030 2701 2086 vembris
2734 2029 2971 2096 mensis,
2992 2028 3132 2083 luna
3162 2029 3794 2100 quartadecimamulla
3824 2033 4088 2084 currente

2445 2122 2666 2191 epacta,
2700 2122 3075 2173 concurrente
3097 2118 3367 2189 septimo,
3386 2118 3535 2173 facta
3565 2122 3653 2173 est
3682 2116 3914 2189 eclipsis
3937 2116 4085 2171 lunze

2445 2207 2783 2263 hominibus
2812 2206 2976 2261 valde
3006 2206 3324 2262 tremenda.
3350 2206 3495 2261 Nam
3519 2210 3718 2262 octava
3738 2206 3882 2261 hora
3901 2204 4088 2261 noctis

2444 2295 2595 2351 inter
2624 2295 2803 2351 solem
2836 2299 2893 2351 et
2924 2294 3110 2366 ipsam
3142 2294 3363 2361 lunam,
3398 2294 3517 2350 sive
3562 2299 3858 2366 patratum
3908 2311 3943 2348 a
3971 2293 4084 2349 Deo

2444 2389 2765 2447 ostensum,
2800 2400 2901 2438 seu
2951 2383 3267 2439 invertente
3315 2382 3539 2454 sphaera
3582 2382 3824 2438 alterius
3853 2381 4081 2443 sideris,

2445 2472 2694 2545 qualiter
2709 2472 2984 2538 evenerit,
3018 2476 3210 2525 manet
3232 2475 3435 2527 notum
3459 2470 3712 2526 scientia:
3734 2469 4080 2525 Conditoris.

2444 2562 2575 2634 Ipsa
2606 2576 2835 2633 quoque
2862 2559 3002 2614 luna
3025 2559 3297 2630 primitus
3330 2577 3473 2631 pcne
3502 2560 3651 2615 facta
3673 2563 3763 2614 est
3785 2562 3904 2613 tota
3934 2558 4086 2613 sicut

2445 2655 2590 2705 teter
2612 2647 3182 2721 sanguis,paululum
3196 2650 3489 2703 cvadendo
3509 2665 3694 2720 usque
3716 2648 3786 2701 ad
3811 2665 4082 2703 aurarem

2445 2736 3279 2809 supervenientisdiei.Eodcm
3304 2735 3686 2791 nihilominus
3708 2752 3907 2791 mense
3929 2737 4083 2807 apud

2445 2831 2703 2882 castrum
2734 2824 2919 2879 sancti
2952 2824 3288 2891 Florentini,
3309 2825 3463 2896 quod
3493 2828 3583 2881 est
3630 2842 3804 2896 super
3843 2826 4086 2879 Armen-

2445 2915 2660 2972 tionem
2684 2912 3106 2980 fluvium,circa
3131 2914 3389 2968 medium
3413 2914 3720 2984 cujusdam
3754 2914 3866 2968 diei
3882 2912 4088 2979 cecidit

2444 3005 2515 3058 de
2546 3002 2706 3069 ccelo,
2740 3002 2894 3073 quod
2926 3002 3117 3056 Graece
3150 3001 3364 3056 dicitur
3382 3003 3536 3068 setas,
3568 3001 3656 3057 vel
3684 3003 3948 3067 chasmas,
3982 3017 4084 3067 seu

2438 3093 2755 3163 palmatias,
2790 3091 2930 3144 dum
2990 3090 3178 3161 fulgor
3225 3090 3454 3144 aetherei
3494 3088 3819 3161 splendoris
3851 3089 4085 3145 insolito

2444 3181 2514 3236 ad
2545 3183 2727 3235 terras
2756 3178 3066 3245 emittitur;
3090 3176 3379 3232 insulsum
3406 3177 3563 3233 enim
3584 3177 3794 3251 vulgus
3821 3177 4087 3250 perhibet

2442 3268 2669 3324 stellam
2700 3268 2769 3322 de
2801 3265 2941 3321 cmlo
2972 3266 3203 3320 cadere.
3225 3266 3387 3320 Tunc
3416 3282 3551 3337 ergo
3580 3266 3854 3338 praedicto
3885 3281 4086 3321 mense

681 3335 1008 3411 dissidium
1039 3355 1447 3426 superbissimi
1486 3354 1652 3429 litigii
1702 3335 1856 3429 quod
1906 3361 2097 3412 ortum
2148 3357 2334 3412 fuerat
2362 3335 2405 3402 (ἶ
2442 3355 2770 3421 Novembri,
2805 3354 3092 3425 perductae
3117 3358 3279 3419 sunt,
3317 3353 3377 3408 in
3399 3335 3752 3425 quibusdam
3782 3353 3925 3409 locis
3958 3351 4086 3421 Gal-

680 3442 835 3499 inter
865 3442 1190 3499 Henricum
1224 3459 1417 3516 regem
1447 3443 1632 3499 ﬁlium
1666 3445 1916 3513 Roberti,
1950 3451 2007 3501 et
2054 3444 2202 3500 filios
2234 3463 2337 3501 su-

679 3532 933 3603 pradicti
964 3531 1209 3598 Odonis,
1243 3533 1341 3604 qui
1372 3531 1629 3588 vicissim
1676 3533 1959 3589 incendiis
2002 3532 2154 3590 bella
2197 3534 2336 3589 mis-

681 3623 882 3675 centes
904 3618 1213 3687 intestina,
1231 3618 1467 3676 sibimet
1496 3621 1711 3677 damna
1733 3622 2045 3678 inferentes
2074 3639 2189 3677 non
2222 3639 2341 3677 mo-

680 3707 832 3775 dica,
866 3707 1164 3779 plurimas
1216 3724 1462 3763 suorum
1511 3713 1735 3781 strages
1785 3710 2087 3765 dederunt.
2124 3711 2340 3766 Deinde

679 3811 920 3868 quoque
947 3794 1181 3851 occulto
1212 3795 1313 3851 Dei
1333 3796 1557 3867 judicio
1588 3797 1759 3870 ccepit
1790 3798 2062 3854 desmvire
2093 3798 2152 3853 in
2184 3800 2338 3870 ipso-

678 3900 811 3939 rum
844 3882 1132 3957 plebibus
1161 3884 1358 3939 divina
1386 3883 1552 3941 ultio.
1585 3886 1961 3958 Consumpsit
2006 3886 2161 3942 enim
2206 3886 2340 3958 qui-

680 3970 817 4027 dam
875 3971 1153 4028 mortifer
1201 3972 1373 4028 ardor
1419 3972 1636 4029 multos
1688 3977 1802 4029 tam
1855 3975 1926 4030 de
1970 3975 2341 4047 magnatibus

682 4076 863 4130 quam
897 4060 973 4115 de
1003 4060 1400 4117 mediocribus
1430 4064 1602 4133 atque
1642 4062 1860 4117 infimis
1909 4064 2141 4136 populi;
2174 4081 2345 4135 quos-

683 4148 819 4205 dam
845 4166 992 4206 vero
1018 4150 1307 4205 truncatis
1330 4152 1727 4208 membrorum
1749 4153 2013 4224 partibus
2035 4155 2346 4211 reservavit

684 4238 754 4293 ad
787 4238 1137 4294 futurorum
1188 4239 1540 4311 exemplum.
1575 4241 1738 4297 Tunc
1787 4242 1960 4296 etiam
2011 4258 2155 4313 pene
2202 4258 2344 4313 gens

682 4326 865 4383 totius
897 4326 1069 4384 orbis
1098 4327 1377 4383 sustinait
1406 4328 1708 4401 penuriam
1741 4346 1844 4401 pro
1878 4330 2111 4385 raritate
2142 4330 2260 4385 vini
2291 4335 2348 4387 et

682 4413 887 4470 tritici.

756 4502 981 4559 Eodem
1010 4520 1147 4559 vero
1168 4521 1344 4571 anno,
1362 4505 1417 4560 id
1441 4509 1551 4573 est,
1586 4505 1787 4578 quinto
1819 4510 1949 4578 post
1978 4507 2349 4580 quadragesi-

682 4608 849 4670 mum
897 4596 1086 4664 atque
1138 4592 1522 4649 millesimum
1570 4594 1879 4650 Dominicaa
1933 4594 2350 4652 Incarnationis

2444 3445 2896 3515 liarum,praeter
2926 3441 3264 3511 solitum,ad
3297 3443 3695 3498 maturitatem
3727 3446 3952 3514 segetes
3974 3441 4087 3513 pri-

2450 3552 2553 3589 mae
2576 3531 2817 3588 sationis
2848 3530 3094 3602 Augusti
3127 3530 3367 3601 mensis,
3399 3528 3653 3586 collecta:
3685 3546 3882 3586 mense
3912 3530 4085 3595 Octo-

2449 3623 2570 3689 bri;
2604 3621 2757 3693 quod
2807 3602 2920 3674 non
2971 3619 3097 3674 sine
3142 3635 3354 3691 magna
3402 3618 3787 3675 admiratione
3845 3618 4088 3692 contigit

2449 3710 2594 3766 fieri.

3102 3796 3332 3851 CAPUT
3380 3796 3447 3852 II.

2975 3887 3044 3940 De
3077 3886 3213 3939 bello
3241 3886 3381 3941 mire
3407 3893 3574 3953 gesto.
4036 3946 4041 3949 μ

2519 3977 2639 4031 Sub
2668 3975 2867 4030 eodem
2900 3989 3129 4044 quoque
3163 3976 3421 4044 tempore
3460 3973 3650 4028 fuerat
3695 3976 3821 4028 orta
3847 3973 4088 4043 grandis

2449 4064 2737 4120 discordia
2760 4078 2943 4133 usque
2964 4062 3033 4115 ad
3057 4060 3394 4121 effusionem
3420 4060 3588 4117 multi
3608 4058 4090 4131 sanguinis,inter

2451 4151 2761 4208 Henricum
2783 4151 3131 4205 Francorum
3156 4148 3608 4219 regem,Roberti
3640 4148 3916 4214 filium,et
3936 4147 4088 4205 ﬁlios

2453 4258 2631 4312 supra
2686 4237 2863 4294 taxati
2923 4235 3551 4304 Odonis,Thebaldum
3608 4235 3876 4290 videlicet
3919 4239 4095 4307 atque

2451 4328 2831 4401 Stephanum.
2853 4324 3104 4396 Contigit
3122 4323 3436 4394 onim,post
3457 4323 3671 4378 multas
3693 4327 3885 4397 stages
3910 4322 4093 4389 cladis

2456 4421 2839 4485 utrarumque
2869 4412 3215 4485 partium,ut
3247 4411 3401 4466 idem
3434 4410 3747 4479 rex,ablato
3778 4412 3851 4467 ab
3872 4410 4093 4477 eisdem

2457 4505 2715 4561 dominio
2747 4500 3047 4558 Turonicze
3079 4499 3263 4563 urbis,
3298 4500 3463 4555 daret
3489 4499 3635 4554 illud
3665 4500 3966 4567 Gozfredo,
4000 4517 4096 4555 co-

2458 4597 2772 4668 gnomento
2802 4588 3019 4656 Tuditi,
3058 4588 3173 4643 filio
3204 4582 3422 4643 scilicet
3450 4586 3718 4643 Fulconis
3754 4588 3905 4659 jam_
3932 4588 4095 4656 dicti,

681 4696 934 4746 annum,
971 4680 1311 4737 antedictus
1342 4682 1644 4751 Henricus,
1676 4682 1831 4737 filius
1864 4683 2215 4750 Chuonradi,
2249 4702 2345 4741 rex
2377 4694 2425 4760 ι)
2460 4684 2901 4753 Andegavorum
2932 4675 3570 4744 coniitis.Qui,collecto
3593 4693 3800 4748 magno
3821 4675 4095 4744 exercitu,

680 4768 1142 4839 Saxonumjam
1172 4768 1232 4824 in
1266 4770 1760 4835 re,Romanorum
1778 4788 1909 4827 vero
1947 4771 2262 4844 imperator
2290 4776 2349 4833 in

680 4856 990 4927 spe,duxit
1014 4872 1258 4915 uxorem
1282 4856 1464 4912 filiam
1489 4857 1762 4914 Willelmi
1783 4859 2147 4914 Pictavorum
2165 4860 2352 4938 ducis,

678 4944 922 5000 nomine
942 4946 1262 5017 Agnetem,
1297 4962 1473 5017 quam
1499 4946 1674 5003 etiam
1710 4947 2078 5016 desponsavit
2117 4948 2172 5003 in
2212 4950 2349 5004 civi-

678 5035 793 5088 tate
841 5032 1369 5105 Cbrysopolitana,
1403 5052 1528 5106 qum
1567 5034 1741 5107 vulgo
1788 5034 2061 5091 Vesontio
2090 5042 2347 5093 vocatur.

680 5118 832 5177 Illud
864 5120 1162 5191 denique,
1195 5120 1269 5176 ob
1300 5123 1516 5179 amoris
1546 5140 1612 5178 ac
1644 5122 2053 5179 benevolentiae
2102 5125 2349 5196 gratiam

679 5209 1028 5281 utriusque,
1061 5209 1335 5265 convenit
1379 5211 1636 5268 maxima
1684 5210 1968 5267 nobilium
2014 5212 2349 5280 multitudo,

681 5295 1112 5368 episcoporum
1142 5312 1278 5353 vero
1310 5315 1552 5354 numero
1591 5298 1794 5372 viginti
1826 5303 1974 5355 octo.
2008 5300 2354 5357 Provenerat

2462 4772 2649 4843 ipsam
2681 4767 2971 4823 civitatem
3004 4782 3154 4820 anno
3185 4782 3299 4820 uno
3331 4768 3386 4820 et
3416 4781 3481 4820 eo
3513 4764 3765 4837 amplius
3796 4765 4098 4821 obsidione

2466 4856 2868 4915 circumdedit.
2902 4854 3193 4909 Adversus
3223 4869 3397 4924 quem
3429 4854 3662 4908 tandem
3693 4852 3887 4908 hostili
3918 4869 4098 4908 manu

2458 4950 2763 5021 pergentes
2791 4941 3143 5009 dimicaturi,
3175 4956 3373 4997 revera
3403 4946 3467 4996 ut
3513 4941 3738 4996 afflictas
3788 4940 4101 5013 indigenti-

2458 5052 2571 5108 que
2595 5031 2888 5089 alimoniis
2920 5035 3325 5085 succurrerent
3357 5029 3685 5096 urbi,ambo
3714 5029 3971 5102 praedicti
3996 5030 4100 5085 filii

2458 5124 2695 5181 Odonis.
2727 5120 2887 5185 Quod
2914 5121 2995 5175 Go
3035 5119 3229 5174 fredus
3260 5117 3927 5191 comperiens,expetivit
3946 5118 4105 5174 auxi-

2458 5213 2602 5268 lium
2634 5210 2785 5266 beati
2817 5207 3071 5273 Martini,
3107 5207 3376 5279 promisit
3406 5224 3467 5263 se
3508 5207 3806 5264 humiliter
3833 5208 4103 5264 emenda-

2458 5305 2658 5356 turum
2688 5296 2971 5370 quidquid
3004 5295 3062 5350 in
3089 5294 3273 5367 'msius
3295 5296 3480 5351 sancti
3510 5295 3858 5373 confessoris
3878 5300 4102 5352 caetero-

2460 5403 2706 5458 rumque
2738 5389 3077 5440 sanctorum
3111 5383 3582 5455 possessionibus
3614 5388 3780 5457 raptu
3805 5384 4099 5439 abstraxe-

2461 5481 2565 5531 rat.
2584 5475 2834 5545 lndeque
2857 5476 3091 5543 accepto
3122 5471 3430 5538 vexillo,im
3440 5490 3661 5544 ponens
3691 5471 3835 5527 illud
3855 5468 4096 5543 proprias

2462 5564 2661 5633 hastas,
2695 5578 2827 5616 cum
2860 5561 3109 5615 exercitu
3159 5561 3421 5631 equitum
3468 5561 3841 5632 peditumque
3883 5555 4092 5610 multo-

2462 5668 2590 5707 rum
2649 5650 2875 5705 obviam
2927 5648 3177 5718 pcrrexit
3225 5648 3534 5703 adversum
3593 5664 3653 5702 se
3708 5640 4085 5699 dimicaturis.

2462 5740 2728 5809 Dumque
2747 5736 3011 5794 venirent
3032 5739 3292 5807 utrmque
3313 5740 3505 5808 partes
3526 5735 3584 5791 in
3601 5729 4085 5794 .cominus,tantus

680 5382 833 5438 enim
867 5385 933 5438 in
967 5381 1341 5440 deditionem
1365 5386 1621 5457 praedicti
1664 5386 1816 5458 regis
1858 5403 2100 5458 regnum
2121 5390 2355 5444 Austra-

679 5469 1111 5544 siorum,quod
1126 5469 1213 5525 illi
1238 5489 1271 5526 a
1289 5475 1760 5547 progenitoribus
1774 5475 2352 5545 competebat.Simul

679 5560 852 5615 etiam
874 5557 1052 5632 genti
1086 5558 1396 5616 Hunorum
1424 5563 1661 5637 proprio
1689 5562 2085 5619 moderamine
2133 5581 2349 5637 regem,

678 5647 992 5713 Alibonem
1028 5636 1655 5713 nomine,insﬁuerat.
1674 5650 2034 5707 Unanimiter
2053 5636 2217 5706 enim?
2232 5652 2356 5707 uni-

678 5739 824 5793 versi
857 5733 1264 5794 marchiones
1289 5752 1355 5792 ac
1382 5739 1778 5807 comites,tam
1801 5755 1869 5794 ex
1900 5738 2067 5795 Italia
2086 5756 2263 5811 quam
2285 5756 2354 5798 ex
