4938 6396
1395 427 1518 504 5'99
2374 418 2710 484 nonum
2756 419 3036 483 suam
3080 418 3430 484 nomen!
3472 396 3826 485 (animo.
4693 419 4815 484 τοο

1398 574 1556 650 phus
1614 564 1799 626 sancti
1848 557 2091 634 Benigni
2135 555 2517 619 Divioncnsis,
2552 559 2792 650 uterque
2847 553 3038 650 sancti
3071 557 3124 623 Α
3155 563 3393 611 tororum
3437 557 3747 628 principum
3796 554 4070 612 obtinebat
4120 555 4316 612 locum.
4365 553 4510 628 Ejus
4547 550 4812 629 elogium

1397 642 1701 720 Guillelmi
1733 653 1993 727 aequalis,
2019 667 2081 706 ac
2108 648 2250 704 forte
2282 647 2454 701 etiam
2485 642 3040 714 discipulus.Vitam
3153 646 3355 717 paucis
3385 647 3596 710 verbis,
3630 646 3730 701 sed
3772 663 3896 718 qua:
3930 644 4132 701 multis
4181 645 4347 702 libris
4397 646 4814 719 praestantiora

1397 747 1693 808 Guillelmi
1727 743 1995 802 aGlabro
2027 736 2271 794 Rodulfo
2301 733 2516 789 editam
2536 732 2919 800 laudatllugo
2939 732 3041 785 ab-
3151 741 3308 798 sunt,
3342 735 3748 806 Complectitur
3795 734 4001 790 beatus
4045 734 4211 791 0dilo
4260 736 4390 807 ejus
4439 735 4552 792 sub
4605 739 4812 790 sancto

1400 843 1509 898 bas
1545 831 1993 896 Flaviniacensis
2024 829 2080 884 in
2112 823 2393 882 Chronico
2434 822 2807 884 Virdunensi,
2831 827 2987 874 tomo
3021 820 3040 876 Ι
3153 825 3358 879 .\laiolo
3389 824 3918 896 condiscipulus,iu
3953 823 4147 880 libello
4179 824 4402 880 scilicet
4431 825 4504 880 de
4536 824 4810 895 ejusdem

1401 930 1721 987 Labbeana:
1741 921 2095 978 bibliothecae
2114 935 2132 972 .·
2150 916 2247 970 sed
2272 919 2328 969 et
2356 929 2482 966 eam
2506 929 2539 966 a
2565 928 2624 965 se
2647 911 3038 980 conscriptam
3151 915 3334 968 sancti
3371 914 3559 968 Maioli
3588 915 3754 980 actis,
3791 915 3886 968 ubi
3921 913 4039 968 lucc
4071 913 4245 969 habet
4276 930 4289 969 :
4325 917 4398 970 Et
4428 922 4486 969 ut
4512 930 4650 985 pace
4693 917 4812 984 spio

1398 1019 1583 1077 fuisse
1615 1013 1870 1087 agnoscit
1898 1009 2105 1063 Glaber
2134 1006 2255 1076 ipse
2288 1005 2346 1057 in
2380 1002 2524 1056 libro
2549 1018 2601 1054 iv
2630 999 3036 1064 Historiarum,
3150 1006 3438 1057 rituulium
3479 1007 3754 1073 artiﬁcum
3811 1006 3866 1057 in
3926 1004 4112 1058 eadem
4167 1004 4384 1074 fabrica
4431 1004 4814 1058 laborantium

1398 1108 1586 1180 capite
1618 1107 1648 1160 4
1681 1122 1694 1159 :
1726 1103 1829 1158 Νιί*
1859 1117 1982 1162 non,
2021 1095 2226 1166 inquit,
2258 1093 2690 1164 pru'nomimztus
2721 1098 2875 1158 palcr
2925 1106 3036 1141 mo-
3147 1092 3346 1155 dirum,
3375 1110 3514 1146 unus
3543 1094 3820 1163 prcu'ipue
3870 1095 4088 1163 refulsit
4132 1095 4228 1164 qui
4277 1109 4452 1163 nuper
4503 1093 4665 1148 rebus
4704 1092 4813 1146 liu-

1395 1178 1712 1256 nachorum,
1739 1190 2108 1265 fulltilltlll'qlll’
2132 1183 2498 1237 ca'nobior-um
2543 1181 2782 1234 eximius
2821 1178 3034 1232 ll'illrr-
3147 1185 3324 1234 munis
3353 1184 3593 1244 arcessit,
3627 1191 3678 1236 et
3709 1184 3804 1252 qui
3842 1183 3967 1253 plus
4017 1183 4171 1236 nobis
4211 1182 4463 1236 omnibus
4507 1182 4808 1246 laboravit,

1391 1303 1533 1348 mus,
1564 1285 1628 1339 dc
1655 1297 1757 1355 quo
1786 1282 1951 1334 etiam
1986 1277 2148 1346 plura
2175 1277 2355 1343 forant
2381 1268 2632 1331 dicenda,
2665 1270 2777 1321 nisi
2805 1268 2943 1337 quod
2979 1270 3033 1320 in
3144 1270 3370 1324 domnus
3410 1272 3652 1325 videlicet
3681 1273 3846 1325 abbas
3884 1271 4210 1337 Willc'lmus,
4242 1272 4306 1326 tle
4350 1271 4505 1340 cujus
4551 1273 4812 1326 clarissi-

1390 1376 1574 1432 Iibello
1602 1371 1741 1444 quod
1769 1369 1833 1424 de
1860 1370 1969 1421 rita
1998 1373 2048 1419 et
2081 1362 2372 1417 virtutibus
2408 1360 2560 1412 illius
2589 1357 2876 1416 edidimus,
2905 1374 3034 1426 pro-
3146 1363 3248 1412 mis
3277 1361 3508 1424 actibus,
3541 1369 3591 1415 ct
3634 1364 3742 1414 rita
3791 1361 4081 1426 laudabili,
4111 1365 4162 1415 el
4214 1361 4465 1415 mirabili
4514 1377 4810 1416 conversa-

1390 1467 1501 1520 lata
1547 1461 1752 1516 dudum
1802 1458 1974 1526 fuisse
2021 1458 2322 1505 noscuntur
2374 1447 2534 1501 llunc
2571 1446 2766 1499 Glabri
2807 1444 3032 1498 ltndulli
3145 1457 3288 1503 tione
3317 1452 3555 1519 pari-ilus
3587 1455 3772 1504 nostra
3805 1467 3912 1503 non
3944 1451 4148 1518 sufﬁcit
4179 1451 4318 1521 quod
4347 1452 4512 1506 sentit
4561 1449 4634 1504 ad
4681 1452 4812 1521 ple-

1386 1551 1723 1613 libellum,a
1752 1543 2032 1600 Bullando
2063 1540 2132 1595 ad
2163 1539 2316 1593 diem
2349 1534 2654 1590 iJanuarii
2681 1535 2804 1603 jam
2843 1533 3036 1600 vulga-
3147 1555 3273 1590 nmn
3309 1538 3842 1606 rcfcrre..lotsaldus
3877 1539 3933 1592 in
3968 1538 4206 1593 l’lanctu
4242 1538 4313 1594 de
4343 1539 4609 1610 ejusdem
4645 1537 4808 1594 beati

1388 1639 1770 1706 tum,iterum
1805 1634 1899 1688 hic
1922 1649 1989 1686 ex
2022 1647 2130 1684 ms.
2159 1627 2353 1682 codice
2377 1625 2556 1679 sancti
2589 1622 2826 1691 Bcnigui
2855 1623 3036 1676 [)ivio-
3145 1626 3404 1680 Odilonis
3434 1628 3592 1681 obitu
3628 1627 3988 1682 Willelmum
4035 1626 4211 1682 simul
4257 1633 4310 1683 et
4358 1629 4553 1699 ipsum
4604 1627 4808 1684 Odilo-

1393 1729 1598 1785 “ensis
1630 1723 1989 1780 recudimus.
3147 1733 3274 1769 nem
3313 1715 3516 1770 iisdem
3553 1717 3817 1771 versibus
3847 1715 4119 1782 celebrat,
4154 1733 4302 1786 quos
4330 1715 4481 1771 infra
4513 1717 4569 1771 in
4601 1716 4808 1772 0dilo-

1463 1822 1518 1873 2.
1550 1813 1842 1870 Guillelmi
1898 1815 2089 1864 ortum
2141 1807 2213 1860 ad
2263 1820 2480 1859 annum
2513 1803 2608 1855 96f
2650 1802 3031 1855 revocandum
3147 1805 3236 1858 nis
3299 1805 3493 1872 Elogio
3553 1807 3930 1876 proferamus.
3995 1806 4276 1861 Enintlcln
4359 1809 4526 1860 vetus
4593 1811 4808 1860 auctor

1392 1923 1522 1963 esse
1547 1904 1841 1960 evidenter
1871 1897 2160 1968 colligitur
2188 1912 2254 1949 ex
2285 1893 2528 1964 ipsomct
2578 1891 2772 1945 Glabri
2819 1890 3030 1954 libello,
3065 1929 3110 1994 Β
3143 1893 3404 1948 chronici
3441 1893 3891 1956 l‘iscamnousis,
3921 1895 4247 1950 liberalibus
4293 1895 4505 1948 artibus
4548 1896 4810 1965 apprime

1392 1997 1454 2051 in
1482 2011 1600 2067 quo
1624 1993 1848 2048 obitum
1878 1989 2006 2059 ejus
2030 2002 2178 2039 anno
2213 1984 2341 2038 1031
2374 1982 2558 2035 multis
2602 1979 3030 2050 septuagesimo
3065 1979 3110 1994 ⁸’
3139 1984 3433 2044 eruditum,
3463 1992 3620 2052 alt/uc
3675 1984 3984 2053 disciplinis
4032 1984 4434 2049 ecclesiasticis,
4476 1985 4807 2055 cunctisque

1391 2081 1710 2154 contigisse
1757 2077 1993 2134 disertis
2039 2072 2228 2129 verbis
2279 2073 2623 2125 afﬁrmatur.
2659 2069 2867 2123 Totum
2901 2085 3030 2121 vero
3139 2072 3515 2141 spn-itimlibus
3547 2073 3759 2139 ofﬁciis.
3798 2113 3810 2124 .
3847 2111 3860 2124 .
3899 2113 3911 2124 .
3951 2111 3964 2124 .
3999 2074 4262 2125 virtutum
4293 2073 4474 2140 gratia
4531 2073 4806 2126 imbutum

1390 2189 1535 2245 pene
1564 2171 1692 2226 vitae
1723 2186 1841 2224 sua:
1872 2172 2103 2236 tempus
2136 2164 2191 2216 in
2226 2161 2558 2215 monasticm
2593 2158 2717 2211 \‘ila‘
2743 2157 3030 2212 exercitiis
3138 2170 3188 2215 et
3230 2163 3603 2214 illuminalum
3655 2161 3833 2214 fuisse
3886 2161 4107 2215 scribit.
4139 2160 4282 2216 llinc
4333 2159 4562 2216 nullum
4616 2160 4805 2214 ferme

1384 2259 1739 2331 transegisse
1776 2273 1844 2312 ex
1893 2255 2000 2310 hoc
2049 2254 2328 2325 probatur
2357 2250 2535 2321 quod,
2567 2248 2659 2302 vix
2715 2246 3026 2318 septimum
3141 2251 3248 2303 fuit
3280 2249 3335 2302 in
3372 2250 3628 2303 Romam.»
3662 2250 3904 2320 imperio
3929 2248 4806 2320 monasterium,quodGuillel-

1381 2351 1568 2406 atatis
1598 2365 1714 2404 suae
1745 2362 1967 2402 annum
1999 2341 2367 2414 egrossus,in
2391 2337 2654 2392 cmnobio
2690 2335 3024 2391 Luciaceusi
3139 2339 3216 2393 mi
3248 2357 3397 2393 cura!
3433 2357 3542 2392 non
3578 2339 3960 2392 commissum
3997 2338 4188 2393 l'uerit.
4206 2340 4465 2405 Quorum
4491 2337 4802 2393 nonnullis

1378 2444 1594 2495 vestem
1618 2435 2004 2492 monasticam
2027 2429 2280 2486 induerit
2305 2446 2319 2495 ;
2347 2426 2500 2481 unde
2529 2425 2837 2481 strictioris
2861 2424 3032 2477 «lisci-
3135 2429 3258 2499 ipse
3292 2428 3539 2500 prerfuit,
3569 2433 3666 2480 aut
3700 2426 4020 2498 discipulos
4052 2445 4191 2482 suos
4224 2427 4479 2499 praefecit
4511 2444 4525 2483 :
4554 2432 4799 2482 caetero-

1381 2527 1549 2602 plinaa
1577 2525 1772 2583 studio
1803 2525 2129 2595 digressus,
2161 2519 2220 2573 in
2253 2516 2673 2572 monasterium
2709 2514 2891 2568 sancti
2930 2513 3028 2567 Mi-
3137 2535 3268 2572 rum
3328 2535 3460 2571 vero
3515 2518 3778 2582 abbates,
3814 2516 3912 2587 qui
3962 2519 4087 2586 jam
4141 2515 4258 2570 illis
4311 2522 4619 2588 praeerant,
4673 2516 4806 2570 suis

1379 2616 1620 2680 chaelis,
1652 2631 1788 2669 mox
1816 2611 2158 2666 Cluniacum
2194 2607 2251 2661 in
2268 2605 2514 2660 Galliam
2539 2621 2670 2658 cum
2697 2609 2894 2656 sancto
2917 2603 3028 2656 Μη-
3135 2607 3415 2677 exemplis
3447 2624 3509 2660 ac
3545 2605 3780 2659 monitis
3812 2605 3883 2660 ad
3915 2611 4244 2660 accuratam
4279 2605 4566 2676 regularis
4609 2604 4800 2660 disci-

1383 2704 1498 2760 iolo
1528 2719 1655 2759 sese
1683 2699 1919 2772 recepit.
1951 2697 2052 2751 Est
2082 2700 2278 2749 autem
2313 2692 2793 2756 Luciacum,seu,
2820 2696 2882 2745 ut
2931 2690 3024 2744 alii
3137 2697 3304 2767 plina:
3367 2695 3588 2766 praxim
3656 2694 3918 2749 adduxit.
3979 2696 4154 2748 licata:
4231 2697 4543 2764 memoria,
4603 2693 4804 2765 inquit

1381 2793 1608 2857 dicunt,
1641 2787 1960 2845 Lucedium
1994 2789 2095 2839 aut
2125 2782 2456 2844 Locedium,
2487 2780 2657 2850 vulgo
2694 2781 2752 2833 di
2783 2780 3024 2846 Lorcdia,
3137 2786 3289 2839 idem
3325 2791 3546 2848 auctor,
3564 2784 3860 2838 Il'illclmus
3891 2784 4053 2838 abbas
4084 2799 4202 2841 suae
4235 2786 4523 2852 religionis
4555 2787 4804 2856 afﬂuen-

1385 2881 1697 2952 antiquum
1729 2875 1952 2933 ordinis
1985 2872 2164 2928 nostri
2198 2871 2544 2932 emnobium,
2567 2869 2720 2940 quod
2754 2869 3026 2941 primitus
3136 2877 3214 2928 tia
3246 2877 3410 2928 totius
3440 2883 3619 2944 partes
3653 2873 3880 2927 Romani
3911 2875 4130 2942 imperii
4156 2875 4798 2944 illustrabat,abbatum-

1384 2968 1569 3027 sancti
1601 2963 2138 3036 Michaelis,postea
2169 2958 2631 3016 sanctiJanuarii
2666 2958 3024 3030 appellatum
3133 2979 3235 3032 que
3283 2964 3580 3016 multorum
3627 2962 3829 3032 tepidos
3874 2964 4090 3016 animos
4137 2964 4229 3017 sui
4277 2965 4509 3032 fervoris
4544 2967 4798 3034 imagine

1381 3063 1468 3115 est
1493 3058 1565 3114 ob
1596 3075 1662 3113 eo
1695 3052 2005 3112 translatas
2035 3052 2165 3121 ejus
2197 3048 2540 3120 reliquias,a
2570 3064 2686 3118 quo
2708 3047 2881 3101 etiam
2916 3048 3024 3101 cir-
3135 3053 3463 3120 refonnubat
3507 3055 3558 3104 et
3602 3052 3941 3105 accendebat.
3979 3051 4124 3105 Eum
4176 3051 4514 3122 Sigebertus
4559 3053 4633 3107 ad
4693 3072 4804 3110 an-

1379 3147 1771 3220 cumpositum
1801 3142 2080 3216 oppidum
2108 3138 2293 3195 sancti
2322 3137 2584 3193 Januarii
2623 3154 2826 3190 nomen
2869 3135 3022 3199 tulit,
3136 3157 3276 3194 num
3315 3142 3448 3194 1027
3481 3145 3739 3194 ι-ρςρηερι
3771 3139 3919 3194 inter
3947 3140 4186 3194 abbates
4224 3141 4611 3207 nominabit“,
4645 3159 4802 3215 quo.

1378 3239 1556 3294 situm
1587 3239 1676 3293 est
1705 3233 1863 3290 haud
1889 3230 2088 3304 procul
2120 3247 2155 3285 a
2183 3226 2536 3283 Vercellensi
2572 3228 2712 3280 urbe
2743 3227 2812 3280 ad
2854 3227 3024 3295 cujus
3067 3299 3098 3304 _
3137 3246 3266 3282 rum
3325 3246 3499 3300 opera
3557 3230 3752 3296 religio
3807 3230 4174 3284 ecclesiastica
4225 3228 4439 3285 seculo
4469 3246 4526 3285 χι
4573 3230 4802 3288 floruit.

1374 3324 1672 3382 dicecesim
1702 3323 1844 3380 olim
1877 3299 2420 3394 pertinebat.Hodie
2443 3332 2574 3370 vero
2596 3314 2890 3369 Casalensi
2911 3314 3029 3386 epi-
3056 3299 3099 3366 C
3137 3320 3197 3373 In
3241 3299 3473 3372 Francia
3518 3319 3734 3387 quidem
3765 3324 3818 3373 et
3845 3319 4189 3384 Burgundio.
4226 3359 4239 3371 .
4275 3357 4289 3372 .
4329 3359 4343 3374 .
4377 3358 4390 3372 .
4421 3335 4524 3390 per
4563 3322 4805 3377 Guillel-

1379 3413 1635 3486 scOpaiui
1666 3411 1998 3480 subjectum
2029 3413 2139 3471 est,
2175 3406 2234 3460 in
2265 3404 2554 3460 territorio
2587 3403 3022 3459 Montisferrati.
3135 3425 3282 3461 mum
3333 3407 3710 3461 Dirioncnsem
3760 3410 4045 3462 severitate
4093 3406 4465 3462 reverendam.
4499 3407 4798 3482 Denique,

1378 3503 1458 3558 Ex
1495 3501 1701 3557 ordine
1753 3495 2130 3553 Benedictino
2174 3494 2248 3549 ad
2302 3493 2714 3548 Cistercienses
2767 3493 3025 3564 primum
3135 3501 3200 3551 ut
3249 3495 3424 3550 habet
3470 3495 3680 3550 Glaber
3726 3495 3849 3550 loco
3901 3495 4156 3561 laudato,
4189 3496 4548 3569 quodcunque
4601 3515 4808 3554 mona-

1379 3588 1634 3655 transiit,
1659 3604 1724 3642 ac
1747 3585 1983 3641 tandem
2015 3587 2146 3656 post
2175 3581 2364 3636 varias
2395 3583 2654 3636 fortunas
2685 3581 2756 3635 ad
2787 3580 3027 3637 clericos
3134 3587 3362 3640 stvrium
3404 3586 3627 3655 proprio
3676 3585 4008 3639 rictuabutur
4049 3589 4290 3655 pastore,
4322 3587 4508 3640 statim
4559 3591 4803 3659 compel-

1383 3676 1692 3734 saaeulares
1749 3673 1980 3737 defecit,
2009 3676 2074 3726 ut
2129 3671 2394 3726 observat
2439 3670 2780 3724 Franciscus
2822 3671 3025 3739 Augu-
3138 3676 3369 3738 lcbatur,
3402 3681 3514 3727 tum
3562 3690 3594 3727 a
3640 3675 3855 3743 regibus
3911 3674 3990 3728 vel
4046 3675 4334 3730 comitibus
4385 3691 4550 3746 quam
4581 3693 4617 3730 a
4651 3695 4806 3749 pon-

1384 3767 1578 3822 stinus
1608 3764 1681 3819 ab
1718 3760 1972 3818 Ecclesia
2011 3759 2070 3814 in
2123 3775 2230 3814 sua
2279 3758 2529 3815 Historia
2573 3759 3026 3824 Pedemontana,
3137 3762 3393 3830 tifiribus,
3431 3770 3487 3816 ut
3519 3761 3848 3816 mcliorandi
3872 3765 4056 3830 gratia
4090 3762 4230 3817 illud
4261 3762 4331 3818 ad
4357 3763 4664 3834 regendum
4683 3782 4804 3823 sus-

1385 3871 1512 3928 eap.
1543 3855 1632 3910 33.
3136 3853 3355 3921 cipcrct.
3390 3850 3532 3904 llinc
3565 3850 3756 3922 ipsum
3810 3851 4199 3923 quadraginta
4253 3851 4372 3910 fere
4413 3856 4800 3912 monasteriis

1451 3947 1506 4001 3.
1539 3941 1828 3999 Vicesimo
1859 3956 2010 3996 nono
2039 3937 2224 3994 (etatis
2255 3954 2372 3993 suae
2405 3952 2578 4004 anno,
2613 3935 2720 3990 hoc
2769 3941 2858 3991 est
2901 3937 3026 4002 990,
3139 3939 3472 4010 praefectum
3534 3937 3712 3994 fuisse
3780 3938 3932 3994 idem
4002 3946 4202 3995 auctor
4265 3939 4494 4006 asserit,
4530 3958 4796 4013 quorum

1380 4035 1687 4092 indictione
1713 4049 1795 4097 ιιι,
1829 4029 2148 4087 Guillelmus
2189 4026 2474 4083 ordinatus
2520 4034 2599 4082 est
2638 4026 2806 4080 abbas
2846 4029 3026 4082 sancti
3133 4028 3407 4100 pleraque
3436 4027 3924 4100 Cbronographus
3954 4029 4348 4101 Benignianus
4390 4037 4678 4099 recenset,
4713 4035 4798 4087 vi-

1381 4125 1614 4194 Benigni
1639 4140 1674 4178 a
1705 4121 1899 4178 domno
1929 4120 2178 4175 Brunoni
2195 4119 2442 4188 episcopo
2467 4115 3026 4188 Lingoncnsi,inquit
3133 4117 3342 4172 delicet
3386 4122 3593 4188 praeter
3639 4117 4063 4189 Benignianum
4114 4119 4185 4174 de
4225 4135 4341 4191 quo
4373 4119 4514 4192 agit,
4546 4118 4794 4177 Venia-

1379 4211 1858 4286 ehronographus
1875 4206 2468 4282 Benignianus,cujus
2491 4205 3026 4274 sententire,prmter
3133 4222 3324 4270 cense,
3359 4205 3669 4269 Besuense,
3695 4206 4804 4274 Reomaense.Tornodorense,Melun-

1379 4300 1742 4376 privilegium
1776 4297 2066 4356 Benedicti
2096 4313 2280 4369 papae,
2310 4299 2371 4350 ut
2403 4297 2630 4367 putant,
2664 4293 2898 4365 septimi
2939 4292 3025 4348 ei-
3133 4295 3332 4359 dense,
3366 4295 3549 4349 sancti
3572 4295 3794 4350 Arnulli
3823 4296 4097 4361 Mctense,
4131 4297 4316 4352 sancti
4365 4296 4504 4369 Apri
4547 4297 4800 4355 Tollen-

1379 4392 1510 4447 dem
1531 4388 1842 4447 Guillelmo
1868 4383 2714 4450 concessum,obstarevidetur
2739 4383 3026 4452 fragmcn-
3134 4401 3216 4450 se,
3266 4384 3595 4452 Gorziense,
3648 4385 4082 4450 Fiscamnense,
4127 4385 4550 4453 Gemetieense,
4601 4389 4796 4442 sancti

1378 4484 1504 4534 tum
1531 4478 1824 4551 quoddam
1856 4472 2201 4548 Benigniani
2230 4471 2568 4527 monasterii
2602 4470 2854 4525 historia:
2899 4487 3022 4526 ma-
3131 4472 3392 4528 Audoeni
3427 4473 3868 4545 Rotomagense,
3902 4474 4086 4529 sancti
4123 4473 4422 4530 Michaelis
4476 4474 4536 4531 in
4591 4483 4799 4532 monte

1378 4567 1710 4640 nuscriptaz,
1725 4566 1781 4622 in
1813 4582 1929 4638 quo
1959 4563 2203 4620 ecclesia
2232 4561 2419 4620 sancti
2448 4558 2694 4632 Benigni
2728 4575 2762 4614 a
2787 4558 3023 4614 Guillel-
3131 4563 3380 4627 Tumba,
3408 4563 3592 4617 sancti
3643 4563 3883 4618 Faronis
3935 4562 4250 4630 Meldense,
4285 4565 4472 4619 sancti
4512 4566 4802 4622 Germani

1379 4675 1474 4713 mo
1517 4657 1749 4728 incepta
1793 4671 1948 4710 anno
1996 4655 2105 4708 982
2143 4656 2200 4707 et
2229 4650 2470 4706 omnino
2500 4651 2828 4703 restaurata
2872 4664 3024 4703 anno
3057 4666 3102 4730 ί)
3134 4650 3480 4715 Parisiense,
3525 4651 3996 4720 Fructuariense,
4029 4653 4214 4708 sancti
4261 4653 4559 4709 Amatoris
4608 4669 4798 4728 prope

1375 4747 1482 4802 986
1511 4745 1693 4802 fuisse
1715 4744 1946 4799 dicitur.
1980 4741 2200 4796 Verum
2232 4739 2352 4796 hac
2381 4737 2527 4793 tanti
2560 4754 2675 4793 non
2717 4741 2856 4792 sunt
2899 4742 2962 4791 ut
2991 4755 3024 4792 a
3133 4741 3448 4811 Lingonas,
3472 4745 3684 4794 sancta:
3717 4739 3909 4795 Maris:
3941 4757 4118 4812 prope
4158 4741 4794 4800 Saxonicum-fontem.

1376 4833 1679 4907 scriptoris
1705 4831 1897 4905 gravis
1925 4838 1984 4887 et
2011 4827 2253 4902 aequalis
2283 4825 2626 4882 auctoritate
2657 4823 2823 4880 facile
2864 4842 3023 4881 rece-
3132 4831 3355 4896 Quibus
3377 4829 3541 4883 addit
3568 4827 3781 4884 Glaber
3811 4829 4230 4884 monasterium
4259 4830 4446 4884 sancti
4485 4831 4795 4887 Saturnini

1365 4923 1610 4987 ‘damus,
1642 4919 1898 4977 maxime
1955 4933 2092 4974 eum
2144 4915 2356 4972 Glaber
2406 4912 2692 4970 Rodulfus
2748 4912 2922 4969 simul
2969 4919 3025 4970 et
3133 4919 3204 4974 ad
3251 4918 3600 4974 Rhodanum
3633 4917 3897 4984 ﬂuvium,
3931 4918 4087 4991 quod
4137 4919 4311 4974 modo
4352 4919 4409 4973 in
4464 4917 4794 4992 prioratum

1375 5009 1729 5068 Chronicum
1775 5025 1811 5063 ε,
1859 5007 2090 5063 Lahbeo
2134 5003 2357 5060 editum
2405 5019 2539 5059 cum
2582 5002 3024 5075 chronographo
3133 5007 3435 5063 redactum
3488 5012 3596 5076 est,
3649 5007 4003 5064 monasterio
4057 5007 4540 5064 Ambroniacensi
4591 5009 4796 5080 subje-

1379 5097 1735 5170 Benigniano
1766 5095 2164 5162 consentiant;
2197 5109 2264 5148 ac
2294 5091 2586 5150 Benedicti
2619 5109 2782 5165 papa
2802 5092 3026 5164 privile—
3133 5102 3316 5153 ctum.

1285 5182 1289 5186 ’
1379 5185 1566 5259 gium,
1599 5201 1715 5240 non
1763 5183 2071 5240 Benedicto
2101 5181 2223 5253 VII,
2255 5181 2354 5237 sed
2405 5180 2553 5250 VIII,
2598 5182 3023 5254 assignandum
3202 5185 3258 5241 5.
3283 5185 3384 5241 llic
3399 5185 3668 5242 omittere
3691 5201 3804 5241 non
3828 5183 3991 5242 licuit
4011 5184 4205 5242 locum
4226 5185 4792 5260 egregiumWiber-ti

1380 5290 1510 5331 esse
1539 5275 1768 5330 constet
1793 5271 2007 5346 quippe
2033 5271 2186 5344 quod
2218 5287 2370 5328 anno
2408 5270 2625 5327 Christi
2655 5272 2796 5327 1015
2817 5271 3021 5327 datum
3133 5273 3526 5331 archidiaconi
3549 5274 3620 5330 de
3642 5273 3980 5346 sanctiApri
4005 5274 4160 5347 apud
4173 5272 4481 5331 Tullenses
4502 5277 4800 5345 cmnobio,

1380 5380 1507 5422 esse
1535 5361 1753 5436 legitur
1802 5362 1956 5435 apud
1984 5360 2317 5434 Ughellum,
2349 5365 2508 5417 tome
2536 5360 2582 5418 II
2614 5359 2790 5416 ltalize
2822 5377 3022 5428 sacrae,
3132 5363 3232 5435 qui
3256 5363 3326 5418 de
3348 5368 3550 5419 sancto
3573 5364 3757 5418 Leone
3781 5363 3850 5418 ΙΧ
3873 5364 3928 5418 in
3952 5363 4079 5434 ejus
4101 5363 4233 5419 Vita
4263 5363 4346 5419 sic
4371 5362 4547 5419 habet
4569 5362 4722 5420 libro
4747 5381 4798 5434 ι,

1379 5453 1486 5510 col.
1519 5452 1646 5510 996.
3132 5452 3320 5524 capite
3349 5453 3415 5507 13
3446 5469 3460 5508 :
3495 5453 3721 5525 Moxque
3763 5453 3851 5507 uti
3895 5470 3998 5508 sua
4043 5469 4174 5522 erga
4223 5461 4476 5508 sanctum
4500 5461 4555 5508 et
4580 5455 4784 5523 glorio—

1447 5545 1499 5600 4.
1532 5542 1667 5599 Erat
1716 5541 2008 5614 praedictus
2063 5541 2401 5612 Willermus,
2450 5539 2646 5612 inquit
2695 5538 2908 5595 Glaber
2961 5538 3023 5594 in
3131 5557 3254 5596 sum
3307 5543 3512 5613 Aprum
3565 5543 3745 5612 major
3786 5550 3906 5597 erat
3952 5542 4179 5608 dmvotio,
4211 5542 4472 5598 domuum
4513 5542 4795 5611 religiose

1379 5631 1523 5690 libro
1553 5631 2184 5704 InHistoriarum,cap.
2215 5632 2269 5696 5,
2298 5647 2426 5686 acer
2455 5631 2679 5700 ingenio
2707 5633 2760 5684 et
2788 5630 3024 5698 insignis
3133 5632 3263 5693 vice
3308 5638 3360 5686 et
3398 5632 3824 5686 conversationis
3875 5633 4056 5686 virum
4088 5633 4213 5702 jam
4258 5630 4460 5685 dictum
4509 5633 4662 5703 (cap.
4697 5632 4794 5686 ii"

1373 5724 1696 5794 prudentia;
1729 5722 1925 5781 idcirco
1951 5739 2229 5780 summum
2257 5724 2316 5778 in
2341 5721 2572 5794 palatiis
2603 5735 2795 5787 regum
2822 5735 2885 5774 ac
2922 5735 3024 5774 αε-
3136 5718 3454 5775 Guidricum
3483 5721 3581 5776 sub
3612 5721 3836 5778 nomine
3859 5721 4070 5778 abbatis
4095 5719 4271 5781 eidem
4311 5720 4566 5792 pra/scit
4601 5735 4798 5778 mo-
