3852 6414
351 409 477 480 ποθ

1334 413 1674 480 RODULFI
1719 413 2007 484 GLABlll
2054 415 2409 488 WUACBI
2449 419 2812 486 CLUNIAC.
3655 429 3750 499 1M

355 544 474 604 lam
507 543 859 604 obeditionis
887 545 1566 604 exhibitionem.Placere
1585 547 1840 622 denique
1866 563 2012 607 una-
2041 551 2093 622 Α
2125 552 2477 610 narrationis
2496 551 2902 616 infermabunt
2917 554 3390 618 seriem.ch
3407 575 3752 624 communem

357 635 613 696 nimitati
643 640 846 692 vestrae
879 653 994 691 non
1026 637 1406 706 diﬁdimus,si
1426 638 1499 694 de
1519 637 1635 694 vita
1663 637 1753 693 vel
1777 653 2013 696 conver-

353 727 586 784 satione
612 725 788 780 vestri
831 725 1096 781 omnium
1146 725 1460 792 dilectoris,
1495 727 1695 783 domni
1745 727 2012 784 videlicet

355 814 675 873 sacerdotis
723 820 898 886 atque
955 815 1181 871 abbatis
1237 815 1536 881 Willelmi,
1581 822 1754 888 prout
1811 817 2011 874 divina

355 905 544 977 pietas
566 903 764 977 largiri
799 903 1038 975 dignata
1071 903 1263 971 fuerit,
1295 905 1547 976 posteris
1577 906 1853 961 mandare
1883 911 2008 962 slu-

353 992 678 1051 duerimns.
729 993 904 1048 Plura
957 994 1250 1064 siquidem
1282 1011 1317 1050 a
1348 993 1516 1050 nobis
1565 994 1709 1061 visa,
1750 994 2009 1068 plurima

355 1086 549 1139 tamen
581 1099 616 1139 a
639 1081 1036 1138 veracissimis
1084 1081 1430 1139 rclatoribus
1473 1088 1792 1156 comperta,
1824 1084 2005 1156 hujus

2121 640 2385 701 ﬁdelium
2419 642 2838 717 virtutigenam
2871 646 3252 709 obsecramus
3303 648 3668 721 charitatem,
3693 671 3752 715 se

2118 730 2370 803 simplex
2401 733 2764 807 contemptui
2794 732 3083 796 habeatur
3117 751 3346 804 sermo,
3377 755 3524 800 neve
3555 757 3656 813 pro
3675 743 3752 800 vili

2117 818 2374 884 canistro
2405 833 2563 891 purse
2603 825 2919 894 respuatur
2963 823 3323 900 sinﬁlaginis
3345 827 3506 896 om;
3533 831 3692 902 cujus
3714 831 3754 890 si

2116 908 2390 979 prudenti
2433 926 2614 966 manu
2655 910 3070 972 avet-citaretur
3117 916 3389 983 materia,
3417 933 3650 982 omnem
3675 935 3754 976 va-

2115 994 2260 1054 leret
2287 997 2594 1056 excludam
2614 998 2898 1073 inopiam,
2927 1005 2985 1058 et
3013 1003 3365 1078 sospitem
3395 1006 3653 1066 conferre
3677 1025 3756 1081 pe»

2115 1101 2377 1144 rennem.

352 1285 3750 1321 mwmmm—m

1661 1431 2102 1550 INCIPIT
2176 1436 2453 1552 VITA

1844 1649 2268 1666 Wa.

348 1769 354 1774 .
419 1792 471 1846 2.
507 1784 787 1846 Gulielmi
838 1785 1043 1858 patria,
1078 1799 1232 1837 avus.
1268 1785 1552 1838 Parentes.
1585 1782 1626 1836 Ε
1653 1797 1806 1836 sacro
1851 1782 1999 1853 [ante
2027 1781 2076 1847 B
2107 1780 2334 1854 impleri
2365 1781 2683 1851 mandavit,
2709 1800 2778 1842 ac
2809 1784 3044 1858 propria
3075 1804 3330 1860 puerum
3359 1790 3604 1850 sustulit
3630 1793 3748 1850 dex-

346 1897 380 1936 a
407 1881 602 1948 regina
629 1878 953 1947 suscipitur.
987 1905 1052 1914 —
1082 1873 1185 1928 Vir
1208 1871 1388 1944 igitur
1419 1870 1726 1942 religiosus
1747 1871 2002 1927 domnus

343 1965 702 2030 Willclmus,
730 1981 904 2037 quem
939 1962 1073 2036 pius
1103 1960 1388 2018 Dominus
1421 1959 1685 2016 Ecclesia)
1715 1977 1834 2015 sua:
1863 1959 2001 2016 ﬁliis

347 2062 665 2132 pastorem,
700 2070 764 2110 ac
786 2053 944 2124 juris
973 2069 1094 2107 suae
1124 2050 1269 2123 legis
1304 2054 1750 2124 propagatorem
1782 2051 1998 2106 consti-

341 2148 477 2214 tuit,
512 2145 743 2202 natione
769 2143 1004 2214 quidem
1032 2139 1246 2208 Italus;
1279 2157 1423 2195 avus
1456 2144 1651 2197 tamen
1684 2139 1835 2212 ejus,
1852 2139 1998 2195 Vibo

343 2235 600 2300 nomine,
646 2230 890 2289 militari
941 2229 1232 2286 industria
1281 2227 1496 2294 clarus,
1545 2233 1717 2301 gente
1773 2229 1997 2285 Suevus

340 2326 472 2384 fuit.
504 2323 612 2391 Qui
645 2319 885 2386 scilicet,
917 2321 991 2378 ob
1024 2318 1469 2376 inimicitiarum
1503 2318 1807 2386 ultionem,
1841 2320 1995 2374 nati-

339 2433 471 2472 vam
522 2412 860 2486 relinquens
908 2409 1289 2482 provinciam,
1324 2409 1576 2480 perrexit
1625 2407 1997 2464 habitaturus

340 2503 591 2571 Italiam,
625 2501 823 2574 ibique
863 2500 1093 2572 copiose
1141 2495 1532 2570 locupletatus
1577 2513 1762 2568 opum
1809 2499 1997 2569 gratia

340 2593 583 2650 feliciter
607 2589 784 2662 degit.
804 2587 906 2644 Hic
935 2603 1073 2661 ergo
1097 2587 1321 2642 exstitit
1350 2587 1579 2656 genitor
1609 2586 1994 2660 Rutberti,qui

339 2681 631 2754 accipiens
662 2677 773 2736 sibi
807 2691 1044 2732 uxorem
1072 2693 1141 2732 ex
1177 2675 1694 2748 Longobardorum
1748 2675 1995 2732 nobilio-

341 2771 527 2834 ribus,
560 2767 796 2824 nomine
845 2765 1146 2822 Perinzam
1178 2765 1315 2834 (26),
1349 2779 1497 2836 quae,
1541 2764 1788 2820 fecunda
1835 2764 1994 2836 prole

340 2859 618 2926 ﬁliorum,
650 2855 858 2930 genuit
903 2855 952 2911 ei
999 2853 1174 2909 etiam
1230 2869 1345 2925 prs:
1393 2852 1622 2908 cunctis
1677 2853 1992 2926 optabilem

338 2946 725 3006 Willelmum.
769 2943 1029 3016 Contigit
1082 2958 1337 3016 namque
1390 2943 1499 2999 sub
1557 2941 1685 3014 ipso
1730 2947 1993 3016 tempore

336 3036 498 3096 illius
532 3034 874 3102 nativitatis,
910 3031 1254 3106 Berengario
1305 3032 1823 3106 Langobardorum
1859 3049 1992 3106 rege

2111 1876 2254 1938 tera,
2287 1871 2455 1946 eique
2487 1889 2700 1930 nomen
2724 1872 2934 1930 indixit
2952 1873 3528 1952 Willelmum,quem
3553 1881 3750 1938 scilicet

2109 1961 2486 2034 postmodum
2542 1961 2762 2035 regina,
2797 1963 3010 2036 conjux
3055 1963 3235 2036 illius,
3278 1983 3353 2024 ex
3401 1984 3566 2028 sacro
3613 1971 3748 2028 fonte

2105 2044 2366 2124 suscepit
2392 2050 2786 2124 baptismatis.

2175 2143 2231 2196 3.
2262 2141 2394 2198 Erat
2419 2157 2580 2214 ergo,
2610 2145 2676 2197 ut
2723 2141 2981 2200 diximus
3023 2143 3292 2218 ejusdem
3343 2147 3618 2221 genitrix,
3649 2165 3742 2206 non

2107 2229 2298 2286 solum
2331 2230 2605 2303 prosapia
2629 2229 2972 2296 nobilis,sed
2993 2232 3167 2290 etiam
3192 2250 3434 2294 morum
3465 2236 3742 2296 honestate

2105 2319 2420 2394 praecipua.
2455 2319 2586 2375 Haec
2617 2319 2912 2392 siquidem
2960 2322 3173 2378 referre
3198 2328 3332 2380 erat
3352 2325 3529 2384 solita
3570 2327 3638 2384 de
3662 2342 3739 2383 ea-

2105 2409 2238 2464 dem
2290 2425 2468 2481 puero
2515 2407 2856 2481 huiusmodi
2906 2411 3102 2467 verba.
3136 2435 3165 2462 «
3195 2412 3490 2472 Videbam
3539 2416 3740 2481 me,in~

2104 2498 2333 2570 quiens,
2367 2503 2534 2554 nocte
2584 2498 2840 2571 quadam
2885 2498 3208 2558 dalmatica
3251 2507 3417 2564 veste
3475 2504 3738 2570 indutam,

2103 2588 2423 2660 statimque
2450 2586 2592 2644 solis
2621 2588 2823 2644 radius
2859 2585 3195 2646 illustrabat
3237 2590 3388 2649 mihi
3435 2593 3737 2652 mamillam

2101 2678 2437 2746 dexteram;
2469 2674 2681 2732 dehinc
2712 2693 2845 2732 vero
2871 2684 3272 2752 apparuerunt
3289 2681 3537 2755 quidam
3566 2681 3737 2740 vultus

2100 2771 2368 2839 gerentes
2397 2765 2726 2838 angelicas;
2761 2765 2992 2838 ipsique
3022 2765 3450 2846 ﬁliummeum
3471 2769 3738 2828 mihiabs-

2099 2853 2478 2917 trahentes.al
2488 2854 2605 2910 tius
2635 2854 2950 2912 etlerebant
2968 2856 3246 2914 eumdem
3263 2857 3622 2920 infantulum
3641 2858 3736 2918 els-

2100 2944 2270 3002 ritate
2302 2943 2486 3002 nimia
2512 2943 2962 3002 circumfusum.
2992 2945 3108 3019 Ego
3139 2962 3380 3022 quoque
3427 2949 3548 3009 haec
3576 2947 3733 3006 nimio

2096 3034 2335 3090 intuens
2363 3048 2575 3108 pavore
2607 3031 2933 3105 perterrita,
2967 3033 3050 3091 nil
3080 3032 3240 3092 aliud
3285 3037 3453 3108 quod
3502 3037 3733 3094 dicerem

335 3127 632 3192 defuncto,
665 3129 732 3181 ut
773 3124 920 3222 Otto.
961 3122 1380 3222 imperatorum
1440 3120 1740 3222 maximus
1789 3121 1986 3222 hostili
2018 3152 2062 3222 α
2100 3120 2608 3222 reperiebammisi
2640 3125 2904 3221 tantum:
2930 3121 3354 3222 Sanctayater
3376 3125 3607 3186 Domini
3625 3122 3732 3184 Sal-

333 3233 514 3275 manu
547 3230 781 3272 omnem
811 3211 925 3269 sibi
974 3211 1407 3285 subjugandam
1457 3215 1675 3284 peteret
1722 3211 1986 3282 Italiam;

334 3305 437 3380 qui
491 3303 858 3378 comperiens
913 3299 1176 3374 praedicti
1243 3299 1576 3372 Berengarii
1629 3316 1869 3358 uxorem
1926 3299 1986 3358 in
2053 3351 2058 3358 .

332 3395 628 3469 quoddam
657 3391 1128 3459 castrum,situm
1152 3391 1209 3447 in
1233 3389 1362 3448 lacu
1386 3390 1552 3446 urbis
1571 3389 1828 3446 Novaria
1851 3389 1986 3463 (27),

332 3483 542 3542 fecisse
589 3481 952 3554 confugium,
1002 3483 1179 3552 atque
1225 3496 1362 3536 cum
1411 3495 1481 3535 ea
1529 3477 1684 3535 viros
1729 3495 1984 3552 quorum

334 3571 688 3644 conspiratio
712 3567 941 3625 rebellis
963 3567 1110 3624 foret
1131 3567 1318 3622 eidem
1340 3566 1710 3640 imperatori;
1733 3569 1808 3624 ad
1827 3569 1985 3641 quod

333 3659 492 3716 illico
519 3658 836 3720 divertens,
868 3655 1048 3712 cinxit
1079 3655 1222 3712 illud
1255 3655 1464 3712 ferocis
1493 3655 1796 3712 obsidione
1823 3673 1984 3713 exer-

336 3749 509 3806 citus.
543 3748 682 3803 Erat
721 3746 880 3802 enim
937 3744 1249 3818 praedictus
1302 3744 1617 3801 Rotbertus
1665 3745 1728 3801 in
1781 3747 1985 3804 eodem

331 3842 524 3895 castro
555 3852 688 3892 cum
722 3835 958 3908 propria
986 3851 1161 3891 uxore
1185 3837 1243 3890 et
1272 3832 1493 3900 liberis,
1521 3834 1615 3890 cui
1648 3834 1824 3892 etiam
1853 3835 1984 3908 qui-

329 3943 446 4000 que
471 3925 711 3984 illorum
741 3941 875 3980 cum
907 3941 1016 3980 sua
1039 3923 1283 3980 domina
1307 3939 1508 3980 curam
1535 3927 1711 3996 atque
1739 3923 1983 3982 tutelam

330 4015 748 4074 commiserant
773 4013 888 4070 sui.
909 4014 1176 4086 Cumque
1208 4013 1431 4069 diutius
1461 4013 1533 4070 ab
1564 4014 1831 4086 utrisque
1860 4031 1986 4086 par-

327 4105 489 4162 tibus
518 4103 806 4161 acerrime
829 4103 1194 4160 decertatum
1227 4102 1458 4171 fuisset,
1472 4119 1718 4160 cernens
1741 4103 1986 4176 impera-

328 4199 420 4252 tor
441 4191 662 4252 dill‘en'i
691 4191 804 4249 sibi
829 4192 1392 4259 victoriam,tentans
1422 4190 1834 4264 largitionibus
1853 4209 1982 4249 mu-

327 4299 533 4348 nerum
557 4281 712 4342 clam
733 4281 1026 4338 inflectere
1047 4296 1287 4337 suorum
1313 4279 1573 4337 hostium
1595 4280 1939 4353 signiferum
1967 4298 1981 4338 :

323 4389 466 4430 nam
497 4371 814 4446 spopondit
843 4370 894 4428 ei
927 4386 1062 4428 cum
1095 4369 1368 4426 maximis
1396 4370 1570 4427 donis
1617 4370 1795 4427 etiam
1823 4371 1982 4444 apud

320 4462 752 4520 sublimitatem
781 4475 952 4516 suam
987 4459 1353 4516 celsitudinis
1392 4458 1609 4525 locum,
1634 4459 1688 4516 si
1713 4476 1857 4517 suos
1881 4460 1981 4517 de-

2101 3211 2338 3279 vatoris,
2373 3211 2479 3268 tibi
2505 3208 2836 3278 committo,
2866 3211 3098 3270 custodi
3127 3211 3320 3272 illum.
3357 3237 3386 3266 η

2169 3301 2222 3356 4.
2252 3303 2364 3360 Deo
2391 3301 2682 3357 devoretur
2708 3317 2743 3357 a
2769 3301 3111 3372 parentibtu.
3141 3305 3207 3358 In
3255 3304 3586 3362 masta-io
3613 3318 3732 3360 eru-

2095 3389 2472 3448 ditum—Alia
2499 3405 2756 3462 namque
2785 3386 3063 3462 perplura
3087 3389 3296 3464 optimi
3325 3388 3734 3468 praesagiqu

2096 3496 2204 3536 nos
2253 3478 2553 3536 fastidium
2599 3478 2855 3536 vitantes
2896 3478 3232 3548 reticemus,
3259 3481 3734 3555 conspicabantur

2096 3568 2155 3624 in
2188 3567 2308 3624 illo.
2341 3567 2488 3624 Nam
2516 3571 2576 3623 et
2599 3565 2880 3624 habitudo
2910 3566 3236 3626 tenerrima;
3266 3569 3560 3629 etatisita
3583 3563 3732 3626 dissi-

2097 3657 2254 3714 milis
2281 3656 2591 3714 videbatur
2620 3659 2984 3723 ceterorum,
3008 3661 3074 3713 ut
3100 3656 3353 3716 nimium
3383 3643 3730 3718 admirabilis

2094 3745 2429 3804 haberetur.
2454 3744 2766 3817 Propterea
2792 3749 3038 3818 uterque
3064 3762 3278 3820 parens
3310 3763 3432 3805 uno
3461 3760 3730 3808 consensu

2094 3851 2162 3892 ac
2190 3833 2508 3904 voluntate,
2540 3849 2676 3892 cum
2706 3849 2950 3892 suorum
2982 3834 3248 3894 omnium
3287 3821 3590 3894 favorabili
3609 3833 3730 3896 hor-

2094 3927 2244 3992 tatu,
2277 3922 2506 3980 Christo
2537 3921 2784 3979 Domino
2814 3937 3019 3980 vovere
3041 3921 3296 3994 illum,in
3318 3925 3450 3998 ejus
3471 3924 3640 3985 domo
3659 3937 3735 3985 es-

2094 4013 2263 4072 sidue
2292 4010 2976 4070 serviturumDuxerunt
3002 4016 3204 4072 autem
3233 4011 3566 4081 illum,cum
3584 4013 3732 4086 esset

2094 4103 2212 4160 fere
2243 4099 2564 4174 septennis,
2595 4099 2670 4156 ad
2697 4101 3126 4158 monasterium
3153 4105 3372 4160 sanctae
3400 4100 3730 4164 Mariusau-

2093 4191 2266 4263 tique,
2285 4187 2624 4262 archangeli
2655 4187 2956 4246 Michaelis
2985 4187 3050 4246 in
3078 4188 3299 4248 honore
3325 4193 3730 4255 sacratum.no-

2092 4279 2251 4336 mine
2282 4273 2620 4343 Luciacum,
2650 4275 2710 4334 in
2741 4291 2858 4348 quo
2885 4276 3066 4336 etiam
3096 4277 3427 4338 veneranda
3453 4271 3730 4338 habentur

2091 4384 2228 4426 ossa
2257 4365 2412 4426 beati
2441 4365 2716 4440 martyris
2743 4364 3048 4426 Januarii:
3081 4365 3304 4440 ibique,
3323 4367 3495 4442 juxta
3523 4376 3729 4426 morem

2091 4473 2311 4517 normis
2342 4453 2790 4530 regilarismnm
2819 4453 3012 4528 ipsius
3029 4454 3142 4512 loci
3165 4455 3361 4515 abbati
3385 4448 3724 4516 obtulerunt-

321 4569 526 4612 serens
551 4549 714 4608 illius
742 4550 894 4622 parti
917 4550 1156 4606 faveret.
1173 4547 1278 4605 llle
1304 4564 1438 4606 vero
1468 4523 1712 4606 minime
1743 4549 1978 4622 aequis-
2010 4523 2056 4590 Ῑ)
2089 4523 2598 4614 Qui,satisdevote
2617 4541 2786 4603 illum
2807 4523 3361 4626 sbscipiens,‘sacra
3384 4529 3725 4626 monachalis

323 4641 424 4710 vit,
457 4643 664 4714 utpote
703 4638 873 4699 miles
921 4638 1250 4711 adjuratus,
1283 4638 1644 4710 respondens
1671 4637 1784 4693 sibi
1810 4642 1978 4711 opta-

323 4729 592 4790 biliomm
623 4728 744 4786 fore
774 4727 994 4800 proprii
1017 4726 1326 4783 interitum
1355 4726 1640 4800 corporis,
1671 4742 1854 4798 quam
1883 4744 1978 4784 sa-

321 4816 642 4877 cramentis
673 4820 912 4874 asserta:
944 4815 1077 4873 ﬁdei
1127 4815 1388 4873 desertor
1431 4814 1653 4872 haberi.
1689 4816 1830 4871 Post
1860 4814 1978 4872 alio

322 4912 467 4980 quot
506 4924 641 4966 vero
683 4905 833 4975 dies,
865 4904 1066 4964 habito
1114 4903 1363 4964 invicem
1406 4902 1570 4976 pacis
1614 4903 1886 4974 consilio,
1915 4904 1976 4962 in

323 4996 680 5060 deditionem
710 4995 894 5068 gratis
923 4996 1206 5053 devenere
1236 4993 1808 5067 imperatoris.Tnnc
1834 5010 1978 5067 qum

323 5100 438 5155 que
467 5083 654 5140 isdem
706 5083 1041 5151 Rotbertus,
1073 5086 1140 5139 ut
1179 5087 1305 5139 erat
1334 5083 1422 5138 vir
1451 5083 1710 5155 prudens
1735 5099 1801 5138 ac
1832 5087 1975 5140 stre-

325 5188 503 5236 nuus,
532 5170 827 5244 suggessit
857 5172 1192 5244 imperatori
1223 5173 1289 5228 ut
1321 5173 1720 5244 ﬁlium,quem
1750 5171 1800 5228 ei
1832 5179 1979 5228 uxor

313 5275 434 5314 sua
459 5257 614 5313 intra
641 5256 829 5330 ipsius
858 5260 1222 5317 obsidionem
1254 5260 1430 5317 castri
1469 5264 1790 5334 pepererat,
1821 5266 1976 5317 cate-

324 5345 682 5402 chumenum
711 5345 832 5400 ﬁeri
853 5362 956 5416 per
975 5364 1214 5404 manum
1236 5347 1598 5429 imperiale
1617 5347 1973 5424 pitecxieret.

324 5433 487 5500 Quod
518 5431 615 5488 ille
645 5431 1032 5491 libentissime
1064 5453 1350 5505 annuens,
1385 5443 1450 5494 ut
1480 5438 1740 5495 monitus
1789 5439 1978 5494 fuerat

395 5573 508 5645 (26)
539 5575 681 5645 Ejus
706 5572 906 5645 obitus
937 5575 1010 5630 ad
1043 5577 1333 5636 Kalendas
1363 5578 1702 5636 Novembris
1741 5582 1979 5635 notatur

319 5642 383 5716 in
404 5641 755 5716 ‘Necrclogio
787 5643 847 5699 S.
876 5646 1149 5704 Germani
1181 5665 1216 5705 a
1245 5649 1552 5716 Pratis,his
1573 5650 1765 5706 verbis
1790 5667 1803 5704 :
1829 5651 1979 5706 Obiit

319 5711 567 5782 Parente
609 5711 796 5770 uestra
849 5718 1049 5790 mica,
1080 5729 1258 5778 Mater
1309 5711 1499 5776 damni
1553 5722 1821 5779 Wdtetmi
1873 5722 1976 5778 αὐδ-

2090 4633 2390 4708 religionis
2414 4631 2591 4692 etiam
2616 4636 2774 4692 veste
2801 4619 3127 4692 induit.Hic
3163 4639 3375 4708 nempe
3422 4619 3660 4694 tradidit
3679 4625 3726 4683 ei

2089 4723 2312 4798 primos
2339 4721 2671 4780 litterarum
2699 4721 2918 4796 apices,
2949 4726 3127 4800 atque
3169 4721 3422 4794 hujusce
3465 4715 3724 4780 custodis

2086 4811 2315 4872 addidit
2341 4812 2974 4886 praceptorum-cujus
3004 4811 3270 4872 animum
3297 4817 3505 4888 stupor
3531 4803 3724 4888 invasit

2087 4884 2642 4974 nimiusrquoniam
2699 4884 2976 4962 velocitas
3025 4917 3238 4960 sensus
3280 4884 3722 4958 sibivcemmissi

2085 4988 2252 5062 pueri
2281 4985 2356 5046 ad
2387 4991 2612 5044 tantam
2637 4987 2985 5062 proﬁciebat
3009 4988 3444 5070 indaginemwt
3468 4985 3722 5049 universa

2087 5073 2349 5152 priorum
2367 5075 2964 5134 conscholasticorum
2981 5075 3179 5134 studia
3193 5078 3251 5133 in
3274 5077 3430 5134 brevi
3448 5081 3721 5132 transcen-

2087 5168 2251 5224 deret
2271 5166 2734 5239 spattomroinde
2749 5165 2814 5222 in
2825 5166 3222 5224 admiratione
3233 5160 3716 5232 nenmcdicajam

2087 5260 2226 5313 tunc
2248 5259 2370 5313 tam
2391 5255 2587 5312 abbati
2610 5272 2788 5329 quam
2807 5255 3086 5312 fratribus
3133 5254 3357 5312 ceteris
3391 5251 3714 5311 habebatur.

2146 5347 2211 5402 ὖ.
2243 5341 2526 5408 Priamea
2551 5345 2615 5402 in
2637 5345 2828 5403 "dno
2858 5344 3212 5401 monasterio
3259 5343 3522 5418 quedam
3558 5350 3712 5397 anus.

2086 5435 2258 5509 cujus
2287 5439 2412 5491 erat
2442 5432 2693 5491 maritus
2713 5421 2842 5506 jam
2873 5431 3090 5505 senior,
3121 5447 3447 5506 congruum
3483 5423 3716 5486 habebat

2089 5579 2270 5720 θαέξὲ)
2299 5643 2437 5704 Ama
2457 5646 2750 5706 editiones
2776 5646 3032 5714 Nam,
3058 5645 3360 5704 madeas.
