4938 6406
690 443 811 511 ’709

1847 438 2031 504 VITA
2075 441 2141 505 S.
2189 439 2612 508 GUILLELMI
2656 442 2948 510 DIVION.

3964 455 4087 519 ’710

692 577 827 630 dem
857 571 1038 645 patris
1069 571 1287 661 dequo
1333 587 1524 629 sermo
1572 575 1660 627 est
1710 574 2008 629 exstiterat
2057 576 2337 631 afﬁnitate
2367 580 2418 646 Α
2451 579 2621 634 nobia
2652 580 2759 635 sibi
2795 581 3111 637 commissa
3150 583 3596 653 conﬂuentibus,
3630 587 3941 659 nullusque
3986 589 4086 661 qui

710 662 1083 736 propinquus,
1117 659 1245 731 ipso
1277 660 1444 717 Patre
1474 666 1773 734 praesente,
1797 662 2149 736 colloquium
2182 665 2341 737 pacis

700 748 1088 806 haberet.Post
1120 751 1327 804 cetera
1356 748 1501 804 dixit
1527 748 1738 823 praesul
1768 750 1828 805 in
1859 768 1998 807 aure
2029 753 2244 820 comiti,
2277 756 2343 807 ut

699 836 906 903 abbati,
938 839 1141 908 utpote
1173 836 1504 910 propinquo
1535 836 1756 893 scilicet
1779 838 2121 906 suo,leniter
2140 856 2342 914 sugge-

700 929 843 983 reret
883 928 967 990 ut,
996 923 1309 980 elationem
1360 942 1432 981 ne
1481 926 1627 982 forte
1670 943 1774 998 pro
1822 926 2105 984 virtutum
2154 929 2362 1001 gratia

696 1013 777 1070 vel
800 1029 993 1068 rerum
1023 1011 1195 1084 copia
1225 1013 1568 1086 surriperet,
1605 1018 1848 1070 caveret.
1866 1013 1967 1069 Ille
1997 1032 2341 1087 quoquere-

693 1105 947 1158 verenter
988 1100 1295 1167 accedens,
1328 1101 1475 1155 dixit
1522 1104 1590 1156 ut
1633 1102 1893 1158 monitus
1937 1103 2143 1158 fuerat.
2177 1105 2340 1160 Tunc

695 1194 854 1264 pater
881 1186 1217 1244 Willelmus
1245 1188 1407 1244 vultu
1440 1188 1617 1245 alacri
1645 1191 1831 1246 eidem
1891 1191 2089 1247 comiti
2131 1191 2338 1263 hujus-

695 1277 842 1335 modi
872 1292 1224 1349 responsum
1256 1275 1537 1349 protulit:
1570 1278 1652 1347 Si,
1684 1278 1976 1350 inquiens,
1994 1296 2338 1352 cognoscere

694 1371 882 1440 potero
911 1364 1069 1437 quod
1089 1370 1476 1438 augmentum
1507 1371 1869 1422 terrenarum
1905 1383 2079 1439 opum
2101 1367 2186 1423 vel
2211 1385 2339 1440 pos-

702 1453 1024 1512 sessionum
1055 1452 1236 1509 unius
1265 1458 1494 1509 tantum
1521 1454 1634 1510 diei
1658 1459 1867 1511 nostra:
1885 1456 2014 1510 vitae
2037 1457 2338 1527 protrahat

698 1541 1315 1615 spatium,persuaderi
1338 1558 1453 1597 non
1481 1542 1625 1598 mihi
1648 1546 1837 1615 potest
1858 1543 1997 1616 quin
2021 1544 2091 1598 ad
2125 1544 2334 1599 horum

700 1628 933 1686 extollar
960 1629 1413 1686 incrementum.
1445 1630 1562 1686 Hoc
1610 1636 1801 1687 autem
1850 1648 2163 1703 repensum
2193 1632 2333 1686 dum

691 1734 877 1775 comes
906 1716 1210 1774 retulisset
1255 1718 1548 1791 episcopo,
1584 1719 1857 1775 admirati
1906 1724 2046 1777 sunt
2092 1726 2336 1791 uterque

691 1806 809 1876 ejus
832 1806 1570 1879 prudentiam,pariterque
1591 1807 1763 1863 laetati
1788 1813 2021 1882 propter
2051 1808 2334 1865 humilem

690 1893 839 1949 illius
870 1885 1243 1966 sapientiam.

756 1984 839 2038 13.
872 1982 1199 2040 Monasterio
1228 1985 1597 2040 Fiscamnensi
1620 1987 2022 2055 prae/icitur.—
2050 1986 2195 2041 Cum
2226 1986 2332 2058 igi-

687 2074 777 2125 tur
800 2069 955 2126 fama
1005 2071 1341 2127 sanctitatis
1389 2071 1548 2127 illius
1591 2073 1718 2143 jam
1769 2072 1943 2128 latius
1992 2074 2330 2141 deferretur,

686 2158 1152 2215 Normannorum
1175 2160 1293 2215 dux
1314 2159 1661 2215 venerabilis
1683 2159 1843 2216 illam
1867 2162 2227 2233 comperiens
2244 2160 2335 2215 Ri-

687 2245 1125 2313 cbardus,misit
1155 2249 1226 2303 ad
1259 2264 1416 2315 eum,
1450 2252 1774 2304 reverenter
1803 2248 2139 2321 supplicans
2170 2253 2232 2303 ut
2260 2251 2330 2304 ad

685 2351 742 2391 se
769 2335 1009 2391 veniret.
1042 2335 1154 2399 Qui
1185 2337 1423 2391 tandem
1453 2335 1720 2402 libenter,
1754 2341 1817 2391 ut
1848 2340 2088 2408 rogatus
2125 2337 2331 2401 fuerat,

684 2439 921 2497 pergens
950 2423 1113 2479 venit
1146 2424 1217 2479 ad
1251 2440 1420 2492 eum;
1458 2441 1492 2480 a
1521 2441 1636 2496 quo
1668 2424 2042 2491 etiam,sicuti
2073 2425 2330 2492 decebat,

679 2511 991 2568 honoriﬁce
1031 2516 1349 2584 susceptus
1399 2520 1505 2567 est.
1532 2512 1713 2583 Cujus
1762 2512 2151 2568 sanctissimis
2199 2529 2331 2568 cum

682 2604 988 2665 recreatus,
1020 2604 1086 2655 ut
1121 2604 1248 2656 erat
1279 2599 1458 2654 totius
1500 2599 1635 2655 boni
1685 2605 1931 2670 amator,
1965 2601 2082 2656 dux
2129 2601 2335 2656 fuisset

679 2687 1270 2760 eloquiis,obsecrans
1300 2687 1472 2743 illum
1506 2693 1570 2743 ut
1600 2688 1906 2744 ecclesiam
1939 2695 2151 2745 sanctae
2177 2689 2336 2746 etin-

681 2776 919 2831 dividua:
948 2777 1259 2832 Trinitatis
1290 2776 1511 2833 nomini
1534 2782 1590 2833 et
1610 2776 1820 2832 honori
1841 2778 2181 2843 dicatam,in
2211 2776 2333 2833 loco

681 2864 1075 2919 Fiscamnensi
1110 2869 1498 2937 cognomento
1530 2865 1855 2937 antiquitus
1878 2869 2335 2931 constructam,a

670 2968 780 3007 suo
806 2957 1005 3008 tamen
1039 2958 1212 3025 patre
1245 2953 1533 3008 Richardo
1565 2952 2044 3009 honorificentius
2065 2954 2336 3008 reforma-

683 3041 1036 3108 tam,ordine
1068 3040 1496 3096 monachorum
1527 3041 1853 3113 suscipiens
1883 3041 2335 3096 decoraret.Erat

681 3129 833 3183 enim
864 3127 986 3184 illic
1018 3144 1187 3184 more
1209 3129 1405 3184 vivens
1436 3128 1817 3201 carnali,jugo
1848 3128 2040 3183 soluta
2060 3128 2331 3201 regulari,

678 3216 1023 3273 clericorum
1055 3217 1203 3274 levis
1250 3216 1530 3273 conciola.
1565 3216 1819 3272 Cernens
1868 3216 2117 3289 denique
2163 3219 2334 3273 Pater

680 3304 1009 3361 Willelmus
1042 3304 1210 3361 illius
1231 3305 1411 3360 animi
1437 3304 1796 3360 devotionem
1824 3305 2094 3376 promisit
2114 3322 2175 3361 se
2195 3322 2327 3392 cum
2359 3291 2400 3357 C

680 3392 775 3448 Dei
806 3393 1114 3465 adjutorio
1142 3393 1289 3449 illud
1322 3393 1477 3465 quod
1511 3393 1787 3465 poscebat
1818 3393 2333 3465 impleturum.Qui

673 3482 890 3553 pariter
910 3482 1218 3539 venientes
1240 3482 1311 3538 ad
1337 3482 1677 3554 praedictum
1699 3480 2061 3548 locum,satis
2083 3482 2334 3538 sublime

670 3585 734 3625 ac
762 3570 1121 3627 solemniter
1144 3570 1441 3627 commisit
1460 3570 1511 3625 ei
1534 3569 1721 3625 isdem
1743 3571 1860 3625 dux
1880 3586 2014 3626 cum
2038 3570 2333 3643 aliquibus

671 3658 959 3731 episcopis
992 3657 1330 3715 dominium
1357 3662 1415 3713 et
1441 3674 1643 3714 curam
1677 3658 1978 3729 regiminis
1999 3659 2178 3715 totius
2199 3658 2330 3714 loci.

676 3746 822 3802 Tum
852 3747 944 3802 vir
975 3746 1216 3803 Domini
1250 3746 1619 3819 congregavit
1648 3746 1863 3801 ibidem
1914 3746 2332 3802 monachorum

668 3834 1000 3907 regularem
1028 3840 1350 3901 catervam,
1383 3835 1465 3890 ita
1494 3833 1761 3891 videlicet
1780 3836 2044 3905 personis
2071 3850 2336 3890 numero.

664 3937 787 3978 sam
820 3940 890 3979 ac
918 3924 1220 3979 bonorum
1273 3923 1487 3978 studiis
1535 3921 1851 3995 copiosam,
1885 3927 1954 3978 ut
2000 3922 2212 3994 triplici
2242 3922 2333 3979 sui

664 4026 912 4067 numero
946 4010 1384 4083 praeteritorum
1417 4026 1730 4066 numerum
1764 4010 2067 4066 excelleret
2096 4010 2333 4067 clerico-

667 4114 817 4157 rum.
853 4100 1028 4166 Quod
1095 4115 1342 4156 cernens
1382 4100 1509 4171 jam
1558 4097 1749 4154 dictus
1797 4099 2085 4171 princeps,
2118 4098 2334 4155 multo-

660 4203 788 4242 rum
805 4189 1112 4245 donorum
1134 4204 1200 4243 ac
1218 4188 1656 4259 possessionum
1674 4186 2082 4258 largitionibus
2095 4186 2335 4260 amplia-

659 4275 743 4329 vit
770 4275 1000 4331 locum.
1038 4275 1273 4331 Monuit
1303 4275 1476 4331 etiam
1512 4279 1631 4331 tam
1664 4275 1930 4331 abbatem
1962 4292 2141 4346 quam
2172 4281 2333 4354 caete-

656 4378 752 4418 ros
786 4366 1011 4420 fratres
1046 4363 1267 4438 saepius
1297 4367 1364 4418 ut
1392 4363 1464 4418 ab
1490 4361 1588 4418 illo
1610 4367 1869 4434 peterent
1891 4362 2172 4435 quidquid
2195 4380 2330 4420 suo-

659 4466 790 4507 rum
820 4452 1078 4508 utilitati
1110 4451 1379 4524 expedire
1420 4456 1678 4518 nossent,
1712 4454 1909 4523 utpote
1957 4451 2233 4523 quoniam
2261 4453 2331 4508 de

656 4538 764 4594 hac
795 4543 859 4597 re
890 4540 1236 4597 secundum
1267 4540 1411 4596 velle
1442 4544 1782 4612 provenerat
1810 4539 1859 4595 ei
1891 4544 1948 4594 et
1976 4556 2166 4611 posse.

720 4631 808 4684 14.
845 4629 1090 4687 Scholas
1121 4630 1200 4685 ibi
1230 4629 1791 4716 instituta—Interea
1815 4628 2321 4716 cernensvigilan-
2348 4652 2394 4716 Β

649 4717 929 4773 tissimus
962 4718 1146 4774 Pater
1174 4717 1454 4789 quoniam
1486 4734 1602 4773 non
1634 4715 1825 4773 solum
1856 4715 1953 4772 illo
1985 4716 2043 4771 in
2065 4715 2315 4785 loco,sed

645 4804 825 4861 etiam
845 4821 961 4878 per
974 4809 1171 4862 totam
1196 4805 1550 4877 provinciam
1572 4804 1862 4874 illam,nec
1884 4821 2000 4860 non
2022 4821 2125 4877 per
2146 4809 2323 4861 totam

641 4892 926 4963 Galliam,
950 4894 1019 4951 in
1055 4894 1299 4967 plebeiis
1330 4894 1583 4950 maxime
1614 4893 1917 4949 scientiam
1951 4892 2235 4966 psallendi
2256 4911 2323 4949 ac

639 4980 875 5056 legendi
900 4983 1025 5039 defi
1035 4998 1165 5040 cere
1189 4985 1245 5040 et
1261 4982 1552 5039 annullari
1571 4981 2077 5053 clericis,instituit
2091 4982 2320 5059 schplas

639 5072 791 5128 sacri
825 5071 1185 5141 ministerii,
1221 5072 1437 5143 quibus
1468 5087 1574 5144 pro
1604 5071 1701 5127 Dei
1731 5086 1929 5127 amore
1977 5071 2199 5127 assidui
2231 5073 2319 5127 in-

637 5164 866 5216 starent
916 5160 1145 5216 fratres
1194 5160 1373 5231 hujus
1427 5159 1603 5215 ofﬁcii
1663 5159 1839 5227 docti,
1871 5159 1971 5215 ubi
2028 5158 2318 5231 siquidem

633 5249 819 5319 gratis
845 5247 1184 5321 largiretur
1202 5249 1432 5304 cunctis
1452 5247 1727 5305 doctrinae
1748 5247 2099 5303 beneficium
2119 5248 2188 5304 ad
2214 5264 2317 5303 caa-

634 5354 818 5425 cuiiet
851 5353 1181 5424 Besuensi,
1212 5350 1663 5425 Fructuariensi,
1697 5352 1943 5425 aliisque
1963 5352 2106 5410 locis
2135 5353 2317 5425 sacris

631 5424 820 5481 multa
854 5427 1029 5481 bona
1062 5424 1489 5480 contulit.0biit
1514 5441 1666 5479 anno
1699 5424 1929 5480 1027.1n
1962 5424 2316 5480 monasterio

631 5497 818 5567 sancti
853 5495 1122 5567 Benigni
1155 5494 1482 5550 tumulatus
1512 5500 1622 5550 est.
1655 5495 1761 5558 Qui
1788 5496 2319 5567 promeruimnquit

631 5511 818 5551 sancti
853 5511 1009 5552 nem
1062 5512 1122 5549 n1
1155 5511 1482 5550 tumulatus
1512 5511 1622 5550 est.
1655 5511 1761 5558 υυι
1788 5511 2314 5567 promeruu,mqun

628 5511 1165 5641 chronograpius,
1197 5574 1259 5641 ut
1287 5582 1496 5638 semper
1522 5567 1786 5621 memoria
1815 5567 1988 5637 ipsius
2017 5570 2218 5636 agatur
2246 5567 2314 5620 ab

622 5637 791 5710 hujus
825 5636 949 5710 1662f
959 5636 1297 5710 jnouaghz's.

693 5706 814 5791 (32)
845 5707 1109 5767 Scilicet
1135 5706 1287 5765 libro
1310 5722 1329 5763 ι
1352 5710 1429 5764 De
1448 5706 1636 5787 gloria
1660 5708 2201 5787 martyrum,eapite
2218 5707 2310 5769 51.

2364 1932 2411 1996 Β

2447 668 2516 722 ad
2549 667 2669 722 haec
2696 668 2865 724 vellet
2903 670 3176 726 accedere
3220 671 3629 743 prohiberetur
3660 692 3672 729 :
3708 675 3847 746 quin
3895 677 4089 747 potius

2447 758 2568 809 tam
2601 756 2781 811 servis
2811 772 2989 828 quam
3014 755 3517 826 liberis,divitibus
3547 777 3681 816 cum
3712 761 3927 833 egenis,
3958 763 4089 818 uni-

2446 841 2629 897 forme
2656 843 2960 900 cbaritatis
2990 844 3426 918 impenderetur
3445 849 4089 906 documentum.Plures

2446 930 2621 985 etiam
2653 946 2721 985 ex
2749 931 2913 1003 ipsis,
2947 948 3015 988 ex
3049 934 3349 999 coenobiis,
3375 939 3574 1008 utpote
3618 953 3813 992 rerum
3864 941 4087 1010 tenues,

2447 1016 2806 1089 accipiebant
2828 1020 3068 1075 victum.
3099 1022 3181 1077 Ex
3209 1022 3424 1093 quibus
3454 1039 3685 1095 quoque
3733 1024 3998 1081 nonnulli
4029 1026 4088 1081 in

2445 1109 2657 1161 sancta;
2697 1109 3147 1167 conversationis
3191 1111 3610 1167 monachorum
3656 1113 3933 1169 devenere
3982 1113 4089 1170 ha-

2446 1192 2655 1249 bitum.
2688 1194 2867 1266 Cujus
2892 1197 3144 1268 denique
3191 1197 3577 1255 institutionis
3624 1199 3790 1256 labor
3835 1201 4087 1257 nimium

2446 1280 2761 1353 optabilem
2793 1283 3037 1340 diversis
3067 1285 3324 1342 ecclesiis
3353 1286 3597 1343 contulit
3634 1289 3907 1345 fructum.
3940 1290 4087 1346 Nam

2444 1369 2841 1441 przefatum,ut
2869 1372 3059 1429 dicere
3089 1391 3468 1446 cmperamus,
3488 1375 3679 1431 locum
3710 1377 3902 1433 taliter
3928 1377 4086 1434 clau-

2446 1458 2583 1512 stris
2616 1462 2788 1530 atque
2819 1459 3069 1515 ofﬁcinis
3120 1462 3502 1534 regularibus,
3538 1465 3875 1536 caaterisque
3904 1467 4086 1522 bono-

2444 1561 2575 1600 rum
2607 1546 2788 1618 copiis
2819 1548 3143 1615 adornavit,
3178 1555 3243 1605 ut
3272 1568 3385 1622 prae
3417 1552 3638 1606 caneris
3667 1552 3823 1609 illius
3850 1554 4085 1626 provin-

2445 1632 2545 1687 ciae
2574 1633 2835 1689 felicibus
2868 1651 3100 1707 semper
3129 1637 3330 1691 floreat
3359 1638 3751 1694 incrementis.

2517 1723 2602 1777 15.
2636 1724 2912 1793 Templum
2957 1725 3013 1779 S.
3059 1726 3296 1793 Benigm'
3349 1734 3639 1782 restaurat.
3690 1728 3854 1799 Cujus
3909 1732 4089 1800 sepul-

2442 1824 2596 1864 crum
2618 1810 2907 1879 detegz't.——
2929 1812 3184 1884 Contigit
3214 1829 3351 1885 ergo
3380 1816 3755 1885 postmodum
3799 1822 4088 1889 quatenus

2443 1914 2578 1969 pars
2607 1898 2859 1954 ecclesias
2907 1900 3062 1956 beati
3106 1902 3371 1973 marty.is
3412 1902 3674 1975 Benigni,
3707 1904 3821 1973 cui,
3855 1911 4089 1962 auctore

2442 1984 2580 2050 Deo,
2611 1984 2884 2057 primitus
2916 1992 3079 2059 pater
3108 1988 3281 2044 datus
3313 1990 3523 2055 fuerat,
3548 1991 3776 2047 ruinam
3811 2009 4087 2050 corruens

2443 2074 2625 2128 daret.
2661 2074 2844 2138 Quam
2876 2091 3008 2130 eum
3042 2076 3355 2133 reformare
3396 2084 3673 2150 cuperent
3703 2080 3951 2137 artiﬁces
3981 2098 4088 2136 ca-

2443 2161 3057 2233 mentarii,graviorem
3093 2181 3199 2235 par
3226 2166 3427 2220 eadem
3461 2167 3622 2222 dedit
3652 2168 3904 2225 ruinam.
3927 2169 4086 2233 Quod

2442 2265 2684 2304 cernens
2716 2249 2802 2304 vir
2820 2250 2935 2305 Deo
2961 2251 3511 2319 devotus,intellexit
3530 2255 3807 2311 divinitus
3829 2256 3941 2312 sibi
3964 2258 4088 2313 dari

2442 2337 2720 2392 indicium
2755 2339 2906 2408 quod
2936 2342 3121 2393 totum
3155 2357 3188 2394 a
3220 2340 3614 2397 fundamentis
3660 2345 3918 2400 renovari
3951 2362 4087 2401 con-

2440 2425 2660 2483 veniret
2690 2425 2996 2498 templum.
3031 2427 3303 2500 Illicoque
3346 2447 3578 2486 summo
3610 2431 3821 2488 mentis
3853 2433 4086 2506 ingenio

2441 2513 2613 2585 cmpit
2642 2513 2826 2584 ipsius
2858 2514 3109 2571 ecclesiae
3143 2517 3522 2572 reformandas
3574 2519 3886 2575 mirificum
3916 2538 4086 2577 cons-

2441 2606 2633 2656 truere
2664 2608 3005 2675 apparatum
3033 2620 3045 2658 :
3074 2621 3247 2675 quam
3279 2606 3527 2678 denique
3555 2624 3687 2662 cum
3720 2608 3986 2680 cmpisset
4007 2627 4089 2665 re-

2443 2690 2727 2745 mdificare
2767 2691 3050 2762 positione
3102 2693 3376 2760 mirabili,
3408 2694 3572 2750 valde
3622 2695 3880 2767 longiore
3907 2714 3974 2753 ac
4003 2697 4086 2752 la-

2443 2778 2588 2832 tione
2618 2796 2796 2849 quam
2827 2780 3047 2846 fuerat;
3079 2780 3314 2851 ignotus
3337 2785 3530 2837 tamen
3552 2788 3675 2838 erat
3696 2784 3985 2840 universis
4005 2785 4087 2841 lo-

2442 2865 2624 2921 cellus
2657 2878 2771 2938 quo
2804 2867 3039 2938 pretiosi
3073 2869 3347 2942 martyris
3377 2872 3640 2926 membra
3669 2872 4090 2929 claudebantur

2444 2955 2706 3026 Benigni,
2740 2956 2878 3025 quia
2910 2956 3107 3011 solerti
3139 2974 3279 3013 cura
3302 2958 3498 3014 taliter
3525 2960 3852 3031 antiquitus
3898 2962 4090 3018 fuerat

2442 3043 2798 3110 reconditus,
2830 3047 2893 3097 ut
2922 3043 3020 3098 illo
3057 3045 3405 3100 fiducialiter
3452 3052 3825 3104 veneraretur
3870 3054 4089 3122 martyr

2442 3146 2545 3200 per
2572 3131 2882 3199 acvum,ubi
2911 3131 3057 3187 felici
3091 3137 3275 3189 morte
3305 3134 3577 3189 occubuit
3605 3140 3842 3207 propter
3860 3136 4044 3192 Deum
4070 3155 4083 3192 :

2443 3219 2542 3272 sed
2574 3235 2607 3272 a
2633 3219 2986 3289 quibusdam
3019 3218 3268 3276 incautis
3298 3222 3600 3277 dicebatur
3642 3224 3815 3283 etiam
3862 3224 3941 3279 ibi
3969 3239 4085 3279 non

2440 3304 2660 3361 haberi.
2694 3300 2874 3377 Cujus
2921 3307 3205 3379 ignoratio
3255 3309 3335 3363 rei
3383 3309 3631 3365 nimium
3681 3311 4087 3367 mcestificabat

2442 3395 2705 3449 animum
2737 3395 2923 3450 Patris
2951 3395 3388 3452 Willelmi.Tali
3412 3413 3641 3469 quoque
3667 3399 3894 3454 defectu
3916 3398 4084 3454 anxio

2442 3482 2758 3538 revelatum
2791 3488 2880 3539 est
2908 3484 3127 3540 visione
3157 3484 3549 3556 pulcherrima
3596 3502 3697 3558 per
3736 3487 3934 3559 ipsum
3979 3487 4081 3545 Dei

2443 3576 2756 3643 martyrem
2788 3572 2971 3643 ipsius
3001 3572 3337 3629 honorabile
3368 3574 3721 3646 sepulcrum.
3742 3576 3879 3631 Erat
3905 3576 4082 3644 enim,

2443 3664 2508 3715 ut
2523 3660 2728 3716 beatus
2747 3661 3062 3717 multorum
3081 3667 3416 3718 sanctorum
3438 3663 3762 3735 descriptor
3783 3663 4087 3719 miraculo-

2443 3764 2572 3802 rum
2597 3747 2910 3819 Gregorius
2932 3750 3299 3821 Turonorum
3321 3750 3577 3822 pontifex
3597 3753 3771 3807 refert
3791 3752 3921 3825 (32),
3956 3770 4085 3825 per-

2443 3835 2684 3908 grandis
2705 3853 2838 3891 arca
2858 3836 3068 3908 lapidei
3091 3839 3435 3910 sarcophagi
3457 3841 3762 3896 continens
3785 3840 4084 3896 illum.Pro

2442 3924 2611 3995 cujus
2625 3924 2751 3995 (rei)
2766 3924 3167 3980 incredulitate
3187 3931 3385 3981 narrat
3406 3927 3557 3982 idem
3582 3933 3823 3983 sanctus
3835 3928 4081 3983 alterum

2441 4012 2624 4066 sancti
2655 4012 2910 4069 nominis
2939 4014 3277 4085 Gregorium
3300 4014 3357 4068 Li
3367 4029 3720 4086 ngonensem
3742 4015 4080 4087 episcopum

2441 4099 2631 4155 acrius
2660 4102 2953 4171 quondam
2986 4102 3170 4156 fuisse
3201 4102 3582 4174 increpatum.
3615 4104 3793 4174 Cujus
3826 4120 4080 4176 namque

2439 4185 2783 4257 positionem
2817 4186 2925 4242 loci
2957 4188 3199 4260 antiqua
3227 4193 3486 4245 vetustas
3514 4190 3787 4246 occuluit.
3807 4191 3953 4246 Nam
3983 4208 4078 4247 co-

2438 4290 2562 4329 ram
2595 4274 2879 4347 prmeipuo
2921 4275 3081 4331 illius
3123 4277 3458 4333 monasterii
3507 4277 3675 4336 altari
3729 4280 4077 4352 profundius

2437 4362 2760 4420 habebatur
2789 4364 3086 4419 defossum
3119 4371 3506 4439 memoratum
3539 4366 3893 4438 sepulcrum.
3914 4370 4075 4434 Quod

2436 4451 2710 4507 continuo
2742 4451 3042 4523 requirens
3071 4452 3309 4520 invenit,
3343 4455 3725 4526 aperiensquc
3754 4454 3897 4512 illud
3939 4473 4075 4512 con-

2435 4539 2657 4612 tingere
2687 4540 2900 4595 meruit
2930 4541 3326 4597 sacratissima
3355 4542 3569 4615 egregii
3619 4544 3892 4616 martyris
3918 4560 4072 4613 ossa,
4172 4582 4183 4595 ,

2425 4646 2483 4703 in
2506 4630 2677 4699 cujus
2702 4629 2874 4684 etiam
2896 4629 3312 4702 cerebro,quod
3337 4630 3397 4685 in
3423 4631 3719 4704 descripta
3742 4632 3929 4703 ipsius
3952 4650 4078 4705 pas-

2427 4719 2590 4775 sione
2617 4717 2829 4790 legitur
2856 4717 3229 4789 (32'),vulnus
3262 4719 3445 4775 ferreo
3470 4718 3704 4776 illatum
3726 4726 3884 4777 vecto
3903 4738 4077 4794 appa-

2434 4805 2585 4862 ruit:
2613 4822 2738 4877 quw
2760 4805 2955 4861 omnia
2977 4806 3203 4878 integro
3225 4823 3466 4862 numero
3487 4809 3873 4879 praesentibus
3892 4809 4073 4865 hone-

2431 4894 2709 4951 stioribus
2740 4899 2859 4950 tam
2888 4894 3175 4967 episcopis
3216 4911 3393 4966 quam
3442 4897 3661 4953 caeteris
3708 4897 4072 4954 diversorum

2430 4983 2702 5038 ordinum
2732 4982 2817 5038 vel
2841 5000 3086 5039 sexuum
3109 5000 3239 5039 cum
3264 4984 3565 5041 odoriferis
3586 4985 4072 5058 thymiamatibus

2429 5087 2495 5126 ac
2526 5070 2898 5143 psallentium
2924 5071 3139 5140 choris,
3169 5072 3227 5126 in
3257 5073 3460 5128 eodem
3505 5074 3831 5130 recondidit
3872 5091 4067 5131 sarco-

2428 5158 2652 5231 phago;
2682 5158 2933 5230 indeque
2955 5159 3258 5230 paululum
3303 5161 3374 5216 ad
3422 5161 3701 5218 orientem
3724 5161 3889 5219 illum
3914 5179 4071 5219 amo-

2426 5264 2585 5314 vens,
2616 5247 2676 5301 in
2709 5246 3100 5319 pulcherrimo
3144 5252 3318 5320 atque
3366 5249 3810 5323 incomparabili
3860 5250 4070 5307 locavit

2427 5351 2684 5425 Gregorii
2706 5356 2899 5425 autem
2923 5353 3306 5425 Lingonensis
3328 5355 3458 5411 Vita
3475 5355 3723 5412 habetur
3738 5356 3889 5412 inter
3901 5355 4063 5411 Vitas

2426 5422 2683 5489 Patrum,
2712 5422 2899 5494 capite
2926 5426 2981 5478 7.

2462 5564 2473 5576 θ
2496 5495 2637 5576 (32°).
2657 5494 2853 5576 Passio
2885 5494 3070 5576 sancti
3103 5495 3345 5576 Benigni
3375 5497 3530 5576 edita
3552 5502 3641 5576 est
3662 5512 3695 5551 a
3715 5496 3782 5551 V.
3808 5496 4059 5576 _C..Fra'n-

2425 5563 2577 5637 cis'co
2605 5563 2684 5637 du
2715 5564 2987 5637 Bosquet,
3012 5569 3157 5637 tunc
3186 5563 3428 5637 praetore
3467 5568 3844 5635 Narbonensi,
3873 5564 3929 5620 in
3961 5563 4055 5619 Hi-

2425 5635 2604 5693 storia
2632 5635 2894 5695 Ecclesiae
2927 5635 3250 5721 Gallicanis.
