3852 6408
286 403 405 471 715

1271 401 1616 466 RODULFI
1660 398 1942 464 GLABBI
1985 397 2346 464 MONACHI
2388 397 2752 463 CLUNIAC.

3611 393 3714 456 716

287 545 379 599 est
411 539 539 597 sine
583 538 723 603 Deo,
756 536 914 609 quia,
949 537 996 591 si
1053 536 1259 591 fuisset
1311 537 1464 591 Deus
1511 553 1644 591 cum
1696 551 1782 599 eo,
1826 552 1952 606 qua:
1983 534 2032 600 Α
2066 531 2460 603 (Ιίχὶιιιυςβιὼ
2491 532 2756 602 ejusdem
2785 529 3110 605 patrocinio
3131 535 3256 587 tam
3283 529 3718 600 maximaqnam

284 629 449 686 illius
496 633 655 698 sunt,
687 631 911 682 amaret
958 642 1062 698 pro
1113 624 1231 680 illo.
1278 649 1306 674 ››
1355 626 1701 681 Al‘liruiabat
1749 631 1946 680 autem

285 722 421 792 post
452 720 704 774 mortem
734 719 792 771 et
821 714 1172 770 eternaliter
1201 714 1366 770 illum
1399 733 1527 770 esse
1559 716 1904 770 damnatum
1931 731 1944 769 :

287 805 778 864 manifestissime
813 804 1103 876 siquidem
1127 803 1186 858 in
1207 803 1407 859 multis
1431 803 1946 875 claruit,quoniam

289 893 567 968 quisquis
597 892 764 948 illum
797 891 930 948 odio
961 891 1188 960 habuit,
1222 891 1430 948 exinde
1465 907 1662 962 pceuas
1693 890 1801 945 luit
1833 907 1846 944 :
1877 889 1949 943 si-

288 983 435 1051 cuti,
467 983 594 1038 vice
622 998 811 1048 versa,
847 981 895 1036 si
935 981 1068 1054 quis
1101 979 1267 1036 illum
1301 979 1522 1046 dilexit,
1557 979 1882 1036 mercedem
1915 995 1948 1033 a

291 1071 524 1129 Christo
547 1071 803 1145 percepit
827 1070 987 1127 illius
1019 1073 1255 1127 auctore
1291 1069 1638 1124 sanctitatis.

359 1161 450 1217 24.
500 1161 709 1218 Praeest
765 1162 1115 1216 monasteriis
1180 1161 1272 1224 40,
1325 1160 1610 1214 monachis
1669 1160 1826 1213 1200.
1889 1158 1949 1212 In

288 1250 398 1325 ﬁde
451 1251 736 1309 Guillelmi
773 1257 1056 1323 precantes
1109 1249 1507 1305 exaudiuntur.
1563 1249 1736 1305 Rudcs
1797 1248 1950 1303 docet

290 1341 662 1414 0rare.0fﬁcii
683 1339 876 1396 divina
902 1356 1056 1395 cura.
1090 1371 1157 1380 --
1190 1336 1460 1394 Fertilem
1493 1337 1672 1409 igitur
1697 1337 1947 1409 gratiam

289 1446 357 1486 ac
405 1430 560 1486 dona
609 1429 910 1490 uberrima
959 1447 993 1482 a
1042 1427 1332 1484 bonorum
1379 1426 1644 1481 omnium
1675 1425 1949 1498 largitore

289 1518 460 1576 Pater
487 1518 596 1574 iste
634 1517 1032 1590 promeruisse
1079 1514 1517 1572 evidentissime
1566 1515 1786 1587 passim
1836 1514 1951 1570 cla-

291 1607 452 1676 ruit;
485 1607 588 1664 sed
633 1623 761 1675 nos,
794 1605 1031 1662 lectoris
1079 1605 1318 1660 tzedium
1368 1609 1658 1670 caventes,
1693 1603 1949 1676 plurima

292 1695 528 1752 silentio
577 1694 854 1769 tegimus.
896 1695 1078 1750 Erant
1127 1709 1380 1765 namque
1425 1697 1544 1748 tam
1597 1693 1952 1749 monasteria

293 1797 475 1854 quam
503 1781 767 1837 ccenobia
797 1784 974 1853 atque
1003 1779 1224 1836 cellula:
1257 1781 1677 1836 monachorum
1722 1782 1952 1836 circiter

2061 623 2288 677 minora
2319 621 2593 694 perplura
2632 621 2988 677 monasteria
3036 624 3218 692 atque
3269 618 3561 688 cmnobia,
3607 634 3718 690 qua:

2055 709 2325 766 videlicet
2353 711 2480 782 ipse
2510 710 2710 766 omnia
2739 714 2840 765 aut
2889 727 2922 766 a
2973 707 3387 765 fundamentis
3437 706 3724 763 innovavit

2059 799 2147 854 vel
2183 799 2523 872 ampliando
2553 799 3061 854 honestavit.Nam
3094 797 3287 854 sancti
3322 795 3609 869 martyris
3636 795 3726 852 Be-

2057 889 2247 961 nigni,
2273 895 2338 944 ut
2366 888 2556 944 dicere
2583 888 2890 960 capimus,
2915 887 3007 943 cui
3035 887 3152 944 Deo
3179 891 3428 944 auctore
3458 885 3726 958 primitus

2058 982 2260 1050 pastor
2297 977 2586 1049 allegatus
2641 979 2848 1043 fuerat,
2910 975 3218 1032 basilicam
3275 973 3725 1049 incomparabili

2060 1083 2232 1138 opere
2266 1083 2410 1139 pene
2443 1065 2751 1138 expletam,
2777 1066 2904 1137 jam
2927 1066 3200 1122 Brunone
3231 1064 3541 1131 defuncto,
3571 1063 3730 1119 Lam-

2057 1155 2338 1227 bertoquo
2369 1157 2426 1210 in
2462 1156 2598 1211 sede
2630 1155 2791 1211 illius
2821 1152 3396 1227 subrogato,placuit
3428 1160 3497 1208 ut
3529 1152 3728 1208 eadem

2058 1243 2299 1299 basilica
2322 1243 2638 1316 pontificali
2669 1260 2737 1300 ex
2761 1259 2921 1299 more
2938 1243 3344 1300 benedictione
3371 1246 3726 1298 sacraretur.

2059 1333 2222 1388 Tunc
2255 1333 2506 1406 denique
2544 1333 2617 1389 ad
2665 1337 2866 1388 votum
2917 1333 3103 1408 ipsius
3151 1331 3358 1388 Patres
3403 1347 3731 1387 convenere

2059 1421 2151 1478 die
2180 1423 2484 1495 designato
2511 1439 2543 1480 e
2572 1423 2820 1478 diversis
2853 1421 3188 1495 provinciis,
3211 1438 3331 1477 non
3363 1419 3570 1477 solum
3602 1420 3730 1493 epi-

2059 1510 2241 1583 sc0pi,
2267 1527 2471 1566 verum
2525 1511 2702 1568 etiam
2737 1526 3225 1584 quorumcunque
3277 1509 3566 1566 ordinum
3596 1526 3730 1584 pro-

2060 1599 2298 1655 miscua:
2332 1598 2518 1673 plebis
2549 1600 2860 1656 innumera
2889 1599 3224 1656 multitudo.
3256 1599 3396 1654 Erat
3424 1597 3588 1656 enim
3621 1617 3731 1655 au-

2059 1689 2249 1743 tumni
2283 1689 2410 1745 dies
2440 1689 2650 1745 tertius
2680 1689 3072 1746 Kalendarum
3110 1685 3560 1758 Novembrium,
3592 1693 3731 1744 ante

2055 1777 2326 1832 videlicet
2355 1776 2546 1834 natale
2577 1779 2765 1852 ipsius
2795 1777 3089 1852 martyris,
3121 1776 3222 1851 qui
3273 1777 3480 1833 omnia
3521 1776 3634 1833 rite
3663 1795 3730 1833 ac

295 1869 710 1944 quadraginta,
741 1885 870 1941 qua:
900 1868 1062 1925 illius
1090 1868 1412 1940 patrocinio
1449 1874 1570 1925 tute
1603 1875 1948 1925 cunctorum
1978 1905 2026 1970 B
2059 1865 2414 1935 solemniter,
2450 1872 2517 1923 ut
2541 1869 2866 1924 condecens
2897 1872 3044 1935 erat,
3073 1867 3395 1940 explentes,
3427 1867 3732 1940 petierunt

291 1959 587 2015 bonorum
614 1957 937 2016 affluebant
965 1958 1170 2030 cepiis,
1193 1958 1399 2017 fratres
1429 1974 1563 2016 vero
1586 1957 1645 2013 in
1678 1958 1824 2030 ipsis
1854 1959 1948 2014 de-

294 2051 500 2120 gentes
549 2044 751 2119 procul
801 2045 979 2102 dubio
1027 2045 1160 2119 plus
1210 2046 1370 2101 mille
1417 2047 1674 2102 ducenti.
1725 2046 1948 2110 Quibus

295 2136 488 2194 inerat
538 2135 686 2192 ﬁdes
744 2135 1142 2208 integerrima,
1200 2140 1265 2190 ut
1321 2136 1582 2208 quandin
1633 2135 1692 2191 id
1745 2135 1948 2191 devote

295 2229 634 2281 exercerent
672 2225 829 2297 quod
879 2225 951 2280 ab
1001 2225 1204 2280 eodem
1257 2225 1422 2281 Patre
1470 2224 1815 2294 didicerant,
1867 2223 1948 2279 nil

297 2314 503 2370 mundi
536 2313 718 2385 hujus
749 2313 1063 2370 formidare
1091 2314 1437 2382 debere,aut
1467 2315 1798 2387 cujuspiam
1830 2331 1948 2368 sure

299 2402 572 2459 utilitatis
604 2403 684 2459 rei
714 2403 1096 2476 indigentiam
1131 2403 1270 2476 pati.
1305 2403 1364 2458 Id
1399 2404 1590 2476 ipsum
1625 2403 1780 2459 enim
1823 2403 1948 2458 suis

299 2491 624 2564 sepissime
674 2492 1005 2548 inculcabat
1053 2509 1086 2547 a
1145 2493 1260 2548 Deo
1305 2509 1538 2564 sperare
1587 2497 1644 2548 et
1690 2493 1946 2559 credere,

299 2582 455 2652 quod
489 2579 664 2637 etiam
696 2579 970 2654 plurimis
1002 2582 1316 2654 probavere
1346 2581 1777 2654 experimentis.
1803 2581 1947 2636 Nam

299 2669 618 2742 aliquando
648 2687 752 2742 per
779 2670 1011 2726 diversa
1040 2674 1327 2725 terrarum
1345 2674 1550 2725 euntes
1572 2671 1947 2740 itinera,dum

298 2774 368 2814 ex
397 2762 644 2815 eventus
677 2759 820 2815 facie
852 2760 1178 2831 perturbari
1211 2760 1558 2832 potuissent,
1579 2760 1767 2815 dicere
1784 2765 1951 2814 erant

296 2845 452 2902 soliti
489 2865 501 2904 :
535 2871 562 2897 «
597 2847 864 2915 Domine,
895 2847 955 2903 in
988 2848 1100 2903 fide
1133 2849 1316 2920 patris
1347 2848 1627 2904 Willelmi
1662 2851 1749 2904 fac
1780 2850 1950 2905 nobis

295 2935 448 2992 sicut
477 2935 584 2992 vis.
619 2958 648 2987 »
683 2937 798 2992 Nec
829 2935 986 2992 ullus
1019 2936 1255 2992 illorum
1290 2955 1554 3010 unquam
1602 2938 1710 2994 hoc
1749 2939 1949 2994 dicens

297 3039 404 3098 ope
421 3025 1142 3099 caruit.Instituitquoque
1157 3027 1616 3100 simplicioribus
1628 3027 1714 3084 vel
1730 3029 1947 3096 idiotis,

299 3129 331 3169 e
378 3113 591 3171 saeculo
637 3115 711 3171 ad
761 3132 823 3170 se
870 3116 1345 3189 confugientibus
1393 3118 1692 3186 fratribus,
1743 3117 1950 3174 orandi

299 3202 850 3278 formam,quinque
881 3205 1136 3261 modulis
1168 3207 1409 3278 mystice
1441 3211 1804 3264 constantem
1839 3225 1852 3263 :
1888 3212 1952 3263 ut

2057 1956 2156 2027 qui
2191 1956 2436 2011 aderant
2487 1957 2768 2030 episcopi,
2801 1973 2866 2012 ac
2913 1955 3134 2030 quique
3180 1954 3442 2028 religiosi
3494 1960 3728 2029 patrem

2057 2043 2519 2111 Willelmum,ut
2549 2046 2607 2101 in
2627 2047 2722 2102 die
2753 2051 2928 2102 tanta;
2946 2045 3557 2116 consecrationis,tam
3575 2043 3728 2118 ipsis

2057 2149 2237 2205 quam
2268 2135 2551 2191 universae
2582 2135 2758 2208 plebi,
2784 2136 2936 2192 inter
2964 2152 3131 2191 sacra
3155 2134 3478 2191 missarum
3509 2133 3728 2191 solem-

2057 2223 2156 2278 nia
2212 2223 2390 2279 divini
2445 2223 2875 2298 eleemosynam
2931 2224 3292 2298 impenderet
3354 2223 3537 2280 verbi.
3591 2223 3725 2296 Ipse

2055 2329 2213 2384 vero,
2247 2316 2312 2368 ut
2341 2318 2464 2369 erat
2493 2313 2664 2370 bonis
2706 2314 2982 2371 omnibus
3011 2315 3361 2386 obsequens,
3393 2329 3569 2386 agere
3599 2329 3718 2368 non

2058 2401 2311 2467 distulit,
2343 2403 2442 2457 sed
2478 2407 2671 2459 mente
2701 2403 2818 2476 pia,
2833 2403 3006 2459 corde
3035 2400 3482 2471 contrito,vultu
3513 2401 3720 2472 alacri,

2058 2490 2276 2562 Spiritu
2308 2497 2506 2548 sancto
2538 2491 2768 2564 plenus,
2801 2492 2860 2548 in
2892 2492 3014 2548 haec
3042 2492 3217 2548 verba
3251 2508 3389 2547 cum
3435 2489 3723 2564 Iacrymis

2059 2579 2294 2651 eripuit:
2312 2604 2338 2629 «
2373 2580 2760 2649 Convenistis,
2783 2581 2990 2638 fratres
3012 2585 3069 2637 et
3094 2597 3344 2647 sorores,
3368 2596 3508 2652 grex
3529 2581 3720 2654 pretio

2058 2667 2272 2723 Christi
2307 2669 2613 2741 sanguinis
2643 2671 3012 2744 redemptus;
3035 2669 3414 2736 convenistis,
3443 2669 3718 2742 inquam,

2059 2756 2130 2812 ad
2162 2759 2400 2830 nuptias
2431 2758 2618 2831 ipsius
2649 2759 3228 2832 sponsae,matrisque
3248 2763 3451 2815 vestra:
3465 2757 3722 2815 emlestis

2058 2863 2125 2902 ac
2169 2846 2536 2918 sempiterna:
2589 2847 2880 2915 Ecclesiae,
2921 2865 3049 2922 quae
3103 2847 3319 2904 idcirco
3369 2847 3720 2904 universalis

2059 2935 2590 3008 dicitur,quoniam
2621 2954 2738 2993 non
2770 2937 2963 2993 solum
2989 2937 3142 3010 quod
3178 2937 3238 2992 in
3269 2953 3477 2994 omnes
3509 2937 3719 2993 mundi

2058 3024 2344 3080 terminos
2372 3023 2671 3096 dilatatur,
2705 3027 2807 3083 sed
2861 3026 3038 3083 etiam
3091 3042 3194 3098 pro
3241 3042 3309 3082 eo
3361 3025 3519 3099 quod
3550 3024 3722 3082 nulla

2059 3113 2398 3169 immanitas
2428 3113 2742 3171 criminum
2769 3113 2930 3171 illius
2955 3115 3279 3189 superat(si
3305 3119 3538 3171 tantum
3569 3114 3722 3170 fides

2059 3203 2234 3273 adsit)
2266 3204 2419 3258 dona
2448 3203 3007 3261 misericordiarum.
3042 3205 3182 3271 Quae
3212 3203 3433 3260 scilicet
3461 3203 3720 3275 patriar-

297 3291 565 3350 videlicet
589 3275 1054 3366 quod—sensibus
1075 3275 1951 3368 humanicorporisDeusoﬂ‘en-
1981 3275 2025 3343 (ἶ
2062 3291 2304 3347 charum
2355 3292 2617 3366 mysticis
2648 3293 3000 3366 praesignata
3029 3293 3256 3367 figuris,
3289 3291 3717 3366 prophetarum

299 3380 478 3449 ditur,
511 3382 751 3438 totidem
783 3400 994 3440 vocum
1044 3383 1330 3440 clausulis
1379 3385 1450 3439 ad
1491 3385 1950 3442 misericordiam

302 3474 625 3541 rogaretur.
661 3471 795 3526 Erat
841 3476 1037 3527 autem
1083 3471 1473 3544 hujusmodi:
1529 3476 1759 3532 Domine
1803 3477 1948 3545 Iesu,

299 3559 416 3613 Rea:
439 3559 551 3628 pie,
586 3559 699 3613 Rea:
725 3560 976 3625 clemens,
1006 3561 1101 3630 pie
1131 3565 1290 3617 Deus.
1310 3561 1789 3634 Snbjungebatur
1817 3581 1950 3621 vero

300 3643 576 3716 singulis,
607 3644 876 3701 Miserere.
909 3647 1352 3718 Supputabatur
1376 3667 1629 3723 namque
1659 3652 1953 3723 taliter,ut

295 3731 370 3803 si,
402 3733 561 3787 verbi
593 3733 800 3805 gratia,
819 3733 878 3789 in
910 3735 1540 3794 decemnovennalibus
1569 3741 1950 3800 articulorum

293 3821 619 3892 juncturis,
649 3826 738 3878 ter
782 3828 840 3880 et
883 3823 1195 3896 quinquies
1241 3826 1558 3884 identidem
1609 3830 1950 3890 revolvendo

297 3908 500 3965 devote
565 3909 874 3980 diceretur,
942 3911 1200 3984 psalterii
1263 3919 1382 3970 tota
1440 3917 1620 3973 series
1680 3924 1951 3978 mutuata

295 3997 739 4072 persolveretur.
775 4000 938 4058 Unde
967 4001 1141 4059 etiam
1173 4004 1585 4082 pro‘psalterio
1630 4010 1783 4082 apud
1817 4010 1948 4068 illos

294 4087 646 4158 habebatur,
694 4094 759 4146 ut
807 4091 974 4148 Pater
1025 4092 1242 4162 docuit,
1287 4077 1346 4151 et
1399 4077 1942 4170 cognominabatur.

292 4177 661 4236 Mortiﬁcatio
692 4197 902 4254 nempe
931 4181 1146 4250 carnis,
1179 4188 1237 4239 et
1275 4184 1523 4257 abjectio
1566 4188 1846 4262 corporis,
1880 4207 1946 4246 ac

288 4265 485 4324 vilitas
507 4268 780 4339 vestium,
808 4271 1193 4344 ciborumque
1231 4276 1568 4333 extremitas
1615 4277 1703 4333 vel
1755 4280 1942 4352 parci-

289 4357 574 4425 monia,in
597 4375 840 4416 suorum
863 4361 1174 4428 universis,
1190 4379 1256 4418 ac
1278 4365 1326 4420 si
1351 4365 1716 4437 naturaliter,
1731 4368 1939 4442 viguit.

288 4443 480 4518 Ipsius
508 4447 724 4504 etenim
755 4450 1043 4507 sermonis
1075 4450 1355 4509 habitudo
1372 4454 1673 4527 mqualiter
1688 4458 1940 4529 cunctis,

287 4539 462 4606 prout
505 4537 833 4608 videbatur,
883 4540 943 4597 in
987 4541 1182 4613 gratia
1232 4547 1356 4598 erat
1411 4545 1666 4601 condita.
1731 4546 1935 4603 Pietati

2059 3384 2296 3436 ostensa
2324 3381 3048 3456 priesagiis,apostolorum
3070 3382 3415 3439 auctoritate
3431 3397 3498 3438 ac
3514 3380 3718 3438 labore

2060 3475 2417 3540 constructa,
2449 3475 2507 3526 et
2537 3476 2858 3544 martyrum
2907 3472 3195 3546 sanguine
3243 3474 3620 3538 consecrata;
3659 3472 3718 3526 in

2061 3574 2178 3630 qua
2213 3558 2396 3615 abluti
2427 3577 2494 3616 ac
2523 3561 2779 3617 renovati
2811 3578 2844 3617 a
2875 3561 3050 3634 culpa
3093 3561 3306 3618 veteris
3353 3559 3568 3634 piaculi
3617 3577 3724 3633 per

2059 3647 2334 3704 salutaris
2347 3650 2565 3706 undam
2579 3649 3504 3724 baptismatis,sicqueinduimini
3520 3649 3722 3722 prima

2057 3734 2206 3792 stola
2223 3738 2499 3811 angelicae
2529 3739 3115 3812 beatitudinis,quam
3138 3737 3424 3795 amisistis
3445 3739 3503 3793 in
3527 3742 3722 3794 trans-

2056 3825 2354 3896 gressione
2404 3828 2664 3900 parentis
2716 3828 2889 3900 primi
2939 3827 3144 3884 incolae
3177 3826 3456 3900 paradisi.
3492 3825 3720 3882 Deinde

2055 3930 2188 3972 vero
2217 3916 2392 3973 editis
2418 3933 2653 3973 carnem
2685 3934 2749 3973 ac
2780 3917 2995 3990 potatis
3025 3917 3375 3990 sanguinem
3399 3914 3561 3972 illius
3594 3932 3724 3972 om-

2056 4003 2373 4076 nipotentis
2400 4007 2570 4080 Agni,
2595 4006 2694 4080 qui
2725 4023 2827 4064 vos
2860 4023 2975 4080 prae
3003 4006 3226 4064 caeteris
3252 4005 3455 4062 mundi
3487 4009 3722 4062 creatu-

2056 4094 2137 4150 ris
2169 4095 2429 4152 formans
2459 4102 2516 4152 et
2543 4097 2858 4165 redimens,
2893 4096 3114 4152 invicta
3147 4094 3505 4169 benignitate
3537 4093 3720 4167 elegit

2055 4183 2125 4238 ad
2176 4183 2267 4239 sui
2316 4189 2493 4256 atque
2543 4185 2732 4241 Patris
2781 4201 3050 4258 regnum,
3104 4185 3410 4258 sanctique
3455 4181 3718 4256 Spiritus

1997 4269 2005 4278 ’
2053 4271 2299 4345 gloriam
2343 4274 2780 4346 possidendam,
2815 4275 2887 4331 ad
2936 4291 3134 4347 quam,
3166 4271 3556 4338 dilectissimi,
3587 4276 3717 4330 ten-

2052 4361 2189 4418 dere
2235 4379 2338 4420 vos
2387 4362 2591 4430 invito,
2652 4380 2885 4436 moneo,
2939 4365 3202 4436 obsecro,
3253 4379 3358 4436 per
3401 4360 3714 4418 charitatis

2051 4450 2272 4524 ignem,
2311 4456 2371 4508 et
2399 4451 2772 4520 humilitatis,
2805 4457 2983 4526 atque
3027 4452 3318 4510 castitatis
3366 4450 3712 4508 continuam

2051 4543 2406 4598 custodiam.
2457 4541 2743 4606 Gaudere,
2796 4541 3009 4616 inquit,
3055 4541 3402 4615 contigisset
3447 4539 3596 4596 mihi
3640 4556 3713 4596 ex

287 4623 525 4697 qvidem
555 4631 612 4684 et
659 4629 1070 4686 misericordiae
1124 4630 1340 4703 expleri
1396 4633 1599 4706 nequit
1651 4641 1936 4707 quantum
1975 4652 2021 4717 Ι)
2051 4635 2254 4687 vestrae
2279 4631 2690 4688 unanimitatis
2713 4631 3210 4704 devotionehujus
3228 4628 3712 4687 sanctificationis

284 4715 477 4786 operis
532 4717 730 4774 dabat.
778 4718 922 4775 Cum
980 4736 1246 4792 superna:
1299 4720 1629 4780 dulcedinis
1688 4729 1938 4797 nectare,

285 4804 608 4870 artificialis
654 4807 834 4863 etiam
882 4809 1119 4866 musicas
1165 4811 1495 4882 perdoctus,
1549 4829 1615 4868 ac
1667 4819 1939 4887 comptus

284 4891 578 4966 dogmate,
629 4896 916 4968 quidquid
971 4897 1033 4953 in
1082 4897 1384 4970 psallendo
1442 4901 1638 4957 choris
1688 4919 1932 4960 suorum

284 4980 662 5068 psallebatur,
697 4984 790 5039 die
821 5001 887 5040 ac
917 4991 1086 5042 nocte
1117 4993 1237 5043 tam
1267 4987 1326 5043 in
1368 4990 1706 5063 antiphonis
1754 5009 1933 5065 quam

283 5066 340 5120 in
365 5066 868 5140 responsoriis,vcl
883 5073 1488 5150 hymnis,corrigendo
1501 5081 1934 5140 etemendando

281 5155 356 5210 ad
385 5159 608 5212 tantam
631 5159 850 5213 derexit
879 5163 1380 5231 rectitudinem,ut
1413 5168 1592 5224 nullis
1631 5171 1934 5230 decentius

280 5258 346 5298 ac
376 5243 592 5298 rectius
627 5244 872 5315 psallere
902 5251 1200 5323 contingat
1243 5254 1302 5310 iu
1352 5260 1472 5313 tota
1520 5258 1777 5315 Ecclesia
1826 5261 1933 5318 Ro-

277 5346 474 5387 mana.
507 5329 874 5386 Psalmorum
905 5334 1288 5395 nihilominus
1318 5351 1666 5402 concentum
1719 5348 1932 5406 dulcis-

274 5418 427 5475 simo
465 5417 621 5474 ultra
670 5433 875 5474 omnes
923 5421 1293 5498 distinguens
1343 5431 1634 5491 decoravit
1683 5437 1925 5496 melodi-

341 5597 432 5653 23.
483 5593 816 5686 Mortasteria
844 5599 1170 5658 restaurata.
1203 5606 1443 5662 Ecclesia
1473 5613 1529 5665 S.
1565 5613 1800 5686 Benigni
1829 5617 1926 5674 de-

272 5683 511 5749 dicatur.
561 5685 630 5743 In
675 5697 788 5758 qua
831 5686 1201 5752 concionatur.
1251 5723 1318 5737 —
1366 5695 1546 5757 Erant
1601 5683 1803 5778 igitur,
1857 5712 1924 5765 ut

2050 4719 2501 4786 concursus,sed
2529 4719 2669 4792 quia
2701 4721 2922 4780 nimius
2934 4725 3415 4777 mazrormentem
3431 4717 3715 4792 deprimit

2049 4825 2117 4863 ex
2148 4807 2335 4880 signis
2387 4809 2636 4877 Satanaa,
2669 4827 2798 4882 quae
2829 4809 3266 4868 evidentissima
3313 4812 3600 4882 apparent
3646 4807 3711 4864 in

2049 4897 2262 4968 populo
2300 4896 2446 4953 Dei:
2504 4914 2643 4967 non,
2693 4899 2992 4972 inquiens,
3046 4897 3310 4972 aspicitis
3354 4897 3572 4970 quibus
3617 4899 3711 4954 est

2047 4985 2240 5042 adhuc
2271 5001 2438 5042 mens
2467 4986 2823 5060 sanior,qua3
2849 4989 3120 5045 scissura
3141 4992 3199 5044 et
3228 4984 3709 5044 detruncationes

2044 5075 2296 5132 vestium
2330 5075 2765 5133 rabidissimai?
2795 5095 2922 5150 quae
2973 5082 3289 5134 attonsum
3320 5093 3424 5148 per
3450 5073 3708 5131 cervices

2043 5163 2340 5222 virorum?
2371 5181 2548 5238 quam
2575 5165 2767 5239 turpis
2797 5166 2855 5222 in
2888 5167 3070 5225 barba
3111 5163 3444 5240 obripilatio
3495 5161 3704 5220 maxil-

2040 5253 2450 5328 larum?quam
2484 5255 2884 5329 nugacissima
2913 5273 3062 5330 pene
3091 5255 3503 5313 universorum
3534 5257 3594 5309 et
3623 5251 3708 5308 in-

2039 5344 2356 5402 sanissima
2385 5344 2691 5400 actitatio?
2719 5361 2898 5416 quam
2950 5344 3168 5403 lasciva
3195 5344 3270 5401 ad
3319 5359 3528 5400 omnes
3557 5356 3705 5415 pene

2039 5449 2340 5490 sermones
2397 5449 2496 5489 ore
2544 5433 2853 5506 tetricrepo
2894 5432 3283 5506 juramenta?
3312 5431 3432 5489 Ista
3483 5430 3704 5487 etenim

2037 5522 2312 5580 universa
2341 5521 2596 5579 recentia
2624 5527 2682 5579 et
2711 5539 2899 5596 nuper
2931 5527 3212 5592 crassata,
3236 5538 3352 5578 non
3376 5537 3448 5576 ex
3471 5518 3707 5592 religio-

2037 5614 2207 5670 sitate
2230 5610 2696 5669 Christianitatis
2727 5611 2875 5682 [ms.,
2902 5611 3118 5669 Christi
3140 5609 3444 5681 bonitatis]
3467 5624 3706 5681 proces-

2038 5719 2186 5774 sere,
2211 5700 2354 5778 quin
2377 5701 2574 5777 potius
2588 5717 2658 5760 ex
2674 5699 2974 5762 diabolica:
2985 5696 3523 5778 superstitiositatis
3543 5697 3708 5758 rabie
