4938 6430
686 478 794 571 'II’I

1748 512 1850 571 DE
1892 511 2078 571 VITA
2119 514 2181 573 s.
2228 474 2649 574 GUILLELMI
2691 512 2985 575 DIVION.

3940 513 4059 573 ’718

686 653 982 697 emersere.
1014 636 1233 692 Exinde
1281 654 1513 710 quoque
1545 638 1793 711 pullulat
1840 641 2003 696 radix
2049 641 2312 697 omnium
2342 645 2397 709 Α
2424 642 2725 714 Jussitque
2750 642 2873 699 suis
2896 641 3150 698 velocius
3180 638 3666 707 infelicemillum,
3682 656 3854 713 quem
3869 658 4057 698 cerne-

688 727 963 785 malorum
978 725 1735 800 superbia,ca3terorumque
1752 728 2021 785 vitiorum
2036 729 2310 785 fomenta.

682 821 864 889 Atque
888 830 988 871 vos
1020 813 1134 886 ipsi
1158 814 1439 885 judicate.
1475 816 1522 870 si
1554 833 1667 871 non
1698 816 1885 889 ipsius
1917 817 2120 872 famuli
2149 818 2309 886 estis,

685 907 845 976 cujus
871 902 1128 975 insignia
1157 906 1213 959 et
1242 902 1517 975 stigmata
1544 904 1604 959 in
1629 904 2058 977 vobismetipsis
2089 906 2309 979 geritis.

681 995 818 1049 Nam
869 995 926 1047 et
955 1007 1048 1045 me
1098 991 1277 1063 pudet
1326 990 1518 1047 dicere
1569 992 1706 1047 dum
1767 994 2006 1064 poenitet
2053 993 2351 1061 retieere,’

682 1080 950 1154 quoniam
1007 1079 1359 1151 expectastis
1426 1079 1793 1136 dulcedinem
1856 1081 2037 1147 verbi,
2097 1086 2152 1136 et
2207 1099 2312 1156 ego

679 1167 916 1242 propino
944 1166 1112 1222 vobis
1142 1167 1494 1239 generaliter
1542 1169 1994 1225 amaritudinem
2042 1171 2314 1244 redargu-

674 1257 871 1322 tionis.
926 1256 1133 1312 Moneo
1192 1255 1367 1312 etiam
1420 1256 1610 1325 illum,
1663 1258 1711 1312 si
1746 1257 1877 1330 quis
1932 1263 2021 1314 est
2074 1259 2133 1314 in
2191 1263 2314 1315 tota

676 1346 777 1401 hac
802 1343 988 1418 plebe,
1024 1343 1126 1415 qui
1151 1344 1240 1400 vel
1273 1344 1532 1417 quinque
1583 1346 1823 1414 solidos,
1858 1363 1959 1403 seu
2010 1346 2310 1419 quippiam

675 1435 740 1489 ad
772 1433 950 1505 hujus
980 1432 1172 1488 sancti
1196 1433 1468 1506 martyris
1482 1434 1693 1490 obtulit
1707 1435 2169 1491 reaedificandam
2190 1452 2314 1491 mu-

2420 730 2561 785 bant
2591 745 2621 785 e
2654 731 2814 786 trabe
2843 731 3112 803 pondere,
3136 731 3261 802 jam
3296 729 3579 803 rigentem
3610 730 3916 802 deponere:
3936 730 4059 803 ipse

2419 834 2552 873 vero
2580 822 2696 873 toto
2728 822 3054 890 prostratus
3084 835 3322 891 corpore
3372 816 3618 874 orationi
3665 817 3949 875 incubuit.
3988 821 4060 873 At

2422 904 2504 961 illi
2527 906 2812 963 solventes
2834 908 2956 964 lora
2971 911 3170 980 guttur
3188 907 3357 964 illius
3384 905 3981 975 arctantia,examinis
3997 905 4058 961 in

2420 997 2635 1050 terram
2668 995 2893 1051 cecidit.
2934 998 3004 1050 At
3064 1012 3236 1067 quem
3285 995 3566 1051 accedens
3606 994 3697 1050 vir
3741 992 3895 1067 pius,
3946 994 4053 1050 ait:

2421 1104 2448 1131 ‹‹
2479 1083 2684 1156 Surge,
2716 1083 2927 1156 inquit,
2964 1083 3525 1157 Dominusimperat.
3559 1106 3588 1133 ››
3611 1088 3740 1156 Ipse
3758 1099 3893 1140 vero
3923 1097 4058 1156 ape-

2421 1170 2576 1227 riens
2606 1171 2805 1227 oculos
2820 1173 3000 1228 erexit
3012 1190 3092 1241 se,
3109 1173 3406 1229 admirans
3420 1172 3586 1229 valde
3600 1173 3710 1228 sibi
3727 1187 4055 1245 superesse.

2419 1260 2527 1325 Qui
2560 1276 2695 1315 cum
2716 1260 2837 1316 viro
2868 1261 2968 1317 Dei
2999 1262 3320 1334 egrediens,
3355 1260 3776 1318 exsultantibus
3806 1261 4057 1330 cunctis,

2421 1349 2492 1404 ad
2525 1349 2942 1404 monasterium
2967 1349 3163 1422 plures
3193 1355 3395 1422 postea
3420 1348 3562 1405 vixit
3591 1365 3795 1406 annos.
3841 1347 4057 1405 Multos

2419 1453 2628 1509 nempe
2658 1437 2728 1491 ab
2762 1436 3099 1508 hujusmodi
3132 1438 3374 1511 patibuli
3397 1437 4058 1511 suspendioacneceper

622 1508 633 1520 ”
675 1522 822 1577 neris
842 1520 1179 1589 ecclesiam,
1212 1537 1387 1594 quam
1439 1538 1554 1594 prae
1586 1522 1770 1578 oculis
1821 1523 2071 1590 habetis,
2116 1540 2311 1579 coram

670 1609 890 1666 cunctis
903 1609 1139 1666 referat.
1173 1631 1201 1661 »
1218 1615 1362 1666 Dum
1377 1626 1513 1683 ergo
1527 1628 1637 1667 non
1655 1611 2008 1668 inveniretur
2020 1611 2310 1684 quispiam

670 1698 884 1770 aliquid
936 1696 1280 1764 contulisse,
1332 1715 1536 1754 rursus
1593 1699 1709 1755 ait:
1766 1721 1795 1750 «
1832 1699 2052 1769 Videte,
2104 1699 2310 1756 fratres

666 1785 1082 1853 amantissimi,
1115 1786 1271 1841 inter
1297 1803 1445 1858 quas
1476 1788 1676 1858 spinas
1706 1793 1878 1861 atque
1898 1788 2165 1844 incendia
2186 1806 2313 1861 pes-
2424 1791 2553 1846 Viue
2583 1798 2824 1862 apparet.
2858 1822 2923 1832 —-
2954 1791 3102 1849 Nam
3156 1796 3213 1846 et
3238 1791 3519 1847 fratribus
3566 1790 4056 1846 monasteriorum

665 1876 950 1931 simorum
981 1874 1109 1930 haec
1142 1874 1276 1931 aula
1306 1875 1723 1947 omnipotentis
1752 1876 1848 1932 Dei
1881 1894 1983 1949 per
2012 1876 2186 1933 ﬁdem
2218 1876 2310 1932 sui
2419 1877 2773 1935 utilitatibus
2794 1874 3118 1952 praepositis
3149 1878 3293 1936 illud
3316 1879 3526 1951 smpius
3556 1877 3901 1947 inculcabat,
3915 1877 4056 1934 utin

661 1962 822 2020 testis
856 1962 1135 2036 Benigni,
1170 1964 1241 2019 ad
1296 1980 1473 2036 quam
1525 1964 1811 2036 elegantia
1869 1965 2134 2037 excrevit,
2184 1967 2386 2068 ipsoB
2417 1965 2713 2023 exactione
2767 1967 2877 2022 sibi
2934 1967 3382 2024 commissorum
3441 1966 3631 2023 forent
3686 1965 3930 2039 providi,
3984 1982 4057 2021 ne

661 2056 1029 2124 coeperante,
1080 2052 1338 2125 fastigia.
1378 2052 1521 2108 Volo
1560 2070 1681 2119 vos,
1733 2053 1781 2108 si
1815 2053 2023 2126 placet,
2076 2054 2309 2110 assidue
2338 2052 2386 2068 "
2419 2055 2564 2111 forte
2587 2054 2764 2110 nimis
2792 2060 2998 2112 tenues
3025 2072 3128 2128 pro
3155 2072 3367 2111 census
3398 2056 3588 2111 reditu
3638 2054 4053 2127 afﬂigerentur.

656 2157 779 2197 esse
810 2156 1111 2196 memores
1144 2156 1323 2213 quam
1352 2139 1516 2197 velox
1542 2141 1855 2214 unicuique
1885 2143 1961 2199 sit
2002 2144 2309 2199 mundanae
2419 2144 2656 2199 Dicebat
2686 2144 2841 2200 enim
2873 2161 2934 2201 se
2972 2144 3162 2217 magis
3194 2143 3334 2199 velle
3384 2142 3582 2217 largiri
3630 2143 3820 2216 egenti
3878 2158 4055 2214 quam

657 2246 803 2285 curae
834 2234 892 2284 et
908 2228 1261 2285 ambitionis
1284 2229 1589 2302 depositio.
1621 2231 1860 2302 Propter
1876 2233 2029 2303 quod
2048 2233 2306 2299 obsecro,
2418 2232 2643 2304 exigere
2674 2232 2975 2305 quidpiam
3008 2233 3078 2288 ab
3100 2231 3415 2305 indigente.
3444 2231 3655 2287 Itinera
3675 2246 3907 2303 quoque
3926 2231 4053 2302 ejus

654 2334 782 2373 cum
818 2319 1046 2374 nostris
1072 2317 1329 2374 auctoris
1361 2317 1650 2391 adjutorio
1668 2320 1919 2376 resistite
1938 2319 2092 2377 vitiis
2118 2324 2173 2376 et
2193 2338 2311 2376 ma-
2418 2338 2521 2393 per
2549 2321 2810 2376 civitates
2841 2325 2898 2375 et
2926 2320 3101 2375 vicos.
3131 2336 3232 2376 seu
3264 2336 3544 2393 quorsum
3562 2318 3822 2386 haberet,
3848 2319 4052 2391 ingens

654 2407 810 2480 ligno
843 2407 1124 2473 diabolo;
1146 2405 1402 2469 virtutes
1433 2424 1664 2480 quoque
1692 2409 1994 2481 praeclaras
2027 2411 2309 2465 assumite
2417 2425 2741 2481 pauperum
2773 2408 3332 2481 atqueinﬁrmorum
3347 2409 3517 2464 turba
3533 2410 4048 2480 praeoccupaverat.

651 2500 705 2551 et
733 2495 938 2563 colite;
968 2494 1530 2568 benignissimoDco
1543 2496 1833 2551 Conditori
1856 2513 1921 2552 ac
1939 2497 2308 2570 Redemptori
2415 2499 2487 2552 At
2516 2497 2640 2569 ipse
2678 2496 2936 2553 liberalis
2966 2502 3022 2552 et
3038 2496 3236 2570 largus
3252 2495 3665 2552 beneﬁciorum
3683 2499 3807 2551 erat
3826 2494 4054 2553 univer-

647 2590 837 2641 vestro
870 2584 932 2639 in
966 2583 1207 2639 cunctis
1255 2584 1551 2651 obaudite,
1602 2586 1700 2657 qui
1751 2602 1852 2641 vos
1882 2602 1984 2656 per
2030 2586 2201 2640 ﬁdem
2253 2591 2308 2640 et

649 2673 945 2729 orationes
969 2689 1042 2729 ac
1056 2671 1271 2728 merita
1287 2672 1552 2728 omnium
1569 2673 1826 2729 ﬁdelium
1842 2691 2081 2729 suorum
2101 2674 2309 2746 dignos

646 2761 819 2817 faciat
846 2761 1275 2817 introducendi
1309 2776 1442 2815 cum
1474 2761 1558 2816 eis
1589 2761 1646 2816 in
1698 2763 2063 2833 sempiterna:
2114 2761 2307 2834 gloriae

646 2865 914 2923 regnum,
969 2865 1086 2921 per
1136 2848 1339 2905 Jesum
1396 2848 1690 2905 Christum
1750 2850 2025 2905 dilectum
2103 2849 2306 2905 Filium

643 2955 838 2993 suum.
875 2959 906 2988 »
940 2939 1226 3009 Dumque
1255 2936 1352 2992 ille
1382 2937 1464 2993 ita
1487 2942 1834 3009 perorasset,
1871 2955 1935 2994 ac
1961 2955 2306 3011 responsum

641 3027 711 3081 ab
742 3028 1036 3083 omnibus
1064 3026 1296 3094 fuisset,
1325 3031 1518 3096 Amen,
1551 3026 1649 3098 qui
1701 3026 2015 3098 singultus,
2076 3032 2306 3099 quantae

636 3115 933 3188 lacrymaa,
976 3114 1088 3187 qui
1121 3115 1376 3186 gemitus
1406 3131 1510 3187 per
1542 3118 1720 3170 totam
1769 3115 2088 3187 agebantur
2128 3115 2307 3171 eccle-

637 3205 808 3273 siam,
845 3204 1244 3277 expriminon
1270 3202 1440 3259 valet.
1457 3202 1860 3274 Omnibusque
1892 3203 1995 3259 rite
2013 3204 2305 3276 perfectis,

634 3309 768 3348 cum
818 3293 1053 3365 gaudio
1116 3291 1337 3365 quique
1392 3292 1611 3348 rediere
1641 3292 1712 3349 ad
1768 3292 2020 3365 propria.
2082 3293 2160 3347 Ex
2205 3290 2304 3347 illo

633 3364 851 3437 ctenim
886 3381 988 3437 die
1024 3382 1091 3437 in
1127 3364 1329 3436 eadem
1361 3379 1621 3447 basilica,
1673 3364 1958 3452 praecipue
1989 3381 2059 3435 ad
2100 3384 2303 3436 tumu-
2335 3364 2377 3430 C

628 3469 752 3525 lum
784 3470 1047 3543 gloriosi
1084 3470 1383 3542 martyris,
1415 3470 1576 3524 factae
1608 3474 1745 3524 sunt
1768 3468 2126 3525 multimodze
2149 3486 2307 3524 cura-

628 3558 820 3615 tiones
852 3559 1245 3614 diversarum
1277 3557 1707 3628 inﬁrmitatum,
1740 3575 1865 3629 quae
1884 3558 2060 3613 etiam
2075 3559 2146 3613 ob
2162 3557 2308 3612 mul-

627 3647 1018 3718 tiplicitatem
1056 3646 1245 3702 scribi
1304 3650 1619 3718 nequeunt.
1669 3646 1780 3701 Sed
1830 3651 1887 3702 et
1919 3646 1964 3701 si
1998 3646 2129 3719 quis
2174 3663 2305 3701 cum

630 3736 743 3791 fide
768 3735 957 3808 plena
986 3735 1115 3790 sibi
1144 3736 1469 3806 deposcens
1500 3751 1859 3807 quaecunque
1890 3734 2075 3802 utilia,
2110 3735 2309 3807 procul

626 3824 810 3880 dubio
844 3823 1246 3896 adipiscitur,
1262 3822 1311 3879 si
1330 3822 1465 3879 talis
1490 3822 1643 3878 situt
1668 3828 2069 3895 promereatur
2085 3829 2310 3880 sancto-

628 3928 760 3966 rum
795 3913 1049 3968 meritis
1086 3916 1149 3967 et
1180 3910 1566 3967 orationibus.

690 4003 787 4057 26.
860 4002 1200 4059 Willelmus
1252 4001 1544 4055 miraculis
1598 4001 1785 4056 claret.
1845 4002 2008 4057 Morte
2058 4002 2312 4073 punitum

621 4092 881 4147 suscitat.
920 4121 995 4132 —
1031 4090 1163 4164 Nec
1194 4089 1685 4161 praetereumdum
1716 4088 1886 4145 nobis
1904 4089 2131 4146 videtur
2156 4091 2309 4162 quod

620 4179 765 4235 dum
795 4179 1006 4236 Patris
1031 4176 1330 4233 Willelmi
1345 4176 1601 4250 alloquio
1620 4177 1787 4233 multi
1817 4177 2104 4233 fuerintin
2121 4183 2313 4234 mente

620 4267 899 4338 recreati,
936 4267 1166 4340 plures
1194 4265 1371 4322 etiam
1403 4266 1463 4321 in
1493 4282 1730 4339 corpore
1751 4270 1905 4323 tactu
1936 4267 2199 4338 ejusdem
2220 4282 2313 4322 re-

617 4355 981 4430 dintegrati,
1029 4355 1312 4413 oratione
1341 4354 1663 4423 refocillati,
1712 4356 2039 4411 visitatione
2086 4355 2313 4411 confor-

616 4445 749 4513 tati,
770 4429 842 4502 ae
861 4444 1304 4502 benedictione
1327 4444 1641 4512 ﬁrmati;et
1653 4445 1919 4516 quamvis
1941 4461 2096 4499 nunc
2119 4444 2314 4501 minus
2493 4442 2580 4494 28.
2642 4438 2899 4494 Omnium
2952 4451 3082 4505 erga
3136 4451 3262 4491 eum
3310 4433 3631 4490 reverentia.
3661 4463 3731 4473 —
3760 4429 4060 4487 Beatitudo

615 4535 913 4591 audiatur
946 4533 1134 4608 quod
1172 4532 1311 4588 olim
1360 4531 1573 4589 Christi
1620 4533 1968 4605 sequacibus
2020 4533 2149 4588 usui
2185 4534 2314 4598 fuit,
2424 4528 2602 4601 igitur
2629 4526 2823 4582 eximii
2845 4523 3031 4581 Patris
3060 4522 3337 4579 Willelmi
3360 4523 3486 4594 jam
3517 4520 3588 4576 ad
3610 4523 4061 4608 tantam__excre-

617 4623 924 4680 suscitare
958 4605 1313 4690 mortuum,
1356 4638 1546 4695 pauca
1593 4626 1787 4678 tamen
1818 4622 1888 4677 de
1930 4620 2216 4694 pluribus,
2250 4626 2318 4677 ut
2421 4620 2584 4671 verat
2607 4614 3023 4681 excellentiam,
3060 4616 3124 4667 ut
3151 4614 3392 4667 cunctas
3442 4608 3589 4665 Latii
3630 4624 3696 4664 ac
3743 4605 4065 4695 Galliarum

614 4712 821 4768 testati
838 4728 1111 4777 sumus,
1136 4726 1266 4782 quae
1292 4694 1578 4766 Deminus
1597 4726 1700 4783 per
1718 4710 1895 4766 istum
1925 4714 2196 4782 operatus
2209 4713 2316 4778 est,
2348 4727 2395 4792 D
2425 4703 2951 4777 provinciasipsius
2965 4718 3128 4758 amor
3147 4698 3513 4757 acveneratio
3540 4694 4064 4792 penetraret._Nam

614 4801 921 4858 dicemus.
954 4798 1986 4871 Revertentinamqueilliquondam
2010 4816 2043 4853 a
2061 4798 2320 4854 cmnobio
2348 4783 2390 4792 ”
2430 4810 2595 4867 reges
2623 4796 2689 4848 ut
2713 4796 2957 4865 patrem,
2991 4789 3295 4863 pontiﬁces
3325 4792 3390 4843 ut
3419 4786 3789 4859 magistrum,
3825 4783 4066 4841 abbates

611 4890 812 4947 sancti
850 4888 1147 4946 Viventii
1166 4887 1534 4957 confessoris,
1551 4904 1684 4943 eum
1691 4890 1816 4959 jam
1831 4887 2325 4961 appropinquaret
2430 4887 2488 4937 et
2515 4880 2784 4936 monachi
2818 4883 2884 4935 ut
2914 4876 3349 4950 archangelum,
3377 4873 3980 4961 omnesincommune
4002 4875 4070 4926 ut

612 4980 808 5035 sancti
830 4976 1117 5052 Benigni
1137 4977 1515 5044 monasterio,
1543 4976 1771 5031 obviam
1792 4959 2322 5048 habuitpromiscui
2433 4971 2529 5027 Dei
2564 4970 2817 5025 amicum
2850 4981 3084 5038 suaeque
3104 4968 3512 5037 praeceptorem
3534 4961 3742 5052 salutis
3754 4959 4066 5052 habebant.

608 5067 773 5141 vulgi
812 5048 1091 5124 turba—in
1131 5063 1509 5138 plangentem
1540 5080 1606 5119 ac
1637 5064 2009 5136 repedantem
2043 5081 2076 5120 a
2107 5067 2326 5137 specta-
2433 5059 2572 5123 Quis
2602 5059 2757 5114 enim
2792 5072 3049 5127 unquam
3083 5053 3235 5141 alius
3266 5056 3473 5141 printer
3501 5048 4072 5141 eum_Venet_icorum

610 5136 746 5213 culo
780 5157 1150 5229 cujusdam
1186 5136 1520 5219 miserrimi,
1551 5152 1816 5208 videlicet
1845 5169 1912 5208 ex
1928 5136 2189 5224 ejusdem
2207 5169 2325 5209 ser-
2435 5151 2664 5221 gentem
2696 5146 2754 5200 in
2786 5149 2905 5200 tam
2937 5142 3127 5199 amica
3148 5139 3539 5197 familiaritate
3559 5137 3808 5229 habuit?
3822 5136 4078 5229 Exagge-

608 5263 825 5304 verum
858 5224 1139 5321 familia
1175 5241 1361 5297 sancti
1410 5241 1674 5314 Benigni,
1724 5258 1898 5313 quem
1947 5240 2330 5312 magistratus
2438 5224 4073 5321 rativesecundum,Apostolum_(Galat.iv,1§)loquimur,

607 5336 872 5392 crimine
909 5311 1288 5391 convictum
1322 5311 1621 5402 morteque
1652 5311 2329 5400 sus—pensionispatibuli
2438 5322 2737 5395 quoniam,
2767 5320 2816 5375 si
2849 5318 2971 5374 ﬁeri
3000 5316 3407 5390 possetoculos
3423 5314 3884 5402 suoseruissent,
3905 5315 3964 5368 et
3981 5311 4079 5402 de-

608 5424 1063 5499 adjudicatum
1106 5398 1560 5475 deliberaverat.
1594 5398 1773 5482 Quod—
1789 5417 2033 5472 audiens
2048 5398 2136 5471 vir
2165 5416 2332 5471 mise-
2440 5411 2663 5499 dissent
2691 5408 2775 5499 ei.
2797 5405 3097 5499 §iquidem
3130 5402 3694 5499 Ursus,_patiiarcha
3722 5398 4082 5499 illorum,ip-

605 5486 800 5571 riders
836 5507 1176 5569 milliaria
1210 5505 1435 5576 disians
1465 5523 1500 5562 a
1522 5505 1671 5576 loco,
1701 5505 1944 5562 dimisso
1995 5520 2143 5576 equo
2194 5502 2333 5559 illuc
2441 5498 2565 5555 sius
2596 5496 2779 5552 sancti
2807 5494 2992 5550 Patris
3021 5492 3274 5549 decrevit
3301 5486 4080 5576 eiiicimonachus.Sedquia

605 5568 1001 5679 quantocius
1040 5568 1402 5664 occurrens,
1439 5594 1548 5651 hoc
1576 5568 1807 5650 tantum
1825 5568 2085 5649 dicebat:
2114 5614 2142 5643 «
2171 5592 2330 5660 Jesu,
2442 5588 2568 5679 ipse
2598 5582 2973 5679 dispendium
3002 5581 3163 5679 illius
3193 5579 3409 5679 gentis,
3433 5579 3592 5679 quod
3618 5577 3808 5679 forent
3812 5568 4076 5679 [fait-1133i

603 5662 777 5763 few,
815 5694 935 5766 qui
997 5684 1347 5764 pepercisti
1390 5662 1614 5740 latroni
1646 5683 1705 5740 in
1758 5697 1927 5743 cruce
1976 5681 2268 5742 miserere.
2306 5702 2334 5733 ››
2444 5672 2711 5736 absentia
2738 5671 2868 5743 viri,
2896 5670 3297 5742 considerans,
3327 5667 3412 5729 illi
3428 5667 3490 5726 in
3511 5682 3617 5726 suo
3637 5662 3932 5743 proposito
3952 5670 4076 5731 per-

678 5784 800 5869 (37)
837 5779 1017 5845 Editi
1043 5794 1061 5839 :
1104 5775 1265 5848 Rogo
1288 5789 1359 5832 ea:
1384 5790 1469 5831 me
1496 5773 1693 5833 discas.

2419 1525 2676 1580 diversas
2698 1525 3027 1597 provincias
3058 1529 3178 1581 tam
3224 1525 3548 1582 interventu
3605 1541 3782 1599 quam
3828 1525 4054 1581 redem-

2418 1613 2634 1685 ptionis
2663 1614 2847 1685 pretio
2877 1612 3162 1669 liberavit.

2487 1705 2577 1757 27.
2636 1703 2781 1758 Mitis
2821 1704 2882 1757 in
2936 1705 3217 1760 exactione
3271 1703 3567 1759 redituum.
3625 1702 3851 1758 Auctori
3897 1701 4056 1775 hujus

2417 2602 2615 2640 serum
2646 2584 2963 2657 impensor.
2997 2584 3447 2641 Desiderabatur
3477 2585 3631 2640 enim
3662 2584 3734 2640 ab
3765 2582 3924 2639 omni
3952 2582 4053 2638 ho-

2417 2673 2644 2729 minum
2701 2673 2903 2729 ordine
2962 2672 3048 2729 vel
3080 2691 3222 2729 sexu
3252 2672 3439 2745 ipsius
3487 2672 3813 2745 praesentia,
3871 2670 4053 2727 sicuti

2418 2762 2594 2818 unius
2623 2779 2653 2817 e
2679 2761 3024 2834 patriarchis
3055 2765 3154 2817 aut
3183 2761 3463 2834 apostolis
3486 2760 3739 2817 Domini.
3758 2759 4054 2831 Aliquanti

2415 2850 2591 2906 etiam
2626 2851 2951 2906 referebant
2980 2849 3148 2905 illum
3200 2849 3311 2905 sibi
3357 2867 3458 2923 per
3498 2850 3690 2906 visum
3722 2849 3781 2904 in
3830 2847 4053 2904 somnis

2415 2939 2777 3011 apparuisse,
2811 2954 2989 3010 seque
3019 2938 3090 2993 de
3106 2938 3297 3010 pravis
3318 2938 3546 2993 actibus
3562 2937 3949 3010 redarguisse,
3964 2934 4052 2991 vel

2417 3027 2717 3082 monuisse
2749 3025 2879 3082 illos
2905 3027 2974 3082 de
3005 3026 3302 3082 communi
3322 3025 3651 3082 animarum
3669 3024 3874 3081 salute:
3904 3024 4053 3080 «Te-

2415 3119 2539 3171 stor
2567 3130 2695 3187 ego,
2726 3114 2989 3186 inquam,
3021 3113 3284 3186 ipsiusac
3310 3114 3594 3169 virtutum
3609 3117 3853 3169 matrem
3868 3111 4053 3168 chari-

2414 3208 2614 3270 tatem,
2631 3203 2907 3275 quoniam
2923 3203 3216 3274 quondam
3236 3217 3497 3257 meorum
3516 3200 3703 3272 culpis
3716 3200 4039 3256 facinorum

2415 3293 2691 3359 offensus,
2725 3297 2788 3346 ut
2809 3292 2969 3347 ’sensi
3004 3290 3169 3346 illum
3200 3291 3272 3345 ad
3303 3290 3507 3345 horam
3528 3287 4044 3358 amaricatum,se-

2416 3380 2561 3436 cessi
2593 3380 2650 3435 in
2683 3379 2841 3435 aliud
2870 3380 3197 3435 cmnobium
3230 3377 3416 3452 ipsius
3444 3375 4050 3432 ditioniminimesub—

2415 3470 2632 3536 ditum;
2659 3490 2686 3519 ››
2719 3468 2978 3540 dumque
3005 3466 3125 3523 illic
3157 3468 3447 3538 degerem,
3483 3464 3739 3521 astitisse
3768 3463 3913 3519 mihi
3934 3480 4054 3519 una

2415 3561 2581 3613 nocte
2608 3557 2769 3612 visus
2794 3561 2882 3611 est
2915 3560 3147 3628 aspectu
3202 3554 3448 3627 placido,
3500 3570 3568 3609 ac
3616 3569 3796 3608 manu
3842 3551 4057 3624 injecta

2416 3650 2592 3718 caput
2621 3645 2764 3700 mihi
2799 3643 3138 3700 demulcens
3168 3643 3386 3699 aiebat:
3420 3666 3448 3693 «
3481 3644 3639 3715 Rogo
3670 3658 3742 3697 ne
3772 3656 3865 3696 me
3891 3640 4057 3696 dese-

2418 3751 2514 3790 ras
2544 3734 2657 3804 (37)
2690 3734 2739 3788 si
2770 3750 2887 3788 non
2919 3737 2974 3788 te
3006 3748 3202 3788 amare
3233 3729 4059 3804 ﬁngebaszquinpotiusexer-

2419 3839 2545 3878 cere
2574 3827 2627 3878 te
2657 3822 2824 3895 cupio
2855 3839 2982 3894 qum
3015 3820 3385 3893 promiseras.
3422 3820 3612 3892 Ipsius
3642 3833 3898 3890 namque
3941 3816 4058 3871 im-

2418 3911 2577 3983 perio
2605 3911 2858 3966 maxima
2878 3910 3003 3980 jam
3035 3925 3104 3964 ex
3133 3912 3295 3981 parte
3311 3912 3648 3963 eventorum
3669 3914 3843 3977 atque
3863 3904 4057 3976 prodi-

2418 3999 2669 4073 giorum,
2703 4015 2827 4071 quae
2862 3997 3014 4053 circa
3042 4001 3100 4052 et
3132 3997 3283 4051 infra
3311 3991 3920 4050 incarnatiSalvatoris
3949 4008 4057 4047 an-

2419 4105 2561 4144 num
2576 4087 2865 4160 contigere
2877 4081 3865 4154 millesimum,descripseram.Quaa
3879 4078 4055 4136 etiam

2420 4192 2598 4233 causa
2616 4176 2687 4231 ad
2720 4190 2971 4246 praesens
3001 4188 3148 4244 opus
3178 4188 3269 4227 me
3299 4168 3581 4242 compulit
3609 4168 3899 4224 inﬂectere
3912 4165 4059 4223 arti-

2421 4262 2637 4320 culum.
2673 4261 2892 4317 Idcirco
2922 4276 3125 4315 omnes
3155 4258 3370 4332 pariter
3418 4274 3518 4313 oro
3550 4272 3621 4313 ne
3662 4259 3900 4328 propter
3945 4254 4057 4311 hoc

2423 4350 2827 4424 pracjudicium
2857 4349 2927 4404 de
2957 4364 3049 4404 me
3079 4347 3202 4403 fiat.
