4938 6400
1413 447 1536 512 ⁸119.

2556 442 2896 507 SEIFRIDI
2937 442 3266 506 ABBATIS
3309 442 3690 505 TEGERNS.

4708 439 4822 500 720

1414 596 1653 638 manere
1685 580 1892 634 suasit.
1926 580 2092 643 Quod
2143 581 2312 634 etiam
2365 580 2434 633 dc
2476 577 2675 633 multis
2724 579 2932 633 similis
2985 579 3060 634 rei
3098 581 3146 644 Α
3183 578 3346 631 illum
3385 578 3535 632 itura
3563 578 3632 630 de
3664 575 3899 629 vasculo
3930 574 4142 636 carnis.
4179 571 4235 629 in
4270 590 4376 629 sua
4407 572 4593 644 gloria
4639 573 4818 630 Deum

1421 671 1612 743 gratia
1641 670 1943 741 cognitum
1967 668 2215 723 habetur
2242 670 2465 724 fecisse.

1495 758 1583 814 19.
1613 760 1698 815 Ea:
1717 759 1878 815 Italia
1891 759 1949 812 in
1967 757 2198 813 Galliam
2213 757 2402 811 redies.
2427 759 2523 812 Pu:
2550 759 2662 812 obit
2689 759 2983 812 Fismmm'.
3005 787 3069 797 —

1423 849 1558 905 Jam
1579 835 1716 903 vero
1731 847 1787 902 in
1806 847 1899 902 Dei
1914 863 2086 918 opere
2100 847 2282 916 magis
2296 845 2568 900 assiduus
2587 863 2760 917 quam
2782 847 3070 916 frequens,

1425 954 1560 993 cum
1593 940 1748 992 esset
1765 936 1819 990 in
1835 935 1998 991 Italia
2019 952 2190 990 suum
2209 935 2439 989 biennio
2458 935 2798 1006 przestolans
2817 953 2848 988 a
2863 934 3070 989 sa'eulo

1426 1042 1750 1092 excessum,
1784 1025 1880 1079 sed
1896 1040 2090 1079 rerum
2105 1025 2639 1095 opportunitatibus
2657 1025 2862 1077 exinde
2876 1041 3072 1078 evoca-

1426 1118 1545 1180 tus,
1582 1113 2078 1186 aegerrimetamen
2094 1113 2165 1167 ad
2185 1112 2401 1168 Gallias
2422 1114 2979 1184 remeavit.Cumque
2996 1129 3077 1166 re-

1425 1203 1648 1258 visendi
1675 1202 1955 1258 charitate
1978 1207 2220 1257 cunctos
2241 1201 2549 1257 Gorziensc
2569 1220 2751 1272 usque
2786 1209 3072 1255 monaste-

1421 1290 1596 1357 rium,
1630 1308 1663 1346 a
1691 1308 1750 1347 se
1781 1290 1920 1346 olim
1952 1307 2085 1345 cum
2119 1291 2344 1345 cazteris
2374 1292 2447 1345 ad
2481 1291 2743 1358 regulare
2776 1292 3069 1361 specimen

1420 1380 1796 1436 reformatum
1829 1379 2181 1449 devenisset,
2215 1398 2341 1450 qum
2357 1396 2496 1452 supf
2509 1385 2700 1434 rerant
2717 1380 2958 1434 invisere
2973 1397 3071 1432 ru-

1419 1468 1583 1525 ravit.
1609 1469 1827 1524 Dehinc
1855 1469 1925 1522 ad
1969 1469 2464 1540 prmnominatum
2497 1469 2650 1522 venit
2677 1470 3067 1523 Fiscamnum.

1419 1556 1790 1628 Postaliquot
1803 1557 2176 1612 verodierum
2193 1559 2422 1611 acribus
2437 1557 2915 1628 cuipitdoloribus
2931 1557 3073 1610 allii-

1422 1645 1641 1718 giJam
1655 1645 1871 1717 quippe
1886 1645 2226 1700 imminente
2242 1646 2464 1699 solemn
2477 1647 2486 1697 i
2499 1647 2800 1699 tate.\'ativi
2813 1646 2945 1700 tatis
2962 1646 3068 1698 Do-

1425 1734 1677 1802 minicae,
1703 1750 2071 1805 prmnoscens
2102 1752 2220 1789 sua:
2251 1752 2284 1789 a
2315 1735 2544 1789 Christo
2563 1736 3067 1798 vocationisdiem,

1429 1822 1759 1878 convocatis
1793 1822 1863 1877 ad
1914 1840 1974 1877 se
2005 1822 2303 1889 fratribus,
2365 1823 2693 1877 deliberans
2742 1840 2931 1878 coram
2987 1825 3070 1876 eis

1430 1909 1670 1983 provide
1699 1927 1764 1966 ac
1795 1910 2088 1982 sapienter
2117 1912 2186 1965 de
2217 1912 2442 1965 cunctis
2473 1929 2598 1982 qua:
2633 1913 2817 1982 ipsius
2861 1912 3070 1966 innite-

1433 2000 1650 2055 bantur
1678 1999 2023 2072 patrocinio,
2057 2000 2195 2072 quid
2230 1999 2314 2055 vel
2350 2000 2604 2071 qualiter
2653 2001 2938 2070 agendum
2972 2018 3070 2054 seu

1431 2087 1824 2142 ordinandum
1875 2087 2038 2158 foret,
2080 2089 2278 2158 sicque
2335 2088 2641 2152 universis,
2693 2089 3039 2159 prmsentibu

1433 2174 1609 2231 simul
1641 2180 1696 2231 et
1725 2176 2087 2244 absentibus,
2122 2195 2229 2230 sua
2261 2177 2660 2231 benedictione
2707 2179 2973 2243 firmatis,
3011 2196 3074 2232 ac

1429 2264 1547 2320 Deo
1579 2265 1932 2332 commissis,
1963 2265 2197 2338 expetiit
2229 2266 2338 2320 sibi
2373 2268 2494 2320 dari
2531 2266 2784 2321 salutare
2838 2284 2901 2320 ac
2935 2268 3073 2321 vivi-

1427 2355 1603 2408 ficum
1643 2361 2058 2410 commeatum.
2112 2355 2481 2427 Expletisque
2527 2355 2889 2410 solemnibus
2940 2358 3074 2410 totis

1426 2447 1554 2498 octo
1587 2444 1837 2512 dierum,
1865 2444 1944 2498 nil
1973 2444 2234 2498 omnimo
2260 2445 2524 2516 loquens,
2545 2445 2742 2499 oculos
2763 2451 2985 2499 tantum
3004 2446 3073 2499 ad

1427 2535 1610 2588 Deum
1641 2532 1892 2604 erigens,
1917 2532 1998 2586 illi
2018 2533 2124 2587 soli
2146 2535 2473 2592 intendens.
2495 2534 2657 2587 illum
2673 2535 2860 2587 Solum
2884 2541 3075 2588 mente

1432 2621 1752 2692 respiciens
1773 2621 2044 2692 ;jamque
2071 2622 2535 2692 aspiciebatl'elix
2555 2623 2766 2689 anima,
2793 2624 2984 2676 subito
3002 2624 3071 2676 ad

3182 668 3524 734 majestatis.
3559 669 3723 720 Anno
3757 663 3933 736 igitur
3960 663 4224 735 ejusdem
4255 662 4580 718 Nativitatis
4625 662 4821 718 Domi-

3181 755 3320 809 nicze
3355 756 3511 818 1031,
3548 754 3860 808 indictione
3891 771 4006 819 xiv,
4047 769 4080 808 ι
4110 751 4417 808 nativitate
4468 767 4707 826 quoque
4739 752 4824 824 ip-

3181 846 3303 898 sius
3337 845 3520 900 Patris
3554 862 3616 898 ac
3649 843 3746 898 Dei
3781 843 4020 898 cultoris
4053 860 4178 912 ux,
4211 846 4267 897 et
4297 841 4368 899 ab
4391 841 4646 898 adventu
4671 840 4826 898 illius

3182 935 3251 988 ad
3277 935 3491 988 Gallias
3523 935 3591 987 de
3628 932 3787 988 Italia
3819 950 3930 997 xu,
3967 936 4246 1002 regnante
4279 931 4541 986 Conrado
4577 931 4825 1003 impera-

3181 1027 3326 1089 tore,
3351 1023 3406 1076 in
3436 1023 3672 1076 Francia
3705 1020 4088 1075 nihilominus
4121 1021 4368 1076 Roberto
4401 1037 4553 1092 rege,
4595 1020 4694 1075 die
4723 1019 4827 1075 Do-

3184 1111 3405 1165 minica:
3437 1109 3910 1165 Circumcisionis
3962 1108 4298 1174 venerabili,
4333 1113 4507 1181 atque
4558 1108 4824 1180 ejusdem

3186 1201 3505 1254 nativitatis
3536 1206 3756 1264 octavo,
3785 1216 3840 1253 vi
3876 1200 4039 1266 feria,
4071 1215 4263 1265 mane,
4300 1199 4440 1253 dum
4491 1213 4710 1253 aurora
4736 1214 4826 1253 su-

3183 1290 3569 1361 pervenientis
3600 1288 3709 1342 diei
3745 1287 3978 1360 pelleret
4011 1288 4300 1354 tenebras,
4332 1303 4363 1342 θ
4395 1287 4616 1342 mundo
4639 1293 4830 1341 trans-

3183 1379 3282 1432 ivit
3313 1396 3345 1432 a
3378 1384 3578 1433 sancto
3610 1377 3778 1431 istius
3809 1378 3900 1432 Dei
3953 1379 4122 1431 amici
4167 1393 4406 1449 corpore
4449 1376 4648 1431 anima
4705 1375 4831 1430 felix

3181 1477 3236 1522 et
3268 1469 3452 1530 beata,
3491 1467 3725 1521 lucerna
3754 1466 4014 1520 videlicet
4032 1467 4212 1530 orbis,
4231 1466 4303 1521 ad
4329 1466 4752 1536 sempiternam
4774 1481 4832 1518 ac

3181 1557 3445 1610 deiticam
3479 1556 3687 1624 lucem,
3713 1557 3834 1609 suis
3867 1555 4221 1626 lugentibus,
4256 1554 4354 1610 sed
4379 1553 4606 1625 angelis
4631 1552 4830 1608 laetan-

3181 1645 3358 1708 tibus,
3391 1662 3522 1699 cum
3559 1645 4034 1715 quibuslaudans
4053 1661 4116 1698 ac
4134 1643 4517 1714 magnificans
4538 1642 4836 1697 benedicit

3181 1734 3382 1800 Deum,
3420 1735 3475 1788 in
3504 1752 3618 1806 quo
3651 1732 3785 1788 vivit
3815 1734 4281 1805 quidquidjuste
4305 1731 4598 1797 subsistit,
4631 1730 4836 1802 Sepul-

3183 1831 3304 1877 tum
3341 1841 3590 1894 namque
3623 1829 3710 1876 est
3741 1840 3970 1878 sacrum
4006 1822 4163 1877 illius
4195 1839 4407 1894 corpus
4429 1821 4758 1877 bnnoritice
4781 1820 4834 1874 in

3181 1913 3401 1982 gremio
3433 1913 3696 1982 ejusdem
3731 1918 3941 1966 sancta:
3973 1911 4277 1968 Trinitatis
4299 1910 4556 1966 ecclesia!
4591 1910 4652 1966 in
4699 1926 4833 1964 con-

3183 2009 3381 2073 spectu
3415 2002 3677 2056 euntium
3702 2019 3766 2056 ac
3799 2001 4169 2057 redeuntium
4188 2001 4457 2068 fratrum,
4483 2005 4548 2055 ut.
4573 1999 4838 2072 quotidie

3184 2090 3470 2162 siquidem
3504 2109 3614 2161 prae
3647 2090 3829 2144 oculis
3863 2090 4204 2146 imitabilem
4248 2088 4526 2145 haberent
4581 2087 4836 2154 Patrem,

3184 2197 3357 2251 quem
3390 2180 3458 2233 ad
3491 2185 3764 2233 :etemam
3786 2179 4033 2248 justitia:
4057 2179 4382 2234 mercedem
4399 2177 4842 2233 babucreinsti-

3186 2273 3456 2330 tutorem,
3494 2268 3792 2339 ipsitlsquc
3827 2268 4048 2324 meritis
4079 2274 4134 2323 et
4157 2268 4426 2340 precibus
4448 2265 4686 2323 valeant
4723 2282 4842 2337 per-

3184 2359 3371 2428 cipere,
3395 2363 3617 2411 mternm
3653 2359 3777 2410 vitm
3813 2374 4078 2427 regnum,
4112 2363 4167 2412 et
4188 2355 4432 2428 gloriam
4452 2373 4591 2411 cum
4620 2357 4838 2409 sanctis

3185 2447 3480 2510 omnibus,
3515 2447 3766 2501 donante
3801 2447 4045 2501 Domino
4075 2447 4213 2501 Jcsu
4244 2446 4474 2501 Christo
4515 2443 4836 2501 Salvatore.

3185 2536 3281 2605 qui
3308 2552 3440 2589 cum
3480 2536 3591 2589 Deo
3627 2536 3790 2590 Patre
3823 2541 3874 2589 et
3905 2537 4123 2607 Spiritu
4153 2541 4356 2591 sancto
4386 2534 4522 2589 vivit
4545 2540 4602 2590 et
4637 2539 4840 2607 regnat

3187 2641 3287 2694 per
3318 2624 3667 2678 immortalia
3702 2625 4043 2680 smculorum
4079 2624 4310 2680 sa‘cula.
4341 2626 4546 2680 Amen.

1441 2756 4844 2804 Μ

2620 2793 3009 2803 ————————_

3602 2795 3941 2805 ...α’-...ψ

2789 2925 2948 2972 ΔΙ(Νο
2990 2926 3200 2973 DCIIII
3244 2927 3323 2972 IX
3335 2928 3468 2973 LVIII

2541 3088 3729 3253 SEIFRIDUS

2203 3349 2518 3422 ABBAS
2593 3351 3184 3425 MONASTERII
3258 3353 4062 3425 TEGERNSEENSIS

2417 3629 3047 3759 SEIFRIDI
3129 3632 3840 3752 EPISTOL/E

1789 3826 1976 3900 (Apud
2009 3826 2136 3896 Pez,
2166 3828 2349 3884 Codex
2375 3828 2726 3900 diplomalico
2757 3832 3002 3889 historia:
3042 3835 3365 3904 epistolaris,
3400 3834 3508 3890 col.
3543 3837 3666 3902 236,
3705 3836 3964 3891 Thesauri
3990 3837 4178 3894 (υκαι.
4213 3841 4354 3895 tom.
4386 3837 4482 3908 ν.)

1923 4114 2273 4171 EPISTOLA
2323 4115 2570 4175 PRIMA.

1913 4219 1983 4258 AC
2033 4221 2348 4261 EPISCOPUM
2390 4223 2445 4261 Ν.
2494 4249 2507 4262 .
2551 4249 2564 4262 .

1419 4290 1562 4346 Duos
1617 4307 1647 4347 e
1685 4293 1800 4347 suis
1862 4294 2142 4364 frutribus
2189 4296 2374 4363 mum,
2429 4305 2480 4352 et
2543 4315 2708 4355 suum
2775 4300 3070 4356 adventum

2086 4367 2398 4436 pollicetur.

1491 4467 1922 4541 Specialissimo
1951 4470 2162 4527 seniori
2202 4478 2250 4540 τ,
2286 4475 2887 4549 nostristemporibus
2923 4497 3066 4535 cun-

1425 4557 1534 4613 ctis
1558 4557 1895 4616 hominibus
1943 4561 2250 4617 sanctitate
2280 4568 2336 4617 et
2373 4565 2609 4632 justitia
2655 4566 3065 4633 excellentiori,

1424 4650 1451 4711 1
1485 4645 1712 4703 abbatis
1732 4648 2013 4704 vocabqu
2041 4649 2315 4704 addictus
2345 4649 2471 4704 solo
2495 4652 2755 4718 nomine,
2791 4671 2904 4708 una
2933 4675 3064 4712 cum

1423 4734 1703 4806 subjectis
1745 4741 1868 4794 toto
1922 4737 2094 4792 corde
2152 4741 2211 4792 et
2241 4753 2339 4791 ore
2395 4754 2648 4809 perenne
2696 4743 2972 4813 gaudium
3007 4746 3065 4801 in

1421 4824 1666 4895 utroque
1695 4823 1952 4882 homine.

1487 4910 1878 4978 Omnimodis,
1910 4911 2384 4968 reverentissime
2419 4915 2605 4982 Pater,
2640 4934 2745 4989 par
2772 4937 2900 4977 esse
2924 4924 3062 4993 scio,

1420 4999 1500 5055 uti
1532 5000 1694 5057 vobis
1723 5001 1917 5058 servili
1951 4999 2334 5056 famulamine
2359 5003 2648 5074 obediam,
2683 5012 2871 5080 quoad
2913 5013 3060 5070 vivo.

1419 5087 1532 5144 Hoc
1554 5106 1706 5157 vero,
1740 5094 1915 5163 prout
1946 5105 2120 5161 posse
2152 5090 2376 5160 adjacet
2400 5092 2962 5163 mibi,devotissime
2985 5108 3064 5158 to-

1418 5178 1492 5234 tis
1523 5180 1786 5252 corporis
1817 5178 2051 5233 nisibus
2107 5178 2278 5249 cupio
2334 5181 2670 5255 adimplere.
2734 5187 2841 5243 Sed
2893 5191 3059 5247 doleo

1417 5268 1570 5340 quod
1604 5285 1720 5322 non
1758 5268 2115 5338 condignum
2171 5268 2484 5339 beneficiis,
2535 5291 2674 5328 mea:
2729 5280 2997 5350 parvitati
3029 5299 3064 5338 a

1416 5361 1606 5414 vestra
1637 5355 1987 5411 celsitudine
2019 5373 2169 5428 saepe
2201 5356 2447 5426 collatis,
2495 5361 2717 5419 valeam
2767 5366 3059 5428 exhibere.

1418 5443 1714 5517 Spiritalis
1743 5449 1937 5498 autem
1971 5446 2300 5501 serviminis
2325 5450 2526 5506 munia
2542 5453 2702 5509 vobis
2728 5454 3061 5528 impendere

1419 5531 1660 5588 devotus
1691 5531 1771 5588 rei
1803 5548 2006 5607 regum
2038 5533 2268 5591 Christo
2301 5553 2403 5608 pro
2433 5544 2624 5595 vestra
2672 5543 2860 5600 salute
2893 5547 3061 5604 inde~

1419 5620 1675 5680 sinenter
1694 5621 1960 5700 supplico
1989 5627 2168 5682 totus.
2221 5625 2400 5698 Spero
2449 5626 2741 5700 squidem,
2792 5638 3059 5707 quamvis

1420 5712 1644 5773 terrena
1669 5712 1817 5770 mihi
1850 5712 2097 5772 facultas
2122 5730 2226 5790 pro
2255 5713 2585 5772 exhibendo
2613 5720 2777 5776 vobis
2826 5726 3059 5783 servitio

3101 4126 3144 4192 C
3184 4125 3436 4194 deticiat,
3470 4130 3665 4180 tamen
3698 4126 3754 4180 in
3789 4131 4101 4198 conspectu
4134 4132 4324 4182 vestro
4373 4143 4561 4200 aeque,
4620 4147 4738 4186 ceu
4773 4150 4850 4185 co-

3182 4232 3303 4268 ram
3335 4213 3470 4285 Deo,
3503 4216 3641 4285 quia
3668 4215 3939 4272 voluntas
3970 4232 4099 4270 mea
4121 4217 4270 4272 bona
4298 4217 4576 4273 suﬂiciat.
4617 4221 4756 4284 Qua
4789 4224 4848 4275 de
4929 4219 4931 4285 i

3180 4320 3239 4358 re
3270 4303 3632 4358 voluntarius
3667 4306 3834 4366 duos,
3861 4322 4007 4376 quos
4032 4305 4720 4382 jussistis,vobisdirigo
4749 4312 4848 4365 fra-

3179 4397 3295 4447 tres
3327 4410 3506 4458 meos,
3541 4398 3595 4447 et
3628 4395 3699 4447 ob
3735 4394 4136 4449 indissolubile
4173 4393 4326 4451 inter
4375 4413 4481 4450 nos
4531 4397 4847 4454 vinculum

3177 4482 3481 4536 cliaritatis
3513 4484 3682 4537 vestri
3717 4483 3902 4536 solius
3937 4484 4300 4539 famulamini
4336 4485 4593 4557 subjicio
4626 4505 4760 4544 eos.

3251 4571 3431 4641 Igitur
3461 4577 3694 4643 pr0pter
3723 4571 3968 4626 cwnobii
4005 4573 4117 4628 mei
4158 4573 4608 4644 desolationem,
4663 4585 4846 4633 etiam

3177 4658 3224 4714 si
3257 4660 3451 4714 senior
3481 4661 4006 4732 nosterimpcrator
4027 4678 4309 4735 meusque
4339 4663 4450 4719 sibi
4470 4665 4539 4718 ad
4570 4667 4846 4722 ser-vien-

3175 4748 3318 4803 dum
3352 4749 3479 4802 illos
3505 4749 3736 4818 juberet
3771 4750 4018 4813 mittere,
4072 4767 4176 4823 pro
4218 4757 4375 4808 certo
4424 4755 4846 4825 comperisset.

3177 4854 3288 4900 me,
3315 4836 3448 4892 licet
3495 4855 3609 4892 non
3653 4837 3778 4892 sine
3825 4837 4079 4909 periculo
4112 4857 4262 4907 meo,
4311 4840 4420 4896 hoc
4467 4851 4845 4917 praeceptum
4925 4887 4927 4917 ε

3173 4926 3436 4996 ejusdem
3469 4927 3923 4998 praetermittere.
3952 4929 4155 4984 Fateor
4179 4930 4333 4984 enim
4368 4931 4424 4984 in
4453 4932 4693 4988 trutina
4727 4952 4846 4988 ear-

3172 5015 3266 5069 dis
3298 5016 3432 5083 mei,
3463 5017 3960 5087 prmpondcrando
4015 5025 4280 5073 vestrum
4330 5036 4620 5088 amorem,
4679 5023 4844 5078 illius
4925 5011 4927 5074 Ῐ

3171 5103 3400 5159 vincere
3431 5105 3722 5159 timorem.
3753 5104 3867 5160 IIac
3901 5123 4003 5178 pro
4034 5123 4212 5162 causa
4236 5108 4404 5162 unice
4423 5113 4694 5166 vestram
4727 5113 4844 5184 pie-

3173 5197 3357 5247 tatem
3394 5192 3587 5264 ﬂagito
3618 5210 3720 5265 per
3749 5195 4115 5250 verissimam
4149 5196 4347 5265 fidem,
4391 5213 4507 5270 qua
4555 5198 4844 5255 Christus

3173 5281 3435 5354 replevit,
3468 5287 3526 5336 et
3555 5299 3682 5354 qua:
3715 5283 3786 5338 ad
3813 5283 4077 5340 notitiam
4112 5286 4378 5343 omnium
4413 5285 4691 5344 fidelium
4717 5290 4844 5344 lucc

3171 5370 3389 5425 clarius
3417 5369 3672 5436 inolevit,
3705 5377 3996 5443 quatenus
4037 5379 4280 5444 paterno
4327 5373 4538 5430 aﬂectu
4583 5376 4735 5434 illos
4773 5380 4844 5432 fu-

3169 5459 3371 5526 veatis,
3404 5465 3579 5530 atque
3609 5465 3670 5513 ut
3699 5459 3980 5515 citissime
4011 5461 4271 5526 valeatis,
4301 5478 4436 5518 cum
4468 5466 4703 5535 gaudio
4723 5485 4842 5522 eoa-

3170 5549 3303 5602 dem
3339 5549 3409 5602 ad
3445 5565 3536 5602 me
3568 5548 3899 5603 remittatis.
3931 5549 4304 5606 Ecceiterum
4329 5551 4670 5626 iterumque
4699 5574 4842 5629 pra-

3169 5636 3367 5693 cordia
3396 5653 3526 5694 mea
3555 5636 3846 5710 incipiunt
3876 5655 4073 5694 amore
4123 5640 4352 5696 interno
4399 5641 4632 5708 ardere,
4697 5646 4842 5718 quis

3169 5726 3358 5799 magis
3388 5743 3453 5783 ac
3484 5725 3673 5800 magis
3706 5727 3971 5784 desidero
4003 5732 4258 5786 vestrum
4289 5727 4446 5786 velut
4481 5731 4842 5806 angelicum

4927 4629 4930 4770 ν
