4938 6414
720 479 830 545 ’121

2203 480 2629 549 ΕΡΙΞΤΟῙδΕ.

3986 496 4107 560 722

718 612 941 672 vultum
969 608 1312 704 viderelloc
1341 628 1506 704 ergo,
1548 611 1668 671 vita
1714 612 1884 704 nobis
1931 614 2161 682 comite,
2212 614 2354 672 dum
2382 617 2438 687 Α
2464 620 2670 692 spicere
2696 622 2831 689 noli,
2884 639 3056 697 neque
3108 624 3381 697 fatigaris,
3431 621 3560 682 dum
3617 625 3684 683 ab
3729 644 3790 686 eo
3833 631 4103 704 argueris.

719 701 1059 778 quantocius
1089 701 1363 773 perﬁcere
1393 701 2071 775 quibo,gratulabundus
2093 721 2195 761 vos
2216 704 2359 763 facie

719 790 786 850 ad
819 790 1019 847 faciem
1051 789 1288 848 visurus
1319 790 1509 848 adibo.

1304 896 1649 954 EPISTULA
1687 898 1757 954 II.

1248 1002 1322 1041 AD
1360 1003 1439 1041 ιν.
1471 1002 1815 1043 EPISCOPUM.

714 1080 952 1134 Excusat
979 1075 1283 1145 longiorem
1317 1092 1528 1132 moram
1575 1092 1802 1131 suorum
1847 1076 1908 1130 in
1951 1083 2219 1132 certorum
2265 1092 2357 1131 co-

1226 1145 1411 1202 dicum
1435 1147 1843 1218 perscriptione.

780 1236 1000 1292 Domno
1054 1233 1319 1307 pontiﬁci
1373 1238 1465 1289 W.
1510 1234 1775 1290 omnium
1821 1234 2028 1305 jubare
2074 1234 2353 1290 virtutum

708 1321 945 1397 fulgenti
981 1322 1333 1395 cunctisque
1364 1323 1423 1380 in
1467 1323 1640 1379 domo
1666 1323 1896 1381 Domini
1933 1323 2140 1396 positis
2171 1324 2355 1380 instar

709 1411 845 1469 solis
874 1409 1118 1479 lucenti,
1152 1412 1210 1468 S.
1244 1410 1347 1468 Dei
1376 1410 1565 1485 gratia
1591 1412 1650 1467 in
1681 1411 2087 1485 Tegrinseensi
2113 1410 2352 1484 collegio

708 1499 893 1557 ofﬁcio
924 1499 1130 1556 fruens
1171 1498 1421 1571 abbatis,
1470 1517 1589 1555 una
1637 1516 1772 1555 cum
1821 1499 2097 1571 subjectis
2133 1498 2354 1572 jugiter

706 1589 919 1646 orando
949 1588 1009 1644 in
1040 1591 1295 1662 utroque
1324 1586 1562 1644 homine
1609 1588 1879 1660 perennis
1927 1586 2140 1660 gaudia
2171 1586 2350 1642 felici-

706 1677 858 1735 tatis.
1830 1738 1835 1743 .

769 1766 997 1824 Testem
1029 1766 1219 1823 Deum
1246 1765 1467 1834 invoco,
1500 1764 1712 1839 praesul
1743 1765 2136 1833 dilectissime,
2170 1766 2347 1837 quod,

702 1852 958 1926 quandiu
1001 1853 1155 1922 vivo,
1201 1869 1433 1926 semper
1490 1853 1654 1910 vobis
1708 1853 2015 1927 omnigena
2075 1854 2349 1909 servitute

702 1941 967 1999 famulari
998 1943 1467 2016 cupio,omnium
1498 1942 1807 2000 hominum
1837 1943 2230 2000 devotissime.
2261 1945 2345 1999 Ad

699 2030 817 2088 haec
847 2030 1025 2088 etiam
1059 2049 1195 2088 cum
1228 2031 1504 2089 fratribus
1527 2032 1672 2089 meis
1695 2037 1813 2089 toto
1834 2033 2023 2089 cordis
2044 2033 2347 2089 conanime

698 2119 1097 2177 indesinenter
1128 2120 1406 2193 deprecor
1433 2125 1617 2177 Deum
1648 2138 1752 2194 pro
1793 2121 1979 2177 salute
2020 2120 2194 2177 vestri
2224 2137 2347 2176 cor-

680 2206 850 2285 poris
898 2212 957 2264 et
997 2207 1234 2269 animae.
1300 2209 1609 2282 Magniﬁca
1661 2209 1841 2283 igitur
1898 2226 2163 2279 munera,
2220 2226 2346 2281 quae

694 2290 1028 2368 frequenter
1057 2294 1415 2354 exbibuistis
1447 2301 1649 2354 sancto
1671 2297 2172 2371 Quirino,penitus
2195 2314 2350 2354 com-

696 2384 1094 2442 monefaciunt
1127 2402 1235 2442 nos
1265 2385 1492 2443 Christo
1520 2387 1852 2460 supplicare
1875 2403 1976 2459 pro
2000 2385 2347 2453 vobis,velut

693 2472 1018 2531 memoriali
1053 2473 1276 2531 divino.
1307 2474 1523 2531 Verum
1554 2474 1897 2548 suppliciter
1926 2475 2120 2549 ﬂagito
2142 2478 2343 2531 vestrae

691 2560 1093 2620 excellentiam
1120 2563 1419 2632 bonitatis,
1454 2580 1525 2619 ne
1555 2563 1815 2637 aliquam
1834 2564 2046 2621 mentis
2073 2563 2344 2619 oll'ensio-

692 2666 821 2706 nem
843 2654 1053 2707 contra
1072 2668 1274 2725 meum
1288 2652 1614 2709 coenobium
1630 2653 1845 2725 geratis
1870 2669 2099 2708 moroso
2123 2656 2344 2724 tempo-

690 2737 769 2793 ris
800 2737 1291 2796 intervallo.lnibi
1322 2756 1437 2795 non
1471 2743 1609 2796 sunt
1638 2740 1828 2796 adhuc
1874 2739 2178 2813 prescripti
2209 2739 2342 2796 libri

692 2842 835 2899 quos
866 2824 1506 2899 postulabatis.Sedula
1536 2845 1670 2902 ergo
1702 2828 1820 2884 illic
1859 2827 2210 2901 permutatio
2240 2829 2342 2884 ab-

689 2914 1030 2983 batum,nec
1053 2933 1174 2972 non
1200 2933 1303 2989 pro
1325 2916 1568 2973 diversis
1594 2918 1916 2973 scribendis
1946 2916 2342 2973 voluminibus

688 3000 1065 3076 imperatoris
1115 3004 1464 3061 mandatum
1511 3005 1675 3061 valde
1720 3006 2048 3077 impediunt
2085 3005 2340 3061 votivum

685 3090 847 3148 vobis
876 3091 937 3148 in
990 3091 1387 3150 ministrando
1435 3094 1789 3151 desiderium
1839 3094 2177 3149 eorumdem
2224 3093 2340 3148 fra-

685 3182 862 3235 trum.

1210 3234 1217 3243 ’
1283 3262 1630 3327 EPISTOLA
1658 3271 1756 3327 111.

683 3373 754 3412 AD
792 3374 1145 3414 FULDENSEM
1192 3376 1478 3425 ABBATEM,
1525 3376 1599 3416 UT
1643 3376 1911 3430 VIDETUB,
1950 3375 2333 3416 WIDERADUM.
2367 3343 2410 3410 Ο

810 3447 1081 3518 Deplorat
1106 3448 1370 3503 miserum
1398 3448 1681 3503 Fuldensis
1711 3448 1953 3503 eccleer
1981 3452 2202 3502 statum.

747 3532 1105 3591 Venerando
1135 3534 1333 3591 abbati
1369 3539 1422 3603 τ,
1454 3533 1817 3592 diversarum
1853 3534 2140 3591 virtutum
2185 3536 2339 3592 flori-

678 3619 789 3678 bus
811 3627 1065 3679 cunctos
1083 3621 1384 3695 praecellen
1395 3622 1436 3678 ti
1455 3622 1695 3679 abbates
1717 3621 1934 3679 nostris
1959 3624 2338 3696 temporibus,

680 3708 974 3784 J{indigne
1003 3709 1298 3768 vocabulo
1322 3711 1573 3784 pastoris
1613 3711 2020 3784 Tegrinseensi
2043 3710 2174 3766 ovili
2203 3728 2341 3784 prae-

676 3795 852 3867 latus,
886 3817 1016 3856 una
1047 3816 1187 3855 cum
1218 3800 1420 3856 eodem
1444 3800 1666 3873 jugiter
1685 3800 1904 3856 orando
1924 3798 2173 3857 caelestis
2194 3817 2339 3872 gau-

679 3884 774 3942 dia
795 3892 1072 3945 senatus.

746 3973 1081 4050 Utriusque
1108 3978 1286 4033 vestri
1316 3976 1573 4034 hominis
1621 3977 1966 4050 profectum,
1992 3977 2158 4033 Pater
2204 3977 2340 4033 cha-

676 4063 936 4133 rissime,
973 4066 1050 4121 ad
1087 4064 1391 4140 proprium
1412 4064 1557 4122 velle
1585 4065 1645 4120 in
1675 4065 1919 4121 Domino
1951 4081 2182 4138 semper
2210 4081 2340 4137 pro-

666 4146 901 4226 sperari
934 4150 1062 4211 non
1096 4171 1261 4211 cesso
1288 4171 1392 4224 pro
1423 4170 1594 4227 posse
1619 4170 1693 4215 ac,
1714 4170 1888 4209 nosse
1935 4153 2157 4209 intimis
2197 4170 2340 4226 pra:-

677 4241 1019 4299 cordiorum
1056 4241 1336 4315 suspiriis
1382 4242 1824 4315 deprecari.Sed
1858 4258 1974 4297 non
2008 4240 2132 4296 sine
2164 4241 2344 4315 lacry-

678 4330 791 4386 mis
822 4347 1085 4402 possum
1139 4330 1330 4388 dicere
1378 4334 1665 4404 quantum
1709 4347 1802 4386 me
1832 4330 1988 4385 fama
2038 4330 2109 4386 de
2132 4330 2342 4386 vestris

678 4416 953 4475 cladibus
986 4420 1166 4475 triste
1189 4419 1462 4475 nuntium
1488 4422 1727 4491 portans
1758 4416 1903 4475 solet
1931 4417 2177 4473 afﬁcere.
2225 4418 2340 4474 Du-

678 4506 822 4564 dum
853 4507 1023 4565 enim
1073 4507 1329 4581 comperi
1356 4506 1776 4564 monasterium
1822 4509 1878 4561 S.
1912 4505 2187 4563 Bonifacii
2218 4521 2341 4561 om-

674 4596 843 4652 nium
876 4594 1278 4653 ecclesiarum
1306 4594 1610 4668 speculum
1632 4594 1912 4651 hactenus
1926 4595 2059 4666 jure
2083 4593 2344 4650 nomina-

2464 708 2668 766 Adhuc
2698 728 2951 785 namque
2980 712 3131 769 inter
3159 731 3323 786 spem
3352 717 3411 771 et
3458 718 3677 771 metum
3725 718 3968 790 positus,
3997 738 4102 793 pro

2464 802 2789 856 vestrarum
2821 818 3014 858 rerum
3046 806 3201 859 statu
3223 802 3381 859 hunc
3402 803 3635 861 brevem
3656 806 3819 862 vobis
3840 807 4100 877 mittens,

2462 887 2763 945 veritatem
2794 906 3138 962 cognoscere
3165 891 3334 964 cupio
3363 892 3666 964 praesentis
3687 893 3858 967 legati
3895 894 4099 952 relatu.

2464 976 2699 1049 Egomet
2727 978 2851 1050 ipse
2884 978 3163 1035 nimirum
3194 997 3310 1036 non
3341 980 3635 1038 differrem
3665 999 3766 1039 vos
3808 983 4020 1050 videre,
4054 985 4104 1039 si

2462 1063 2698 1136 aliquod
2731 1066 3031 1122 charitatis
3081 1068 3299 1141 pignus
3342 1073 3543 1125 vestrae
3587 1069 3837 1127 almitati
3867 1088 4101 1144 possem

2463 1153 2798 1224 praebere,et
2823 1155 2935 1210 nisi
2964 1172 3068 1227 pro
3100 1155 3435 1213 aedificando
3485 1158 3543 1214 S.
3576 1157 3801 1222 Quirini
3840 1160 4101 1217 cmnobio

2461 1257 2654 1296 essem
2685 1247 3019 1315 oceupatus,
3052 1248 3247 1317 atque,
3281 1249 3345 1300 ut
3363 1246 3526 1302 vobis
3548 1250 3753 1303 notum
3781 1248 4101 1317 est,nimie-

2460 1330 2577 1384 tate
2603 1330 2963 1401 paupertatis
2990 1332 3248 1404 undique
3277 1333 3767 1392 circumvallatus.

3037 1438 3386 1495 EPlSTOLA
3422 1439 3513 1496 IV.

2845 1543 2919 1581 AD
2950 1543 3249 1583 HENRICUM
3274 1543 3701 1585 IMPERATOREM.

2462 1612 2624 1667 Illum
2679 1621 2845 1687 rogat
2884 1623 2937 1669 et
2990 1615 3287 1671 obtestatur
3333 1633 3405 1671 ne
3446 1618 3840 1673 monasterium
3869 1620 4097 1687 Tegern-

2528 1700 2711 1756 seeuse
2740 1686 2848 1739 ulli
2876 1687 2936 1740 in
2977 1687 3296 1756 beneﬁcium
3343 1688 3613 1753 concedat,
3664 1690 3727 1742 ni
3772 1686 3958 1744 omnia
4002 1707 4096 1745 seu

2530 1755 2819 1813 industriae
2835 1772 2931 1812 seu
2949 1755 3168 1827 pietatis
3190 1773 3352 1829 opera
3379 1757 3515 1813 velit
3539 1759 3775 1814 diruere.

2529 1859 2912 1917 Invictissimo
2944 1861 3340 1918 Romanorum
3370 1862 3704 1935 imperatori
3731 1865 3995 1937 Augusto
4025 1865 4092 1921 H.

2458 1948 2694 2021 speciali
2726 1949 3006 2006 virtutum
3037 1951 3362 2007 diademate
3376 1967 3493 2024 prie
3514 1951 3653 2007 ﬁliis
3672 1951 3980 2009 hominum
4000 1968 4093 2008 ve-

2458 2042 2654 2106 nusto,
2687 2039 2745 2093 S.
2779 2055 2959 2111 supra
3009 2037 3251 2111 Legium
3300 2041 3363 2110 [f.
3397 2038 3750 2112 collegium],
3780 2040 3840 2095 S.
3868 2041 4093 2107 Quirini

2456 2126 3016 2182 administratorium
3067 2143 3274 2199 gerens
3306 2130 3525 2184 statum
3564 2145 3683 2185 una
3710 2145 3843 2184 cum
3868 2130 4091 2198 eodem,

2456 2219 2588 2286 post
2615 2215 2937 2288 longaevum
2970 2214 3155 2272 felicis
3178 2215 3407 2288 imperii
3429 2215 3823 2289 principatum
3844 2217 4093 2275 ccelestis

2454 2304 2625 2358 curiae
2655 2307 2944 2359 senatum.

2524 2391 2669 2458 Quia
2698 2407 2981 2464 pauperes
3010 2396 3065 2447 et
3094 2392 3259 2463 egeni
3288 2407 3600 2448 numerum
3647 2393 3987 2449 excedentes
4016 2393 4089 2449 ad

2450 2497 2550 2535 vos
2563 2484 2808 2535 currunt
2826 2479 2885 2535 in
2903 2478 3154 2535 miseriis
3176 2496 3293 2535 suae
3311 2478 3751 2548 calamitatis,ac
3773 2496 3877 2552 pro
3892 2497 4091 2537 amore

2451 2570 2581 2640 ejus
2612 2567 2711 2640 qui
2738 2584 2839 2623 vos
2861 2567 2971 2623 sibi
3001 2568 3061 2622 in
3090 2566 3346 2623 Ecclesia
3374 2567 3655 2623 vicarium
3698 2567 3932 2641 delegit,
3963 2585 4088 2625 om-

2451 2657 2626 2713 nibus
2654 2656 2747 2711 his
2770 2655 3118 2728 patrissatis,
3153 2655 3224 2709 ob
3257 2654 3315 2709 id
3346 2657 3403 2711 et
3432 2655 3669 2726 nos,qui
3690 2656 3909 2711 mundo
3929 2656 4089 2727 obje-

2450 2744 2548 2813 cti,
2581 2760 2751 2816 grave
2798 2741 3156 2816 paupertatis
3202 2758 3352 2798 onus
3401 2742 3751 2813 subivimus,
3782 2742 3841 2798 in
3889 2748 4091 2800 nostra

2450 2850 2710 2889 aerumna
2731 2833 2803 2888 ad
2817 2837 3018 2888 vestrae
3041 2830 3320 2887 almitatis
3344 2830 3787 2904 asylum,Caasar
3804 2830 4087 2904 piissime,

2449 2920 2840 2992 confugimus.
2873 2921 3019 2975 Nam
3053 2923 3184 2990 post
3214 2919 3399 2975 Deum
3428 2935 3561 2975 cum
3584 2919 3746 2975 omni
3783 2918 4089 2989 solamine,

2448 3013 2685 3080 excepto
2731 3011 3272 3075 vestro,careamus,
3315 3010 3524 3062 nostra:
3568 3005 3866 3080 religionis
3913 3009 4089 3079 atque

2449 3096 2656 3152 salutis
2686 3096 3099 3151 detrimentum
3130 3094 3543 3162 acceleramus,
3577 3094 3705 3150 siin
3736 3094 3952 3152 nostris
3982 3095 4091 3151 Do-

2448 3185 2607 3242 mino
2636 3184 2906 3256 precibus
2927 3200 3027 3240 vos
3045 3182 3453 3239 commendare
3475 3199 3737 3255 unquam
3758 3198 4082 3240 essemus.

2448 3275 2571 3340 Qua
2600 3274 2671 3329 de
2702 3289 2894 3344 repro
2925 3276 3082 3328 certo
3103 3271 3325 3339 scitote,
3360 3271 3419 3326 in
3448 3286 3626 3343 regno
3666 3270 3962 3327 neminem
3990 3285 4086 3326 ve-

2449 3367 2568 3418 stro
2598 3361 2946 3417 commorari
2978 3361 3078 3432 qui
3105 3359 3238 3432 plus
3260 3358 3428 3415 nobis
3447 3358 3657 3431 gliscat
3677 3358 3770 3415 die
3794 3362 4088 3430 noctuque

2448 3449 2787 3523 lacrymosis
2816 3448 3131 3522 gemitibus
3156 3465 3257 3520 pro
3285 3446 3542 3519 longaeva
3569 3444 3972 3504 incolumitate
3992 3461 4087 3503 ve-

2448 3542 2571 3594 stra
2612 3537 2907 3593 Christum
2940 3534 3255 3609 deprecari,
3292 3540 3351 3591 et
3388 3538 3451 3590 ut
3479 3536 3551 3590 de
3583 3534 3723 3592 ccslo
3752 3552 3885 3607 pax,
3916 3534 4091 3591 victo-

2448 3626 2647 3697 riaque
2676 3625 2840 3680 vobis
2888 3625 3347 3692 administretur,
3382 3639 3453 3679 ne
3485 3621 3769 3679 securitas
3809 3621 4088 3679 Christia-

2449 3713 2648 3770 nitatis
2680 3713 2800 3770 ulla
2829 3712 3113 3769 bellorum
3145 3714 3488 3784 tempestate
3519 3710 3840 3783 quatiatur.

2519 3802 2734 3858 Verum
2802 3800 3039 3858 sinister
3114 3816 3313 3855 rumor
3386 3798 3754 3855 conturbavit
3826 3802 4088 3855 nostram

2449 3891 2652 3946 orandi
2683 3889 3085 3956 intentionem,
3108 3887 3278 3943 nobis
3304 3885 3734 3943 amarissimam
3759 3884 4087 3942 intimando

2447 3978 2925 4035 lamentationem
2957 3993 2970 4030 :
3004 3993 3105 4031 vos
3153 3974 3373 4031 scilicet
3400 3974 3557 4030 istud
3586 3972 3730 4029 velle
3758 3972 4086 4031 ctenobium

2448 4067 2674 4122 tradere
2704 4066 2763 4120 in
2794 4064 3243 4133 beneﬁcium,ad
3274 4065 3485 4118 nostras
3534 4060 3864 4133 exiguitatis
3892 4059 4085 4116 inces-

2449 4152 2633 4209 sabile
2664 4151 3017 4225 supplicium
3043 4150 3129 4229 vel
3151 4148 3473 4221 justitiam.
3504 4148 3563 4202 Si
3592 4164 3726 4203 vero
3756 4146 3900 4202 istos
3930 4144 4088 4202 ullus

2449 4240 2766 4297 cmnobitas
2794 4238 3051 4294 vindicat
3080 4237 3136 4292 in
3171 4235 3788 4308 servitutem,profecto
3811 4234 3908 4289 hic
3946 4233 4087 4290 deﬁ-

2450 4330 2561 4386 ciet
2589 4345 2760 4384 omne
2789 4326 3021 4383 artiﬁcii
3068 4326 3429 4393 exercitium,
3471 4323 3610 4396 quia
3638 4321 3908 4395 posthinc
3939 4338 4089 4393 quos

2452 4418 2623 4473 tadet
2650 4414 3090 4483 vivere,nullum
3120 4414 3213 4470 his
3243 4411 3597 4470 desiderium
3618 4415 3708 4467 est
3727 4411 3964 4484 pingere
3988 4413 4091 4466 aut

2452 4506 2834 4562 scribere.Sed
2866 4504 2979 4559 huc
3007 4503 3261 4575 illucque
3289 4502 3715 4574 dispergentur,
3744 4515 3818 4554 ne
3864 4497 4089 4569 aliquid

2453 4595 2524 4650 ad
2541 4594 2974 4649 aediﬁcationem
2990 4590 3351 4664 spiritualem
3363 4585 3859 4662 operentur.lstud
3872 4585 4090 4659 quippe

673 4686 1000 4753 tum,nunc
1033 4700 1176 4741 cum
1225 4682 1518 4757 contiguis
1564 4682 1823 4738 aediﬁciis
1854 4699 1982 4738 esse
2010 4698 2343 4739 concrema-
2373 4704 2420 4769 Ι)
2460 4681 2875 4738 monasterium
2918 4681 2975 4735 in
3007 4680 3116 4735 hac
3141 4677 3436 4751 provincia
3463 4675 3964 4747 antiquissimum,
3989 4690 4087 4730 va-

675 4774 957 4834 tum.Hoc
989 4789 1141 4846 ergo
1163 4771 1390 4830 cunctis
1418 4770 1902 4844 cognoscentibus
1943 4775 2031 4826 est
2071 4770 2347 4825 lamenta-

676 4859 812 4930 bile,
846 4862 955 4935 qui
1015 4865 1080 4918 et
1114 4864 1317 4933 cptant
1367 4860 1554 4934 gratia
1604 4859 1705 4915 Dei
1757 4859 1954 4932 ipsum
1999 4859 2345 4931 quandoque

672 4950 927 5022 pristino
960 4951 1186 5007 decore
1216 4949 1341 5005 ﬁeri
1370 4947 1711 5022 reparabile.
1744 4948 2002 5004 Necdum
2045 4964 2178 5004 vero
2208 4947 2344 5003 hinc

670 5038 893 5097 obortae
926 5038 1090 5096 mihi
1123 5037 1391 5111 lacrymae
1411 5041 1579 5093 erant
1606 5037 1852 5105 siccata),
1884 5040 1942 5092 et
1962 5036 2169 5093 iterum
2203 5035 2343 5092 sini-

671 5131 793 5184 ster
824 5145 1047 5184 rumor
1082 5125 1282 5183 attulit
1308 5143 1410 5182 vos
1439 5130 1600 5198 peste
1624 5124 1926 5198 turgidum
1948 5125 2074 5196 jam
2107 5125 2167 5180 in
2197 5141 2345 5180 mor-

671 5214 748 5273 tis
775 5232 914 5275 esse
944 5213 1281 5273 vicinitate.
1311 5214 1528 5271 Verum
1577 5214 1648 5271 ad
1699 5214 1821 5269 haec
1851 5213 2172 5270 infortunia
2200 5213 2341 5269 dum

671 5321 904 5377 nequeo
936 5302 1257 5377 corporale
1278 5301 1553 5360 solatium
1580 5301 1849 5358 exhibere
1877 5301 2040 5357 vobis
2058 5300 2145 5357 vel
2171 5301 2349 5357 medi-

669 5390 1417 5464 camentum,supplicans
1446 5395 1674 5447 tantum
1703 5390 1929 5446 Christo
1961 5406 2063 5461 pro
2092 5390 2346 5445 remedio

666 5484 874 5549 vestri,
912 5479 1079 5537 illud
1117 5479 1293 5535 etiam
1323 5478 1773 5536 consolatorium
1797 5478 1982 5533 sancti
2002 5477 2200 5533 Jacobi
2222 5494 2348 5549 pro-

670 5569 790 5627 fero
840 5571 1293 5627 documentum
1327 5584 1340 5622 :
1376 5567 1544 5623 Omne
1569 5566 1834 5638 gaudium
1859 5567 2185 5632 existimate,
2217 5566 2348 5621 dum

667 5662 728 5714 in
752 5661 1108 5716 tentationes
1140 5656 1320 5712 varias
1363 5656 1699 5721 incideritis;
1729 5654 1869 5709 dum
1919 5658 1975 5707 et
2018 5652 2163 5708 alias
2200 5654 2346 5708 scri-

664 5752 840 5820 ptum
888 5762 1040 5806 esse
1098 5743 1378 5803 noveritis
1406 5760 1420 5801 :
1451 5744 1562 5801 Fili
1604 5741 1953 5814 disciplinam
1994 5742 2212 5798 Domini
2254 5741 2347 5796 de-

2454 4770 2655 4843 rioque
2685 4769 2979 4841 quondam
3011 4772 3218 4823 ornatu
3249 4762 3972 4843 splendidissimum,sicut
3999 4777 4087 4817 re-

2453 4858 2570 4931 gali
2601 4855 3234 4928 auctoritate,legitima
3260 4855 3537 4909 donatum
3564 4856 3653 4909 est
3670 4851 3938 4907 libertate
3967 4849 4091 4922 pri-

2453 4948 2566 5002 mis
2597 4947 2862 5018 ejusdem
2893 4942 3412 4999 intervenientibus
3449 4940 3875 5007 fundatoribus,
3908 4937 3993 4993 sic
4021 4935 4090 4992 li-

2451 5036 2591 5091 bera
2620 5050 2754 5091 cum
2795 5031 3109 5106 privilegiis
3138 5031 3469 5088 canditione
3511 5028 3894 5086 sublimatum
3942 5029 4031 5083 est
4059 5042 4095 5082 a

2448 5123 2658 5180 vestris
2688 5121 3173 5180 antecessoribus.

2520 5217 2687 5269 Nunc
2714 5211 2893 5284 igitur
2917 5206 3514 5282 efflagitamusipsum
3530 5205 3631 5278 qui
3656 5205 3716 5260 in
3738 5220 3916 5261 manu
3939 5205 4095 5260 tenet

2455 5319 2563 5357 sua
2593 5300 2855 5357 omnium
2888 5298 3061 5354 corda
3086 5313 3311 5369 regum,
3346 5300 3635 5367 quatenus
3664 5293 3824 5350 cordi
3852 5292 4095 5365 inspiret

2453 5396 2643 5446 vestro
2680 5406 2796 5443 non
2844 5403 3116 5460 spernere
3170 5388 3499 5441 nostrarum
3542 5382 3941 5439 humilitatem
3970 5393 4093 5450 pre-

2455 5494 2609 5534 cum.
2636 5478 3023 5533 Obsecramus
3072 5472 3309 5546 quidem
3356 5471 3639 5527 luctuosis
3676 5468 3989 5542 gemitibus
4017 5465 4088 5519 ob

2454 5567 2581 5637 ejus
2610 5564 2866 5619 nominis
2896 5560 3486 5632 sanctitudinem,qui
3505 5572 3828 5628 vos,regum
3851 5553 4082 5624 optime,

2456 5656 2526 5710 ad
2556 5657 2775 5709 tantam
2809 5651 3079 5724 perduxit
3125 5649 3549 5715 celsitudinem,
3582 5661 3684 5702 seu
3730 5644 3962 5713 propter
3989 5652 4084 5706 pa-

2458 5746 2688 5799 rentum
2748 5744 3096 5808 vestrorum,
3133 5737 3424 5810 vestrique
3475 5734 3857 5799 elemosynam
3909 5726 4078 5789 atque
