3852 6420
284 419 409 488 ’123

1159 414 1500 480 SEIFRlDl
1543 410 1878 475 ABBATIS
1921 407 2288 475 TEGERNS
2333 405 2849 477 EPITAPHIUM.

3611 415 3732 480 721

289 521 568 616 atarnam
593 552 1044 621 beatitudinem,
1075 567 1149 608 ne
1178 549 1358 607 ullius
1384 565 1491 605 nos
1519 550 1743 603 vestros
1767 543 1944 601 servi-
1975 544 2030 611 Α
2060 549 2216 613 nato,
2250 545 2318 601 N.
2374 563 2520 604 suus
2551 564 2656 606 nec
2699 547 2916 622 dignus
2964 547 3106 619 diei,
3135 544 3414 608 laborum
3471 551 3732 624 praemiis

281 647 405 704 'tuti
437 643 700 704 servulos
731 640 1198 715 subjiciatis.Sed
1229 640 1300 696 ad
1333 637 1544 694 Christi
1565 640 1944 707 vestrumque

293 734 645 793 famulatum
667 732 778 788 sub
792 732 1002 787 umbra
1020 729 1243 786 alarum
1257 732 1581 784 vestrarum
1601 724 1940 800 protegatis.

293 825 444 882 Istas
474 823 631 879 enim
680 819 1135 894 supplicationes
1181 820 1231 874 si
1264 816 1585 891 dignemini
1628 814 1942 887 complere,

292 913 354 970 in
387 912 499 968 isto
527 909 877 968 eternaliter
923 908 1050 965 loco
1095 907 1152 964 in
1183 907 1588 964 benedictione
1637 909 1841 961 notum
1870 903 1948 959 sit

291 1002 458 1060 vobis
489 999 826 1058 memoriale
857 1003 1115 1056 vestrum
1147 1013 1403 1055 manere.

894 1133 1236 1191 EPISTULA
1278 1131 1349 1187 V.

400 1243 472 1283 AD
503 1241 856 1282 SIGEFRIDUM
901 1238 1402 1280 ARCHIEPISCOPUM
1437 1235 1840 1276 MOGUN'I‘INUM.

293 1333 614 1391 Gratulatur
636 1336 692 1389 ei
714 1332 955 1390 reditum
980 1331 1048 1388 ab
1077 1332 1356 1403 exsilio,el
1386 1329 1608 1403 quantis
1645 1326 1952 1403 sumptibus

362 1407 475 1462 sibi
500 1403 1146 1472 constiteﬁuleelinatio
1174 1399 1692 1472 insidiarum,qu
1720 1399 1955 1472 quidam

363 1483 679 1536 monachus
706 1471 827 1534 suae
849 1476 1097 1532 abbatiae
1123 1480 1450 1539 struxerat,
1481 1471 1737 1541 exponit.

369 1583 955 1658 Archiepiscoporum
985 1581 1288 1656 piisssimo
1318 1580 1736 1652 S.,pauperum
1761 1582 1818 1634 et
1838 1593 1957 1633 ma-

295 1672 452 1729 xime
490 1672 916 1729 monachorum
957 1670 1248 1727 defensori
1299 1669 1606 1735 ﬁdissimo,
1662 1668 1721 1723 8.
1773 1667 1958 1723 abbas

298 1760 641 1817 monasterii
671 1762 732 1817 8.
759 1759 985 1824 Quirini
1016 1775 1150 1816 cum
1201 1757 1480 1814 fratribus
1512 1757 1636 1813 suis
1685 1755 1956 1812 sedulum

297 1865 541 1906 oramen
571 1867 694 1906 una
721 1865 857 1905 cum
887 1849 1092 1904 devoto
1121 1846 1505 1904 famulamine
1537 1845 1752 1902 servili.

359 1937 632 2004 Quandiu
660 1937 722 1994 in
751 1937 955 1995 exsilio
977 1936 1192 2003 fuistis,
1222 1935 1484 2008 quotidie
1506 1951 1611 2008 ego
1653 1939 1709 1990 et
1752 1936 1959 1990 lratres
1992 1920 2038 1986 Β

297 2028 412 2084 mei
444 2044 549 2102 pro
594 2027 788 2084 salute
829 2031 1026 2082 vestra
1073 2025 1391 2082 Dominum
1431 2024 1852 2096 rogitabamus,
1905 2028 1962 2080 et

298 2133 458 2174 nunc
487 2116 600 2191 ipsi
643 2117 865 2190 gratias
907 2119 1145 2188 agentes
1194 2131 1298 2187 pro
1347 2111 1718 2169 desiderabili
1770 2113 1956 2168 reditu

297 2211 496 2263 vestro
526 2221 880 2279 magnopere
910 2204 1294 2262 exsultamus.
1329 2203 1514 2276 Igitur
1547 2202 1745 2257 divina
1776 2203 1958 2275 pietas

302 2295 671 2370 temporibus
698 2295 917 2351 nostris
946 2311 1048 2350 vos
1081 2292 1394 2350 monachili
1429 2293 1610 2350 decus
1638 2292 1764 2346 vita:
1795 2291 1961 2347 insti-

300 2385 414 2442 tuit
439 2389 498 2442 et
515 2389 779 2442 tutamen
807 2383 1266 2457 singulareJdeo
1286 2399 1528 2454 possum
1555 2380 1752 2454 procul
1777 2381 1957 2438 dubio

301 2491 420 2531 non
451 2473 901 2547 ignorare,quod
933 2473 982 2528 si
1014 2472 1199 2528 horno
1230 2487 1485 2544 praesens
1518 2471 1575 2526 in
1604 2469 1765 2542 regia
1793 2474 1959 2526 curta

306 2562 534 2629 essetis,
561 2561 708 2618 mihi
760 2562 915 2618 inter
942 2561 1189 2618 adversa
1217 2577 1344 2632 qua:
1375 2559 1642 2633 patiebar
1672 2559 1825 2615 fidus
1855 2559 1957 2613 ad-

299 2653 467 2723 jutor
495 2651 778 2708 fuissetis.
804 2649 1053 2715 Quidam
1083 2665 1217 2704 vero
1253 2665 1368 2704 non
1403 2647 1596 2704 solum
1627 2647 1810 2703 falsus
1841 2664 1958 2703 mo-

307 2738 758 2808 nachus,sed,ut
787 2738 870 2794 ita
895 2737 1207 2805 dicam,vix
1236 2735 1624 2801 Christianus,
1656 2736 1728 2790 de
1772 2753 1957 2793 coeno-

303 2826 445 2884 bitis
476 2827 536 2884 S.
560 2824 1196 2893 Emmerammi,multa
1219 2825 1466 2898 pecunia
1482 2825 1636 2898 apud
1665 2823 1954 2882 seniorem

300 2932 500 2974 meum
531 2913 761 2972 studuit
788 2930 882 2971 me
911 2913 1353 2980 circumvenire,
1385 2918 1444 2970 et
1485 2913 1568 2970 sic
1611 2913 1759 2970 ovile
1809 2914 1953 2971 mihi

299 3005 685 3062 commissum
735 3019 1111 3076 nequaquam
1157 3020 1260 3076 per
1289 3002 1530 3069 ostium,
1565 3003 1667 3058 sed
1717 3001 1955 3060 aliunde

300 3094 670 3152 ascendendo
722 3093 890 3167 quasi
943 3092 1092 3150 latro
1139 3091 1454 3149 anhelabat
1500 3091 1668 3148 inire.
1700 3092 1818 3148 Hac
1849 3109 1953 3165 pro

300 3201 499 3253 causa,
531 3183 803 3258 quamvis
843 3182 1147 3248 innocens,
1189 3183 1318 3254 jam
1369 3181 1604 3238 abbatia
1647 3182 1953 3254 depositus

299 3290 515 3344 mem,
537 3271 653 3330 nisi
673 3272 996 3330 amicorum
1019 3271 1263 3328 consilio
1291 3270 1408 3344 regi
1431 3273 1550 3326 tres
1561 3271 1950 3343 jurejurando
1981 3288 2026 3356 ρ

301 3363 626 3436 promissas
651 3359 780 3419 auri
812 3361 996 3418 libras
1023 3360 1339 3418 dedissem.
1359 3359 1474 3415 Has
1503 3359 1854 3432 igitur,dum
1885 3377 1956 3416 ex

303 3450 581 3509 facultate
611 3467 742 3508 mea
789 3449 1092 3522 nequirem
1143 3449 1480 3522 rependere,
1509 3447 1692 3505 eheu!
1725 3464 1830 3521 pro
1859 3449 1953 3505 his

303 3537 680 3612 acquirendis
707 3537 1051 3594 thesaurum
1081 3535 1336 3592 ecclesiae
1362 3536 1421 3592 8.
1450 3535 1676 3604 Quirini
1699 3537 1956 3595 maxima

303 3641 376 3684 ex
403 3629 566 3699 parte
595 3628 831 3680 coactus
859 3640 992 3680 sum
1035 3625 1374 3696 expendere.
1409 3623 1572 3680 Unde
1618 3642 1721 3681 vos
1752 3643 1957 3699 precor

302 3713 476 3772 unice
505 3717 572 3770 ut
597 3713 670 3769 ad
712 3716 876 3768 tanta
922 3711 1257 3769 vadimonia
1313 3712 1674 3769 restituenda
1729 3713 1953 3787 aliquid

305 3819 448 3860 mea
477 3800 685 3875 inopia)
723 3799 1200 3874 supplementum
1251 3801 1576 3874 prtebeatis,
1605 3819 1710 3875 pro
1748 3820 1864 3876 quo
1893 3809 1950 3860 S.

303 3890 544 3957 Quirino
573 3889 967 3947 intercedente
1013 3888 1248 3946 caeleste
1295 3889 1599 3962 praimium
1649 3909 1684 3948 a
1723 3892 1953 3950 Christo

301 3979 655 4054 percipiatis,
683 3995 788 4036 nec
835 3995 954 4035 non
997 3977 1306 4051 utriusque
1337 3978 1594 4035 hominis
1626 3980 1742 4037 mei
1775 3983 1951 4038 servi-

301 4069 472 4136 tium,
501 4068 658 4143 quod
689 4067 901 4136 vivam,
933 4066 1382 4124 devotissimum
1405 4067 1688 4125 habeatis.

891 4200 1242 4258 EPISTULA
1261 4200 1357 4257 VI.

783 4307 1041 4349 EJUSDEM
1073 4307 1271 4360 FORTE,
1301 4309 1374 4348 AD
1405 4308 1463 4348 Ν.

303 4403 552 4458 Emsat
570 4414 740 4456 suam
767 4397 828 4455 in
857 4398 1194 4456 liberalibus
1221 4398 1445 4456 artium
1485 4399 1810 4470 diséiplinis
1841 4401 1949 4458 im-

369 4471 666 4544 peritiam,
715 4475 775 4544 _et
819 4470 1241 4541 philosophiam
1288 4475 1460 4528 caule
1487 4472 1774 4530 utentibus
1817 4489 1951 4544 pro-

368 4541 530 4601 desse
548 4541 869 4600 existimat.

2054 635 2341 691 coronari.

2125 724 2410 788 Quoniam
2443 743 2546 799 per
2588 743 2654 782 os
2684 727 2982 800 sapientiae
3016 728 3304 797 insonuit,
3338 734 3406 786 ut
3450 731 3556 804 qui
3585 731 3736 788 falso

2055 813 2468 886 praedicantur,
2499 815 2623 871 suis
2667 817 2812 889 ipsis
2843 835 3081 874 necesse
3111 819 3189 874 sit
3218 817 3502 876 laudibus
3535 823 3742 879 erube-

2056 909 2223 960 scant
2256 921 2269 960 :
2303 921 2409 977 ego
2446 921 2680 977 quoque
2709 907 3040 963 orationum
3076 913 3315 964 tuarum
3357 910 3740 982 praedicatio-

2060 991 2233 1048 nibus
2265 994 2804 1067 proseucticis,quas
2835 996 3064 1052 utinam
3085 1014 3216 1054 vere
3247 997 3307 1054 in
3340 1015 3438 1054 me
3470 1000 3742 1058 diceren-

2057 1086 2174 1150 tur,
2206 1080 2360 1138 ultra
2411 1100 2504 1139 me
2540 1083 2834 1154 jactatum
2879 1084 2949 1140 iri
2978 1087 3299 1156 erubesco;
3334 1087 3566 1162 quippe
3597 1107 3740 1147 cum

2054 1170 2206 1254 nihil
2239 1171 2450 1227 horum
2481 1189 2610 1245 qua:
2652 1173 2868 1229 asseris
2913 1174 3128 1231 ascribi
3178 1175 3329 1232 mihi
3376 1195 3560 1250 posse
3591 1195 3742 1236 con-

2062 1259 2542 1332 spicio.Rhetoris
2573 1279 2830 1334 namque
2861 1262 3056 1319 officia
3085 1281 3204 1320 una
3234 1281 3374 1321 cum
3408 1266 3745 1325 dialecticis

2064 1349 2422 1422 syllogismis
2455 1367 2687 1407 mecum
2717 1351 3021 1420 inusitata,
3036 1369 3101 1408 ac
3123 1370 3226 1426 per
3253 1353 3366 1410 hoc
3411 1355 3744 1431 incognita,

2065 1455 2168 1496 nec
2202 1439 2484 1494 facundiae
2517 1440 2974 1514 propugnaculis
3004 1442 3310 1515 ingenium
3334 1444 3625 1502 roborant
3650 1446 3750 1504 vel

2066 1528 2416 1601 provehunt,
2466 1546 2570 1584 nec
2631 1529 3068 1602 sophismatum
3113 1535 3750 1605 argumentationibus

2066 1618 2338 1674 obtusam
2370 1618 2588 1691 diuque
2619 1618 2870 1676 residem
2904 1621 3117 1676 mentis
3149 1621 3334 1678 aciem
3377 1629 3624 1680 armant
3651 1626 3750 1682 vel

2067 1711 2308 1774 acuunt,
2342 1707 2566 1764 scilicet
2595 1724 2731 1764 cum
2763 1709 2836 1764 ad
2879 1708 3220 1782 hujusmodi
3250 1711 3520 1769 scientiae
3551 1720 3748 1772 artem

2069 1795 2230 1852 nullo
2263 1797 2434 1854 modo
2465 1798 2854 1854 conscendere
2885 1797 2973 1854 vel
3007 1799 3333 1872 pertingere
3363 1805 3749 1878 possem,qui

2071 1903 2176 1942 nec
2207 1887 2600 1958 grammatica:
2623 1885 2763 1943 salis
2795 1887 3171 1944 condimenta
3206 1891 3600 1963 perceperim,
3633 1911 3748 1950 nec

2069 1975 2437 2032 schematum
2471 1977 2696 2048 tropica
2744 1977 3092 2034 vestimenta
3131 1977 3449 2048 induerim,
3470 1997 3581 2039 nec
3613 1982 3744 2038 Pri-

2069 2065 2415 2121 scinaistica:
2450 2063 2868 2132 latitudinis,et
2889 2065 3348 2140 soliditatis,quo
3374 2069 3614 2126 facilius
3635 2089 3745 2127 su-

2069 2153 2443 2226 peraediﬁcari
2477 2154 2682 2226 possit,
2739 2154 3120 2210 fundamenta
3159 2153 3497 2214 locaverim.
3531 2159 3743 2232 Neque

2069 2241 2225 2298 enim
2249 2243 2320 2298 ad
2351 2242 2560 2298 altiora
2591 2243 2942 2315 pervenitur,
2976 2243 3088 2300 nisi
3123 2260 3226 2316 per
3253 2246 3564 2304 inferiores
3596 2265 3743 2322 gra-

2068 2331 2180 2386 dus
2212 2332 2596 2399 ascendatur;
2631 2347 2737 2387 nec
2770 2333 3026 2388 maceria
3053 2333 3306 2406 desuper
3335 2336 3510 2393 firma
3538 2340 3741 2396 consi-

2068 2419 2308 2488 stit,nisi
2343 2422 2513 2476 ﬁrmo
2545 2421 2913 2477 fundamenti
2938 2421 3083 2494 pede
3106 2423 3407 2481 subterius
3429 2424 3740 2484 fulciatur.

2065 2511 2172 2566 Sed
2208 2509 2508 2582 quoniam,
2557 2511 2794 2568 domine
2845 2510 2948 2579 mi,
2990 2511 3190 2568 omnia
3237 2511 3362 2570 haec
3407 2531 3536 2587 qua:
3585 2518 3740 2574 mihi

2067 2599 2404 2672 assignasti,
2429 2599 2698 2655 lectionis
2729 2600 2982 2656 assidua:
3013 2601 3295 2658 continua
3336 2605 3644 2661 vocatione
3673 2606 3742 2663 in

2065 2691 2121 2744 te
2153 2689 2349 2743 sedem
2383 2689 2654 2762 posuisse
2702 2689 3090 2763 recognoscis,
3125 2707 3219 2747 me
3261 2708 3521 2766 quoque,
3571 2697 3740 2767 quod

2066 2782 2269 2833 contra
2303 2782 2410 2844 est,
2430 2777 2634 2834 eadem
2660 2778 2960 2834 abundare
2990 2778 3200 2835 credis.
3235 2781 3535 2854 Quidquid
3564 2785 3736 2840 enim

2065 2866 2338 2939 praecipui
2373 2866 2610 2923 ﬂuentis
2662 2867 3152 2924 Leodiscensibus
3183 2869 3450 2926 discendi
3480 2871 3735 2930 testibus

2065 2956 2318 3027 flagrans
2337 2955 2941 3029 hausi,crebra,quam
2965 2957 3522 3030 patior,inﬁrmitate
3541 2963 3738 3020 exsic-

2063 3048 2230 3100 catur
2261 3048 2448 3100 totum
2479 3061 2646 3118 pene,
2682 3049 2747 3101 ut
2795 3045 2877 3102 ita
2897 3045 3356 3120 dixeriannde
3385 3049 3459 3105 ad
3491 3067 3728 3109 memo—

2063 3132 2208 3188 riam
2235 3133 2666 3191 reformandam
2692 3133 2967 3191 doctrinas
3004 3133 3334 3193 vacillantis
3358 3139 3732 3198 excitemen-

2063 3225 2124 3277 ta
2151 3221 2416 3279 adhiberi
2457 3223 2603 3279 mihi
2651 3228 2922 3292 exaestuo,
2973 3241 3040 3280 ac
3092 3224 3142 3281 si
3191 3227 3358 3298 copia
3394 3227 3643 3285 daretur
3669 3231 3731 3288 in

2064 3311 2260 3380 rebus,
2297 3311 2524 3368 ﬁdelem
2559 3329 2708 3386 saepe
2737 3317 3150 3386 praeceptorem
3175 3331 3373 3372 meum
3413 3315 3734 3377 humiliter

2063 3401 2466 3472 subjiciendus
2488 3402 2649 3458 adire
2670 3402 2958 3459 desidero.

2133 3490 2296 3555 Quod
2327 3495 2528 3547 autem
2548 3491 2835 3560 dixisti,in
2862 3491 2970 3548 hac
2992 3492 3294 3550 mundana
3321 3493 3732 3570 philosophia,

2065 3595 2192 3651 quae
2237 3579 2392 3652 apud
2438 3579 2622 3635 Deum
2665 3579 2846 3636 stulta
2876 3584 2984 3650 est,
3017 3597 3227 3654 parum
3274 3599 3404 3640 esse
3446 3585 3732 3656 proficui,

2063 3668 2204 3724 dum
2239 3667 2417 3725 altius
2445 3669 2862 3738 considero,ita
2880 3686 3082 3727 verum
3111 3688 3240 3728 esse
3260 3674 3731 3747 perpendo;sed,

2065 3758 2112 3814 si
2145 3757 2410 3813 consulte
2439 3757 2946 3832 tractatur,aliquo
2969 3760 3141 3816 modo
3171 3761 3231 3816 in
3262 3762 3467 3818 eadem
3491 3765 3736 3836 proﬁci-

2063 3851 2178 3902 tur.
2211 3847 2357 3903 Nam
2389 3848 2661 3920 quamvis
2691 3864 2844 3920 saepe
2884 3847 3153 3906 incautos
3181 3850 3452 3922 decipiat,
3486 3869 3732 3911 secum-

2062 3952 2176 4008 que
2225 3936 2490 3992 mmroris
2537 3937 2760 3992 foveam
2792 3936 3004 4006 trahat,
3050 3937 3143 3995 via
3185 3943 3383 3996 tamen
3428 3957 3495 3996 ac
3546 3945 3730 4014 quasi

2062 4025 2410 4099 prtsludium
2437 4026 2721 4082 consultis
2752 4026 3232 4100 cautioribusque
3259 4045 3388 4086 esse
3414 4033 3726 4104 cognosci-

2062 4121 2179 4182 tur,
2209 4131 2311 4188 per
2339 4115 2494 4188 quod
2525 4115 2824 4172 exercitati
2867 4116 2938 4171 ad
2969 4113 3178 4174 altiora
3207 4122 3266 4174 et
3310 4133 3448 4174 vera
3475 4117 3726 4177 saltant.

2057 4203 2280 4260 Verum
2310 4207 2377 4260 ut
2406 4204 2517 4260 sub
2549 4203 3047 4278 compendio,qute
3069 4206 3179 4262 fert
3202 4207 3459 4276 animus,
3473 4207 3727 4266 conclu-

2060 4294 2220 4360 dam,
2252 4292 2397 4350 illud
2428 4295 2799 4350 sanctitatem
2831 4298 2994 4350 tuam
3027 4294 3185 4352 haud
3239 4295 3536 4354 occultum
3587 4315 3726 4356 esse

2060 4382 2252 4456 cupio,
2285 4383 2440 4456 quod
2473 4383 2656 4440 nostri
2691 4383 2912 4440 moduli
2937 4400 3107 4440 nemo
3133 4383 3238 4442 tibi
3263 4386 3723 4460 devotior,quid'-

2059 4473 2200 4544 quid
2225 4471 2404 4546 [sum]
2435 4471 2522 4529 vel
2548 4489 2683 4540 ero;
2717 4472 2940 4546 hocque
2963 4472 3308 4531 charitatem
3343 4479 3509 4532 tuam
3542 4494 3720 4550 expo-

2059 4577 2179 4627 sco,
2212 4566 2278 4617 ut
2306 4561 2669 4618 orationibus
2717 4563 2838 4620 tuis
2880 4563 2953 4620 ab
2984 4561 3329 4620 imminente
3367 4566 3721 4640 aegritudine

367 4648 613 4708 Domino
642 4666 749 4708 suo
779 4647 849 4706 N.
881 4647 1123 4706 internas
1171 4647 1583 4706 illustrationis
1629 4647 1758 4707 lucc
1791 4666 1943 4706 sere-
1973 4661 2023 4728 Β
2055 4651 2296 4723 adjuver
2324 4651 2385 4707 in
2416 4651 2680 4709 Domino.
2708 4651 2930 4710 Valete.

1382 4973 2070 5064 EPITAPHIUM
2127 4973 2620 5064 SEIFRIDI
2691 4942 2712 4959 ’

1789 5154 2162 5168 —————

290 5267 492 5326 Abbas
521 5265 770 5326 eximius
801 5273 1006 5330 tumba
1035 5273 1183 5333 situs
1212 5277 1322 5334 hac
1353 5276 1699 5352 Sigefridus,

365 5353 597 5422 Omnia,
629 5353 770 5412 dum
797 5357 1004 5431 viguit,
1029 5367 1216 5421 terrea
1245 5366 1520 5424 deseruit.

291 5447 374 5503 Ac
405 5443 771 5516 paupertatis
801 5450 1058 5521 suscepit
1087 5469 1236 5508 onus
1267 5471 1441 5527 grave
1469 5459 1653 5528 gratis
1687 5473 1702 5513 :

360 5531 530 5587 Vivat
555 5545 688 5585 cum
721 5529 963 5591 Domino
994 5538 1155 5595 dives
1185 5545 1250 5596 ut
1276 5542 1384 5599 hoc
1411 5545 1616 5616 pretio.

2061 5278 2302 5336 Nullum
2333 5280 2761 5349 damnavit,sed
2791 5285 3034 5340 cunctos
3064 5280 3396 5355 laitilicavit,

2127 5368 2351 5425 Sentiat
2383 5373 2447 5424 ut
2477 5367 2775 5426 Christum
2807 5387 2962 5426 nunc
2993 5369 3107 5426 sibi
3127 5371 3473 5444 propitium.

2053 5457 2176 5514 Huc
2207 5458 2548 5514 accedentes
2579 5459 2780 5514 dicant
2806 5459 2918 5515 sibi
2951 5460 3372 5532 compatientes
3405 5479 3420 5517 :

2123 5548 2209 5602 Sit
2239 5547 2410 5603 modo
2441 5547 2697 5604 concivis
2728 5548 2973 5606 ccetibu's
3002 5547 3301 5622 angelicis.

287 5621 637 5710 Sedtamen
655 5617 931 5710 abbatum
964 5641 1096 5684 cum
1121 5630 1426 5687 manderet
1446 5631 1540 5688 hic
1569 5632 1938 5692 dominatum
2049 5635 2180 5692 Haec
2211 5641 2343 5708 pcto
2375 5637 2686 5704 lecturum,
2718 5635 2807 5694 vel
2828 5637 2962 5693 Ades
2995 5617 3181 5710 legem
3213 5639 3579 5710 subiturum,

357 5706 642 5766 Clementi
675 5706 888 5780 studio,
913 5713 1135 5786 judicia
1167 5717 1430 5790 imperio,

2122 5725 2349 5781 Christe
2379 5729 2675 5794 creaturae,
2698 5726 2811 5795 dic,
2847 5726 3120 5784 miserere
3147 5733 3274 5783 tuae.
