3852 6408
309 481 444 561 'm'

1388 495 1721 560 VASONIS
1765 493 2234 558 LEODIENSIS
2280 493 2660 558 EPISCOPI.
3621 494 3712 558 728

313 631 470 691 sicut
493 629 818 690 econtrario
841 627 1029 688 solent
1051 629 1266 686 fenoris
1296 633 1590 685 exactores
1619 629 1816 684 debita
1831 645 1965 684 cum
1999 632 2053 698 Α
2085 652 2113 678 ‹‹
2146 628 2293 696 Quid
2317 632 2427 696 est,
2461 644 2680 700 quaeso,
2716 625 2898 694 aliud,
2930 627 3252 684 veritatem
3302 626 3550 684 scienter
3591 628 3716 685 frau-

317 721 518 779 usuris
547 725 912 794 extorquere,
944 719 1342 791 evangelicum
1378 719 1520 774 illud
1557 719 1729 774 corde
1753 724 1981 782 tenens,

317 827 416 868 ore
467 811 770 884 proferens
802 826 816 864 :
844 809 1041 866 Grati:
1093 810 1422 879 accepislis,
1468 809 1665 881 gratis
1715 808 1894 876 date;
1928 812 1984 862 et

320 899 464 956 illud
499 916 512 954 :
549 899 785 956 Boetius
813 908 896 955 est
921 900 1072 956 dare
1119 916 1294 973 quam
1345 901 1634 968 accipere.
1670 898 1973 953 Muiﬁcen-

319 987 463 1046 tiam
494 988 554 1044 in
589 1005 655 1045 eo
701 988 927 1045 laudari
973 1006 1088 1043 non
1133 992 1222 1043 est
1272 1005 1528 1054 necesse,
1564 987 1702 1060 quia
1746 987 1828 1042 ita
1860 991 1986 1041 erat

321 1076 566 1134 sedulus
613 1093 751 1150 erga
793 1075 1055 1150 hospites
1104 1082 1160 1131 et
1202 1078 1558 1150 peregrinos,
1597 1082 1663 1131 ut
1698 1093 1810 1131 non
1844 1093 1985 1147 opes

321 1167 780 1239 expendere,sed
813 1167 885 1223 de
913 1165 1081 1238 pleno
1111 1167 1341 1239 gurgite
1367 1167 1610 1222 haustas
1643 1166 1886 1221 fundere
1910 1164 1986 1217 vi-

319 1256 571 1324 deretur,
592 1273 706 1312 non
730 1257 856 1311 sine
889 1256 1273 1311 admiratione
1305 1255 1650 1310 minulorum
1677 1255 1988 1326 indignan-

319 1346 468 1401 tium
501 1345 816 1402 nobiliores
846 1350 904 1401 et
925 1346 1164 1401 ditiores
1191 1345 1386 1400 minus
1412 1344 1664 1417 potentis
1689 1345 1902 1399 virtute
1927 1349 1984 1398 et

318 1433 502 1508 gloria
533 1434 978 1508 superari.Quid
1013 1434 1216 1490 multis
1249 1433 1564 1490 immorer?
1583 1434 1730 1489 Cum
1755 1433 1982 1489 schola-

320 1523 402 1580 ris
431 1522 609 1579 ofﬁcii
639 1522 840 1579 labore
873 1523 984 1578 sub
1026 1523 1290 1582 Buldrico
1340 1523 1613 1595 episeopo
1663 1523 1984 1577 decanatus

319 1629 438 1669 non
469 1615 676 1685 sponte
723 1610 1080 1668 sublimatur
1126 1611 1432 1678 honore,in
1482 1629 1599 1684 quo
1647 1613 1981 1668 modestum

322 1700 408 1757 ita
436 1717 499 1756 se
529 1699 798 1756 exhibere
829 1700 1102 1756 studebat
1133 1705 1189 1756 et
1221 1701 1279 1756 in
1312 1701 1575 1769 subjecto
1610 1700 1984 1773 pius,contra

325 1788 613 1862 superbos
642 1791 699 1844 et
728 1791 994 1861 potentes
1025 1789 1082 1848 in
1115 1789 1347 1844 virtutis
1378 1787 1633 1845 culmine
1657 1789 1984 1861 cumjusti-

325 1878 418 1934 tite
450 1875 630 1933 armis
658 1880 841 1933 staret
869 1880 1115 1934 erectus.
1141 1877 1303 1934 Unde
1335 1877 1580 1949 contigit
1607 1882 1670 1933 ut
1691 1878 1978 1934 Joannem

326 1963 728 2039 prepositum,
773 1969 946 2022 antea
997 1965 1108 2022 sibi
1164 1965 1223 2021 in
1281 1965 1556 2022 amicitiis
1615 1966 1981 2022 familiariter

318 2055 617 2127 junctum,
651 2053 867 2128 scripto
899 2071 1013 2110 non
1062 2055 1141 2111 sit
1186 2055 1404 2111 veritus
1437 2072 1698 2127 arguere,
1733 2073 1798 2111 eo
1825 2057 1980 2129 quod

327 2147 530 2200 contra
555 2142 825 2200 elationis
859 2143 1080 2200 malum
1103 2145 1176 2200 ob
1206 2161 1422 2200 vanum
1450 2145 1743 2218 praepositi
1767 2159 1980 2202 nomen

327 2250 536 2307 parum
567 2231 1018 2301 consuluerit,et
1050 2234 1414 2307 tyrannicam
1449 2236 1764 2308 potentiam
1799 2252 1832 2289 a
1856 2229 1984 2290 rel?-

325 2321 496 2396 gione
527 2338 759 2395 semper
788 2322 1090 2395 profanam
1144 2323 1204 2379 in
1253 2323 1636 2396 disponendis
1680 2342 1784 2397 pro
1815 2323 1981 2381 libito

326 2411 502 2469 rebus
531 2411 785 2468 ecclesiae
817 2411 930 2468 sibi
961 2413 1337 2485 arrogaverit.
1373 2414 1534 2480 Quod
1571 2415 1642 2469 ad
1671 2414 1981 2470 confutan-

327 2501 461 2558 dam
496 2500 786 2558 malorum
811 2503 1256 2575 praepositorum
1290 2503 1722 2559 contumaciam
1756 2503 1985 2575 aptissi-

328 2606 494 2646 mum
523 2589 662 2647 huic
683 2590 998 2662 opsusculo
1017 2608 1132 2647 non
1167 2591 1383 2664 pigebit
1404 2591 1907 2648 intexere.\'eruni
1933 2592 1982 2648 si

328 2679 465 2751 quis
485 2677 630 2736 mihi
663 2677 793 2734 ideo
825 2680 1320 2752 succenseat,ipse
1351 2680 1461 2735 sibi
1486 2681 1624 2751 quia
1656 2681 1848 2738 malus
1873 2688 1980 2750 est,

329 2766 501 2824 testis
549 2765 677 2822 erit.
703 2765 950 2839 Scripsit
1001 2767 1200 2840 itaque
1247 2767 1330 2823 sic
1387 2774 1710 2825 memorato
1749 2770 1980 2840 Joanni,

330 2854 558 2912 noviter
601 2869 880 2912 concessa
926 2855 1036 2912 sibi
1089 2857 1370 2913 missione
1410 2875 1442 2913 a
1474 2857 1758 2915 scholaris
1805 2861 1981 2917 ofﬁcii

331 2943 860 3002 administratione.

331 3032 1070 3094 CAP.lIl.—Conlrocer:ia
1088 3035 1172 3093 ad
1190 3037 1464 3093 Joannem
1487 3040 1862 3112 prmposilum
1881 3041 1898 3113 (
1910 3042 1928 3095 l
1943 3041 1980 3112 ).

406 3145 436 3174 ιι
469 3122 653 3182 Fratri
681 3123 894 3184 Joanni
925 3126 1250 3183 secundum
1286 3144 1394 3183 sua
1424 3128 1632 3186 merita
1679 3145 1795 3186 non
1837 3148 1984 3187 suus

332 3236 362 3264 ‹‹
399 3216 575 3271 νΑεο.

402 3326 431 3353 ‹‹
466 3306 531 3360 In
556 3302 768 3362 veteris
798 3305 1066 3362 amicitiae
1097 3307 1443 3363 memoriam
1485 3324 1660 3381 cogor
1682 3313 1758 3379 te,
1786 3309 1980 3377 frater,

2093 741 2120 766 ‹‹
2154 719 2312 781 dare,
2346 735 2525 791 quam
2570 719 2868 773 Christum
2902 719 3042 791 pati,
3075 718 3354 775 secundo
3386 718 3718 791 cruciﬁgere?

2097 831 2122 856 ιι
2160 809 2249 864 νεῖ»
2277 811 2372 879 qui
2401 809 2592 863 dicunt
2617 809 2826 862 malum
2858 809 3080 879 bonum,
3116 817 3174 863 et
3207 810 3498 862 veritatem
3523 824 3721 862 commu-

2095 921 2122 946 α
2152 902 2270 951 tant
2306 901 2360 952 in
2394 898 2757 952 nu'ndacium.
2791 899 2940 969 Ergo
2971 913 3110 952 cum
3151 896 3434 952 Christus
3464 897 3723 952 veritatem

2097 1009 2124 1037 ι(
2157 1004 2217 1042 se
2247 1004 2375 1042 esse
2402 988 2575 1054 dicat,
2613 986 2884 1059 quisquis
2915 986 3228 1043 veritatem
3264 985 3445 1053 laedit,
3468 984 3724 1041 Christum

2095 1101 2121 1124 ‹‹
2156 1075 2355 1148 procul
2389 1077 2568 1131 dubio
2600 1078 2846 1132 sauciat.

2168 1189 2194 1212 «
2228 1166 2423 1220 Sancti
2450 1167 2667 1232 Patres,
2702 1165 2821 1222 zelo
2844 1166 3091 1237 justitiae
3127 1166 3453 1231 ferventes,
3485 1163 3727 1219 claustra-

2096 1277 2123 1303 ‹‹
2157 1254 2269 1310 lem
2304 1255 2564 1327 regulam
2595 1255 2878 1311 divinitus
2912 1255 3201 1312 illustrati
3253 1254 3725 1326 conscripserunt;

2096 1366 2123 1393 «
2155 1344 2297 1399 nihil
2331 1347 2695 1416 superﬂuum
2729 1346 3039 1413 addentes,
3059 1345 3150 1401 vel
3189 1343 3590 1400 necessarium
3619 1342 3727 1397 sub-

2094 1455 2121 1483 ‹‹
2157 1434 2470 1500 trahentes,
2489 1434 2675 1507 neque
2697 1435 2768 1490 ud
2792 1435 3109 1501 dexteram,
3134 1449 3342 1506 neque
3363 1433 3437 1488 ad
3469 1431 3726 1488 sinistram

2093 1547 2119 1572 «
2153 1523 2606 1579 declinaverunt.
2647 1523 2866 1580 Praeluti
2901 1528 2958 1580 et
2987 1523 3302 1596 prapositi
3333 1521 3589 1578 tulerunt
3625 1536 3730 1575 om-

2092 1639 2117 1662 υ
2157 1630 2288 1668 nem
2317 1613 2795 1676 controversiain,
2829 1613 2877 1668 si
2906 1613 3012 1668 tibi
3048 1611 3477 1678 ambitionem,
3509 1608 3730 1680 mihique

2091 1726 2118 1752 ‹‹
2153 1702 2388 1758 lenieris
2420 1702 2718 1758 invidiam.
2755 1703 2877 1770 Dic,
2912 1702 3026 1768 dic,
3060 1718 3296 1774 quaaso,
3331 1700 3384 1758 si
3421 1697 3612 1772 regula
3631 1696 3729 1753 sin-

2093 1816 2120 1843 ι(
2151 1793 2397 1865 gillatim
2423 1792 2617 1847 titulat
2637 1785 3730 1864 episcopum,praalatum,praepositum,

2090 1906 2118 1932 ‹‹
2153 1887 2474 1946 cautorem,
2503 1881 2829 1948 cellarium,
2855 1879 3209 1952 portarium,
3248 1895 3448 1952 usque
3473 1877 3542 1932 ad
3587 1875 3730 1947 piste

2091 1995 2117 2019 ‹‹
2151 1989 2242 2027 res
2270 1976 2325 2027 et
2358 1988 2605 2043 coquos;
2643 1970 2690 2026 si
2725 1969 3002 2042 prmlatus
3051 1974 3110 2025 et
3163 1966 3529 2042 praepositus
3572 1977 3724 2019 unum

2093 2085 2122 2110 ‹‹
2155 2067 2458 2132 est,quare
2492 2059 2885 2133 praetermittit
2916 2057 3406 2114 decanum?Non
3445 2051 3628 2110 debuit
3655 2049 3730 2104 ille

2092 2174 2120 2200 ‹‹
2156 2150 2499 2220 diligentius
2531 2147 2728 2215 scribi,
2761 2148 2864 2220 qui
2895 2148 3085 2221 magis
3117 2146 3424 2204 obnoxius
3453 2147 3542 2199 est
3563 2143 3729 2196 deser-

2092 2264 2118 2288 ‹‹
2152 2239 2270 2294 vire
2303 2239 2606 2311 religioni?
2628 2237 3111 2294 lrrationabiliter
3133 2254 3279 2310 ergo
3313 2232 3598 2290 videbitur
3623 2243 3724 2282 esse

2091 2352 2122 2378 «
2157 2328 2361 2400 regula
2390 2329 2735 2400 composita,
2762 2328 2808 2382 si
2847 2344 2959 2383 non
2992 2326 3346 2399 exsequitur
3376 2319 3570 2379 omnia
3595 2317 3721 2374 clau-

2095 2442 2123 2469 ‹‹
2157 2418 2360 2473 stralia
2417 2418 2741 2473 Secundum
2791 2418 3155 2490 propositum
3223 2408 3593 2470 necessaria?
3632 2403 3720 2461 Sed

2093 2531 2120 2557 ‹‹
2156 2508 2290 2580 quis
2316 2524 2526 2563 sanum
2553 2507 2788 2580 sapiens
2820 2504 3058 2561 audebit
3088 2504 3202 2560 hoc
3238 2513 3591 2562 asseverare,
3615 2508 3722 2550 cum

2094 2621 2120 2646 ‹‹
2151 2598 2391 2669 Spiritus
2420 2605 2637 2652 sanctus
2669 2600 2873 2651 auctor
2903 2592 3115 2667 regulae
3162 2595 3500 2665 ﬁgmentum
3538 2583 3724 2669 etTqu

2097 2710 2125 2736 «ι
2154 2667 2504 2758 disciplima?
2553 2685 2702 2751 Noli,
2755 2684 2955 2749 frater,
2996 2680 3114 2737 noli
3173 2681 3339 2738 male
3395 2667 3724 2748 interpretari

2094 2799 2121 2826 «
2158 2777 2511 2847 scripturam
2547 2773 2759 2845 regula:
2791 2771 3214 2839 sufﬁcientem;
3257 2767 3484 2845 praelati
3514 2769 3566 2820 et
3607 2775 3723 2834 pra:-

2095 2890 2122 2915 ‹‹
2157 2865 2503 2938 positi,velis
2526 2865 2696 2928 nolis,
2714 2860 3104 2919 necessariam
3145 2865 3284 2917 tene
3302 2852 3720 2916 distinctionem.

2094 2978 2122 3005 ‹‹
2157 2956 2304 3022 Quia
2334 2954 2383 3010 si
2411 2952 2629 3028 prmlati
2665 2957 2722 3008 et
2754 2951 3050 3025 praepositi
3089 2967 3282 3007 unum
3333 2950 3488 3006 esset
3534 2939 3720 3028 subjec-

2096 3068 2123 3094 ‹‹
2158 3048 2283 3099 tum
2318 3027 2512 3116 potius
2537 3059 2722 3098 unum
2755 3058 2935 3113 quam
2974 3040 3091 3096 duo
3121 3040 3486 3096 scriberetur
3529 3027 3718 3101 capitu-

2095 3156 2121 3183 ‹‹
2157 3132 2310 3199 lum;
2333 3131 2560 3188 utsicut
2581 3129 2847 3203 praesulis
2867 3133 2923 3185 et
2947 3127 3204 3202 episcopi
3225 3129 3424 3185 duum
3444 3118 3718 3178 nominum

2094 3246 2122 3273 ‹‹
2159 3224 2222 3277 ﬁt
2252 3237 2434 3276 unum
2457 3219 2894 3292 capitulum,sic
2915 3216 3137 3292 praelati
3168 3222 3226 3274 et
3245 3211 3543 3291 praepositi
3569 3204 3716 3292 ﬁeret.

2099 3334 2126 3361 «
2162 3311 2210 3366 si
2238 3315 2393 3366 esset
2425 3291 2628 3366 unum.
2661 3308 2810 3375 Quia
2855 3325 2991 3381 ergo
3040 3307 3168 3362 dum
3219 3319 3484 3380 personae
3521 3291 3708 3352 intelli-

327 3413 356 3442 ‹‹
389 3391 580 3449 adhuc
602 3393 972 3466 compellare,
1000 3395 1269 3467 quamvis
1301 3397 1457 3470 apud
1491 3379 1597 3454 nos
1628 3396 1707 3454 nil
1735 3399 1981 3472 dignum
2013 3379 2056 3447 C
2095 3423 2122 3449 ‹‹
2155 3405 2375 3472 guntur
2405 3398 2461 3453 in
2497 3396 2714 3471 pnelati
2749 3400 2806 3452 et
2833 3379 3127 3469 praepositi
3161 3379 3710 3472 signiﬁcationeme-

327 3503 357 3532 «
390 3481 670 3538 merearis
699 3481 918 3555 gratiae.
945 3482 1238 3540 Hactenus
1269 3488 1323 3540 te
1344 3486 1692 3541 venustabat
1714 3486 1980 3560 aliquan-

329 3591 359 3619 ‹‹
389 3567 584 3625 tulum
615 3567 941 3626 litterarum
969 3570 1242 3638 scientia;
1267 3573 1544 3629 etferebat
1561 3575 1735 3630 etiam
1769 3576 1828 3631 in
1851 3593 1983 3632 con-

329 3679 358 3707 ‹‹
392 3655 709 3713 stituendis
765 3658 1014 3730 negotiis
1063 3659 1305 3717 rationis
1340 3661 1605 3731 justitia;
1641 3680 1795 3719 nunc
1826 3667 1979 3737 quod

329 3766 358 3795 «ι
391 3743 547 3799 bona
577 3743 809 3802 fortuna
840 3745 1040 3810 uteris,
1074 3748 1268 3820 priora
1299 3752 1688 3822 praesentibus
1735 3756 1983 3810 confun-

330 3856 361 3884 «
393 3833 530 3890 dere
561 3831 707 3891 nihil
735 3833 1282 3910 videris.Quidquid
1314 3839 1448 3894 boni
1481 3840 1647 3912 prius
1668 3841 1980 3914 habueras,

328 3944 358 3972 «
393 3921 804 3994 adjudicamus
835 3923 1217 3995 simulationi,
1243 3927 1383 4000 quia
1413 3929 1646 3986 fortuna
1672 3932 1842 3989 bonis
1883 3950 1983 3989 su-

328 4035 357 4064 a
390 4011 732 4086 perveniens
777 4013 923 4071 solet
969 4015 1242 4073 meliores
1273 4019 1351 4089 (2)
1383 4019 1630 4091 operari.
1679 4020 1982 4080 Enimvero

327 4125 358 4153 ‹‹
389 4101 623 4159 divitias
651 4119 757 4176 per
784 4121 847 4160 se
878 4121 1066 4178 neque
1096 4106 1281 4163 bonas
1315 4125 1502 4181 neque
1535 4109 1718 4166 malas
1750 4129 1982 4168 nuncu-

329 4214 358 4242 «
391 4205 624 4264 pamus,
655 4193 770 4249 nisi
802 4209 837 4249 a
866 4194 1306 4266 possessoribus
1335 4199 1460 4254 suis
1491 4197 1599 4255 hoc
1645 4201 1982 4258 translative

329 4303 359 4332 «
392 4281 471 4353 (3)
501 4297 863 4354 premamus.
901 4283 1418 4343 Archidiaconatus
1449 4288 1604 4346 enim
1659 4295 1982 4365 ceteraque

329 4393 360 4421 «
393 4371 598 4427 mundi
627 4371 857 4428 vanitas
905 4389 1014 4429 suo
1062 4376 1330 4449 contagio
1377 4381 1432 4432 te
1477 4395 1593 4434 non
1625 4379 1844 4447 infecit,
1880 4383 1980 4438 sed

329 4482 358 4510 α
393 4475 572 4532 quam
623 4459 949 4534 versipellis
998 4463 1164 4536 prius
1223 4463 1467 4532 latebas,
1522 4466 1649 4524 suis
1705 4470 1982 4542 operibus

328 4572 358 4600 ‹‹
387 4549 680 4622 exposuit.

401 4663 430 4689 ‹‹
463 4637 755 4696 Ultionem
788 4640 940 4698 male
979 4640 1204 4698 vivendi
1259 4644 1500 4701 forsitan
1552 4646 1980 4716 reformidares,

2091 3513 2119 3538 ‹‹
2155 3470 2264 3544 rite
2294 3489 2440 3544 duas
2471 3470 2792 3543 sententias
2825 3484 3043 3560 placuit
3093 3484 3313 3558 regula:
3366 3470 3713 3551 scriptoribus

2093 3603 2120 3628 (ί
2155 3593 2464 3635 annexam.

2167 3690 2194 3718 ‹‹
2231 3667 2556 3722 Praesertim
2593 3683 2804 3721 nomen
2838 3662 3065 3730 decani,
3091 3663 3245 3736 quod
3285 3657 3486 3734 regula
3516 3667 3619 3742 I190
3643 3660 3718 3742 PS"

2095 3779 2123 3806 α
2157 3757 2296 3822 suit,
2334 3755 2576 3811 minime
2625 3759 2681 3810 te
2730 3757 2977 3819 moveat,
3021 3753 3175 3826 quod
3228 3752 3424 3808 solum
3483 3740 3714 3800 militaris

2099 3870 2118 3896 ι
2152 3845 2483 3918 disciplina,
2516 3849 2572 3900 et
2621 3841 2823 3916 regula
2881 3840 3066 3898 sancti
3125 3837 3451 3904 Benedicti,
3477 3851 3512 3889 a
3548 3829 3715 3918 de”!!!

2093 3959 2120 3984 «
2159 3915 2446 3990 militibus
2475 3932 2561 3988 vel
2595 3915 2920 3999 monachis,
2949 3929 3158 3985 litteris
3185 3929 3372 3984 sacris
3403 3915 3712 4010 tacenlilttlfv

2094 4045 2124 4074 ‹‹
2154 4024 2548 4096 frequentant.
2572 4020 2858 4086 Quoniam
2879 3997 3120 4093 quidem
3151 4035 3290 4074 cum
3309 4007 3583 4096 regularis
3610 3997 3716 4058 dili-

2092 4137 2120 4163 ‹‹
2152 4113 2348 4186 gentia
2374 4111 2632 4184 triginta,
2668 4109 3062 4183 quadraginta
3092 4107 3178 4164 vel
3231 4106 3328 4164 his
3376 4095 3618 4186 amplius
3641 4102 3716 4142 08‘

2094 4225 2122 4252 α
2154 4181 2317 4258 uicos
2369 4181 2546 4257 simul
2595 4181 2889 4264 admittat,
2908 4181 3135 4254 nomen
3189 4194 3419 4260 decani,
3452 4181 3602 4261 quod
3643 4189 3718 4232 ευ·

2091 4315 2120 4342 ‹‹
2155 4309 2260 4364 pra
2290 4288 2595 4345 denarium
2631 4305 2721 4344 res
2757 4286 2968 4358 agitur,
3005 4279 3510 4340 irrrationabiliter
3537 4273 3717 4345 ponere

2091 4403 2120 4429 α
2154 4379 2390 4436 devitat.
3514 4449 3543 4450 η
3646 4439 3656 4450 ο

2166 4491 2194 4519 «ι
2227 4468 2349 4524 Erit
2377 4484 2514 4540 ergo
2555 4464 2833 4539 praelatus
2879 4463 3207 4520 secundum
3258 4449 3580 4535 Spiritualis
3611 4442 3715 4498 vim

2097 4581 2124 4610 ‹‹
2155 4556 2728 4614 administrationem
2777 4553 2937 4626 prior
2988 4553 3047 4608 in
3096 4551 3388 4618 claustro;
3437 4547 3492 4600 et
3542 4541 3714 4593 conse-

2093 4670 2122 4699 «
2157 4651 2403 4720 quenter
2433 4645 2780 4717 praepositus
2812 4646 3050 4716 propter
3080 4640 3430 4698 exteriorum
3465 4631 3712 4720 Ρωθυξθ·

330 4751 360 4778 (ρ
392 4727 503 4784 nisi
529 4727 850 4802 plurimum
873 4729 1134 4788 saeculari
1158 4734 1426 4804 potentiae
1451 4736 1791 4793 conﬁderes.
1815 4737 1984 4796 Cum-
2013 4753 2060 4820 D
2094 4761 2122 4787 ‹‹
2156 4705 2376 4792 tionem
2407 4733 2608 4790 Ordine
2641 4733 2920 4790 88ουηάοο
2945 4730 3285 4804 spiramina
3314 4705 3710 4820 eni'rifawl‘f'

331 4841 362 4867 «
392 4831 505 4890 que
537 4817 723 4875 multa
750 4819 807 4876 in
828 4823 883 4876 te
903 4821 1202 4894 punienda
1223 4824 1446 4894 possim
1471 4841 1984 4893 resensere,unum

331 4928 362 4954 ‹‹
392 4906 550 4978 quod
580 4923 673 4965 me
702 4909 967 4984 contigit,
1000 4909 1150 4975 volo,
1185 4910 1234 4967 si
1265 4928 1498 4984 queam,
1533 4914 1988 4975 refellere.Dicis

331 5017 361 5043 ‹‹
394 4997 450 5050 te
479 4997 855 5070 praepositum
889 5002 1154 5072 potenter
1200 5017 1327 5056 esse
1358 5003 1768 5071 constitutum,
1801 5005 1989 5063 claus-

336 5103 364 5130 ‹‹
395 5081 572 5137 tralia
599 5087 833 5157 negotia
862 5087 1020 5143 domi
1052 5087 1178 5144 sine
1207 5090 1450 5147 consilio
1473 5091 1676 5148 decani
1707 5094 1988 5152 fratrum-

335 5190 364 5217 «
396 5183 531 5242 que,
561 5171 716 5227 sicut
756 5173 1031 5244 volucris,
1064 5177 1565 5250 dispensaturum.
1597 5185 1739 5238 Cum
1790 5184 1986 5256 gladio

340 5275 370 5305 κ
401 5271 515 5344 non
546 5258 753 5327 utaris,
783 5277 888 5316 cur
919 5268 1184 5336 potenter
1209 5269 1398 5342 magis
1428 5287 1604 5341 quam
1643 5272 1989 5344 regulariter

341 5363 369 5391 α
399 5342 587 5399 dicis?
614 5345 673 5401 Si
703 5351 808 5403 tua
855 5349 1110 5422 dignitas
1158 5360 1247 5409 est
1296 5373 1330 5410 a
1372 5357 1508 5424 Deo,
1541 5376 1648 5414 cur
1679 5342 1838 5417 illam
1870 5381 1985 5419 non

340 5452 370 5480 (ε
399 5435 780 5522 commendas
811 5437 1065 5509 scripto?
1091 5443 1154 5495 In
1185 5443 1587 5502 confusionem
1623 5464 1986 5522 meam,pra3-

341 5537 372 5568 et
401 5519 586 5576 latum
617 5528 675 5578 et
705 5525 1083 5596 prepositum
1136 5546 1320 5586 unum
1369 5549 1497 5588 esse
1546 5535 1723 5604 dicis;
1756 5519 1990 5598 obviare

335 5609 647 5676 «veritati,
704 5613 909 5686 gratia:
973 5614 1326 5684 deserviens,
1389 5620 1632 5677 minime
1699 5642 1988 5685 reverens.

408 5715 486 5855 (1)
521 5715 581 5771 In
603 5719 807 5802 multis
825 5719 1022 5776 differt
1041 5722 1112 5778 ab
1132 5723 1302 5780 editis
1316 5725 1658 5785 circaﬁncm
1677 5731 1988 5805 imprimis.

409 5788 465 5855 (2
517 5785 690 5855 Edit.,
720 5793 956 5855 efﬁcere.

409 5785 486 5856 (2)
517 5785 690 5864 Edit.,
720 5793 956 5868 δικαστά.

2099 4849 2126 4876 ‹‹
2161 4826 2324 4880 ribus
2357 4823 2528 4896 digne
2559 4825 3002 4896 praeponuntur,
3036 4823 3328 4894 quantum
3367 4808 3567 4898 stolido
3602 4809 3711 4898 ‘0'?"

2098 4938 2126 4965 ι(
2161 4913 2286 4988 pori
2318 4911 2621 4969 rationalis
2653 4911 2852 4968 anima
2892 4909 3258 4984 principatur
3288 4924 3301 4962 :
3327 4907 3474 4962 hanc
3505 4889 3710 4988 institit-

2100 5027 2128 5056 «
2159 4979 2377 5059 tionem
2409 4999 2790 5057 immobiliter
2810 4979 3046 5056 servant
3065 4979 3459 5055 Qecidentalia
3475 4979 3711 5071 εἰαιξειξδν

2097 5117 2125 5143 ‹‹
2160 5096 2217 5148 et
2247 5089 2669 5147 monachorum
2692 5093 2978 5162 quotquot
3010 5091 3150 5144 sunt
3168 5086 3269 5142 ubi
3290 5068 3714 5162 cmnobiaﬂuil’j

2097 5207 2124 5233 ‹‹
2157 5199 2227 5255 pe
2256 5181 2395 5254 quia
2425 5179 2610 5254 pluris
2642 5160 2944 5236 existimas
2976 5195 3086 5251 ope
3131 5175 3432 5249 religione,
3455 5160 3710 5255 veneraris

2096 5296 2124 5323 ‹‹
2159 5254 2558 5344 praepositum,
2588 5286 2908 5342 suppressa
2935 5266 3141 5323 decani
3172 5260 3548 5321 celebratione
3589 5254 3703 5344 qui):

2097 5369 2124 5413 ἀ
2161 5361 2438 5433 ῃίειῐῃτμιε
2470 5359 2740 5433 gloriaris
2771 5363 2826 5414 te
2859 5357 3236 5432 praepositum
3268 5369 3399 5410 esse
3439 5338 3708 5433 pra??“m‘_s

2098 5475 2126 5501 ‹‹
2160 5429 2503 5506 claustralia
2535 5449 2766 5521 negotia
2799 5429 3077 5503 fratribus
3117 5441 3465 5500 inconsultis
3510 5429 3710 5521 disp“?

2101 5563 2128 5590 ‹‹
2162 5556 2292 5595 sare
2327 5557 2339 5594 :
2376 5555 2489 5594 non
2549 5518 2638 5592 uti
2660 5536 2924 5592 utiliores
2975 5536 3182 5590 fratres
3235 5532 3307 5588 ad
3357 5531 3476 5586 haec

2100 5653 2128 5678 ‹‹
2162 5633 2425 5696 veantur,
2442 5627 2542 5684 sed
2567 5627 2664 5700 qui
2691 5626 2879 5699 gratia
2901 5630 3002 5681 tua
3021 5620 3393 5680 solummodo
3412 5607 3708 5692 participan'

2175 5736 2253 5808 (3)
2286 5736 2462 5806 Edit.,
2495 5735 2853 5792 translatione
2873 5732 3192 5806 probentur.
