3852 6434
102 522 231 583 729

1752 516 1960 579 νιΤΑ.

3433 519 3554 581 730

109 678 137 703 «
169 657 315 712 tur:
351 651 502 710 hinc
548 650 850 727 religionis
906 647 1132 717 divinae,
1190 648 1334 725 proh
1391 646 1594 708 dolor!
1632 646 1800 704 ruina
1827 660 1883 728 Α
1912 674 1939 701 ‹‹
1976 649 2279 719 naturalis,
2312 649 2451 723 quid
2486 653 2547 707 tu
2580 645 2883 723 negligens
2912 649 3256 722 praepositus
3285 651 3557 723 operibus

106 768 135 791 «ι
167 745 518 811 suboritur,
554 742 825 799 litteralis
857 741 1179 813 disciplina)
1242 740 1504 797 studium
1566 739 1800 812 penitus

107 858 133 881 «ι
169 832 561 889 destituitur.
595 831 737 896 Quis
761 830 984 904 plantat
1014 831 1337 895 vineam,ct
1357 831 1428 885 de
1451 830 1643 884 fructu
1669 828 1797 898 ejus

112 946 140 973 ‹‹
175 940 295 977 non
351 920 670 976 comedit?
729 921 871 986 Quis
933 920 1078 975 nihil
1140 919 1447 992 proﬁciens
1506 917 1793 988 religioni,

112 1037 139 1061 ‹‹
172 1010 643 1085 disciplinaeque
664 1026 901 1082 operam
937 1008 1146 1065 dabit?
1177 1009 1334 1064 Hanc
1368 1008 1795 1063 institutionem

112 1124 141 1149 ‹‹
175 1102 359 1157 Pater
390 1098 654 1155 cmlestis
685 1115 799 1153 non
829 1098 1134 1170 plantavit,
1156 1101 1342 1153 mater
1371 1096 1631 1151 Ecclesia
1653 1094 1793 1151 scri-

114 1214 140 1239 «
170 1188 295 1261 ptis
328 1188 465 1244 suis
495 1205 610 1243 non
645 1186 1201 1243 animavit.Necesse
1224 1190 1314 1241 est
1342 1202 1477 1257 ergo
1503 1182 1796 1257 spirituali

119 1300 146 1327 ‹‹
176 1276 377 1333 cultro
411 1276 722 1331 succidere
744 1275 946 1346 spuria
959 1273 1324 1343 vitulamina,
1344 1278 1401 1329 et
1426 1272 1794 1345 regularibus

115 1390 140 1413 α
174 1365 432 1421 monitis
465 1380 782 1419 assensum
815 1364 1067 1435 praebere
1120 1379 1223 1435 per
1276 1363 1492 1417 omnia.
1528 1361 1795 1445 lzrazcipit

118 1480 145 1503 «ι
177 1471 447 1525 namque
478 1452 684 1524 regula
717 1452 1095 1524 praepositum
1151 1452 1261 1507 sub
1311 1451 1545 1522 praelato
1600 1467 1790 1523 agere,

118 1566 143 1589 α
177 1541 294 1598 sibi
324 1542 612 1613 injuncta
642 1541 922 1596 fratribus
948 1540 1248 1596 humiliter
1278 1540 1639 1612 ﬁdeliterque
1656 1556 1790 1595 cum

121 1656 146 1679 ‹‹
176 1630 347 1685 bona:
381 1628 854 1686 conversationis
890 1628 1153 1700 exemplo
1201 1628 1612 1683 administrare
1644 1646 1657 1693 ;
1692 1628 1790 1683 sed

123 1744 147 1767 ‹‹
184 1720 232 1776 si
262 1718 316 1775 is
348 1718 756 1781 resultaverit,
790 1718 861 1773 ab
911 1716 1101 1773 ofﬁcio
1163 1718 1445 1774 removeri
1495 1716 1795 1788 aliumque

126 1831 151 1857 ι(
182 1807 314 1863 loco
345 1808 484 1878 ejus
518 1806 806 1879 aptiorem
838 1805 1135 1862 constitui.

195 1920 221 1944 ‹‹
258 1896 343 1950 Ad
377 1896 533 1963 hazc,
569 1895 769 1961 frater,
796 1894 947 1961 vide,
980 1893 1626 1967 quaeso,subjectionem
1651 1912 1792 1966 pra:-

134 2008 154 2035 ι
186 1984 400 2057 positi;
429 1984 570 2039 vide
597 1982 957 2049 ﬁdelitatem,
1017 1982 1434 2050 humilitatem,
1465 1982 1790 2055 periculum

132 2096 158 2122 ‹‹
189 2089 431 2145 quoque
465 2070 878 2127 ministerii.Et
892 2071 1260 2144 sipriesumis
1281 2071 1619 2127 claustralis
1640 2072 1793 2127 bona

133 2184 158 2211 ‹‹
196 2158 561 2217 inconsultis
585 2158 862 2215 fratribus
883 2160 1042 2226 dare,
1076 2160 1173 2215 ubi
1202 2163 1291 2214 est
1321 2159 1623 2231 subjectio,
1660 2161 1795 2216 ﬁde-

135 2272 161 2296 ι(
194 2247 351 2314 litae,
380 2245 702 2302 humilitas
731 2245 1118 2301 obedientiaz‘l
1151 2245 1312 2302 Unde
1362 2245 1461 2301 illa
1500 2250 1662 2301 tanta
1690 2247 1792 2302 do-

135 2360 161 2385 «
195 2336 463 2391 minandi
500 2334 861 2400 sublimitas,
894 2334 943 2390 si
992 2334 1295 2405 perdenda:
1337 2334 1642 2406 dignitatis
1671 2339 1792 2390 tam

146 2448 170 2474 α
198 2442 383 2497 pruna
413 2422 670 2479 facultas
689 2423 843 2477 ?Non
877 2427 1149 2494 poterunt
1180 2424 1386 2478 fratres
1416 2422 1794 2479 consiliorum

143 2538 165 2561 α
197 2530 325 2569 esse
354 2511 703 2585 participes,
737 2511 837 2584 qui
869 2511 1260 2567 institutionis
1296 2511 1796 2584 depositionisque

145 2625 167 2652 ‹‹
200 2605 308 2657 tua;
340 2605 601 2674 possunt
628 2617 757 2655 esse
778 2600 1052 2672 opiﬁces?
1082 2601 1403 2673 praisertim
1434 2617 1567 2655 cum
1582 2602 1797 2656 domno

148 2711 169 2740 ι
203 2691 486 2761 pontifici,
522 2689 627 2762 qui
659 2688 1037 2760 singulariter
1065 2690 1320 2745 domnus
1351 2689 1796 2755 vocatur,eccle-

146 2802 171 2825 α
201 2779 440 2835 siastica
468 2795 592 2833 non
620 2777 793 2832 liceat
832 2778 958 2833 sine
1005 2778 1343 2834 clericorum
1395 2777 1637 2833 consilio
1658 2779 1798 2834 deﬁ-

150 2889 175 2915 «
206 2868 364 2933 nire;
400 2872 467 2923 ut
496 2866 647 2939 quid
693 2866 996 2936 subjectus
1043 2866 1312 2923 minister
1358 2868 1600 2923 audebis
1648 2869 1802 2924 bona

150 2977 174 3003 «ι
196 2954 439 3011 fratrum
471 2954 807 3011 secundum
839 2954 1072 3010 libitum
1098 2960 1263 3011 tuum
1296 2956 1582 3027 dissipare
1603 2957 1800 3011 ‘lDom-

156 3066 181 3091 ‹‹
213 3060 321 3099 nus
345 3044 533 3099 abbas
559 3043 807 3114 jubetur
833 3043 890 3097 in
919 3042 1226 3099 consilium
1280 3048 1461 3099 totam
1494 3060 1804 3116 congrega-

160 3152 184 3181 ‹‹
216 3130 428 3187 tionem
456 3132 776 3197 adducere,
810 3132 1171 3204 consilioque
1201 3132 1400 3189 omnia
1427 3132 1707 3200 deﬁnire;
1738 3138 1802 3189 tu

160 3242 185 3268 α
213 3220 548 3293 dedignaris
577 3220 898 3276 confratres
929 3226 1062 3275 tuos
1089 3220 1688 3293 supercommunibus
1710 3222 1804 3277 bo-

159 3329 183 3355 «
215 3307 302 3363 nis
314 3308 628 3365 consulere
648 3308 705 3364 ?J
717 3309 927 3364 ubetur
941 3310 1115 3364 etiam
1131 3310 1281 3365 inter
1292 3309 1489 3383 plures
1506 3315 1801 3366 monaste-

1911 742 2365 798 «laborantium
2420 740 2741 796 dominaris
2790 740 2818 794 ?
2876 740 3016 795 Ecce
3048 756 3150 812 per
3213 740 3555 812 Apostolum

1907 856 1935 880 ‹‹
1971 832 2286 903 derogatur
2332 829 2433 885 tibi
2487 830 2618 885 vita:
2648 829 3003 893 communio,
3056 829 3209 883 unde
3240 826 3345 883 tibi
3380 832 3552 883 tantas

1907 944 1933 970 ‹‹
1969 919 2386 976 dominationis
2420 919 2623 973 abusio
2646 919 2674 972 ‘?
2723 919 2785 975 Si
2811 921 2907 991 qui
2933 920 3106 973 altari
3132 918 3459 979 deserviunt,
3492 918 3555 971 de

1907 1033 1935 1059 «
1971 1012 2175 1065 altario
2206 1010 2397 1065 debent
2443 1011 2639 1074 virere,
2695 1013 3116 1080 consequenter
3141 1006 3240 1078 qui
3273 1005 3415 1060 nihil
3447 1022 3562 1060 ser-

1909 1120 1935 1147 «ι
1972 1098 2080 1167 vis,
2111 1097 2191 1152 nil
2224 1098 2400 1153 debes
2455 1098 2731 1169 accipere.
2764 1099 2876 1167 Qui
2927 1112 3089 1168 parce
3116 1097 3369 1160 seminat,
3399 1110 3561 1166 parce

1906 1211 1932 1236 «ι
1962 1196 2013 1242 et
2040 1191 2274 1251 metet,et
2298 1187 2666 1258 unusquisque
2683 1186 2975 1241 secundum
2996 1186 3235 1240 laborem
3273 1184 3562 1256 proprium

1907 1297 1935 1325 ‹‹
1967 1276 2257 1331 mercedem
2289 1276 2530 1346 arripiet.
2572 1275 2744 1330 Porro
2778 1274 2825 1329 si
2867 1272 3344 1346 religiosissimus
3376 1288 3557 1333 esses.

1905 1387 1934 1414 «
1967 1381 2069 1436 per
2106 1363 2499 1419 humilitatem
2546 1363 2695 1419 hanc
2729 1362 3146 1418 dominationis
3178 1361 3558 1417 ambitionem

1904 1476 1931 1502 ‹‹
1957 1469 2155 1508 cavere
2185 1453 2423 1508 deberes
2450 1456 2505 1523 [(
2523 1453 2565 1521 ί)
2595 1452 2745 1507 sicut
2768 1452 2993 1507 Veritas
3024 1452 3189 1506 docet
3219 1448 3513 1522 apostolos
3542 1450 3558 1492 ε

1904 1566 1931 1591 (ι
1966 1543 2101 1597 Cum
2162 1543 2401 1611 feceritis
2466 1543 2649 1597 omnia
2708 1557 2833 1612 quae
2876 1548 3147 1612 przecepta
3191 1549 3319 1594 sunt
3384 1539 3555 1595 vobis’

1904 1654 1931 1681 «
1964 1630 2165 1686 dicite:
2195 1632 2348 1686 Servi
2396 1632 2618 1685 inutiles
2670 1646 2875 1684 sumus.
2902 1629 2995 1684 Sic
3045 1628 3246 1694 David,
3282 1626 3558 1699 parvulus

1905 1742 1932 1767 ‹‹
1959 1719 2015 1774 in
2050 1718 2236 1774 oculis
2284 1719 2404 1782 Dei,
2449 1718 2802 1773 sublimatur
2832 1718 2889 1772 in
2923 1734 3151 1789 regem;
3205 1715 3364 1782 Saul,
3399 1732 3558 1770 arro-

1904 1833 1932 1859 «
1967 1814 2170 1880 genter
2199 1824 2398 1879 agens,
2450 1807 2932 1862 contumeliosam
2960 1805 3165 1861 incidit
3189 1805 3247 1860 in
3286 1806 3557 1860 mortem.

1906 1919 1934 1947 ‹‹
1968 1899 2154 1954 Omnis
2184 1899 2348 1968 quise
2376 1898 2606 1962 exultat,
2640 1890 3066 1951 humitialiitur:
3097 1902 3149 1950 et
3176 1895 3272 1965 qui
3297 1910 3355 1948 se
3382 1893 3560 1948 humi-

1904 2011 1932 2037 ι(
1954 1988 2073 2051 liat,
2100 1986 2479 2055 multabitur].
2504 1985 2562 2041 Si
2587 1983 2820 2052 Paulus,
2848 1986 2976 2056 plus
3003 1985 3254 2039 omnibus
3278 1982 3557 2037 laborans,

1901 2098 1931 2125 ‹‹
1952 2076 2257 2147 proﬁtetur
2283 2091 2343 2129 se
2375 2074 2685 2129 minimum
2707 2078 2764 2129 et
2804 2072 3151 2138 abortivum,
3181 2087 3287 2126 cur
3319 2074 3383 2125 tu
3416 2069 3557 2126 nihil

1901 2163 2256 2229 «laborans,
2323 2163 2644 2217 econtrario
2701 2160 2998 2234 singulare
3029 2175 3396 2233 praeoccupas
3452 2157 3556 2211 do-

1900 2276 1927 2302 ‹‹
1954 2251 2204 2307 minium
2225 2252 2253 2306 ‘l
2280 2252 2338 2307 Si
2370 2251 2655 2306 sententia
2684 2251 2844 2306 Pauli
2885 2265 2987 2322 per
3013 2248 3211 2305 omnia
3240 2252 3329 2303 est
3354 2246 3554 2303 lauda-

1902 2364 1929 2389 ‹‹
1956 2339 2525 2407 bilis,universaliter
2556 2339 3047 2412 praesumptiotua
3079 2338 3141 2390 ﬁt
3170 2333 3555 2391 detestabilis.

1904 2454 1931 2481 «
1966 2429 2121 2485 Dicis
2154 2433 2206 2485 te
2254 2445 2381 2484 esse
2403 2432 2697 2500 potentem
2750 2427 3152 2499 praepositum,
3185 2422 3385 2479 omnia
3409 2423 3562 2478 bona

1905 2518 2185 2574 «claustri
2218 2519 2343 2574 siue
2384 2517 2627 2574 consilio
2685 2516 2903 2588 praalati
2936 2518 2994 2570 et
3038 2512 3452 2569 canonicorum
3500 2512 3558 2566 in

1905 2607 2128 2663 «domo
2202 2613 2301 2662 tua
2364 2607 2516 2662 sicut
2548 2605 2795 2661 volueris
2848 2603 3347 2675 dispensaturum.
3382 2604 3556 2672 Quem

1906 2720 1935 2746 «
1958 2698 2191 2767 teipsum
2218 2698 2357 2767 facis
2379 2700 2404 2751 .9
2433 2694 2583 2769 Quid
2623 2694 2784 2750 habes
2814 2693 2954 2764 quod
2982 2708 3089 2747 non
3138 2691 3408 2761 acceperis
3428 2692 3453 2743 ?
3499 2690 3560 2744 Si

1907 2807 1935 2834 «
1966 2786 2247 2853 gloriaris,
2300 2787 2361 2838 in
2401 2785 2633 2841 Domino
2688 2783 2982 2853 glorieris,-
3016 2796 3123 2835 non
3155 2781 3305 2833 enim
3329 2779 3425 2849 qui
3480 2793 3562 2833 se-

1908 2876 2152 2945 «ipsum
2206 2873 2559 2937 commendat,
2621 2872 2714 2927 ille
2739 2872 3025 2943 probatur,
3084 2868 3175 2924 sed
3225 2868 3385 2939 quia
3458 2869 3563 2923 Deo

1908 2985 1936 3011 ‹‹
1958 2961 2380 3018 commendatur.
2407 2960 2663 3017 Gloriam
2699 2964 2861 3015 tuam
2885 2962 3069 3012 mater
3089 2955 3325 3027 justitia
3356 2953 3560 3027 pariat,

1910 3072 1938 3100 ‹‹
1971 3049 2321 3105 humilitatis
2376 3049 2642 3104 custodia
2712 3066 2825 3102 non
2883 3046 3268 3117 derelinquat.
3328 3043 3457 3097 Non
3510 3046 3565 3099 te

1912 3161 1940 3189 «
1968 3137 2227 3194 metiaris
2285 3136 2653 3193 adulantium
2688 3136 2926 3208 lingua;
2960 3133 3097 3207 quid
3132 3132 3238 3200 sis,
3268 3148 3383 3188 non
3423 3131 3562 3204 quid

1911 3227 2211 3295 «voceris,
2269 3225 2576 3298 diligenter
2633 3224 2917 3280 examina.
3007 3223 3064 3277 Si
3151 3222 3302 3277 Deus
3387 3219 3563 3275 homo

1910 3340 1938 3365 ‹‹
1962 3316 2118 3371 venit
2151 3314 2504 3380 ministrare,
2558 3331 2673 3368 non
2706 3311 3048 3378 ministrari,
3081 3327 3186 3365 cur
3211 3311 3374 3365 tanto
3410 3306 3563 3363 fastu

154 3418 179 3443 α
210 3396 275 3452 Pii
304 3397 453 3452 bona
477 3397 763 3462 di\’idcre.
798 3414 869 3452 De
900 3396 1058 3452 30105
1088 3397 1665 3470 Ρνᾶεροείῐυενῐθηθηε
1681 3416 1802 3455 οῐῐι·
1830 3384 1874 3450 C
1912 3427 1940 3453 «
1974 3403 2185 3477 quaeris
2232 3401 2568 3458 dominari?
2625 3402 2769 3456 Cum
2828 3400 2982 3455 Deus
3015 3403 3185 3463 esset,
3216 3398 3563 3468 semetipsum

156 3504 179 3531 σι
206 3484 866 3558 nia,possitsuperbire;
890 3485 1225 3557 alioquin,si
1246 3487 1302 3541 id
1326 3486 1564 3541 licenter
1577 3488 1800 3555 feceris,

160 3592 184 3619 α
203 3572 324 3641 jam
349 3589 467 3629 non
498 3589 689 3645 praes
718 3574 1037 3639 canonicis,
1070 3575 1169 3630 sed
1197 3576 1378 3630 servis
1399 3580 1455 3631 et
1485 3574 1802 3647 eleemosy-

160 3660 385 3717 «uariis
412 3663 555 3717 tuis.
610 3662 777 3727 Quis,
838 3679 1003 3735 rogo,
1036 3664 1148 3719 erit
1205 3665 1506 3720 sufﬁciens
1565 3681 1802 3738 quoque

160 3751 377 3805 «modo
406 3751 622 3818 vivere,
675 3750 775 3822 qui
828 3752 1109 3823 dignetur
1163 3752 1221 3807 in
1281 3753 1659 3825 eleemosynie
1689 3758 1800 3809 tua:

160 3857 184 3883 «
215 3838 501 3909 stipendia
528 3838 829 3895 transire?
856 3839 1069 3911 thuid
1120 3841 1363 3897 fratrum
1399 3843 1631 3897 nomine
1654 3844 1804 3897 ﬁunt

160 3945 186 3971 α
216 3926 556 3983 traditiones
584 3928 1052 4000 possessionum,
1081 3929 1130 3983 si
1163 3934 1224 3985 tu
1245 3930 1405 3985 solus
1428 3930 1804 4003 singulariter

162 4033 187 4057 η
216 4028 386 4086 super
414 4015 510 4071 his
541 4015 812 4072 vindicas
835 4017 1164 4073 dominium
1186 4018 1215 4071 Ἰ
1248 4020 1536 4075 Hactenus
1566 4035 1801 4075 eramus

162 4120 189 4147 κ
217 4116 493 4174 pauperes
522 4103 763 4170 Christi,
798 4106 1003 4161 matris
1051 4105 1304 4161 ecclesias
1337 4106 1628 4175 canonici;
1663 4106 1800 4163 reli-

165 4210 189 4236 α
217 4203 392 4260 quum
420 4196 513 4248 est
538 4192 901 4249 famulemur
932 4193 1037 4249 tibi
1089 4194 1239 4249 servi
1287 4194 1558 4266 emptitii.
1591 4195 1800 4251 Desine

167 4296 191 4323 κ
222 4275 410 4345 frater,
444 4298 670 4353 quaso,
702 4282 905 4337 desine
935 4280 1255 4337 insolenter
1286 4298 1475 4354 agere,
1508 4283 1801 4355 ofﬁciique

165 4384 191 4410 α
221 4365 298 4420 tui
329 4369 568 4425 modum
603 4369 905 4426 humiliter
934 4386 1302 4443 recognosce.

230 4476 255 4499 α
280 4453 417 4511 Vide
447 4458 629 4514 etiam
646 4458 786 4530 quid
804 4459 1005 4532 regula
1018 4459 1306 4531 principue
1327 4460 1554 4516 dedicet
1577 4479 1799 4534 praepo-

170 4560 195 4587 «
224 4541 576 4609 sito,scilicet
608 4548 906 4618 subjectos
934 4547 1230 4603 illustrare
1269 4564 1556 4605 canonica:
1573 4565 1805 4605 convcr-

171 4649 195 4673 «
224 4629 459 4689 sationis
487 4634 927 4708 exemploErgo
960 4635 1009 4692 si
1033 4634 1298 4708 regulare
1323 4638 1665 4694 mandatum
1690 4643 1799 4707 est,

1913 3517 1940 3543 ‹‹
1970 3494 2279 3549 erinanivit
2330 3494 2565 3562 formam
2617 3492 2760 3546 servi
2815 3490 3126 3559 accipiens;
3185 3491 3270 3552 tu,
3304 3485 3453 3541 cinis
3509 3488 3567 3540 et

1914 3581 2175 3653 «pulvis,
2254 3579 2559 3636 contendis
2636 3577 2827 3633 vocari
2885 3575 3235 3649 praepositus
3280 3578 3485 3646 potens
3543 3577 3567 3630 Ρ

1910 3669 2271 3725 «Enimvero
2323 3683 2694 3740 nequaquam
2754 3667 2969 3738 poteris
3040 3665 3169 3735 ejus
3199 3679 3327 3718 esse
3386 3659 3566 3718 disci-

1910 3782 1938 3808 ‹‹
1963 3757 2159 3830 pulus,
2192 3759 2305 3814 nisi
2338 3758 2523 3830 prius,
2547 3756 2810 3828 deposito
2839 3754 3279 3823 dominationis,
3311 3751 3565 3823 fastigio,

1913 3869 1943 3898 ‹‹
1975 3847 2081 3902 ﬁas
2113 3846 2407 3919 parvulus.

1983 3958 2011 3984 ‹‹
2042 3936 2203 3991 Certe
2234 3936 2281 3989 si
2316 3933 2515 3990 nullus
2558 3931 2893 3989 claustralis
2944 3931 3320 4003 praepositus,
3355 3928 3467 3984 nisi
3501 3944 3569 3984 ex

1909 4046 1938 4073 ‹‹
1967 4023 2215 4095 regulari
2247 4024 2321 4094 (5)
2351 4021 2628 4077 canonico
2659 4021 2831 4077 debet
2851 4018 3129 4085 ordinari,
3167 4016 3423 4089 profecto
3448 4031 3566 4071 non

1909 4134 1937 4162 ‹‹
1970 4112 2145 4167 debes
2176 4128 2303 4167 esse
2346 4110 2712 4182 prmpositus,
2746 4107 2859 4163 nisi
2878 4106 3216 4162 canonicam
3244 4103 3424 4159 vitam
3456 4102 3564 4158 du-

1909 4223 1937 4249 ‹‹
1969 4199 2122 4255 xeris
2147 4198 2407 4255 claustri.
2433 4198 2617 4253 Distat
2646 4213 2781 4269 ergo
2834 4195 2985 4250 inter
3009 4193 3288 4249 clericum
3310 4195 3368 4248 et
3398 4207 3566 4247 cano-

1910 4308 1940 4337 «
1971 4287 2188 4352 nicum,
2221 4287 2375 4359 quod
2414 4285 2714 4351 canonico,
2741 4301 2855 4339 non
2878 4282 3083 4338 clerico
3114 4281 3358 4336 debetur
3401 4277 3565 4335 clau-

1910 4399 1937 4426 α
1972 4380 2158 4432 strum
2184 4393 2197 4443 ;
2226 4374 2419 4430 omnis
2468 4374 2625 4428 enim
2647 4372 2962 4428 canonicus
2986 4369 3256 4435 clericus,
3290 4384 3405 4423 non
3437 4383 3567 4422 con'

1911 4487 1938 4513 ‹‹
1973 4468 2284 4536 sequenter
2304 4467 2369 4518 ut
2398 4460 2589 4518 omnis
2621 4461 2869 4517 clericus
2916 4458 3251 4514 canonicus.
3286 4458 3367 4513 Ex
3390 4472 3536 4511 cano

1912 4576 1940 4603 «
1975 4553 2105 4608 nico
2133 4552 2432 4617 enim,non
2452 4568 2521 4606 ex
2561 4549 2768 4605 clerico
2820 4545 3165 4619 regulariter
3190 4546 3568 4601 constituitur

1915 4664 1943 4691 ‹‹
1977 4640 2359 4713 przepositus;
2396 4654 2461 4693 ac
2522 4638 2649 4693 ideo
2703 4653 2937 4691 necesse
2968 4639 3076 4699 est,
3136 4635 3183 4689 si
3219 4634 3566 4707 prtepositus

174 4735 199 4761 α
223 4720 525 4777 canonicos
552 4723 1224 4793 chorum,refectorium,
1249 4726 1658 4783 dormitorium
1692 4728 1801 4783 frc-
1837 4746 1880 4810 υ
1913 4754 1940 4779 α
1972 4747 2055 4795 es,
2088 4728 2283 4794 choro,
2310 4726 2637 4791 refectorio,
2660 4722 3025 4790 dormitorio,
3057 4722 3169 4778 nisi
3231 4739 3333 4794 per
3388 4720 3565 4778 licen-

171 4823 196 4850 ι
226 4813 496 4904 quantum
520 4812 816 4904 ;‘cur,_du_m
834 4812 1078 4868 facultas
1098 4818 1205 4881 est,
1221 4815 1524 4871 subtrahis
1555 4817 1891 4904 te,quasi4',-;i
1915 4842 1942 4868 «
1976 4816 2229 4884 tiam,sis
2246 4814 2541 4871 assiduus.
2576 4813 2763 4885 Igitur
2783 4812 2921 4884 quia
2941 4811 3193 4867 maxime
3224 4810 3565 4883 praepositu—

173 4892 580 4962 «prohibearis
628 4899 700 4955 ab
758 4900 867 4955 hac
924 4900 1230 4957 societate:
1264 4919 1398 4960 cum
1457 4905 1540 4962 sis
1597 4923 1797 4971 sanus,

175 4998 199 5021 κ
229 4979 446 5038 validus
474 4984 826 5058 plerumque
867 4989 1045 5044 etiam
1098 4990 1358 5060 otiosus;
1384 5009 1456 5049 ne
1493 4994 1801 5050 erubescas

177 5087 201 5113 κ
228 5066 526 5143 religiosus
555 5090 685 5132 esse
712 5093 725 5144 ;
758 5077 899 5149 quia
926 5077 1029 5149 qui
1070 5077 1367 5135 Christum
1417 5082 1714 5138 erubuerit
1745 5087 1804 5137 et

179 5172 205 5198 α
235 5168 525 5216 sermones
554 5178 716 5227 suos,
751 5163 1055 5233 pcnnaliter
1101 5165 1387 5221 afﬁcietur
1443 5166 1501 5222 in
1532 5167 1626 5222 die
1657 5166 1805 5222 cala-

182 5258 206 5285 s
233 5242 440 5302 mitatis
470 5253 527 5303 et
550 5251 870 5307 miserimus
886 5269 1057 5308 mane
1081 5253 1139 5308 in
1158 5269 1460 5325 vesperam
1481 5252 1598 5311 bon
1625 5254 1805 5327 pudet

181 5348 206 5377 α
234 5332 283 5385 ω
307 5335 686 5395 ωουιατίῢιιε
740 5339 987 5411 negotiis
1031 5341 1355 5409 desudare;
1388 5347 1445 5397 et
1497 5342 1677 5400 semel
1707 5358 1809 5413 per

184 5434 207 5459 (ι
228 5413 645 5482 hebdomadam
676 5431 735 5483 et
759 5444 1021 5484 mensem
1042 5429 1217 5484 choro
1229 5431 1603 5487 confunderis
1626 5431 1808 5484 inter-

180 5509 398 5565 (esse?
440 5513 545 5581 Qui
600 5532 714 5572 non
770 5516 999 5585 (adorat,
1055 5534 1154 5573 nec
1216 5518 1522 5588 manducet,
1606 5516 1810 5573 scribit

183 5593 565 5681 ’,Αροειοιυυ
599 5608 663 5659 tu
697 5602 847 5661 nihil
882 5604 967 5659 vel
1024 5621 1231 5676 parum
1290 5604 1584 5677 laborans,
1613 5605 1811 5661 omnia

189 5697 214 5724 τι
240 5682 458 5757 colliges
489 5689 692 5748 solus?
721 5690 783 5746 Si
813 5691 1016 5748 otiosis
1044 5690 1218 5747 etiam
1250 5692 1415 5749 cibus
1446 5692 1812 5752 interdicitur

246 5770 316 5840 (4)
344 5772 515 5836 Uncis
546 5777 780 5837 inclusa
811 5778 1305 5853 desiderantur-in
1330 5780 1520 5843 editis.

1911 4928 1940 4955 α
1974 4922 2098 4961 ram
2130 4919 2427 4972 amas,cur
2451 4900 2689 4957 claustri
2723 4899 2952 4956 fastidis
2984 4898 3248 4953 militiam
3275 4898 3564 4971 ?Quapro-

1912 5017 1941 5044 ‹‹
1969 4997 2096 5065 pter
2151 4995 2252 5047 aut
2287 5007 2423 5045 cum
2474 4975 2861 5065 prmposituiia
2909 4988 3154 5044 habebis
3203 4987 3565 5060 religionem,

1912 5105 1939 5131 ‹‹
1973 5064 2058 5136 vel
2091 5078 2345 5146 dignitas
2394 5077 2686 5150 praepositi
2715 5064 2971 5159 vegtetur
2996 5068 3061 5131 in
3112 5075 3564 5145 villicationem;

1912 5192 1942 5218 α
1966 5186 2079 5224 non
2110 5167 2264 5224 enim
2297 5166 2405 5221 erit
2438 5182 2670 5221 necesse
2718 5157 2993 5248 cqﬁstitui
3017 5182 3085 5220 ex
3113 5164 3391 5220 canonico
3422 5181 3566 5237 prae-

1913 5279 1941 5307 ‹‹
1969 5257 2245 5330 positum,
2278 5255 2326 5311 si
2360 5254 2512 5309 idem
2561 5252 2951 5335 ministerium
2974 5271 3137 5325 aeque
3166 5254 3353 5325 possit
3400 5253 3570 5310 mini-

1915 5369 1945 5396 ‹‹
1978 5345 2151 5401 strari
2184 5362 2284 5416 per
2313 5343 2546 5398 laicum.
2597 5343 2689 5398 Sis
2713 5341 2871 5421 ergo,
2902 5342 3191 5409 consulto,
3226 5341 3568 5413 praepositus

1917 5455 1947 5482 ‹‹
1971 5450 2105 5490 cum
2138 5430 2452 5504 religione;
2485 5428 2691 5485 saltem
2723 5428 2811 5483 vel
2845 5428 3148 5501 religiosos
3181 5428 3319 5484 velis
3351 5442 3565 5493 amare,

1918 5543 1948 5569 ‹‹
1974 5527 2040 5576 ut
2080 5521 2231 5577 sicut
2260 5519 2357 5591 qui
2391 5517 2639 5588 suscipit
2670 5517 3012 5590 prophetam
3062 5518 3121 5572 in
3168 5516 3401 5572 nomine
3436 5530 3565 5584 pro-

1920 5632 1950 5660 α
1985 5610 2192 5682 phetze,
2252 5606 2572 5664 mercedem
2619 5605 2909 5678 prophetae
2941 5604 3200 5675 accipiet,
3233 5602 3314 5657 sic
3384 5597 3567 5653 irreli-

1921 5720 1951 5746 ‹‹
1978 5699 2308 5771 giositatem
2340 5700 2500 5751 tuam
2549 5693 2756 5749 saltem
2784 5691 3184 5764 religiosorum
3217 5702 3379 5743 amor
3408 5697 3563 5738 com-

2001 5784 2279 5861 (5).Editi,
2306 5802 2375 5842 ea:
2402 5783 2647 5855 regulari
2674 5795 2896 5837 canem.
