  <div class='ocr_page' id='page_1' title='image "/cluster/home/n/w/nwhite01/storage/ocr_20150623/142-143/uc1.31175018423130/373.png"; bbox 0 0 1926 3215; ppageno 0'>
   <div class='ocr_carea' id='block_1_1' title="bbox 143 232 206 267">
    <p class='ocr_par' dir='ltr' id='par_1_1' title="bbox 143 232 206 267">
     <span class='ocr_line' id='line_1_1' title="bbox 143 232 206 267; baseline 0.032 -2"><span class='ocrx_word' id='word_1_1' title='bbox 143 232 206 267; x_wconf 71' lang='grc' dir='ltr'>-Ἷ31</span> 
     </span>
    </p>
   </div>
   <div class='ocr_carea' id='block_1_2' title="bbox 678 237 1867 273">
    <p class='ocr_par' dir='ltr' id='par_1_2' title="bbox 678 237 1867 273">
     <span class='ocr_line' id='line_1_2' title="bbox 678 237 1867 273; baseline 0.001 -3"><span class='ocrx_word' id='word_1_2' title='bbox 678 237 844 271; x_wconf 76' lang='lat' dir='ltr'><strong>VASONIS</strong></span> <span class='ocrx_word' id='word_1_3' title='bbox 867 239 1097 271; x_wconf 81' lang='lat' dir='ltr'><strong>LEODlENSIS</strong></span> <span class='ocrx_word' id='word_1_4' title='bbox 1119 239 1310 273; x_wconf 83' lang='lat' dir='ltr'><strong>EPISCOPI.</strong></span> <span class='ocrx_word' id='word_1_5' title='bbox 1818 239 1867 271; x_wconf 68' lang='lat'><strong>132</strong></span> 
     </span>
    </p>
   </div>
   <div class='ocr_carea' id='block_1_3' title="bbox 151 304 1869 345">
    <p class='ocr_par' dir='ltr' id='par_1_3' title="bbox 151 304 1869 345">
     <span class='ocr_line' id='line_1_3' title="bbox 151 304 1869 345; baseline 0 -12"><span class='ocrx_word' id='word_1_6' title='bbox 151 316 165 332; x_wconf 86' lang='grc'><strong>‹‹</strong></span> <span class='ocrx_word' id='word_1_7' title='bbox 181 305 300 334; x_wconf 90' lang='lat' dir='ltr'><strong>mendet</strong></span> <span class='ocrx_word' id='word_1_8' title='bbox 314 313 320 341; x_wconf 91' lang='lat'><strong>;</strong></span> <span class='ocrx_word' id='word_1_9' title='bbox 337 304 406 343; x_wconf 85' lang='lat' dir='ltr'><strong>quia</strong></span> <span class='ocrx_word' id='word_1_10' title='bbox 421 305 510 335; x_wconf 90' lang='lat' dir='ltr'><strong>nimis</strong></span> <span class='ocrx_word' id='word_1_11' title='bbox 524 306 678 344; x_wconf 74' lang='lat' dir='ltr'><strong>profanum</strong></span> <span class='ocrx_word' id='word_1_12' title='bbox 692 309 807 336; x_wconf 80' lang='lat' dir='ltr'><strong>constat</strong></span> <span class='ocrx_word' id='word_1_13' title='bbox 819 309 977 344; x_wconf 88' lang='lat' dir='ltr'><strong>utrumque</strong></span> <span class='ocrx_word' id='word_1_14' title='bbox 992 307 1018 341; x_wconf 77' lang='grc' dir='ltr'><strong>Α</strong></span> <span class='ocrx_word' id='word_1_15' title='bbox 1034 320 1048 332; x_wconf 86' lang='grc'><strong>‹‹</strong></span> <span class='ocrx_word' id='word_1_16' title='bbox 1065 308 1160 345; x_wconf 85' lang='lat' dir='ltr'><strong>gratia</strong></span> <span class='ocrx_word' id='word_1_17' title='bbox 1174 307 1318 344; x_wconf 83' lang='lat' dir='ltr'><strong>donisque</strong></span> <span class='ocrx_word' id='word_1_18' title='bbox 1334 306 1512 344; x_wconf 81' lang='lat' dir='ltr'><strong>magniﬁcat.</strong></span> <span class='ocrx_word' id='word_1_19' title='bbox 1524 306 1577 336; x_wconf 85' lang='lat' dir='ltr'><strong>Sic</strong></span> <span class='ocrx_word' id='word_1_20' title='bbox 1593 304 1742 335; x_wconf 86' lang='lat' dir='ltr'><strong>omnium</strong></span> <span class='ocrx_word' id='word_1_21' title='bbox 1758 304 1869 334; x_wconf 76' lang='lat' dir='ltr'><strong>delecta-</strong></span> 
     </span>
    </p>
   </div>
   <div class='ocr_carea' id='block_1_4' title="bbox 151 351 973 389">
    <p class='ocr_par' dir='ltr' id='par_1_4' title="bbox 151 351 973 389">
     <span class='ocr_line' id='line_1_4' title="bbox 151 351 973 389; baseline 0.002 -10"><span class='ocrx_word' id='word_1_22' title='bbox 151 362 165 376; x_wconf 77' lang='lat' dir='ltr'><strong>u</strong></span> <span class='ocrx_word' id='word_1_23' title='bbox 187 353 215 379; x_wconf 87' lang='lat' dir='ltr'><strong>te</strong></span> <span class='ocrx_word' id='word_1_24' title='bbox 241 351 279 387; x_wconf 78' lang='grc' dir='ltr'><strong>(ὃ)</strong></span> <span class='ocrx_word' id='word_1_25' title='bbox 305 351 501 388; x_wconf 88' lang='lat' dir='ltr'><strong>irreligiosum</strong></span> <span class='ocrx_word' id='word_1_26' title='bbox 524 361 599 386; x_wconf 81' lang='lat' dir='ltr'><strong>esse,</strong></span> <span class='ocrx_word' id='word_1_27' title='bbox 625 352 835 389; x_wconf 87' lang='lat' dir='ltr'><strong>religiososque</strong></span> <span class='ocrx_word' id='word_1_28' title='bbox 860 361 973 381; x_wconf 84' lang='lat' dir='ltr'><strong>vexare.</strong></span> 
     </span>
    </p>
   </div>
   <div class='ocr_carea' id='block_1_5' title="bbox 150 396 976 433">
    <p class='ocr_par' dir='ltr' id='par_1_5' title="bbox 150 396 976 433">
     <span class='ocr_line' id='line_1_5' title="bbox 150 396 976 433; baseline 0.006 -12"><span class='ocrx_word' id='word_1_29' title='bbox 150 407 164 420; x_wconf 87' lang='grc'><em>‹‹</em></span> <span class='ocrx_word' id='word_1_30' title='bbox 181 397 230 431; x_wconf 84' lang='grc'>((7)</span> <span class='ocrx_word' id='word_1_31' title='bbox 247 396 288 423; x_wconf 84' lang='lat' dir='ltr'><strong>Ad</strong></span> <span class='ocrx_word' id='word_1_32' title='bbox 302 396 372 430; x_wconf 71' lang='lat' dir='ltr'><strong>lucc,</strong></span> <span class='ocrx_word' id='word_1_33' title='bbox 392 397 489 429; x_wconf 86' lang='lat' dir='ltr'><strong>frater,</strong></span> <span class='ocrx_word' id='word_1_34' title='bbox 507 397 651 433; x_wconf 70' lang='lat' dir='ltr'><strong>prazpositi</strong></span> <span class='ocrx_word' id='word_1_35' title='bbox 668 398 891 433; x_wconf 80' lang='lat' dir='ltr'><strong>subjectioncm,</strong></span> <span class='ocrx_word' id='word_1_36' title='bbox 908 398 976 426; x_wconf 84' lang='lat' dir='ltr'><strong>ﬁde-</strong></span> 
     </span>
    </p>
   </div>
   <div class='ocr_carea' id='block_1_6' title="bbox 150 440 977 476">
    <p class='ocr_par' dir='ltr' id='par_1_6' title="bbox 150 440 977 476">
     <span class='ocr_line' id='line_1_6' title="bbox 150 440 977 476; baseline 0.002 -8"><span class='ocrx_word' id='word_1_37' title='bbox 150 452 164 465; x_wconf 89' lang='grc'><strong>‹‹</strong></span> <span class='ocrx_word' id='word_1_38' title='bbox 182 440 305 474; x_wconf 85' lang='lat' dir='ltr'><strong>litatem,</strong></span> <span class='ocrx_word' id='word_1_39' title='bbox 324 441 531 476; x_wconf 76' lang='lat' dir='ltr'><strong>humilitatem,</strong></span> <span class='ocrx_word' id='word_1_40' title='bbox 557 443 842 470; x_wconf 76' lang='lat' dir='ltr'><strong>administrationem</strong></span> <span class='ocrx_word' id='word_1_41' title='bbox 875 451 977 470; x_wconf 83' lang='lat' dir='ltr'><strong>secun-</strong></span> 
     </span>
    </p>
   </div>
   <div class='ocr_carea' id='block_1_7' title="bbox 150 485 977 523">
    <p class='ocr_par' dir='ltr' id='par_1_7' title="bbox 150 485 977 523">
     <span class='ocr_line' id='line_1_7' title="bbox 150 485 977 523; baseline 0.004 -11"><span class='ocrx_word' id='word_1_42' title='bbox 150 497 164 509; x_wconf 75' lang='grc' dir='ltr'><strong>«ι</strong></span> <span class='ocrx_word' id='word_1_43' title='bbox 183 485 253 513; x_wconf 87' lang='lat' dir='ltr'><strong>dum</strong></span> <span class='ocrx_word' id='word_1_44' title='bbox 266 486 466 521; x_wconf 82' lang='lat' dir='ltr'><strong>regulam.non</strong></span> <span class='ocrx_word' id='word_1_45' title='bbox 477 487 705 515; x_wconf 89' lang='lat' dir='ltr'><strong>dominationem</strong></span> <span class='ocrx_word' id='word_1_46' title='bbox 717 487 835 523; x_wconf 78' lang='lat' dir='ltr'><strong>collige;</strong></span> <span class='ocrx_word' id='word_1_47' title='bbox 848 487 977 515; x_wconf 85' lang='lat' dir='ltr'><strong>debonis</strong></span> 
     </span>
    </p>
   </div>
   <div class='ocr_carea' id='block_1_8' title="bbox 151 530 976 568">
    <p class='ocr_par' dir='ltr' id='par_1_8' title="bbox 151 530 976 568">
     <span class='ocr_line' id='line_1_8' title="bbox 151 530 976 568; baseline 0.005 -12"><span class='ocrx_word' id='word_1_48' title='bbox 151 530 233 558; x_wconf 87' lang='lat' dir='ltr'><strong>«tibi</strong></span> <span class='ocrx_word' id='word_1_49' title='bbox 250 531 417 559; x_wconf 71' lang='lat' dir='ltr'><strong>commissis</strong></span> <span class='ocrx_word' id='word_1_50' title='bbox 434 532 591 560; x_wconf 82' lang='lat' dir='ltr'><strong>consilium</strong></span> <span class='ocrx_word' id='word_1_51' title='bbox 614 532 714 560; x_wconf 82' lang='lat' dir='ltr'><strong>decani</strong></span> <span class='ocrx_word' id='word_1_52' title='bbox 743 533 924 568; x_wconf 84' lang='lat' dir='ltr'><strong>fratrumque</strong></span> <span class='ocrx_word' id='word_1_53' title='bbox 941 541 976 560; x_wconf 88' lang='lat' dir='ltr'><strong>ne</strong></span> 
     </span>
    </p>
   </div>
   <div class='ocr_carea' id='block_1_9' title="bbox 151 576 977 613">
    <p class='ocr_par' dir='ltr' id='par_1_9' title="bbox 151 576 977 613">
     <span class='ocr_line' id='line_1_9' title="bbox 151 576 977 613; baseline 0.002 -11"><span class='ocrx_word' id='word_1_54' title='bbox 151 586 164 600; x_wconf 81' lang='lat'><strong>«</strong></span> <span class='ocrx_word' id='word_1_55' title='bbox 183 576 348 611; x_wconf 82' lang='lat' dir='ltr'><strong>asperneris</strong></span> <span class='ocrx_word' id='word_1_56' title='bbox 364 579 508 612; x_wconf 84' lang='lat' dir='ltr'><strong>appetere.</strong></span> <span class='ocrx_word' id='word_1_57' title='bbox 521 577 573 605; x_wconf 83' lang='lat' dir='ltr'><strong>Per</strong></span> <span class='ocrx_word' id='word_1_58' title='bbox 588 577 800 613; x_wconf 83' lang='lat' dir='ltr'><strong>subjectioncm</strong></span> <span class='ocrx_word' id='word_1_59' title='bbox 817 579 845 605; x_wconf 90' lang='lat' dir='ltr'><strong>et</strong></span> <span class='ocrx_word' id='word_1_60' title='bbox 860 577 977 605; x_wconf 91' lang='lat' dir='ltr'><strong>humili-</strong></span> 
     </span>
    </p>
   </div>
   <div class='ocr_carea' id='block_1_10' title="bbox 151 622 978 658">
    <p class='ocr_par' dir='ltr' id='par_1_10' title="bbox 151 622 978 658">
     <span class='ocr_line' id='line_1_10' title="bbox 151 622 978 658; baseline 0.005 -12"><span class='ocrx_word' id='word_1_61' title='bbox 151 630 166 644; x_wconf 92' lang='grc'><em>‹‹</em></span> <span class='ocrx_word' id='word_1_62' title='bbox 182 622 271 647; x_wconf 83' lang='lat' dir='ltr'><strong>tatem</strong></span> <span class='ocrx_word' id='word_1_63' title='bbox 288 622 408 656; x_wconf 68' lang='lat' dir='ltr'><strong>quierito</strong></span> <span class='ocrx_word' id='word_1_64' title='bbox 424 622 591 656; x_wconf 87' lang='lat' dir='ltr'><strong>consilium,</strong></span> <span class='ocrx_word' id='word_1_65' title='bbox 609 622 696 649; x_wconf 87' lang='lat' dir='ltr'><strong>etiam</strong></span> <span class='ocrx_word' id='word_1_66' title='bbox 719 622 909 655; x_wconf 84' lang='lat' dir='ltr'><strong>mandatum;</strong></span> <span class='ocrx_word' id='word_1_67' title='bbox 927 630 978 658; x_wconf 89' lang='lat' dir='ltr'><strong>per</strong></span> 
     </span>
    </p>
   </div>
   <div class='ocr_carea' id='block_1_11' title="bbox 151 665 978 704">
    <p class='ocr_par' dir='ltr' id='par_1_11' title="bbox 151 665 978 704">
     <span class='ocr_line' id='line_1_11' title="bbox 151 665 978 704; baseline 0.005 -13"><span class='ocrx_word' id='word_1_68' title='bbox 151 675 166 689; x_wconf 79' lang='grc' dir='ltr'>(ι</span> <span class='ocrx_word' id='word_1_69' title='bbox 183 665 350 693; x_wconf 80' lang='lat' dir='ltr'><strong>ﬁdelitatem</strong></span> <span class='ocrx_word' id='word_1_70' title='bbox 367 668 393 693; x_wconf 90' lang='lat' dir='ltr'><strong>et</strong></span> <span class='ocrx_word' id='word_1_71' title='bbox 409 666 704 700; x_wconf 79' lang='lat' dir='ltr'><strong>administrationem,</strong></span> <span class='ocrx_word' id='word_1_72' title='bbox 719 667 861 704; x_wconf 86' lang='lat' dir='ltr'><strong>quidquid</strong></span> <span class='ocrx_word' id='word_1_73' title='bbox 875 669 978 704; x_wconf 65' lang='lat' dir='ltr'><strong>praeter</strong></span> 
     </span>
    </p>
   </div>
   <div class='ocr_carea' id='block_1_12' title="bbox 151 708 978 748">
    <p class='ocr_par' dir='ltr' id='par_1_12' title="bbox 151 708 978 748">
     <span class='ocr_line' id='line_1_12' title="bbox 151 708 978 748; baseline 0.005 -13"><span class='ocrx_word' id='word_1_74' title='bbox 151 719 165 733; x_wconf 80' lang='grc' dir='ltr'>ι(</span> <span class='ocrx_word' id='word_1_75' title='bbox 184 708 357 737; x_wconf 83' lang='lat' dir='ltr'><strong>beneficium</strong></span> <span class='ocrx_word' id='word_1_76' title='bbox 374 709 529 743; x_wconf 83' lang='lat' dir='ltr'><strong>inveneris,</strong></span> <span class='ocrx_word' id='word_1_77' title='bbox 546 711 633 738; x_wconf 87' lang='lat' dir='ltr'><strong>redde</strong></span> <span class='ocrx_word' id='word_1_78' title='bbox 649 713 753 738; x_wconf 90' lang='lat' dir='ltr'><strong>totum.</strong></span> <span class='ocrx_word' id='word_1_79' title='bbox 770 711 877 748; x_wconf 87' lang='lat' dir='ltr'><strong>thuid</strong></span> <span class='ocrx_word' id='word_1_80' title='bbox 894 711 978 740; x_wconf 87' lang='lat' dir='ltr'><strong>bene-</strong></span> 
     </span>
    </p>
   </div>
   <div class='ocr_carea' id='block_1_13' title="bbox 155 753 977 792">
    <p class='ocr_par' dir='ltr' id='par_1_13' title="bbox 155 753 977 792">
     <span class='ocr_line' id='line_1_13' title="bbox 155 753 977 792; baseline 0.005 -12"><span class='ocrx_word' id='word_1_81' title='bbox 155 763 168 779; x_wconf 74' lang='grc' dir='ltr'>α</span> <span class='ocrx_word' id='word_1_82' title='bbox 181 753 278 781; x_wconf 80' lang='lat' dir='ltr'><strong>ficium</strong></span> <span class='ocrx_word' id='word_1_83' title='bbox 295 754 439 790; x_wconf 85' lang='lat' dir='ltr'><strong>acripis.si</strong></span> <span class='ocrx_word' id='word_1_84' title='bbox 458 756 492 783; x_wconf 82' lang='lat' dir='ltr'><strong>ad</strong></span> <span class='ocrx_word' id='word_1_85' title='bbox 510 757 612 783; x_wconf 65' lang='lat' dir='ltr'><strong>cratera</strong></span> <span class='ocrx_word' id='word_1_86' title='bbox 626 756 725 784; x_wconf 92' lang='lat' dir='ltr'><strong>omnia</strong></span> <span class='ocrx_word' id='word_1_87' title='bbox 739 765 795 783; x_wconf 92' lang='lat' dir='ltr'><strong>non</strong></span> <span class='ocrx_word' id='word_1_88' title='bbox 812 765 843 784; x_wconf 87' lang='lat' dir='ltr'><strong>es</strong></span> <span class='ocrx_word' id='word_1_89' title='bbox 859 756 977 792; x_wconf 80' lang='lat' dir='ltr'><strong>ﬁdelis?]</strong></span> 
     </span>
    </p>
   </div>
   <div class='ocr_carea' id='block_1_14' title="bbox 153 799 977 836">
    <p class='ocr_par' dir='ltr' id='par_1_14' title="bbox 153 799 977 836">
     <span class='ocr_line' id='line_1_14' title="bbox 153 799 977 836; baseline 0.005 -11"><span class='ocrx_word' id='word_1_90' title='bbox 153 809 167 822; x_wconf 88' lang='grc'><em>‹‹</em></span> <span class='ocrx_word' id='word_1_91' title='bbox 183 799 330 834; x_wconf 84' lang='lat' dir='ltr'><strong>Quidquid</strong></span> <span class='ocrx_word' id='word_1_92' title='bbox 345 799 507 827; x_wconf 80' lang='lat' dir='ltr'><strong>ministerio</strong></span> <span class='ocrx_word' id='word_1_93' title='bbox 520 803 570 828; x_wconf 90' lang='lat' dir='ltr'><strong>tuo</strong></span> <span class='ocrx_word' id='word_1_94' title='bbox 587 800 667 835; x_wconf 85' lang='lat' dir='ltr'><strong>juste</strong></span> <span class='ocrx_word' id='word_1_95' title='bbox 682 801 900 836; x_wconf 88' lang='lat' dir='ltr'><strong>superlucratus</strong></span> <span class='ocrx_word' id='word_1_96' title='bbox 913 801 977 829; x_wconf 87' lang='lat' dir='ltr'><strong>fuc-</strong></span> 
     </span>
    </p>
   </div>
   <div class='ocr_carea' id='block_1_15' title="bbox 152 843 977 877">
    <p class='ocr_par' dir='ltr' id='par_1_15' title="bbox 152 843 977 877">
     <span class='ocr_line' id='line_1_15' title="bbox 152 843 977 877; baseline 0.004 -7"><span class='ocrx_word' id='word_1_97' title='bbox 152 854 166 867; x_wconf 79' lang='grc' dir='ltr'><strong>«ι</strong></span> <span class='ocrx_word' id='word_1_98' title='bbox 183 843 234 877; x_wconf 89' lang='lat' dir='ltr'><strong>ris,</strong></span> <span class='ocrx_word' id='word_1_99' title='bbox 251 844 281 871; x_wconf 90' lang='lat' dir='ltr'><strong>in</strong></span> <span class='ocrx_word' id='word_1_100' title='bbox 297 844 356 871; x_wconf 86' lang='lat' dir='ltr'><strong>vita</strong></span> <span class='ocrx_word' id='word_1_101' title='bbox 371 847 421 872; x_wconf 88' lang='lat' dir='ltr'><strong>tua</strong></span> <span class='ocrx_word' id='word_1_102' title='bbox 437 847 555 873; x_wconf 81' lang='lat' dir='ltr'><strong>teneas:</strong></span> <span class='ocrx_word' id='word_1_103' title='bbox 573 853 630 873; x_wconf 91' lang='lat' dir='ltr'><strong>non</strong></span> <span class='ocrx_word' id='word_1_104' title='bbox 648 848 745 873; x_wconf 84' lang='lat' dir='ltr'><strong>tamen</strong></span> <span class='ocrx_word' id='word_1_105' title='bbox 769 845 907 873; x_wconf 76' lang='lat' dir='ltr'><strong>fratribus</strong></span> <span class='ocrx_word' id='word_1_106' title='bbox 923 846 977 873; x_wconf 92' lang='lat' dir='ltr'><strong>hoc</strong></span> 
     </span>
    </p>
   </div>
   <div class='ocr_carea' id='block_1_16' title="bbox 153 887 976 926">
    <p class='ocr_par' dir='ltr' id='par_1_16' title="bbox 153 887 976 926">
     <span class='ocr_line' id='line_1_16' title="bbox 153 887 976 926; baseline 0.005 -12"><span class='ocrx_word' id='word_1_107' title='bbox 153 887 277 924; x_wconf 70' lang='lat' dir='ltr'><strong>«palam</strong></span> <span class='ocrx_word' id='word_1_108' title='bbox 300 889 403 922; x_wconf 87' lang='lat' dir='ltr'><strong>facere,</strong></span> <span class='ocrx_word' id='word_1_109' title='bbox 430 898 465 917; x_wconf 89' lang='lat' dir='ltr'><strong>ne</strong></span> <span class='ocrx_word' id='word_1_110' title='bbox 494 889 563 917; x_wconf 90' lang='lat' dir='ltr'><strong>furti</strong></span> <span class='ocrx_word' id='word_1_111' title='bbox 592 891 734 925; x_wconf 80' lang='lat' dir='ltr'><strong>arguaris,</strong></span> <span class='ocrx_word' id='word_1_112' title='bbox 765 891 976 926; x_wconf 81' lang='lat' dir='ltr'><strong>supersedeas;</strong></span> 
     </span>
    </p>
   </div>
   <div class='ocr_carea' id='block_1_17' title="bbox 153 933 976 968">
    <p class='ocr_par' dir='ltr' id='par_1_17' title="bbox 153 933 976 968">
     <span class='ocr_line' id='line_1_17' title="bbox 153 933 976 968; baseline 0.001 -8"><span class='ocrx_word' id='word_1_113' title='bbox 153 944 166 957; x_wconf 87' lang='grc'><em>‹‹</em></span> <span class='ocrx_word' id='word_1_114' title='bbox 183 933 232 968; x_wconf 84' lang='grc'>[(8)</span> <span class='ocrx_word' id='word_1_115' title='bbox 246 933 288 961; x_wconf 89' lang='lat' dir='ltr'><strong>sic</strong></span> <span class='ocrx_word' id='word_1_116' title='bbox 303 934 430 962; x_wconf 85' lang='lat' dir='ltr'><strong>fructum</strong></span> <span class='ocrx_word' id='word_1_117' title='bbox 451 935 572 963; x_wconf 81' lang='lat' dir='ltr'><strong>habebis</strong></span> <span class='ocrx_word' id='word_1_118' title='bbox 589 944 621 963; x_wconf 87' lang='lat' dir='ltr'><strong>ex</strong></span> <span class='ocrx_word' id='word_1_119' title='bbox 635 938 685 962; x_wconf 85' lang='lat' dir='ltr'><strong>tua</strong></span> <span class='ocrx_word' id='word_1_120' title='bbox 701 935 936 968; x_wconf 84' lang='lat' dir='ltr'><strong>rationabilitate,</strong></span> <span class='ocrx_word' id='word_1_121' title='bbox 953 935 976 962; x_wconf 88' lang='lat' dir='ltr'><strong>si</strong></span> 
     </span>
    </p>
   </div>
   <div class='ocr_carea' id='block_1_18' title="bbox 153 978 976 1013">
    <p class='ocr_par' dir='ltr' id='par_1_18' title="bbox 153 978 976 1013">
     <span class='ocr_line' id='line_1_18' title="bbox 153 978 976 1013; baseline 0.004 -8"><span class='ocrx_word' id='word_1_122' title='bbox 153 990 167 1002; x_wconf 79' lang='lat'><em>«</em></span> <span class='ocrx_word' id='word_1_123' title='bbox 185 978 323 1006; x_wconf 75' lang='lat' dir='ltr'><strong>fratribus</strong></span> <span class='ocrx_word' id='word_1_124' title='bbox 334 979 467 1007; x_wconf 84' lang='lat' dir='ltr'><strong>notitiam</strong></span> <span class='ocrx_word' id='word_1_125' title='bbox 479 980 581 1007; x_wconf 79' lang='lat' dir='ltr'><strong>feceris</strong></span> <span class='ocrx_word' id='word_1_126' title='bbox 590 980 751 1008; x_wconf 72' lang='lat' dir='ltr'><strong>ebaborata:</strong></span> <span class='ocrx_word' id='word_1_127' title='bbox 759 980 976 1013; x_wconf 73' lang='lat' dir='ltr'><strong>summm.Quod</strong></span> 
     </span>
    </p>
   </div>
   <div class='ocr_carea' id='block_1_19' title="bbox 153 1022 976 1058">
    <p class='ocr_par' dir='ltr' id='par_1_19' title="bbox 153 1022 976 1058">
     <span class='ocr_line' id='line_1_19' title="bbox 153 1022 976 1058; baseline 0.002 -8"><span class='ocrx_word' id='word_1_128' title='bbox 153 1034 166 1047; x_wconf 83' lang='grc'><strong>‹‹</strong></span> <span class='ocrx_word' id='word_1_129' title='bbox 183 1023 207 1050; x_wconf 88' lang='lat' dir='ltr'><strong>si</strong></span> <span class='ocrx_word' id='word_1_130' title='bbox 224 1022 341 1051; x_wconf 88' lang='lat' dir='ltr'><strong>silentio</strong></span> <span class='ocrx_word' id='word_1_131' title='bbox 358 1025 673 1058; x_wconf 81' lang='lat' dir='ltr'><strong>presseris,successori</strong></span> <span class='ocrx_word' id='word_1_132' title='bbox 690 1028 750 1058; x_wconf 90' lang='lat' dir='ltr'><strong>tuo,</strong></span> <span class='ocrx_word' id='word_1_133' title='bbox 768 1034 824 1053; x_wconf 92' lang='lat' dir='ltr'><strong>non</strong></span> <span class='ocrx_word' id='word_1_134' title='bbox 838 1025 976 1053; x_wconf 81' lang='lat' dir='ltr'><strong>fratribus</strong></span> 
     </span>
    </p>
   </div>
   <div class='ocr_carea' id='block_1_20' title="bbox 152 1068 976 1105">
    <p class='ocr_par' dir='ltr' id='par_1_20' title="bbox 152 1068 976 1105">
     <span class='ocr_line' id='line_1_20' title="bbox 152 1068 976 1105; baseline 0.002 -10"><span class='ocrx_word' id='word_1_135' title='bbox 152 1080 166 1092; x_wconf 80' lang='grc' dir='ltr'>α</span> <span class='ocrx_word' id='word_1_136' title='bbox 183 1068 291 1096; x_wconf 90' lang='lat' dir='ltr'><strong>furtum</strong></span> <span class='ocrx_word' id='word_1_137' title='bbox 307 1068 452 1105; x_wconf 70' lang='lat' dir='ltr'><strong>lucraris}.</strong></span> <span class='ocrx_word' id='word_1_138' title='bbox 469 1070 527 1105; x_wconf 84' lang='lat' dir='ltr'><strong>Ego</strong></span> <span class='ocrx_word' id='word_1_139' title='bbox 544 1071 572 1098; x_wconf 93' lang='lat' dir='ltr'><strong>in</strong></span> <span class='ocrx_word' id='word_1_140' title='bbox 587 1071 703 1099; x_wconf 89' lang='lat' dir='ltr'><strong>duabus</strong></span> <span class='ocrx_word' id='word_1_141' title='bbox 731 1071 808 1099; x_wconf 80' lang='lat' dir='ltr'><strong>villis</strong></span> <span class='ocrx_word' id='word_1_142' title='bbox 837 1070 908 1098; x_wconf 93' lang='lat' dir='ltr'><strong>mihi</strong></span> <span class='ocrx_word' id='word_1_143' title='bbox 933 1070 976 1097; x_wconf 91' lang='lat' dir='ltr'><strong>in-</strong></span> 
     </span>
    </p>
   </div>
   <div class='ocr_carea' id='block_1_21' title="bbox 153 1114 975 1150">
    <p class='ocr_par' dir='ltr' id='par_1_21' title="bbox 153 1114 975 1150">
     <span class='ocr_line' id='line_1_21' title="bbox 153 1114 975 1150; baseline 0.005 -10"><span class='ocrx_word' id='word_1_144' title='bbox 153 1125 166 1137; x_wconf 85' lang='grc'><em>‹‹</em></span> <span class='ocrx_word' id='word_1_145' title='bbox 181 1114 240 1141; x_wconf 93' lang='lat' dir='ltr'><strong>vito</strong></span> <span class='ocrx_word' id='word_1_146' title='bbox 256 1114 432 1147; x_wconf 86' lang='lat' dir='ltr'><strong>commissis,</strong></span> <span class='ocrx_word' id='word_1_147' title='bbox 448 1115 728 1150; x_wconf 86' lang='lat' dir='ltr'><strong>quadringentorum</strong></span> <span class='ocrx_word' id='word_1_148' title='bbox 751 1116 788 1148; x_wconf 83' lang='lat'><strong>(9)</strong></span> <span class='ocrx_word' id='word_1_149' title='bbox 806 1125 975 1144; x_wconf 89' lang='lat' dir='ltr'><strong>mansorum</strong></span> 
     </span>
    </p>
   </div>
   <div class='ocr_carea' id='block_1_22' title="bbox 153 1158 977 1196">
    <p class='ocr_par' dir='ltr' id='par_1_22' title="bbox 153 1158 977 1196">
     <span class='ocr_line' id='line_1_22' title="bbox 153 1158 977 1196; baseline 0.005 -12"><span class='ocrx_word' id='word_1_150' title='bbox 153 1170 164 1181; x_wconf 82' lang='grc' dir='ltr'><strong>ι‹</strong></span> <span class='ocrx_word' id='word_1_151' title='bbox 184 1158 332 1186; x_wconf 73' lang='lat' dir='ltr'><strong>servitium</strong></span> <span class='ocrx_word' id='word_1_152' title='bbox 345 1159 428 1193; x_wconf 79' lang='lat' dir='ltr'><strong>justa</strong></span> <span class='ocrx_word' id='word_1_153' title='bbox 452 1160 560 1187; x_wconf 80' lang='lat' dir='ltr'><strong>ratione</strong></span> <span class='ocrx_word' id='word_1_154' title='bbox 591 1161 819 1196; x_wconf 78' lang='lat' dir='ltr'><strong>superlm-ratus.</strong></span> <span class='ocrx_word' id='word_1_155' title='bbox 838 1161 977 1189; x_wconf 78' lang='lat' dir='ltr'><strong>fratribus</strong></span> 
     </span>
    </p>
   </div>
   <div class='ocr_carea' id='block_1_23' title="bbox 153 1204 976 1242">
    <p class='ocr_par' dir='ltr' id='par_1_23' title="bbox 153 1204 976 1242">
     <span class='ocr_line' id='line_1_23' title="bbox 153 1204 976 1242; baseline 0.004 -12"><span class='ocrx_word' id='word_1_156' title='bbox 153 1216 165 1227; x_wconf 77' lang='grc' dir='ltr'><strong>ιι</strong></span> <span class='ocrx_word' id='word_1_157' title='bbox 183 1204 363 1237; x_wconf 89' lang='lat' dir='ltr'><strong>annuntiavi,</strong></span> <span class='ocrx_word' id='word_1_158' title='bbox 381 1207 408 1231; x_wconf 85' lang='lat' dir='ltr'><strong>et</strong></span> <span class='ocrx_word' id='word_1_159' title='bbox 429 1205 527 1233; x_wconf 78' lang='lat' dir='ltr'><strong>statim</strong></span> <span class='ocrx_word' id='word_1_160' title='bbox 551 1206 700 1233; x_wconf 70' lang='lat' dir='ltr'><strong>servitium</strong></span> <span class='ocrx_word' id='word_1_161' title='bbox 720 1206 790 1239; x_wconf 75' lang='lat' dir='ltr'><strong>feri;</strong></span> <span class='ocrx_word' id='word_1_162' title='bbox 809 1209 976 1242; x_wconf 77' lang='lat' dir='ltr'><strong>quantoque</strong></span> 
     </span>
    </p>
   </div>
   <div class='ocr_carea' id='block_1_24' title="bbox 152 1249 975 1286">
    <p class='ocr_par' dir='ltr' id='par_1_24' title="bbox 152 1249 975 1286">
     <span class='ocr_line' id='line_1_24' title="bbox 152 1249 975 1286; baseline 0.004 -11"><span class='ocrx_word' id='word_1_163' title='bbox 152 1260 165 1271; x_wconf 62' lang='grc' dir='ltr'>ι(</span> <span class='ocrx_word' id='word_1_164' title='bbox 182 1249 268 1276; x_wconf 86' lang='lat' dir='ltr'><strong>mcin</strong></span> <span class='ocrx_word' id='word_1_165' title='bbox 293 1249 399 1283; x_wconf 84' lang='lat' dir='ltr'><strong>gaudio</strong></span> <span class='ocrx_word' id='word_1_166' title='bbox 429 1259 479 1286; x_wconf 87' lang='lat' dir='ltr'><strong>pro</strong></span> <span class='ocrx_word' id='word_1_167' title='bbox 508 1250 644 1278; x_wconf 84' lang='lat' dir='ltr'><strong>tidelitate</strong></span> <span class='ocrx_word' id='word_1_168' title='bbox 671 1251 779 1278; x_wconf 83' lang='lat' dir='ltr'><strong>intrare</strong></span> <span class='ocrx_word' id='word_1_169' title='bbox 810 1252 975 1286; x_wconf 82' lang='lat' dir='ltr'><strong>sperabam,</strong></span> 
     </span>
    </p>
   </div>
   <div class='ocr_carea' id='block_1_25' title="bbox 152 1293 975 1331">
    <p class='ocr_par' dir='ltr' id='par_1_25' title="bbox 152 1293 975 1331">
     <span class='ocr_line' id='line_1_25' title="bbox 152 1293 975 1331; baseline 0.002 -11"><span class='ocrx_word' id='word_1_170' title='bbox 152 1305 165 1318; x_wconf 78' lang='grc' dir='ltr'>υ</span> <span class='ocrx_word' id='word_1_171' title='bbox 183 1296 262 1321; x_wconf 89' lang='lat' dir='ltr'><strong>tanto</strong></span> <span class='ocrx_word' id='word_1_172' title='bbox 283 1293 524 1322; x_wconf 84' lang='lat' dir='ltr'><strong>tribulationibus</strong></span> <span class='ocrx_word' id='word_1_173' title='bbox 550 1294 721 1330; x_wconf 75' lang='lat' dir='ltr'><strong>invidireque</strong></span> <span class='ocrx_word' id='word_1_174' title='bbox 748 1295 842 1331; x_wconf 84' lang='lat' dir='ltr'><strong>magis</strong></span> <span class='ocrx_word' id='word_1_175' title='bbox 870 1303 975 1322; x_wconf 77' lang='lat' dir='ltr'><strong>succu-</strong></span> 
     </span>
    </p>
   </div>
   <div class='ocr_carea' id='block_1_26' title="bbox 152 1338 976 1375">
    <p class='ocr_par' dir='ltr' id='par_1_26' title="bbox 152 1338 976 1375">
     <span class='ocr_line' id='line_1_26' title="bbox 152 1338 976 1375; baseline 0.002 -11"><span class='ocrx_word' id='word_1_176' title='bbox 152 1350 165 1361; x_wconf 67' lang='grc' dir='ltr'><strong>ια</strong></span> <span class='ocrx_word' id='word_1_177' title='bbox 182 1338 241 1365; x_wconf 88' lang='lat' dir='ltr'><strong>bui.</strong></span> <span class='ocrx_word' id='word_1_178' title='bbox 259 1340 364 1366; x_wconf 80' lang='lat' dir='ltr'><strong>Servus</strong></span> <span class='ocrx_word' id='word_1_179' title='bbox 387 1339 588 1374; x_wconf 71' lang='lat' dir='ltr'><strong>evangelicum</strong></span> <span class='ocrx_word' id='word_1_180' title='bbox 619 1339 760 1366; x_wconf 87' lang='lat' dir='ltr'><strong>talentum</strong></span> <span class='ocrx_word' id='word_1_181' title='bbox 790 1339 943 1375; x_wconf 78' lang='lat' dir='ltr'><strong>duplicans</strong></span> <span class='ocrx_word' id='word_1_182' title='bbox 960 1349 976 1367; x_wconf 74' lang='grc' dir='ltr'><strong>ει</strong></span> 
     </span>
    </p>
   </div>
   <div class='ocr_carea' id='block_1_27' title="bbox 151 1382 975 1420">
    <p class='ocr_par' dir='ltr' id='par_1_27' title="bbox 151 1382 975 1420">
     <span class='ocr_line' id='line_1_27' title="bbox 151 1382 975 1420; baseline 0.005 -13"><span class='ocrx_word' id='word_1_183' title='bbox 151 1394 164 1406; x_wconf 76' lang='grc' dir='ltr'><strong>ιι</strong></span> <span class='ocrx_word' id='word_1_184' title='bbox 181 1383 311 1415; x_wconf 79' lang='lat' dir='ltr'><strong>domino,</strong></span> <span class='ocrx_word' id='word_1_185' title='bbox 330 1382 514 1410; x_wconf 76' lang='lat' dir='ltr'><strong>collaudatus</strong></span> <span class='ocrx_word' id='word_1_186' title='bbox 527 1384 633 1410; x_wconf 89' lang='lat' dir='ltr'><strong>meruit</strong></span> <span class='ocrx_word' id='word_1_187' title='bbox 647 1384 747 1411; x_wconf 89' lang='lat' dir='ltr'><strong>donari</strong></span> <span class='ocrx_word' id='word_1_188' title='bbox 763 1393 833 1419; x_wconf 84' lang='lat' dir='ltr'><strong>:cgo</strong></span> <span class='ocrx_word' id='word_1_189' title='bbox 851 1385 975 1420; x_wconf 46' lang='lat' dir='ltr'><strong>quadru.</strong></span> 
     </span>
    </p>
   </div>
   <div class='ocr_carea' id='block_1_28' title="bbox 152 1427 975 1464">
    <p class='ocr_par' dir='ltr' id='par_1_28' title="bbox 152 1427 975 1464">
     <span class='ocr_line' id='line_1_28' title="bbox 152 1427 975 1464; baseline 0.001 -10"><span class='ocrx_word' id='word_1_190' title='bbox 152 1440 165 1450; x_wconf 78' lang='grc' dir='ltr'>η</span> <span class='ocrx_word' id='word_1_191' title='bbox 184 1427 304 1462; x_wconf 85' lang='lat' dir='ltr'><strong>plicans,</strong></span> <span class='ocrx_word' id='word_1_192' title='bbox 323 1427 424 1454; x_wconf 87' lang='lat' dir='ltr'><strong>multis</strong></span> <span class='ocrx_word' id='word_1_193' title='bbox 455 1429 549 1455; x_wconf 82' lang='lat' dir='ltr'><strong>modis</strong></span> <span class='ocrx_word' id='word_1_194' title='bbox 574 1429 723 1464; x_wconf 85' lang='lat' dir='ltr'><strong>impetitus</strong></span> <span class='ocrx_word' id='word_1_195' title='bbox 743 1431 769 1455; x_wconf 83' lang='lat' dir='ltr'><strong>et</strong></span> <span class='ocrx_word' id='word_1_196' title='bbox 793 1429 975 1456; x_wconf 79' lang='lat' dir='ltr'><strong>circumven-</strong></span> 
     </span>
    </p>
   </div>
   <div class='ocr_carea' id='block_1_29' title="bbox 151 1472 976 1509">
    <p class='ocr_par' dir='ltr' id='par_1_29' title="bbox 151 1472 976 1509">
     <span class='ocr_line' id='line_1_29' title="bbox 151 1472 976 1509; baseline 0.001 -10"><span class='ocrx_word' id='word_1_197' title='bbox 151 1483 164 1495; x_wconf 70' lang='grc' dir='ltr'>ι(</span> <span class='ocrx_word' id='word_1_198' title='bbox 181 1474 239 1503; x_wconf 79' lang='lat' dir='ltr'><strong>tus,</strong></span> <span class='ocrx_word' id='word_1_199' title='bbox 257 1472 392 1499; x_wconf 86' lang='lat' dir='ltr'><strong>addictus</strong></span> <span class='ocrx_word' id='word_1_200' title='bbox 408 1482 472 1500; x_wconf 87' lang='lat' dir='ltr'><strong>sum</strong></span> <span class='ocrx_word' id='word_1_201' title='bbox 493 1473 666 1509; x_wconf 83' lang='lat' dir='ltr'><strong>paupertati.</strong></span> <span class='ocrx_word' id='word_1_202' title='bbox 698 1474 752 1505; x_wconf 68' lang='grc' dir='ltr'>(1οᾊ</span> <span class='ocrx_word' id='word_1_203' title='bbox 770 1475 773 1484; x_wconf 89' lang='grc'><strong>¹</strong></span> <span class='ocrx_word' id='word_1_204' title='bbox 794 1474 866 1500; x_wconf 86' lang='lat' dir='ltr'><strong>Cum</strong></span> <span class='ocrx_word' id='word_1_205' title='bbox 884 1473 976 1500; x_wconf 87' lang='lat' dir='ltr'><strong>multa</strong></span> 
     </span>
    </p>
   </div>
   <div class='ocr_carea' id='block_1_30' title="bbox 153 1517 975 1553">
    <p class='ocr_par' dir='ltr' id='par_1_30' title="bbox 153 1517 975 1553">
     <span class='ocr_line' id='line_1_30' title="bbox 153 1517 975 1553; baseline 0.002 -10"><span class='ocrx_word' id='word_1_206' title='bbox 153 1529 165 1542; x_wconf 82' lang='grc'><em>‹‹</em></span> <span class='ocrx_word' id='word_1_207' title='bbox 184 1518 259 1543; x_wconf 85' lang='lat' dir='ltr'><strong>bona</strong></span> <span class='ocrx_word' id='word_1_208' title='bbox 271 1517 389 1545; x_wconf 82' lang='lat' dir='ltr'><strong>claustri</strong></span> <span class='ocrx_word' id='word_1_209' title='bbox 407 1520 505 1545; x_wconf 74' lang='lat' dir='ltr'><strong>teneas</strong></span> <span class='ocrx_word' id='word_1_210' title='bbox 536 1519 598 1545; x_wconf 74' lang='lat' dir='ltr'><strong>sine.</strong></span> <span class='ocrx_word' id='word_1_211' title='bbox 628 1518 787 1553; x_wconf 73' lang='lat' dir='ltr'><strong>qumstionc</strong></span> <span class='ocrx_word' id='word_1_212' title='bbox 813 1518 975 1546; x_wconf 84' lang='lat' dir='ltr'><strong>redditibus</strong></span> 
     </span>
    </p>
   </div>
   <div class='ocr_carea' id='block_1_31' title="bbox 154 1561 975 1599">
    <p class='ocr_par' dir='ltr' id='par_1_31' title="bbox 154 1561 975 1599">
     <span class='ocr_line' id='line_1_31' title="bbox 154 1561 975 1599; baseline 0.004 -12"><span class='ocrx_word' id='word_1_213' title='bbox 154 1561 292 1597; x_wconf 78' lang='lat' dir='ltr'><strong>«parvis,</strong></span> <span class='ocrx_word' id='word_1_214' title='bbox 308 1571 360 1589; x_wconf 92' lang='lat' dir='ltr'><strong>cur</strong></span> <span class='ocrx_word' id='word_1_215' title='bbox 385 1562 553 1590; x_wconf 82' lang='lat' dir='ltr'><strong>ﬁdelitatem</strong></span> <span class='ocrx_word' id='word_1_216' title='bbox 584 1566 725 1592; x_wconf 81' lang='lat' dir='ltr'><strong>nostram.</strong></span> <span class='ocrx_word' id='word_1_217' title='bbox 756 1563 839 1599; x_wconf 72' lang='lat' dir='ltr'><strong>quasi</strong></span> <span class='ocrx_word' id='word_1_218' title='bbox 866 1563 975 1590; x_wconf 90' lang='lat' dir='ltr'><strong>furtum</strong></span> 
     </span>
    </p>
   </div>
   <div class='ocr_carea' id='block_1_32' title="bbox 150 1602 977 1642">
    <p class='ocr_par' dir='ltr' id='par_1_32' title="bbox 150 1602 977 1642">
     <span class='ocr_line' id='line_1_32' title="bbox 150 1602 977 1642; baseline 0.001 -9"><span class='ocrx_word' id='word_1_219' title='bbox 150 1618 164 1631; x_wconf 74' lang='grc' dir='ltr'><strong>«ι</strong></span> <span class='ocrx_word' id='word_1_220' title='bbox 183 1615 369 1642; x_wconf 82' lang='lat' dir='ltr'><strong>persequens,</strong></span> <span class='ocrx_word' id='word_1_221' title='bbox 388 1607 694 1635; x_wconf 70' lang='lat' dir='ltr'><strong>ulcisceris‘ITuarum</strong></span> <span class='ocrx_word' id='word_1_222' title='bbox 712 1616 807 1635; x_wconf 90' lang='lat' dir='ltr'><strong>rcrum</strong></span> <span class='ocrx_word' id='word_1_223' title='bbox 826 1602 977 1635; x_wconf 82' lang='lat' dir='ltr'><strong>ministros</strong></span> 
     </span>
    </p>
   </div>
   <div class='ocr_carea' id='block_1_33' title="bbox 151 1651 975 1688">
    <p class='ocr_par' dir='ltr' id='par_1_33' title="bbox 151 1651 975 1688">
     <span class='ocr_line' id='line_1_33' title="bbox 151 1651 975 1688; baseline 0.002 -12"><span class='ocrx_word' id='word_1_224' title='bbox 151 1663 164 1675; x_wconf 74' lang='grc' dir='ltr'><em>υ</em></span> <span class='ocrx_word' id='word_1_225' title='bbox 184 1651 339 1679; x_wconf 79' lang='lat' dir='ltr'><strong>infideliter</strong></span> <span class='ocrx_word' id='word_1_226' title='bbox 363 1653 481 1688; x_wconf 76' lang='lat' dir='ltr'><strong>agentes</strong></span> <span class='ocrx_word' id='word_1_227' title='bbox 512 1652 583 1680; x_wconf 89' lang='lat' dir='ltr'><strong>dure</strong></span> <span class='ocrx_word' id='word_1_228' title='bbox 606 1652 755 1688; x_wconf 81' lang='lat' dir='ltr'><strong>punis;ct</strong></span> <span class='ocrx_word' id='word_1_229' title='bbox 784 1660 830 1679; x_wconf 85' lang='lat' dir='ltr'><strong>res</strong></span> <span class='ocrx_word' id='word_1_230' title='bbox 857 1651 975 1680; x_wconf 82' lang='lat' dir='ltr'><strong>claustri</strong></span> 
     </span>
    </p>
   </div>
   <div class='ocr_carea' id='block_1_34' title="bbox 151 1696 975 1733">
    <p class='ocr_par' dir='ltr' id='par_1_34' title="bbox 151 1696 975 1733">
     <span class='ocr_line' id='line_1_34' title="bbox 151 1696 975 1733; baseline 0.004 -12"><span class='ocrx_word' id='word_1_231' title='bbox 151 1707 164 1718; x_wconf 69' lang='grc' dir='ltr'><strong>«ι</strong></span> <span class='ocrx_word' id='word_1_232' title='bbox 179 1704 231 1722; x_wconf 89' lang='lat' dir='ltr'><strong>cur</strong></span> <span class='ocrx_word' id='word_1_233' title='bbox 247 1704 304 1723; x_wconf 94' lang='lat' dir='ltr'><strong>non</strong></span> <span class='ocrx_word' id='word_1_234' title='bbox 321 1696 410 1724; x_wconf 88' lang='lat' dir='ltr'><strong>simili</strong></span> <span class='ocrx_word' id='word_1_235' title='bbox 426 1696 578 1732; x_wconf 76' lang='lat' dir='ltr'><strong>diligentia</strong></span> <span class='ocrx_word' id='word_1_236' title='bbox 602 1697 786 1733; x_wconf 85' lang='lat' dir='ltr'><strong>prosequeris</strong></span> <span class='ocrx_word' id='word_1_237' title='bbox 797 1697 811 1724; x_wconf 88' lang='lat'><strong>?</strong></span> <span class='ocrx_word' id='word_1_238' title='bbox 826 1697 975 1729; x_wconf 88' lang='lat' dir='ltr'><strong>Quomodo</strong></span> 
     </span>
    </p>
   </div>
   <div class='ocr_carea' id='block_1_35' title="bbox 152 1739 977 1777">
    <p class='ocr_par' dir='ltr' id='par_1_35' title="bbox 152 1739 977 1777">
     <span class='ocr_line' id='line_1_35' title="bbox 152 1739 977 1777; baseline 0.001 -10"><span class='ocrx_word' id='word_1_239' title='bbox 152 1752 165 1763; x_wconf 86' lang='grc'><strong>‹‹</strong></span> <span class='ocrx_word' id='word_1_240' title='bbox 183 1739 314 1775; x_wconf 86' lang='lat' dir='ltr'><strong>probaris</strong></span> <span class='ocrx_word' id='word_1_241' title='bbox 331 1740 434 1768; x_wconf 84' lang='lat' dir='ltr'><strong>fratres</strong></span> <span class='ocrx_word' id='word_1_242' title='bbox 458 1740 534 1768; x_wconf 89' lang='lat' dir='ltr'><strong>sicut</strong></span> <span class='ocrx_word' id='word_1_243' title='bbox 559 1741 685 1776; x_wconf 89' lang='lat' dir='ltr'><strong>teipsum</strong></span> <span class='ocrx_word' id='word_1_244' title='bbox 715 1740 847 1777; x_wconf 79' lang='lat' dir='ltr'><strong>diligere,</strong></span> <span class='ocrx_word' id='word_1_245' title='bbox 864 1741 887 1768; x_wconf 93' lang='lat' dir='ltr'><strong>si</strong></span> <span class='ocrx_word' id='word_1_246' title='bbox 912 1743 977 1768; x_wconf 89' lang='lat' dir='ltr'><strong>tuas</strong></span> 
     </span>
    </p>
   </div>
   <div class='ocr_carea' id='block_1_36' title="bbox 152 1783 977 1821">
    <p class='ocr_par' dir='ltr' id='par_1_36' title="bbox 152 1783 977 1821">
     <span class='ocr_line' id='line_1_36' title="bbox 152 1783 977 1821; baseline 0.002 -11"><span class='ocrx_word' id='word_1_247' title='bbox 152 1795 166 1808; x_wconf 87' lang='lat'><strong><em>«</em></strong></span> <span class='ocrx_word' id='word_1_248' title='bbox 181 1786 269 1819; x_wconf 85' lang='lat' dir='ltr'><strong>atque</strong></span> <span class='ocrx_word' id='word_1_249' title='bbox 286 1783 402 1811; x_wconf 90' lang='lat' dir='ltr'><strong>illorum</strong></span> <span class='ocrx_word' id='word_1_250' title='bbox 423 1793 469 1812; x_wconf 87' lang='lat' dir='ltr'><strong>res</strong></span> <span class='ocrx_word' id='word_1_251' title='bbox 495 1785 605 1821; x_wconf 84' lang='lat' dir='ltr'><strong>dispari</strong></span> <span class='ocrx_word' id='word_1_252' title='bbox 632 1788 737 1813; x_wconf 82' lang='lat' dir='ltr'><strong>tractas</strong></span> <span class='ocrx_word' id='word_1_253' title='bbox 762 1785 936 1813; x_wconf 72' lang='lat' dir='ltr'><strong>aﬂ‘eetione?</strong></span> <span class='ocrx_word' id='word_1_254' title='bbox 949 1785 977 1812; x_wconf 88' lang='lat' dir='ltr'><strong>Si</strong></span> 
     </span>
    </p>
   </div>
   <div class='ocr_carea' id='block_1_37' title="bbox 152 1827 977 1865">
    <p class='ocr_par' dir='ltr' id='par_1_37' title="bbox 152 1827 977 1865">
     <span class='ocr_line' id='line_1_37' title="bbox 152 1827 977 1865; baseline 0.006 -13"><span class='ocrx_word' id='word_1_255' title='bbox 152 1838 165 1851; x_wconf 82' lang='grc'><strong>‹‹</strong></span> <span class='ocrx_word' id='word_1_256' title='bbox 183 1827 260 1863; x_wconf 87' lang='lat' dir='ltr'><strong>apud</strong></span> <span class='ocrx_word' id='word_1_257' title='bbox 277 1827 445 1856; x_wconf 88' lang='lat' dir='ltr'><strong>idololatras</strong></span> <span class='ocrx_word' id='word_1_258' title='bbox 461 1828 529 1856; x_wconf 91' lang='lat' dir='ltr'><strong>olim</strong></span> <span class='ocrx_word' id='word_1_259' title='bbox 547 1829 694 1857; x_wconf 78' lang='lat' dir='ltr'><strong>Romanos</strong></span> <span class='ocrx_word' id='word_1_260' title='bbox 711 1830 790 1857; x_wconf 83' lang='lat' dir='ltr'><strong>fraus</strong></span> <span class='ocrx_word' id='word_1_261' title='bbox 806 1830 844 1857; x_wconf 87' lang='lat' dir='ltr'><strong>rei</strong></span> <span class='ocrx_word' id='word_1_262' title='bbox 855 1829 977 1865; x_wconf 63' lang='lat' dir='ltr'><strong>publica)</strong></span> 
     </span>
    </p>
   </div>
   <div class='ocr_carea' id='block_1_38' title="bbox 154 1871 977 1909">
    <p class='ocr_par' dir='ltr' id='par_1_38' title="bbox 154 1871 977 1909">
     <span class='ocr_line' id='line_1_38' title="bbox 154 1871 977 1909; baseline 0.004 -11"><span class='ocrx_word' id='word_1_263' title='bbox 154 1871 328 1908; x_wconf 77' lang='lat' dir='ltr'><strong>«sacrilegii</strong></span> <span class='ocrx_word' id='word_1_264' title='bbox 354 1871 507 1908; x_wconf 81' lang='lat' dir='ltr'><strong>suppliciis</strong></span> <span class='ocrx_word' id='word_1_265' title='bbox 536 1873 718 1908; x_wconf 80' lang='lat' dir='ltr'><strong>expiabatur.</strong></span> <span class='ocrx_word' id='word_1_266' title='bbox 745 1882 803 1909; x_wconf 85' lang='lat' dir='ltr'><strong>quo</strong></span> <span class='ocrx_word' id='word_1_267' title='bbox 832 1876 977 1902; x_wconf 89' lang='lat' dir='ltr'><strong>tormento</strong></span> 
     </span>
    </p>
   </div>
   <div class='ocr_carea' id='block_1_39' title="bbox 154 1916 978 1953">
    <p class='ocr_par' dir='ltr' id='par_1_39' title="bbox 154 1916 978 1953">
     <span class='ocr_line' id='line_1_39' title="bbox 154 1916 978 1953; baseline 0.007 -13"><span class='ocrx_word' id='word_1_268' title='bbox 154 1929 166 1940; x_wconf 78' lang='grc' dir='ltr'><strong>ιι</strong></span> <span class='ocrx_word' id='word_1_269' title='bbox 186 1916 299 1951; x_wconf 84' lang='lat' dir='ltr'><strong>legibus</strong></span> <span class='ocrx_word' id='word_1_270' title='bbox 315 1917 459 1952; x_wconf 85' lang='lat' dir='ltr'><strong>exquisito</strong></span> <span class='ocrx_word' id='word_1_271' title='bbox 476 1917 555 1945; x_wconf 86' lang='lat' dir='ltr'><strong>fraus</strong></span> <span class='ocrx_word' id='word_1_272' title='bbox 566 1917 685 1945; x_wconf 77' lang='lat' dir='ltr'><strong>claustri</strong></span> <span class='ocrx_word' id='word_1_273' title='bbox 698 1918 879 1953; x_wconf 87' lang='lat' dir='ltr'><strong>deprehensa</strong></span> <span class='ocrx_word' id='word_1_274' title='bbox 891 1918 978 1953; x_wconf 86' lang='lat' dir='ltr'><strong>digne</strong></span> 
     </span>
    </p>
   </div>
   <div class='ocr_carea' id='block_1_40' title="bbox 154 1960 979 1997">
    <p class='ocr_par' dir='ltr' id='par_1_40' title="bbox 154 1960 979 1997">
     <span class='ocr_line' id='line_1_40' title="bbox 154 1960 979 1997; baseline 0.006 -12"><span class='ocrx_word' id='word_1_275' title='bbox 154 1973 165 1985; x_wconf 73' lang='grc' dir='ltr'><strong>ιι</strong></span> <span class='ocrx_word' id='word_1_276' title='bbox 186 1960 392 1995; x_wconf 69' lang='lat' dir='ltr'><strong>miiltnbituri’]</strong></span> <span class='ocrx_word' id='word_1_277' title='bbox 412 1961 493 1997; x_wconf 84' lang='lat' dir='ltr'><strong>Ergo,</strong></span> <span class='ocrx_word' id='word_1_278' title='bbox 518 1963 615 1995; x_wconf 82' lang='lat' dir='ltr'><strong>frater,</strong></span> <span class='ocrx_word' id='word_1_279' title='bbox 632 1971 734 1990; x_wconf 86' lang='lat' dir='ltr'><strong>omnes</strong></span> <span class='ocrx_word' id='word_1_280' title='bbox 765 1962 793 1990; x_wconf 92' lang='lat' dir='ltr'><strong>in</strong></span> <span class='ocrx_word' id='word_1_281' title='bbox 823 1971 979 1991; x_wconf 82' lang='lat' dir='ltr'><strong>commune</strong></span> 
     </span>
    </p>
   </div>
   <div class='ocr_carea' id='block_1_41' title="bbox 153 2005 976 2043">
    <p class='ocr_par' dir='ltr' id='par_1_41' title="bbox 153 2005 976 2043">
     <span class='ocr_line' id='line_1_41' title="bbox 153 2005 976 2043; baseline 0.006 -13"><span class='ocrx_word' id='word_1_282' title='bbox 153 2018 166 2030; x_wconf 81' lang='grc'><strong>‹‹</strong></span> <span class='ocrx_word' id='word_1_283' title='bbox 184 2006 373 2041; x_wconf 83' lang='lat' dir='ltr'><strong>accingamur</strong></span> <span class='ocrx_word' id='word_1_284' title='bbox 389 2005 778 2043; x_wconf 81' lang='lat' dir='ltr'><strong>humilitate,fidelitathuc,</strong></span> <span class='ocrx_word' id='word_1_285' title='bbox 797 2007 976 2043; x_wconf 79' lang='lat' dir='ltr'><strong>regulariter,</strong></span> 
     </span>
    </p>
   </div>
   <div class='ocr_carea' id='block_1_42' title="bbox 153 2050 978 2088">
    <p class='ocr_par' dir='ltr' id='par_1_42' title="bbox 153 2050 978 2088">
     <span class='ocr_line' id='line_1_42' title="bbox 153 2050 978 2088; baseline 0.002 -11"><span class='ocrx_word' id='word_1_286' title='bbox 153 2063 165 2074; x_wconf 79' lang='grc'><strong>‹‹</strong></span> <span class='ocrx_word' id='word_1_287' title='bbox 185 2053 212 2077; x_wconf 83' lang='lat' dir='ltr'><strong>et</strong></span> <span class='ocrx_word' id='word_1_288' title='bbox 228 2059 272 2078; x_wconf 88' lang='lat' dir='ltr'><strong>res</strong></span> <span class='ocrx_word' id='word_1_289' title='bbox 285 2050 414 2083; x_wconf 87' lang='lat' dir='ltr'><strong>claustri,</strong></span> <span class='ocrx_word' id='word_1_290' title='bbox 431 2051 507 2078; x_wconf 87' lang='lat' dir='ltr'><strong>sicut</strong></span> <span class='ocrx_word' id='word_1_291' title='bbox 532 2053 654 2087; x_wconf 89' lang='lat' dir='ltr'><strong>oportet,</strong></span> <span class='ocrx_word' id='word_1_292' title='bbox 672 2053 831 2079; x_wconf 85' lang='lat' dir='ltr'><strong>tractemus</strong></span> <span class='ocrx_word' id='word_1_293' title='bbox 855 2051 978 2088; x_wconf 87' lang='lat' dir='ltr'><strong>irrepre-</strong></span> 
     </span>
    </p>
   </div>
   <div class='ocr_carea' id='block_1_43' title="bbox 153 2095 979 2132">
    <p class='ocr_par' dir='ltr' id='par_1_43' title="bbox 153 2095 979 2132">
     <span class='ocr_line' id='line_1_43' title="bbox 153 2095 979 2132; baseline 0.004 -11"><span class='ocrx_word' id='word_1_294' title='bbox 153 2107 167 2119; x_wconf 72' lang='grc' dir='ltr'>α</span> <span class='ocrx_word' id='word_1_295' title='bbox 187 2095 378 2123; x_wconf 80' lang='lat' dir='ltr'><strong>hensibilitcr.</strong></span> <span class='ocrx_word' id='word_1_296' title='bbox 396 2095 509 2127; x_wconf 83' lang='lat' dir='ltr'><strong>Quanto</strong></span> <span class='ocrx_word' id='word_1_297' title='bbox 525 2097 650 2132; x_wconf 81' lang='lat' dir='ltr'><strong>majores</strong></span> <span class='ocrx_word' id='word_1_298' title='bbox 663 2105 766 2124; x_wconf 84' lang='lat' dir='ltr'><strong>sumus</strong></span> <span class='ocrx_word' id='word_1_299' title='bbox 783 2097 810 2123; x_wconf 89' lang='lat' dir='ltr'><strong>in</strong></span> <span class='ocrx_word' id='word_1_300' title='bbox 826 2096 979 2124; x_wconf 69' lang='lat' dir='ltr'><strong>seceulidi-</strong></span> 
     </span>
    </p>
   </div>
   <div class='ocr_carea' id='block_1_44' title="bbox 153 2139 976 2175">
    <p class='ocr_par' dir='ltr' id='par_1_44' title="bbox 153 2139 976 2175">
     <span class='ocr_line' id='line_1_44' title="bbox 153 2139 976 2175; baseline 0.001 -8"><span class='ocrx_word' id='word_1_301' title='bbox 153 2152 166 2164; x_wconf 84' lang='grc'><strong>‹‹</strong></span> <span class='ocrx_word' id='word_1_302' title='bbox 185 2139 357 2175; x_wconf 86' lang='lat' dir='ltr'><strong>gnitatibus,</strong></span> <span class='ocrx_word' id='word_1_303' title='bbox 375 2143 455 2168; x_wconf 88' lang='lat' dir='ltr'><strong>tanto</strong></span> <span class='ocrx_word' id='word_1_304' title='bbox 472 2150 525 2168; x_wconf 86' lang='lat' dir='ltr'><strong>nos</strong></span> <span class='ocrx_word' id='word_1_305' title='bbox 541 2140 733 2168; x_wconf 88' lang='lat' dir='ltr'><strong>humiliemus</strong></span> <span class='ocrx_word' id='word_1_306' title='bbox 762 2141 789 2168; x_wconf 89' lang='lat' dir='ltr'><strong>iu</strong></span> <span class='ocrx_word' id='word_1_307' title='bbox 821 2141 976 2169; x_wconf 89' lang='lat' dir='ltr'><strong>omnibus:</strong></span> 
     </span>
    </p>
   </div>
   <div class='ocr_carea' id='block_1_45' title="bbox 155 2184 979 2222">
    <p class='ocr_par' dir='ltr' id='par_1_45' title="bbox 155 2184 979 2222">
     <span class='ocr_line' id='line_1_45' title="bbox 155 2184 979 2222; baseline 0.002 -11"><span class='ocrx_word' id='word_1_308' title='bbox 155 2196 167 2209; x_wconf 80' lang='grc'><strong>‹‹</strong></span> <span class='ocrx_word' id='word_1_309' title='bbox 184 2184 321 2217; x_wconf 70' lang='lat' dir='ltr'><strong>avaritiae,</strong></span> <span class='ocrx_word' id='word_1_310' title='bbox 338 2185 604 2222; x_wconf 85' lang='lat' dir='ltr'><strong>dominationisque</strong></span> <span class='ocrx_word' id='word_1_311' title='bbox 629 2185 814 2213; x_wconf 87' lang='lat' dir='ltr'><strong>altitudinem</strong></span> <span class='ocrx_word' id='word_1_312' title='bbox 832 2186 979 2222; x_wconf 88' lang='lat' dir='ltr'><strong>fugiamus</strong></span> 
     </span>
    </p>
   </div>
   <div class='ocr_carea' id='block_1_46' title="bbox 153 2229 981 2266">
    <p class='ocr_par' dir='ltr' id='par_1_46' title="bbox 153 2229 981 2266">
     <span class='ocr_line' id='line_1_46' title="bbox 153 2229 981 2266; baseline 0.002 -10"><span class='ocrx_word' id='word_1_313' title='bbox 153 2242 166 2253; x_wconf 81' lang='grc'><em>‹‹</em></span> <span class='ocrx_word' id='word_1_314' title='bbox 184 2229 325 2262; x_wconf 68' lang='lat' dir='ltr'><strong>studiose,</strong></span> <span class='ocrx_word' id='word_1_315' title='bbox 343 2239 406 2266; x_wconf 71' lang='lat' dir='ltr'><strong>qua:</strong></span> <span class='ocrx_word' id='word_1_316' title='bbox 423 2230 592 2266; x_wconf 83' lang='lat' dir='ltr'><strong>religionem</strong></span> <span class='ocrx_word' id='word_1_317' title='bbox 609 2230 855 2266; x_wconf 82' lang='lat' dir='ltr'><strong>disciplinamque</strong></span> <span class='ocrx_word' id='word_1_318' title='bbox 866 2233 981 2258; x_wconf 85' lang='lat' dir='ltr'><strong>natura-</strong></span> 
     </span>
    </p>
   </div>
   <div class='ocr_carea' id='block_1_47' title="bbox 152 2274 555 2311">
    <p class='ocr_par' dir='ltr' id='par_1_47' title="bbox 152 2274 555 2311">
     <span class='ocr_line' id='line_1_47' title="bbox 152 2274 555 2311; baseline 0.002 -10"><span class='ocrx_word' id='word_1_319' title='bbox 152 2286 165 2298; x_wconf 71' lang='grc' dir='ltr'>α</span> <span class='ocrx_word' id='word_1_320' title='bbox 185 2274 249 2301; x_wconf 90' lang='lat' dir='ltr'><strong>liter</strong></span> <span class='ocrx_word' id='word_1_321' title='bbox 264 2274 358 2301; x_wconf 89' lang='lat' dir='ltr'><strong>solent</strong></span> <span class='ocrx_word' id='word_1_322' title='bbox 375 2274 555 2311; x_wconf 82' lang='lat' dir='ltr'><strong>propulsare.</strong></span> 
     </span>
    </p>
   </div>
   <div class='ocr_carea' id='block_1_48' title="bbox 189 2316 979 2355">
    <p class='ocr_par' dir='ltr' id='par_1_48' title="bbox 189 2316 979 2355">
     <span class='ocr_line' id='line_1_48' title="bbox 189 2316 979 2355; baseline 0.001 -9"><span class='ocrx_word' id='word_1_323' title='bbox 189 2331 201 2340; x_wconf 70' lang='grc' dir='ltr'>κ</span> <span class='ocrx_word' id='word_1_324' title='bbox 220 2318 282 2347; x_wconf 75' lang='lat' dir='ltr'><strong>Noli</strong></span> <span class='ocrx_word' id='word_1_325' title='bbox 300 2319 355 2354; x_wconf 88' lang='grc'>(11)</span> <span class='ocrx_word' id='word_1_326' title='bbox 371 2318 607 2355; x_wconf 67' lang='lat' dir='ltr'><strong>priesumptionis</strong></span> <span class='ocrx_word' id='word_1_327' title='bbox 638 2316 689 2346; x_wconf 70' lang='lat' dir='ltr'><strong>tua</strong></span> <span class='ocrx_word' id='word_1_328' title='bbox 709 2319 908 2347; x_wconf 85' lang='lat' dir='ltr'><strong>defensionem</strong></span> <span class='ocrx_word' id='word_1_329' title='bbox 926 2321 979 2347; x_wconf 90' lang='lat' dir='ltr'><strong>Co-</strong></span> 
     </span>
    </p>
   </div>
   <div class='ocr_carea' id='block_1_49' title="bbox 1032 350 1869 387">
    <p class='ocr_par' dir='ltr' id='par_1_49' title="bbox 1032 350 1869 387">
     <span class='ocr_line' id='line_1_49' title="bbox 1032 350 1869 387; baseline -0.002 -7"><span class='ocrx_word' id='word_1_330' title='bbox 1032 365 1044 377; x_wconf 73' lang='grc' dir='ltr'>η</span> <span class='ocrx_word' id='word_1_331' title='bbox 1063 353 1172 380; x_wconf 86' lang='lat' dir='ltr'><strong>tionem</strong></span> <span class='ocrx_word' id='word_1_332' title='bbox 1188 353 1244 380; x_wconf 85' lang='lat' dir='ltr'><strong>sibi</strong></span> <span class='ocrx_word' id='word_1_333' title='bbox 1261 352 1421 381; x_wconf 82' lang='lat' dir='ltr'><strong>concilians</strong></span> <span class='ocrx_word' id='word_1_334' title='bbox 1433 351 1531 380; x_wconf 86' lang='lat' dir='ltr'><strong>studia</strong></span> <span class='ocrx_word' id='word_1_335' title='bbox 1543 350 1653 380; x_wconf 86' lang='lat' dir='ltr'><strong>nutrit</strong></span> <span class='ocrx_word' id='word_1_336' title='bbox 1665 350 1709 385; x_wconf 90' lang='lat' dir='ltr'><strong>;in</strong></span> <span class='ocrx_word' id='word_1_337' title='bbox 1726 350 1827 387; x_wconf 81' lang='lat' dir='ltr'><strong>pelago</strong></span> <span class='ocrx_word' id='word_1_338' title='bbox 1836 351 1869 378; x_wconf 89' lang='lat' dir='ltr'><strong>di-</strong></span> 
     </span>
    </p>
   </div>
   <div class='ocr_carea' id='block_1_50' title="bbox 1031 395 1869 433">
    <p class='ocr_par' dir='ltr' id='par_1_50' title="bbox 1031 395 1869 433">
     <span class='ocr_line' id='line_1_50' title="bbox 1031 395 1869 433; baseline -0.004 -8"><span class='ocrx_word' id='word_1_339' title='bbox 1031 409 1045 422; x_wconf 78' lang='lat' dir='ltr'><strong>u</strong></span> <span class='ocrx_word' id='word_1_340' title='bbox 1061 397 1209 433; x_wconf 87' lang='lat' dir='ltr'><strong>vitiarum,</strong></span> <span class='ocrx_word' id='word_1_341' title='bbox 1220 397 1301 425; x_wconf 89' lang='lat' dir='ltr'><strong>clavo</strong></span> <span class='ocrx_word' id='word_1_342' title='bbox 1318 405 1381 425; x_wconf 89' lang='lat' dir='ltr'><strong>sese</strong></span> <span class='ocrx_word' id='word_1_343' title='bbox 1394 397 1574 425; x_wconf 80' lang='lat' dir='ltr'><strong>humilitatis</strong></span> <span class='ocrx_word' id='word_1_344' title='bbox 1592 396 1688 432; x_wconf 82' lang='lat' dir='ltr'><strong>regit.</strong></span> <span class='ocrx_word' id='word_1_345' title='bbox 1700 395 1869 431; x_wconf 60' lang='lat' dir='ltr'><strong>Praepositae</strong></span> 
     </span>
    </p>
   </div>
   <div class='ocr_carea' id='block_1_51' title="bbox 1031 439 1870 478">
    <p class='ocr_par' dir='ltr' id='par_1_51' title="bbox 1031 439 1870 478">
     <span class='ocr_line' id='line_1_51' title="bbox 1031 439 1870 478; baseline -0.002 -8"><span class='ocrx_word' id='word_1_346' title='bbox 1031 454 1044 467; x_wconf 84' lang='grc'><strong>‹‹</strong></span> <span class='ocrx_word' id='word_1_347' title='bbox 1063 445 1091 470; x_wconf 89' lang='lat' dir='ltr'><strong>et</strong></span> <span class='ocrx_word' id='word_1_348' title='bbox 1105 442 1242 478; x_wconf 65' lang='lat' dir='ltr'><strong>praelatus</strong></span> <span class='ocrx_word' id='word_1_349' title='bbox 1259 442 1287 470; x_wconf 92' lang='lat' dir='ltr'><strong>in</strong></span> <span class='ocrx_word' id='word_1_350' title='bbox 1304 442 1391 470; x_wconf 87' lang='lat' dir='ltr'><strong>choro</strong></span> <span class='ocrx_word' id='word_1_351' title='bbox 1407 441 1493 478; x_wconf 88' lang='lat' dir='ltr'><strong>primi</strong></span> <span class='ocrx_word' id='word_1_352' title='bbox 1510 444 1645 474; x_wconf 78' lang='lat' dir='ltr'><strong>stantes,</strong></span> <span class='ocrx_word' id='word_1_353' title='bbox 1663 439 1799 469; x_wconf 79' lang='lat' dir='ltr'><strong>ofﬁciose</strong></span> <span class='ocrx_word' id='word_1_354' title='bbox 1818 442 1870 468; x_wconf 85' lang='lat' dir='ltr'><strong>sat-</strong></span> 
     </span>
    </p>
   </div>
   <div class='ocr_carea' id='block_1_52' title="bbox 1031 484 1869 523">
    <p class='ocr_par' dir='ltr' id='par_1_52' title="bbox 1031 484 1869 523">
     <span class='ocr_line' id='line_1_52' title="bbox 1031 484 1869 523; baseline -0.004 -9"><span class='ocrx_word' id='word_1_355' title='bbox 1031 499 1045 511; x_wconf 80' lang='lat' dir='ltr'><strong><em>u</em></strong></span> <span class='ocrx_word' id='word_1_356' title='bbox 1063 487 1350 523; x_wconf 84' lang='lat' dir='ltr'><strong>aguntinteresse,ne</strong></span> <span class='ocrx_word' id='word_1_357' title='bbox 1358 486 1429 522; x_wconf 91' lang='lat' dir='ltr'><strong>quid</strong></span> <span class='ocrx_word' id='word_1_358' title='bbox 1439 485 1633 514; x_wconf 71' lang='lat' dir='ltr'><strong>difﬁcultatis</strong></span> <span class='ocrx_word' id='word_1_359' title='bbox 1647 487 1678 514; x_wconf 91' lang='lat' dir='ltr'><strong>et</strong></span> <span class='ocrx_word' id='word_1_360' title='bbox 1690 484 1869 521; x_wconf 68' lang='lat' dir='ltr'><strong>negligentia</strong></span> 
     </span>
    </p>
   </div>
   <div class='ocr_carea' id='block_1_53' title="bbox 1032 528 1870 567">
    <p class='ocr_par' dir='ltr' id='par_1_53' title="bbox 1032 528 1870 567">
     <span class='ocr_line' id='line_1_53' title="bbox 1032 528 1870 567; baseline -0.004 -8"><span class='ocrx_word' id='word_1_361' title='bbox 1032 542 1046 556; x_wconf 78' lang='grc' dir='ltr'><strong>«ι</strong></span> <span class='ocrx_word' id='word_1_362' title='bbox 1063 531 1236 567; x_wconf 82' lang='lat' dir='ltr'><strong>provenerit.</strong></span> <span class='ocrx_word' id='word_1_363' title='bbox 1252 531 1381 567; x_wconf 86' lang='lat' dir='ltr'><strong>Quisque</strong></span> <span class='ocrx_word' id='word_1_364' title='bbox 1396 539 1447 567; x_wconf 89' lang='lat' dir='ltr'><strong>per</strong></span> <span class='ocrx_word' id='word_1_365' title='bbox 1461 539 1493 558; x_wconf 88' lang='lat' dir='ltr'><strong>se</strong></span> <span class='ocrx_word' id='word_1_366' title='bbox 1516 529 1679 559; x_wconf 82' lang='lat' dir='ltr'><strong>curiosius</strong></span> <span class='ocrx_word' id='word_1_367' title='bbox 1696 529 1779 566; x_wconf 78' lang='lat' dir='ltr'><strong>agit:</strong></span> <span class='ocrx_word' id='word_1_368' title='bbox 1795 528 1870 557; x_wconf 85' lang='lat' dir='ltr'><strong>disci—</strong></span> 
     </span>
    </p>
   </div>
   <div class='ocr_carea' id='block_1_54' title="bbox 1032 573 1870 612">
    <p class='ocr_par' dir='ltr' id='par_1_54' title="bbox 1032 573 1870 612">
     <span class='ocr_line' id='line_1_54' title="bbox 1032 573 1870 612; baseline 0 -11"><span class='ocrx_word' id='word_1_369' title='bbox 1032 588 1045 601; x_wconf 75' lang='grc' dir='ltr'>ι(</span> <span class='ocrx_word' id='word_1_370' title='bbox 1062 576 1144 612; x_wconf 88' lang='lat' dir='ltr'><strong>plina</strong></span> <span class='ocrx_word' id='word_1_371' title='bbox 1158 575 1278 604; x_wconf 87' lang='lat' dir='ltr'><strong>claustri</strong></span> <span class='ocrx_word' id='word_1_372' title='bbox 1293 575 1450 612; x_wconf 88' lang='lat' dir='ltr'><strong>specialius</strong></span> <span class='ocrx_word' id='word_1_373' title='bbox 1465 575 1655 612; x_wconf 84' lang='lat' dir='ltr'><strong>appenditur</strong></span> <span class='ocrx_word' id='word_1_374' title='bbox 1671 573 1796 611; x_wconf 68' lang='lat' dir='ltr'><strong>praelato</strong></span> <span class='ocrx_word' id='word_1_375' title='bbox 1808 582 1815 609; x_wconf 88' lang='lat'><strong>;</strong></span> <span class='ocrx_word' id='word_1_376' title='bbox 1825 581 1870 601; x_wconf 83' lang='lat' dir='ltr'><strong>nec</strong></span> 
     </span>
    </p>
   </div>
   <div class='ocr_carea' id='block_1_55' title="bbox 1031 619 1871 657">
    <p class='ocr_par' dir='ltr' id='par_1_55' title="bbox 1031 619 1871 657">
     <span class='ocr_line' id='line_1_55' title="bbox 1031 619 1871 657; baseline -0.001 -10"><span class='ocrx_word' id='word_1_377' title='bbox 1031 633 1045 647; x_wconf 84' lang='lat'><strong>«</strong></span> <span class='ocrx_word' id='word_1_378' title='bbox 1063 624 1161 649; x_wconf 87' lang='lat' dir='ltr'><strong>tamen</strong></span> <span class='ocrx_word' id='word_1_379' title='bbox 1170 621 1252 649; x_wconf 85' lang='lat' dir='ltr'><strong>deest</strong></span> <span class='ocrx_word' id='word_1_380' title='bbox 1262 620 1401 649; x_wconf 80' lang='lat' dir='ltr'><strong>invitatus</strong></span> <span class='ocrx_word' id='word_1_381' title='bbox 1413 619 1748 657; x_wconf 60' lang='lat' dir='ltr'><strong>prapositusjnstante</strong></span> <span class='ocrx_word' id='word_1_382' title='bbox 1758 626 1871 655; x_wconf 86' lang='lat' dir='ltr'><strong>scrupu-</strong></span> 
     </span>
    </p>
   </div>
   <div class='ocr_carea' id='block_1_56' title="bbox 1033 662 1870 702">
    <p class='ocr_par' dir='ltr' id='par_1_56' title="bbox 1033 662 1870 702">
     <span class='ocr_line' id='line_1_56' title="bbox 1033 662 1870 702; baseline -0.004 -10"><span class='ocrx_word' id='word_1_383' title='bbox 1033 677 1047 691; x_wconf 84' lang='lat'><strong>«</strong></span> <span class='ocrx_word' id='word_1_384' title='bbox 1062 665 1285 702; x_wconf 86' lang='lat' dir='ltr'><strong>lo.Stipcndium</strong></span> <span class='ocrx_word' id='word_1_385' title='bbox 1297 665 1502 702; x_wconf 88' lang='lat' dir='ltr'><strong>quotidianum</strong></span> <span class='ocrx_word' id='word_1_386' title='bbox 1512 672 1580 693; x_wconf 88' lang='lat' dir='ltr'><strong>cum</strong></span> <span class='ocrx_word' id='word_1_387' title='bbox 1609 663 1734 693; x_wconf 70' lang='lat' dir='ltr'><strong>casteria</strong></span> <span class='ocrx_word' id='word_1_388' title='bbox 1743 662 1870 692; x_wconf 79' lang='lat' dir='ltr'><strong>officiali-</strong></span> 
     </span>
    </p>
   </div>
   <div class='ocr_carea' id='block_1_57' title="bbox 1032 706 1870 747">
    <p class='ocr_par' dir='ltr' id='par_1_57' title="bbox 1032 706 1870 747">
     <span class='ocr_line' id='line_1_57' title="bbox 1032 706 1870 747; baseline -0.004 -9"><span class='ocrx_word' id='word_1_389' title='bbox 1032 722 1045 735; x_wconf 73' lang='grc' dir='ltr'><strong>«ι</strong></span> <span class='ocrx_word' id='word_1_390' title='bbox 1064 711 1119 738; x_wconf 88' lang='lat' dir='ltr'><strong>bus</strong></span> <span class='ocrx_word' id='word_1_391' title='bbox 1134 710 1250 739; x_wconf 63' lang='lat' dir='ltr'><strong>exhibet</strong></span> <span class='ocrx_word' id='word_1_392' title='bbox 1265 710 1440 747; x_wconf 77' lang='lat' dir='ltr'><strong>praepositus</strong></span> <span class='ocrx_word' id='word_1_393' title='bbox 1451 709 1487 744; x_wconf 85' lang='lat' dir='ltr'><strong>;si</strong></span> <span class='ocrx_word' id='word_1_394' title='bbox 1503 709 1573 746; x_wconf 90' lang='lat' dir='ltr'><strong>quid</strong></span> <span class='ocrx_word' id='word_1_395' title='bbox 1591 706 1870 742; x_wconf 86' lang='lat' dir='ltr'><strong>defuerit,sineini-</strong></span> 
     </span>
    </p>
   </div>
   <div class='ocr_carea' id='block_1_58' title="bbox 1034 751 1871 792">
    <p class='ocr_par' dir='ltr' id='par_1_58' title="bbox 1034 751 1871 792">
     <span class='ocr_line' id='line_1_58' title="bbox 1034 751 1871 792; baseline -0.005 -8"><span class='ocrx_word' id='word_1_396' title='bbox 1034 768 1048 781; x_wconf 85' lang='lat'><strong>«</strong></span> <span class='ocrx_word' id='word_1_397' title='bbox 1064 756 1182 784; x_wconf 82' lang='lat' dir='ltr'><strong>micitiis</strong></span> <span class='ocrx_word' id='word_1_398' title='bbox 1197 756 1287 792; x_wconf 74' lang='lat' dir='ltr'><strong>exigit</strong></span> <span class='ocrx_word' id='word_1_399' title='bbox 1302 755 1450 792; x_wconf 65' lang='lat' dir='ltr'><strong>praelatus,</strong></span> <span class='ocrx_word' id='word_1_400' title='bbox 1466 753 1652 783; x_wconf 82' lang='lat' dir='ltr'><strong>Cellararius</strong></span> <span class='ocrx_word' id='word_1_401' title='bbox 1669 751 1871 786; x_wconf 72' lang='lat' dir='ltr'><strong>annonam,vi-</strong></span> 
     </span>
    </p>
   </div>
   <div class='ocr_carea' id='block_1_59' title="bbox 1033 798 1870 837">
    <p class='ocr_par' dir='ltr' id='par_1_59' title="bbox 1033 798 1870 837">
     <span class='ocr_line' id='line_1_59' title="bbox 1033 798 1870 837; baseline -0.007 -8"><span class='ocrx_word' id='word_1_402' title='bbox 1033 814 1047 826; x_wconf 83' lang='grc'><strong><em>‹‹</em></strong></span> <span class='ocrx_word' id='word_1_403' title='bbox 1064 810 1146 835; x_wconf 89' lang='lat' dir='ltr'><strong>num,</strong></span> <span class='ocrx_word' id='word_1_404' title='bbox 1164 800 1315 837; x_wconf 87' lang='lat' dir='ltr'><strong>pulmenta</strong></span> <span class='ocrx_word' id='word_1_405' title='bbox 1335 799 1499 836; x_wconf 85' lang='lat' dir='ltr'><strong>suscipiens</strong></span> <span class='ocrx_word' id='word_1_406' title='bbox 1515 807 1532 827; x_wconf 82' lang='lat' dir='ltr'><strong>a</strong></span> <span class='ocrx_word' id='word_1_407' title='bbox 1556 798 1742 835; x_wconf 66' lang='lat' dir='ltr'><strong>praeposito,</strong></span> <span class='ocrx_word' id='word_1_408' title='bbox 1756 803 1870 833; x_wconf 67' lang='lat' dir='ltr'><strong>quaque</strong></span> 
     </span>
    </p>
   </div>
   <div class='ocr_carea' id='block_1_60' title="bbox 1034 841 1869 882">
    <p class='ocr_par' dir='ltr' id='par_1_60' title="bbox 1034 841 1869 882">
     <span class='ocr_line' id='line_1_60' title="bbox 1034 841 1869 882; baseline -0.004 -11"><span class='ocrx_word' id='word_1_409' title='bbox 1034 858 1047 871; x_wconf 77' lang='grc' dir='ltr'>ι(</span> <span class='ocrx_word' id='word_1_410' title='bbox 1062 846 1214 882; x_wconf 83' lang='lat' dir='ltr'><strong>dispensat</strong></span> <span class='ocrx_word' id='word_1_411' title='bbox 1229 845 1349 881; x_wconf 91' lang='lat' dir='ltr'><strong>impune</strong></span> <span class='ocrx_word' id='word_1_412' title='bbox 1364 844 1474 881; x_wconf 69' lang='lat' dir='ltr'><strong>pra-lati</strong></span> <span class='ocrx_word' id='word_1_413' title='bbox 1490 843 1715 879; x_wconf 84' lang='lat' dir='ltr'><strong>seniorumque</strong></span> <span class='ocrx_word' id='word_1_414' title='bbox 1725 841 1869 870; x_wconf 75' lang='lat' dir='ltr'><strong>mandato.</strong></span> 
     </span>
    </p>
   </div>
   <div class='ocr_carea' id='block_1_61' title="bbox 1035 884 1871 926">
    <p class='ocr_par' dir='ltr' id='par_1_61' title="bbox 1035 884 1871 926">
     <span class='ocr_line' id='line_1_61' title="bbox 1035 884 1871 926; baseline -0.007 -8"><span class='ocrx_word' id='word_1_415' title='bbox 1035 903 1045 915; x_wconf 83' lang='lat'><strong>-</strong></span> <span class='ocrx_word' id='word_1_416' title='bbox 1064 891 1147 918; x_wconf 89' lang='lat' dir='ltr'><strong>Liber</strong></span> <span class='ocrx_word' id='word_1_417' title='bbox 1162 893 1206 918; x_wconf 87' lang='lat' dir='ltr'><strong>est</strong></span> <span class='ocrx_word' id='word_1_418' title='bbox 1221 889 1395 926; x_wconf 69' lang='lat' dir='ltr'><strong>praepositus</strong></span> <span class='ocrx_word' id='word_1_419' title='bbox 1408 898 1426 917; x_wconf 85' lang='lat' dir='ltr'><strong>a</strong></span> <span class='ocrx_word' id='word_1_420' title='bbox 1440 888 1645 925; x_wconf 71' lang='lat' dir='ltr'><strong>tributis,quaa</strong></span> <span class='ocrx_word' id='word_1_421' title='bbox 1663 885 1784 915; x_wconf 84' lang='lat' dir='ltr'><strong>dederit</strong></span> <span class='ocrx_word' id='word_1_422' title='bbox 1795 884 1871 914; x_wconf 81' lang='lat' dir='ltr'><strong>cella-</strong></span> 
     </span>
    </p>
   </div>
   <div class='ocr_carea' id='block_1_62' title="bbox 1034 930 1869 971">
    <p class='ocr_par' dir='ltr' id='par_1_62' title="bbox 1034 930 1869 971">
     <span class='ocr_line' id='line_1_62' title="bbox 1034 930 1869 971; baseline -0.007 -8"><span class='ocrx_word' id='word_1_423' title='bbox 1034 947 1047 960; x_wconf 85' lang='lat'><strong>«</strong></span> <span class='ocrx_word' id='word_1_424' title='bbox 1064 935 1140 963; x_wconf 90' lang='lat' dir='ltr'><strong>rario</strong></span> <span class='ocrx_word' id='word_1_425' title='bbox 1152 943 1244 971; x_wconf 58' lang='lat' dir='ltr'><strong>usque</strong></span> <span class='ocrx_word' id='word_1_426' title='bbox 1255 933 1427 962; x_wconf 86' lang='lat' dir='ltr'><strong>cellararius</strong></span> <span class='ocrx_word' id='word_1_427' title='bbox 1438 932 1527 961; x_wconf 88' lang='lat' dir='ltr'><strong>abhis</strong></span> <span class='ocrx_word' id='word_1_428' title='bbox 1540 932 1659 969; x_wconf 88' lang='lat' dir='ltr'><strong>quibus</strong></span> <span class='ocrx_word' id='word_1_429' title='bbox 1667 930 1869 968; x_wconf 71' lang='lat' dir='ltr'><strong>parueritpre—</strong></span> 
     </span>
    </p>
   </div>
   <div class='ocr_carea' id='block_1_63' title="bbox 1033 972 1868 1014">
    <p class='ocr_par' dir='ltr' id='par_1_63' title="bbox 1033 972 1868 1014">
     <span class='ocr_line' id='line_1_63' title="bbox 1033 972 1868 1014; baseline -0.006 -7"><span class='ocrx_word' id='word_1_430' title='bbox 1033 992 1046 1004; x_wconf 84' lang='lat'><strong><em>«</em></strong></span> <span class='ocrx_word' id='word_1_431' title='bbox 1064 980 1180 1008; x_wconf 86' lang='lat' dir='ltr'><strong>lato.Sic</strong></span> <span class='ocrx_word' id='word_1_432' title='bbox 1191 979 1372 1007; x_wconf 86' lang='lat' dir='ltr'><strong>unanimitas</strong></span> <span class='ocrx_word' id='word_1_433' title='bbox 1384 977 1493 1014; x_wconf 66' lang='lat' dir='ltr'><strong>praelati</strong></span> <span class='ocrx_word' id='word_1_434' title='bbox 1502 975 1745 1013; x_wconf 56' lang='lat' dir='ltr'><strong>etprmpositiﬁn</strong></span> <span class='ocrx_word' id='word_1_435' title='bbox 1755 972 1868 1003; x_wconf 82' lang='lat' dir='ltr'><strong>claustri</strong></span> 
     </span>
    </p>
   </div>
   <div class='ocr_carea' id='block_1_64' title="bbox 1031 1019 1866 1060">
    <p class='ocr_par' dir='ltr' id='par_1_64' title="bbox 1031 1019 1866 1060">
     <span class='ocr_line' id='line_1_64' title="bbox 1031 1019 1866 1060; baseline -0.007 -8"><span class='ocrx_word' id='word_1_436' title='bbox 1031 1037 1044 1049; x_wconf 77' lang='grc' dir='ltr'><strong>ιι</strong></span> <span class='ocrx_word' id='word_1_437' title='bbox 1063 1024 1252 1052; x_wconf 65' lang='lat' dir='ltr'><strong>mdiﬁcatione</strong></span> <span class='ocrx_word' id='word_1_438' title='bbox 1268 1025 1456 1060; x_wconf 84' lang='lat' dir='ltr'><strong>cooperatur;</strong></span> <span class='ocrx_word' id='word_1_439' title='bbox 1469 1022 1539 1058; x_wconf 83' lang='lat' dir='ltr'><strong>quia</strong></span> <span class='ocrx_word' id='word_1_440' title='bbox 1550 1030 1608 1049; x_wconf 87' lang='lat' dir='ltr'><strong>non</strong></span> <span class='ocrx_word' id='word_1_441' title='bbox 1627 1020 1797 1049; x_wconf 80' lang='lat' dir='ltr'><strong>ambitiosa</strong></span> <span class='ocrx_word' id='word_1_442' title='bbox 1807 1019 1866 1046; x_wconf 82' lang='lat' dir='ltr'><strong>cha-</strong></span> 
     </span>
    </p>
   </div>
   <div class='ocr_carea' id='block_1_65' title="bbox 1033 1065 1785 1106">
    <p class='ocr_par' dir='ltr' id='par_1_65' title="bbox 1033 1065 1785 1106">
     <span class='ocr_line' id='line_1_65' title="bbox 1033 1065 1785 1106; baseline -0.007 -9"><span class='ocrx_word' id='word_1_443' title='bbox 1033 1081 1047 1094; x_wconf 79' lang='grc' dir='ltr'><strong>ι(</strong></span> <span class='ocrx_word' id='word_1_444' title='bbox 1064 1070 1144 1105; x_wconf 81' lang='lat' dir='ltr'><strong>ritas,</strong></span> <span class='ocrx_word' id='word_1_445' title='bbox 1161 1078 1224 1106; x_wconf 66' lang='lat' dir='ltr'><strong>qua:</strong></span> <span class='ocrx_word' id='word_1_446' title='bbox 1241 1068 1291 1096; x_wconf 83' lang='lat' dir='ltr'><strong>Dei</strong></span> <span class='ocrx_word' id='word_1_447' title='bbox 1307 1071 1387 1102; x_wconf 90' lang='lat' dir='ltr'><strong>sunt,</strong></span> <span class='ocrx_word' id='word_1_448' title='bbox 1403 1076 1459 1095; x_wconf 90' lang='lat' dir='ltr'><strong>non</strong></span> <span class='ocrx_word' id='word_1_449' title='bbox 1476 1076 1539 1103; x_wconf 76' lang='lat' dir='ltr'><strong>qua:</strong></span> <span class='ocrx_word' id='word_1_450' title='bbox 1555 1074 1624 1100; x_wconf 84' lang='lat' dir='ltr'><strong>sua,</strong></span> <span class='ocrx_word' id='word_1_451' title='bbox 1641 1065 1785 1093; x_wconf 78' lang='lat' dir='ltr'><strong>rimatur.</strong></span> 
     </span>
    </p>
   </div>
   <div class='ocr_carea' id='block_1_66' title="bbox 1069 1107 1863 1150">
    <p class='ocr_par' dir='ltr' id='par_1_66' title="bbox 1069 1107 1863 1150">
     <span class='ocr_line' id='line_1_66' title="bbox 1069 1107 1863 1150; baseline -0.009 -8"><span class='ocrx_word' id='word_1_452' title='bbox 1069 1126 1083 1139; x_wconf 83' lang='lat'><strong>«</strong></span> <span class='ocrx_word' id='word_1_453' title='bbox 1099 1114 1239 1150; x_wconf 83' lang='lat' dir='ltr'><strong>Lugenda</strong></span> <span class='ocrx_word' id='word_1_454' title='bbox 1263 1112 1348 1141; x_wconf 87' lang='lat' dir='ltr'><strong>nobis</strong></span> <span class='ocrx_word' id='word_1_455' title='bbox 1372 1112 1470 1140; x_wconf 85' lang='lat' dir='ltr'><strong>acrius</strong></span> <span class='ocrx_word' id='word_1_456' title='bbox 1498 1113 1585 1145; x_wconf 81' lang='lat' dir='ltr'><strong>esset,</strong></span> <span class='ocrx_word' id='word_1_457' title='bbox 1619 1111 1729 1144; x_wconf 80' lang='lat' dir='ltr'><strong>frater,</strong></span> <span class='ocrx_word' id='word_1_458' title='bbox 1753 1107 1863 1137; x_wconf 79' lang='lat' dir='ltr'><strong>claustri</strong></span> 
     </span>
    </p>
   </div>
   <div class='ocr_carea' id='block_1_67' title="bbox 1034 1153 1863 1189">
    <p class='ocr_par' dir='ltr' id='par_1_67' title="bbox 1034 1153 1863 1189">
     <span class='ocr_line' id='line_1_67' title="bbox 1034 1153 1863 1189; baseline -0.006 -3"><span class='ocrx_word' id='word_1_459' title='bbox 1034 1173 1045 1183; x_wconf 80' lang='grc' dir='ltr'>ιι</span> <span class='ocrx_word' id='word_1_460' title='bbox 1064 1160 1152 1187; x_wconf 82' lang='lat' dir='ltr'><strong>nostri</strong></span> <span class='ocrx_word' id='word_1_461' title='bbox 1172 1167 1271 1186; x_wconf 78' lang='lat' dir='ltr'><strong>recens</strong></span> <span class='ocrx_word' id='word_1_462' title='bbox 1287 1158 1388 1185; x_wconf 86' lang='lat' dir='ltr'><strong>oborta</strong></span> <span class='ocrx_word' id='word_1_463' title='bbox 1414 1156 1570 1189; x_wconf 82' lang='lat' dir='ltr'><strong>discordia,</strong></span> <span class='ocrx_word' id='word_1_464' title='bbox 1590 1156 1653 1184; x_wconf 85' lang='lat' dir='ltr'><strong>nisi</strong></span> <span class='ocrx_word' id='word_1_465' title='bbox 1686 1155 1718 1183; x_wconf 92' lang='lat' dir='ltr'><strong>in</strong></span> <span class='ocrx_word' id='word_1_466' title='bbox 1749 1153 1863 1182; x_wconf 69' lang='lat' dir='ltr'><strong>sanitate</strong></span> 
     </span>
    </p>
   </div>
   <div class='ocr_carea' id='block_1_68' title="bbox 1032 1197 1861 1239">
    <p class='ocr_par' dir='ltr' id='par_1_68' title="bbox 1032 1197 1861 1239">
     <span class='ocr_line' id='line_1_68' title="bbox 1032 1197 1861 1239; baseline -0.008 -8"><span class='ocrx_word' id='word_1_467' title='bbox 1032 1218 1043 1227; x_wconf 71' lang='grc' dir='ltr'>μ</span> <span class='ocrx_word' id='word_1_468' title='bbox 1063 1204 1166 1239; x_wconf 77' lang='lat' dir='ltr'><strong>capitis</strong></span> <span class='ocrx_word' id='word_1_469' title='bbox 1183 1203 1377 1230; x_wconf 74' lang='lat' dir='ltr'><strong>coalescerent</strong></span> <span class='ocrx_word' id='word_1_470' title='bbox 1391 1202 1478 1229; x_wconf 80' lang='lat' dir='ltr'><strong>etiam</strong></span> <span class='ocrx_word' id='word_1_471' title='bbox 1494 1199 1711 1237; x_wconf 73' lang='lat' dir='ltr'><strong>zegrotantium</strong></span> <span class='ocrx_word' id='word_1_472' title='bbox 1727 1197 1861 1227; x_wconf 72' lang='lat' dir='ltr'><strong>membra.</strong></span> 
     </span>
    </p>
   </div>
   <div class='ocr_carea' id='block_1_69' title="bbox 1033 1240 1864 1276">
    <p class='ocr_par' dir='ltr' id='par_1_69' title="bbox 1033 1240 1864 1276">
     <span class='ocr_line' id='line_1_69' title="bbox 1033 1240 1864 1276; baseline -0.012 1"><span class='ocrx_word' id='word_1_473' title='bbox 1033 1263 1044 1271; x_wconf 68' lang='grc' dir='ltr'><em>ιη</em></span> <span class='ocrx_word' id='word_1_474' title='bbox 1064 1250 1097 1276; x_wconf 75' lang='lat' dir='ltr'><strong>Et</strong></span> <span class='ocrx_word' id='word_1_475' title='bbox 1115 1257 1149 1276; x_wconf 87' lang='lat' dir='ltr'><strong>ne</strong></span> <span class='ocrx_word' id='word_1_476' title='bbox 1166 1248 1217 1275; x_wconf 88' lang='lat' dir='ltr'><strong>tibi</strong></span> <span class='ocrx_word' id='word_1_477' title='bbox 1240 1249 1371 1275; x_wconf 69' lang='lat' dir='ltr'><strong>fraterna:</strong></span> <span class='ocrx_word' id='word_1_478' title='bbox 1395 1246 1606 1275; x_wconf 85' lang='lat' dir='ltr'><strong>consolationis</strong></span> <span class='ocrx_word' id='word_1_479' title='bbox 1633 1245 1666 1272; x_wconf 91' lang='lat' dir='ltr'><strong>in</strong></span> <span class='ocrx_word' id='word_1_480' title='bbox 1693 1243 1756 1272; x_wconf 88' lang='lat' dir='ltr'><strong>ullo</strong></span> <span class='ocrx_word' id='word_1_481' title='bbox 1772 1240 1864 1270; x_wconf 78' lang='lat' dir='ltr'><strong>mania</strong></span> 
     </span>
    </p>
   </div>
   <div class='ocr_carea' id='block_1_70' title="bbox 1033 1285 1863 1328">
    <p class='ocr_par' dir='ltr' id='par_1_70' title="bbox 1033 1285 1863 1328">
     <span class='ocr_line' id='line_1_70' title="bbox 1033 1285 1863 1328; baseline -0.01 -8"><span class='ocrx_word' id='word_1_482' title='bbox 1033 1309 1043 1317; x_wconf 63' lang='grc' dir='ltr'>μ</span> <span class='ocrx_word' id='word_1_483' title='bbox 1063 1293 1244 1325; x_wconf 79' lang='lat' dir='ltr'><strong>subtraham,</strong></span> <span class='ocrx_word' id='word_1_484' title='bbox 1263 1300 1374 1328; x_wconf 86' lang='lat' dir='ltr'><strong>precor,</strong></span> <span class='ocrx_word' id='word_1_485' title='bbox 1391 1288 1708 1319; x_wconf 84' lang='lat' dir='ltr'><strong>archidiaconatustui</strong></span> <span class='ocrx_word' id='word_1_486' title='bbox 1721 1285 1863 1325; x_wconf 72' lang='lat' dir='ltr'><strong>paulisper</strong></span> 
     </span>
    </p>
   </div>
   <div class='ocr_carea' id='block_1_71' title="bbox 1032 1330 1861 1373">
    <p class='ocr_par' dir='ltr' id='par_1_71' title="bbox 1032 1330 1861 1373">
     <span class='ocr_line' id='line_1_71' title="bbox 1032 1330 1861 1373; baseline -0.007 -10"><span class='ocrx_word' id='word_1_487' title='bbox 1032 1353 1043 1363; x_wconf 76' lang='grc' dir='ltr'>ιι</span> <span class='ocrx_word' id='word_1_488' title='bbox 1065 1339 1213 1365; x_wconf 85' lang='lat' dir='ltr'><strong>moderare</strong></span> <span class='ocrx_word' id='word_1_489' title='bbox 1225 1337 1387 1373; x_wconf 86' lang='lat' dir='ltr'><strong>gloriolam.</strong></span> <span class='ocrx_word' id='word_1_490' title='bbox 1405 1336 1478 1368; x_wconf 83' lang='lat' dir='ltr'><strong>Quia</strong></span> <span class='ocrx_word' id='word_1_491' title='bbox 1502 1335 1601 1362; x_wconf 85' lang='lat' dir='ltr'><strong>divina</strong></span> <span class='ocrx_word' id='word_1_492' title='bbox 1618 1335 1722 1371; x_wconf 73' lang='lat' dir='ltr'><strong>pietas</strong></span> <span class='ocrx_word' id='word_1_493' title='bbox 1735 1330 1861 1370; x_wconf 78' lang='lat' dir='ltr'><strong>pluribus</strong></span> 
     </span>
    </p>
   </div>
   <div class='ocr_carea' id='block_1_72' title="bbox 1032 1373 1861 1417">
    <p class='ocr_par' dir='ltr' id='par_1_72' title="bbox 1032 1373 1861 1417">
     <span class='ocr_line' id='line_1_72' title="bbox 1032 1373 1861 1417; baseline -0.01 -7"><span class='ocrx_word' id='word_1_494' title='bbox 1032 1397 1043 1407; x_wconf 71' lang='grc' dir='ltr'><strong>ιε</strong></span> <span class='ocrx_word' id='word_1_495' title='bbox 1063 1383 1147 1410; x_wconf 80' lang='lat' dir='ltr'><strong>bonis</strong></span> <span class='ocrx_word' id='word_1_496' title='bbox 1164 1386 1189 1410; x_wconf 86' lang='lat' dir='ltr'><strong>te.</strong></span> <span class='ocrx_word' id='word_1_497' title='bbox 1206 1382 1333 1413; x_wconf 86' lang='lat' dir='ltr'><strong>donavit,</strong></span> <span class='ocrx_word' id='word_1_498' title='bbox 1351 1381 1459 1417; x_wconf 86' lang='lat' dir='ltr'><strong>quibus</strong></span> <span class='ocrx_word' id='word_1_499' title='bbox 1482 1379 1704 1407; x_wconf 86' lang='lat' dir='ltr'><strong>rationabiliter</strong></span> <span class='ocrx_word' id='word_1_500' title='bbox 1717 1373 1861 1406; x_wconf 72' lang='lat' dir='ltr'><strong>honoraria</strong></span> 
     </span>
    </p>
   </div>
   <div class='ocr_carea' id='block_1_73' title="bbox 1033 1418 1858 1459">
    <p class='ocr_par' dir='ltr' id='par_1_73' title="bbox 1033 1418 1858 1459">
     <span class='ocr_line' id='line_1_73' title="bbox 1033 1418 1858 1459; baseline -0.006 -4"><span class='ocrx_word' id='word_1_501' title='bbox 1033 1441 1044 1451; x_wconf 81' lang='grc' dir='ltr'>ιι</span> <span class='ocrx_word' id='word_1_502' title='bbox 1062 1428 1088 1455; x_wconf 93' lang='lat' dir='ltr'><strong>in</strong></span> <span class='ocrx_word' id='word_1_503' title='bbox 1097 1418 1196 1454; x_wconf 88' lang='lat' dir='ltr'><strong>archid</strong></span> <span class='ocrx_word' id='word_1_504' title='bbox 1203 1428 1334 1454; x_wconf 83' lang='lat' dir='ltr'><strong>iaconatu</strong></span> <span class='ocrx_word' id='word_1_505' title='bbox 1342 1425 1467 1453; x_wconf 89' lang='lat' dir='ltr'><strong>decretis</strong></span> <span class='ocrx_word' id='word_1_506' title='bbox 1475 1423 1687 1452; x_wconf 83' lang='lat' dir='ltr'><strong>ecclesiasticis</strong></span> <span class='ocrx_word' id='word_1_507' title='bbox 1703 1419 1858 1459; x_wconf 69' lang='lat' dir='ltr'><strong>prscripta.</strong></span> 
     </span>
    </p>
   </div>
   <div class='ocr_carea' id='block_1_74' title="bbox 1033 1462 1858 1508">
    <p class='ocr_par' dir='ltr' id='par_1_74' title="bbox 1033 1462 1858 1508">
     <span class='ocr_line' id='line_1_74' title="bbox 1033 1462 1858 1508; baseline -0.008 -9"><span class='ocrx_word' id='word_1_508' title='bbox 1033 1486 1043 1495; x_wconf 75' lang='grc' dir='ltr'><strong>ιι</strong></span> <span class='ocrx_word' id='word_1_509' title='bbox 1063 1473 1130 1508; x_wconf 83' lang='lat' dir='ltr'><strong>quid</strong></span> <span class='ocrx_word' id='word_1_510' title='bbox 1149 1472 1297 1499; x_wconf 79' lang='lat' dir='ltr'><strong>etTereris?</strong></span> <span class='ocrx_word' id='word_1_511' title='bbox 1312 1470 1385 1502; x_wconf 87' lang='lat' dir='ltr'><strong>Quia</strong></span> <span class='ocrx_word' id='word_1_512' title='bbox 1404 1470 1545 1498; x_wconf 89' lang='lat' dir='ltr'><strong>diaconus</strong></span> <span class='ocrx_word' id='word_1_513' title='bbox 1567 1469 1622 1497; x_wconf 84' lang='lat' dir='ltr'><strong>es?</strong></span> <span class='ocrx_word' id='word_1_514' title='bbox 1637 1468 1694 1497; x_wconf 88' lang='lat' dir='ltr'><strong>Dic</strong></span> <span class='ocrx_word' id='word_1_515' title='bbox 1722 1462 1858 1508; x_wconf 87' lang='lat' dir='ltr'><strong>unde</strong></span> 
     </span>
    </p>
   </div>
   <div class='ocr_carea' id='block_1_75' title="bbox 1032 1507 1858 1550">
    <p class='ocr_par' dir='ltr' id='par_1_75' title="bbox 1032 1507 1858 1550">
     <span class='ocr_line' id='line_1_75' title="bbox 1032 1507 1858 1550; baseline -0.01 -5"><span class='ocrx_word' id='word_1_516' title='bbox 1032 1532 1043 1541; x_wconf 80' lang='grc'><strong>‹‹</strong></span> <span class='ocrx_word' id='word_1_517' title='bbox 1063 1507 1167 1545; x_wconf 85' lang='lat' dir='ltr'><strong>nomen</strong></span> <span class='ocrx_word' id='word_1_518' title='bbox 1184 1515 1380 1543; x_wconf 80' lang='lat' dir='ltr'><strong>archidiaconi</strong></span> <span class='ocrx_word' id='word_1_519' title='bbox 1395 1516 1406 1542; x_wconf 70' lang='grc' dir='ltr'><strong><em>Ρ</em></strong></span> <span class='ocrx_word' id='word_1_520' title='bbox 1421 1514 1449 1542; x_wconf 90' lang='lat' dir='ltr'><strong>Si</strong></span> <span class='ocrx_word' id='word_1_521' title='bbox 1467 1523 1523 1542; x_wconf 90' lang='lat' dir='ltr'><strong>non</strong></span> <span class='ocrx_word' id='word_1_522' title='bbox 1550 1515 1643 1550; x_wconf 81' lang='lat' dir='ltr'><strong>potes,</strong></span> <span class='ocrx_word' id='word_1_523' title='bbox 1673 1510 1799 1540; x_wconf 70' lang='lat' dir='ltr'><strong>ulterius</strong></span> <span class='ocrx_word' id='word_1_524' title='bbox 1812 1507 1858 1536; x_wconf 75' lang='grc' dir='ltr'><strong>ἀε-</strong></span> 
     </span>
    </p>
   </div>
   <div class='ocr_carea' id='block_1_76' title="bbox 1032 1553 1860 1597">
    <p class='ocr_par' dir='ltr' id='par_1_76' title="bbox 1032 1553 1860 1597">
     <span class='ocr_line' id='line_1_76' title="bbox 1032 1553 1860 1597; baseline -0.01 -10"><span class='ocrx_word' id='word_1_525' title='bbox 1032 1576 1044 1587; x_wconf 76' lang='grc' dir='ltr'><strong>‹ι</strong></span> <span class='ocrx_word' id='word_1_526' title='bbox 1063 1562 1126 1589; x_wconf 85' lang='lat' dir='ltr'><strong>sine</strong></span> <span class='ocrx_word' id='word_1_527' title='bbox 1151 1561 1279 1597; x_wconf 87' lang='lat' dir='ltr'><strong>gloriari.</strong></span> <span class='ocrx_word' id='word_1_528' title='bbox 1303 1559 1532 1596; x_wconf 87' lang='lat' dir='ltr'><strong>Chorepiscopos</strong></span> <span class='ocrx_word' id='word_1_529' title='bbox 1557 1558 1613 1594; x_wconf 89' lang='grc'><strong>(12)</strong></span> <span class='ocrx_word' id='word_1_530' title='bbox 1635 1558 1764 1594; x_wconf 79' lang='lat' dir='ltr'><strong>proer</strong></span> <span class='ocrx_word' id='word_1_531' title='bbox 1789 1553 1860 1581; x_wconf 79' lang='lat' dir='ltr'><strong>inso-</strong></span> 
     </span>
    </p>
   </div>
   <div class='ocr_carea' id='block_1_77' title="bbox 1032 1601 1859 1646">
    <p class='ocr_par' dir='ltr' id='par_1_77' title="bbox 1032 1601 1859 1646">
     <span class='ocr_line' id='line_1_77' title="bbox 1032 1601 1859 1646; baseline -0.007 -12"><span class='ocrx_word' id='word_1_532' title='bbox 1032 1620 1045 1631; x_wconf 73' lang='grc' dir='ltr'>α</span> <span class='ocrx_word' id='word_1_533' title='bbox 1064 1606 1181 1634; x_wconf 86' lang='lat' dir='ltr'><strong>lentiam</strong></span> <span class='ocrx_word' id='word_1_534' title='bbox 1199 1605 1321 1633; x_wconf 80' lang='lat' dir='ltr'><strong>removit</strong></span> <span class='ocrx_word' id='word_1_535' title='bbox 1337 1603 1483 1638; x_wconf 87' lang='lat' dir='ltr'><strong>Ecclesia;</strong></span> <span class='ocrx_word' id='word_1_536' title='bbox 1500 1603 1577 1631; x_wconf 91' lang='lat' dir='ltr'><strong>unde</strong></span> <span class='ocrx_word' id='word_1_537' title='bbox 1605 1601 1656 1630; x_wconf 88' lang='lat' dir='ltr'><strong>his</strong></span> <span class='ocrx_word' id='word_1_538' title='bbox 1678 1602 1761 1630; x_wconf 79' lang='lat' dir='ltr'><strong>caret</strong></span> <span class='ocrx_word' id='word_1_539' title='bbox 1773 1603 1859 1646; x_wconf 69' lang='lat' dir='ltr'><strong>nisan</strong></span> 
     </span>
    </p>
   </div>
   <div class='ocr_carea' id='block_1_78' title="bbox 1034 1643 1858 1687">
    <p class='ocr_par' dir='ltr' id='par_1_78' title="bbox 1034 1643 1858 1687">
     <span class='ocr_line' id='line_1_78' title="bbox 1034 1643 1858 1687; baseline -0.013 -8"><span class='ocrx_word' id='word_1_540' title='bbox 1034 1663 1047 1677; x_wconf 86' lang='grc'><strong><em>‹‹</em></strong></span> <span class='ocrx_word' id='word_1_541' title='bbox 1063 1651 1092 1679; x_wconf 91' lang='lat' dir='ltr'><strong>in</strong></span> <span class='ocrx_word' id='word_1_542' title='bbox 1110 1659 1238 1687; x_wconf 68' lang='lat' dir='ltr'><strong>przesens</strong></span> <span class='ocrx_word' id='word_1_543' title='bbox 1254 1649 1423 1686; x_wconf 88' lang='lat' dir='ltr'><strong>metropolis</strong></span> <span class='ocrx_word' id='word_1_544' title='bbox 1443 1648 1563 1677; x_wconf 85' lang='lat' dir='ltr'><strong>Colonia</strong></span> <span class='ocrx_word' id='word_1_545' title='bbox 1583 1649 1612 1676; x_wconf 88' lang='lat' dir='ltr'><strong>et</strong></span> <span class='ocrx_word' id='word_1_546' title='bbox 1625 1648 1694 1676; x_wconf 76' lang='lat' dir='ltr'><strong>tota.</strong></span> <span class='ocrx_word' id='word_1_547' title='bbox 1706 1643 1858 1682; x_wconf 80' lang='lat' dir='ltr'><strong>provincia.</strong></span> 
     </span>
    </p>
   </div>
   <div class='ocr_carea' id='block_1_79' title="bbox 1032 1687 1858 1729">
    <p class='ocr_par' dir='ltr' id='par_1_79' title="bbox 1032 1687 1858 1729">
     <span class='ocr_line' id='line_1_79' title="bbox 1032 1687 1858 1729; baseline -0.007 -6"><span class='ocrx_word' id='word_1_548' title='bbox 1032 1708 1045 1721; x_wconf 78' lang='grc' dir='ltr'><strong>ι‹</strong></span> <span class='ocrx_word' id='word_1_549' title='bbox 1062 1698 1158 1723; x_wconf 90' lang='lat' dir='ltr'><strong>Canon</strong></span> <span class='ocrx_word' id='word_1_550' title='bbox 1175 1698 1252 1722; x_wconf 90' lang='lat' dir='ltr'><strong>vetat</strong></span> <span class='ocrx_word' id='word_1_551' title='bbox 1267 1694 1424 1722; x_wconf 87' lang='lat' dir='ltr'><strong>diaconum</strong></span> <span class='ocrx_word' id='word_1_552' title='bbox 1449 1693 1596 1729; x_wconf 85' lang='lat' dir='ltr'><strong>injussum</strong></span> <span class='ocrx_word' id='word_1_553' title='bbox 1623 1693 1697 1720; x_wconf 79' lang='lat' dir='ltr'><strong>ante</strong></span> <span class='ocrx_word' id='word_1_554' title='bbox 1719 1687 1858 1727; x_wconf 74' lang='lat' dir='ltr'><strong>presbyte-</strong></span> 
     </span>
    </p>
   </div>
   <div class='ocr_carea' id='block_1_80' title="bbox 1033 1731 1858 1775">
    <p class='ocr_par' dir='ltr' id='par_1_80' title="bbox 1033 1731 1858 1775">
     <span class='ocr_line' id='line_1_80' title="bbox 1033 1731 1858 1775; baseline -0.008 -7"><span class='ocrx_word' id='word_1_555' title='bbox 1033 1753 1045 1765; x_wconf 80' lang='grc' dir='ltr'>ιι</span> <span class='ocrx_word' id='word_1_556' title='bbox 1064 1749 1128 1768; x_wconf 89' lang='lat' dir='ltr'><strong>rum</strong></span> <span class='ocrx_word' id='word_1_557' title='bbox 1146 1740 1247 1768; x_wconf 90' lang='lat' dir='ltr'><strong>sedere</strong></span> <span class='ocrx_word' id='word_1_558' title='bbox 1260 1749 1265 1773; x_wconf 89' lang='lat'>;</span> <span class='ocrx_word' id='word_1_559' title='bbox 1282 1742 1310 1767; x_wconf 90' lang='lat' dir='ltr'><strong>et</strong></span> <span class='ocrx_word' id='word_1_560' title='bbox 1325 1741 1355 1766; x_wconf 90' lang='lat' dir='ltr'><strong>tu</strong></span> <span class='ocrx_word' id='word_1_561' title='bbox 1367 1738 1552 1775; x_wconf 76' lang='lat' dir='ltr'><strong>presbyteros</strong></span> <span class='ocrx_word' id='word_1_562' title='bbox 1562 1731 1858 1773; x_wconf 64' lang='lat' dir='ltr'><strong>praeumisjudiolﬂ</strong></span> 
     </span>
    </p>
   </div>
   <div class='ocr_carea' id='block_1_81' title="bbox 1034 1776 1858 1822">
    <p class='ocr_par' dir='ltr' id='par_1_81' title="bbox 1034 1776 1858 1822">
     <span class='ocr_line' id='line_1_81' title="bbox 1034 1776 1858 1822; baseline -0.007 -10"><span class='ocrx_word' id='word_1_563' title='bbox 1034 1797 1047 1810; x_wconf 87' lang='grc'><strong>‹‹</strong></span> <span class='ocrx_word' id='word_1_564' title='bbox 1064 1788 1150 1822; x_wconf 86' lang='lat' dir='ltr'><strong>atque</strong></span> <span class='ocrx_word' id='word_1_565' title='bbox 1165 1785 1252 1812; x_wconf 86' lang='lat' dir='ltr'><strong>etiam</strong></span> <span class='ocrx_word' id='word_1_566' title='bbox 1269 1784 1421 1812; x_wconf 83' lang='lat' dir='ltr'><strong>verberare</strong></span> <span class='ocrx_word' id='word_1_567' title='bbox 1430 1783 1569 1811; x_wconf 83' lang='lat' dir='ltr'><strong>?Tantam</strong></span> <span class='ocrx_word' id='word_1_568' title='bbox 1576 1789 1644 1818; x_wconf 80' lang='lat' dir='ltr'><strong>ergo</strong></span> <span class='ocrx_word' id='word_1_569' title='bbox 1660 1780 1757 1809; x_wconf 80' lang='lat' dir='ltr'><strong>habes</strong></span> <span class='ocrx_word' id='word_1_570' title='bbox 1770 1776 1858 1822; x_wconf 56' lang='lat' dir='ltr'><strong>aucte-</strong></span> 
     </span>
    </p>
   </div>
   <div class='ocr_carea' id='block_1_82' title="bbox 1033 1817 1856 1865">
    <p class='ocr_par' dir='ltr' id='par_1_82' title="bbox 1033 1817 1856 1865">
     <span class='ocr_line' id='line_1_82' title="bbox 1033 1817 1856 1865; baseline -0.006 -8"><span class='ocrx_word' id='word_1_571' title='bbox 1033 1843 1045 1854; x_wconf 83' lang='grc' dir='ltr'><strong>ι‹</strong></span> <span class='ocrx_word' id='word_1_572' title='bbox 1064 1817 1178 1857; x_wconf 77' lang='lat' dir='ltr'><strong>ritatem</strong></span> <span class='ocrx_word' id='word_1_573' title='bbox 1196 1830 1223 1856; x_wconf 93' lang='lat' dir='ltr'><strong>in</strong></span> <span class='ocrx_word' id='word_1_574' title='bbox 1236 1828 1409 1865; x_wconf 82' lang='lat' dir='ltr'><strong>judicando,</strong></span> <span class='ocrx_word' id='word_1_575' title='bbox 1435 1830 1468 1855; x_wconf 90' lang='lat' dir='ltr'><strong>ut</strong></span> <span class='ocrx_word' id='word_1_576' title='bbox 1496 1825 1577 1855; x_wconf 88' lang='lat' dir='ltr'><strong>nulla</strong></span> <span class='ocrx_word' id='word_1_577' title='bbox 1599 1817 1760 1862; x_wconf 73' lang='lat' dir='ltr'><strong>scriptura,</strong></span> <span class='ocrx_word' id='word_1_578' title='bbox 1783 1817 1856 1849; x_wconf 69' lang='grc'>111³11³</span> 
     </span>
    </p>
   </div>
   <div class='ocr_carea' id='block_1_83' title="bbox 1033 1866 1855 1911">
    <p class='ocr_par' dir='ltr' id='par_1_83' title="bbox 1033 1866 1855 1911">
     <span class='ocr_line' id='line_1_83' title="bbox 1033 1866 1855 1911; baseline -0.006 -9"><span class='ocrx_word' id='word_1_579' title='bbox 1033 1888 1044 1898; x_wconf 79' lang='grc' dir='ltr'><strong>«ι</strong></span> <span class='ocrx_word' id='word_1_580' title='bbox 1065 1874 1158 1911; x_wconf 76' lang='lat' dir='ltr'><strong>possit</strong></span> <span class='ocrx_word' id='word_1_581' title='bbox 1173 1874 1307 1902; x_wconf 82' lang='lat' dir='ltr'><strong>resistere</strong></span> <span class='ocrx_word' id='word_1_582' title='bbox 1322 1873 1393 1900; x_wconf 85' lang='lat' dir='ltr'><strong>ratio</strong></span> <span class='ocrx_word' id='word_1_583' title='bbox 1404 1872 1418 1900; x_wconf 69' lang='lat'><strong>‘2</strong></span> <span class='ocrx_word' id='word_1_584' title='bbox 1429 1871 1572 1906; x_wconf 88' lang='lat' dir='ltr'><strong>Quoniam</strong></span> <span class='ocrx_word' id='word_1_585' title='bbox 1588 1871 1711 1908; x_wconf 85' lang='lat' dir='ltr'><strong>quidem</strong></span> <span class='ocrx_word' id='word_1_586' title='bbox 1728 1866 1855 1896; x_wconf 59' lang='lat' dir='ltr'><strong>volunt”</strong></span> 
     </span>
    </p>
   </div>
   <div class='ocr_carea' id='block_1_84' title="bbox 1033 1913 1853 1952">
    <p class='ocr_par' dir='ltr' id='par_1_84' title="bbox 1033 1913 1853 1952">
     <span class='ocr_line' id='line_1_84' title="bbox 1033 1913 1853 1952; baseline -0.006 -6"><span class='ocrx_word' id='word_1_587' title='bbox 1033 1933 1045 1944; x_wconf 75' lang='grc' dir='ltr'>(ι</span> <span class='ocrx_word' id='word_1_588' title='bbox 1064 1922 1113 1947; x_wconf 85' lang='lat' dir='ltr'><strong>tua</strong></span> <span class='ocrx_word' id='word_1_589' title='bbox 1133 1919 1296 1946; x_wconf 84' lang='lat' dir='ltr'><strong>necessario</strong></span> <span class='ocrx_word' id='word_1_590' title='bbox 1323 1918 1406 1946; x_wconf 88' lang='lat' dir='ltr'><strong>nobis</strong></span> <span class='ocrx_word' id='word_1_591' title='bbox 1430 1919 1475 1945; x_wconf 86' lang='lat' dir='ltr'><strong>est</strong></span> <span class='ocrx_word' id='word_1_592' title='bbox 1502 1915 1547 1944; x_wconf 78' lang='lat' dir='ltr'><strong>lex</strong></span> <span class='ocrx_word' id='word_1_593' title='bbox 1572 1918 1601 1944; x_wconf 85' lang='lat' dir='ltr'><strong>et</strong></span> <span class='ocrx_word' id='word_1_594' title='bbox 1631 1913 1746 1952; x_wconf 79' lang='lat' dir='ltr'><strong>regula,</strong></span> <span class='ocrx_word' id='word_1_595' title='bbox 1763 1914 1853 1948; x_wconf 67' lang='lat' dir='ltr'><strong>quam</strong></span> 
     </span>
    </p>
   </div>
   <div class='ocr_carea' id='block_1_85' title="bbox 1032 1956 1776 2000">
    <p class='ocr_par' dir='ltr' id='par_1_85' title="bbox 1032 1956 1776 2000">
     <span class='ocr_line' id='line_1_85' title="bbox 1032 1956 1776 2000; baseline -0.009 -8"><span class='ocrx_word' id='word_1_596' title='bbox 1032 1977 1045 1988; x_wconf 82' lang='grc'><strong>‹‹</strong></span> <span class='ocrx_word' id='word_1_597' title='bbox 1060 1973 1110 2000; x_wconf 88' lang='lat' dir='ltr'><strong>per</strong></span> <span class='ocrx_word' id='word_1_598' title='bbox 1126 1963 1216 1991; x_wconf 89' lang='lat' dir='ltr'><strong>Deum</strong></span> <span class='ocrx_word' id='word_1_599' title='bbox 1232 1963 1343 1999; x_wconf 85' lang='lat' dir='ltr'><strong>dirigas</strong></span> <span class='ocrx_word' id='word_1_600' title='bbox 1357 1970 1421 1990; x_wconf 83' lang='lat' dir='ltr'><strong>eam</strong></span> <span class='ocrx_word' id='word_1_601' title='bbox 1436 1969 1552 1997; x_wconf 86' lang='lat' dir='ltr'><strong>semper</strong></span> <span class='ocrx_word' id='word_1_602' title='bbox 1565 1968 1633 1988; x_wconf 86' lang='lat' dir='ltr'><strong>cum</strong></span> <span class='ocrx_word' id='word_1_603' title='bbox 1644 1956 1776 1996; x_wconf 69' lang='lat' dir='ltr'><strong>justitis.</strong></span> 
     </span>
    </p>
   </div>
   <div class='ocr_carea' id='block_1_86' title="bbox 1070 1996 1857 2044">
    <p class='ocr_par' dir='ltr' id='par_1_86' title="bbox 1070 1996 1857 2044">
     <span class='ocr_line' id='line_1_86' title="bbox 1070 1996 1857 2044; baseline -0.011 -7"><span class='ocrx_word' id='word_1_604' title='bbox 1070 2022 1082 2033; x_wconf 87' lang='grc'><strong>‹‹</strong></span> <span class='ocrx_word' id='word_1_605' title='bbox 1100 2010 1128 2037; x_wconf 86' lang='lat' dir='ltr'><strong>Si</strong></span> <span class='ocrx_word' id='word_1_606' title='bbox 1143 2010 1199 2043; x_wconf 77' lang='lat'><strong>(13)</strong></span> <span class='ocrx_word' id='word_1_607' title='bbox 1216 2008 1240 2035; x_wconf 86' lang='lat' dir='ltr'><strong>is</strong></span> <span class='ocrx_word' id='word_1_608' title='bbox 1258 1996 1307 2044; x_wconf 73' lang='lat' dir='ltr'><strong>qui</strong></span> <span class='ocrx_word' id='word_1_609' title='bbox 1320 2015 1436 2035; x_wconf 86' lang='lat' dir='ltr'><strong>vaccam</strong></span> <span class='ocrx_word' id='word_1_610' title='bbox 1448 1996 1533 2042; x_wconf 88' lang='lat' dir='ltr'><strong>rapit,</strong></span> <span class='ocrx_word' id='word_1_611' title='bbox 1546 2006 1615 2042; x_wconf 86' lang='lat' dir='ltr'><strong>jure</strong></span> <span class='ocrx_word' id='word_1_612' title='bbox 1629 1996 1857 2033; x_wconf 57' lang='lat' dir='ltr'><strong>“communio!-</strong></span> 
     </span>
    </p>
   </div>
   <div class='ocr_carea' id='block_1_87' title="bbox 1033 2044 1855 2089">
    <p class='ocr_par' dir='ltr' id='par_1_87' title="bbox 1033 2044 1855 2089">
     <span class='ocr_line' id='line_1_87' title="bbox 1033 2044 1855 2089; baseline -0.007 -8"><span class='ocrx_word' id='word_1_613' title='bbox 1033 2067 1045 2078; x_wconf 74' lang='grc' dir='ltr'>α</span> <span class='ocrx_word' id='word_1_614' title='bbox 1066 2056 1123 2085; x_wconf 89' lang='lat' dir='ltr'><strong>tur,</strong></span> <span class='ocrx_word' id='word_1_615' title='bbox 1140 2053 1210 2089; x_wconf 84' lang='lat' dir='ltr'><strong>quid</strong></span> <span class='ocrx_word' id='word_1_616' title='bbox 1229 2053 1277 2080; x_wconf 79' lang='lat' dir='ltr'><strong>fiet</strong></span> <span class='ocrx_word' id='word_1_617' title='bbox 1300 2051 1339 2079; x_wconf 90' lang='lat' dir='ltr'><strong>illi</strong></span> <span class='ocrx_word' id='word_1_618' title='bbox 1352 2051 1401 2088; x_wconf 91' lang='lat' dir='ltr'><strong>qui</strong></span> <span class='ocrx_word' id='word_1_619' title='bbox 1420 2050 1568 2087; x_wconf 84' lang='lat' dir='ltr'><strong>justitiam</strong></span> <span class='ocrx_word' id='word_1_620' title='bbox 1581 2049 1682 2078; x_wconf 84' lang='lat' dir='ltr'><strong>vendit</strong></span> <span class='ocrx_word' id='word_1_621' title='bbox 1697 2045 1742 2076; x_wconf 87' lang='lat' dir='ltr'><strong>vel</strong></span> <span class='ocrx_word' id='word_1_622' title='bbox 1751 2044 1855 2089; x_wconf 61' lang='grc' dir='ltr'><strong>ἀορτξθ·</strong></span> 
     </span>
    </p>
   </div>
   <div class='ocr_carea' id='block_1_88' title="bbox 1034 2084 1855 2133">
    <p class='ocr_par' dir='ltr' id='par_1_88' title="bbox 1034 2084 1855 2133">
     <span class='ocr_line' id='line_1_88' title="bbox 1034 2084 1855 2133; baseline -0.007 -8"><span class='ocrx_word' id='word_1_623' title='bbox 1034 2110 1047 2121; x_wconf 78' lang='grc'><em>‹‹</em></span> <span class='ocrx_word' id='word_1_624' title='bbox 1065 2084 1172 2125; x_wconf 35' lang='lat' dir='ltr'><strong>daturi?</strong></span> <span class='ocrx_word' id='word_1_625' title='bbox 1179 2098 1253 2133; x_wconf 80' lang='lat' dir='ltr'><strong>Ergo</strong></span> <span class='ocrx_word' id='word_1_626' title='bbox 1266 2097 1337 2133; x_wconf 88' lang='lat' dir='ltr'><strong>quia</strong></span> <span class='ocrx_word' id='word_1_627' title='bbox 1347 2084 1466 2132; x_wconf 71' lang='lat' dir='ltr'><strong>justitia</strong></span> <span class='ocrx_word' id='word_1_628' title='bbox 1481 2094 1585 2123; x_wconf 86' lang='lat' dir='ltr'><strong>melior</strong></span> <span class='ocrx_word' id='word_1_629' title='bbox 1599 2095 1645 2122; x_wconf 86' lang='lat' dir='ltr'><strong>est</strong></span> <span class='ocrx_word' id='word_1_630' title='bbox 1659 2090 1742 2121; x_wconf 88' lang='lat' dir='ltr'><strong>omni</strong></span> <span class='ocrx_word' id='word_1_631' title='bbox 1754 2084 1855 2133; x_wconf 43' lang='lat' dir='ltr'><strong>pacati-0</strong></span> 
     </span>
    </p>
   </div>
   <div class='ocr_carea' id='block_1_89' title="bbox 1035 2135 1855 2175">
    <p class='ocr_par' dir='ltr' id='par_1_89' title="bbox 1035 2135 1855 2175">
     <span class='ocr_line' id='line_1_89' title="bbox 1035 2135 1855 2175; baseline -0.009 -5"><span class='ocrx_word' id='word_1_632' title='bbox 1035 2155 1047 2166; x_wconf 76' lang='grc' dir='ltr'><em>η</em></span> <span class='ocrx_word' id='word_1_633' title='bbox 1066 2143 1161 2175; x_wconf 86' lang='lat' dir='ltr'><strong>bruto,</strong></span> <span class='ocrx_word' id='word_1_634' title='bbox 1176 2149 1295 2170; x_wconf 89' lang='lat' dir='ltr'><strong>necesse</strong></span> <span class='ocrx_word' id='word_1_635' title='bbox 1310 2143 1355 2169; x_wconf 87' lang='lat' dir='ltr'><strong>est</strong></span> <span class='ocrx_word' id='word_1_636' title='bbox 1382 2140 1509 2168; x_wconf 87' lang='lat' dir='ltr'><strong>deterior</strong></span> <span class='ocrx_word' id='word_1_637' title='bbox 1534 2138 1574 2167; x_wconf 85' lang='lat' dir='ltr'><strong>sit</strong></span> <span class='ocrx_word' id='word_1_638' title='bbox 1602 2137 1740 2175; x_wconf 62' lang='lat' dir='ltr'><strong>praedone</strong></span> <span class='ocrx_word' id='word_1_639' title='bbox 1766 2135 1855 2175; x_wconf 53' lang='grc' dir='ltr'><strong>οῑωξιε</strong></span> 
     </span>
    </p>
   </div>
   <div class='ocr_carea' id='block_1_90' title="bbox 1034 2173 1856 2223">
    <p class='ocr_par' dir='ltr' id='par_1_90' title="bbox 1034 2173 1856 2223">
     <span class='ocr_line' id='line_1_90' title="bbox 1034 2173 1856 2223; baseline -0.005 -11"><span class='ocrx_word' id='word_1_640' title='bbox 1034 2200 1047 2212; x_wconf 80' lang='grc'><em>‹‹</em></span> <span class='ocrx_word' id='word_1_641' title='bbox 1067 2173 1178 2223; x_wconf 87' lang='lat' dir='ltr'><strong>pecoris</strong></span> <span class='ocrx_word' id='word_1_642' title='bbox 1194 2185 1315 2222; x_wconf 74' lang='lat' dir='ltr'><strong>justitia:</strong></span> <span class='ocrx_word' id='word_1_643' title='bbox 1346 2185 1452 2221; x_wconf 67' lang='lat' dir='ltr'><strong>praedo.</strong></span> <span class='ocrx_word' id='word_1_644' title='bbox 1482 2173 1685 2219; x_wconf 82' lang='lat' dir='ltr'><strong>Quoniamque</strong></span> <span class='ocrx_word' id='word_1_645' title='bbox 1712 2180 1778 2209; x_wconf 79' lang='lat' dir='ltr'><strong>luce</strong></span> <span class='ocrx_word' id='word_1_646' title='bbox 1803 2173 1856 2223; x_wconf 55' lang='lat' dir='ltr'><strong>Glf‘</strong></span> 
     </span>
    </p>
   </div>
   <div class='ocr_carea' id='block_1_91' title="bbox 1036 2217 1856 2268">
    <p class='ocr_par' dir='ltr' id='par_1_91' title="bbox 1036 2217 1856 2268">
     <span class='ocr_line' id='line_1_91' title="bbox 1036 2217 1856 2268; baseline -0.006 -10"><span class='ocrx_word' id='word_1_647' title='bbox 1036 2245 1049 2258; x_wconf 76' lang='grc' dir='ltr'>α</span> <span class='ocrx_word' id='word_1_648' title='bbox 1067 2217 1128 2260; x_wconf 81' lang='lat' dir='ltr'><strong>i-ius</strong></span> <span class='ocrx_word' id='word_1_649' title='bbox 1143 2217 1223 2268; x_wconf 74' lang='lat' dir='ltr'><strong>patet</strong></span> <span class='ocrx_word' id='word_1_650' title='bbox 1248 2217 1410 2267; x_wconf 80' lang='lat' dir='ltr'><strong>pessimum</strong></span> <span class='ocrx_word' id='word_1_651' title='bbox 1438 2237 1503 2257; x_wconf 81' lang='lat' dir='ltr'><strong>esse</strong></span> <span class='ocrx_word' id='word_1_652' title='bbox 1527 2217 1675 2265; x_wconf 68' lang='lat' dir='ltr'><strong>justitiam</strong></span> <span class='ocrx_word' id='word_1_653' title='bbox 1701 2217 1856 2255; x_wconf 64' lang='lat' dir='ltr'><strong>vexamde</strong></span> 
     </span>
    </p>
   </div>
   <div class='ocr_carea' id='block_1_92' title="bbox 1035 2269 1854 2311">
    <p class='ocr_par' dir='ltr' id='par_1_92' title="bbox 1035 2269 1854 2311">
     <span class='ocr_line' id='line_1_92' title="bbox 1035 2269 1854 2311; baseline -0.011 -7"><span class='ocrx_word' id='word_1_654' title='bbox 1035 2289 1049 2301; x_wconf 85' lang='grc'><strong>‹‹</strong></span> <span class='ocrx_word' id='word_1_655' title='bbox 1067 2276 1205 2304; x_wconf 88' lang='lat' dir='ltr'><strong>omnibus</strong></span> <span class='ocrx_word' id='word_1_656' title='bbox 1221 2275 1306 2303; x_wconf 85' lang='lat' dir='ltr'><strong>bonis</strong></span> <span class='ocrx_word' id='word_1_657' title='bbox 1322 2273 1462 2311; x_wconf 87' lang='lat' dir='ltr'><strong>episcopii</strong></span> <span class='ocrx_word' id='word_1_658' title='bbox 1476 2271 1702 2305; x_wconf 84' lang='lat' dir='ltr'><strong>constituendis,</strong></span> <span class='ocrx_word' id='word_1_659' title='bbox 1714 2275 1780 2298; x_wconf 88' lang='lat' dir='ltr'><strong>cum</strong></span> <span class='ocrx_word' id='word_1_660' title='bbox 1793 2269 1854 2301; x_wconf 69' lang='grc' dir='ltr'><strong>φιϐ’</strong></span> 
     </span>
    </p>
   </div>
   <div class='ocr_carea' id='block_1_93' title="bbox 1036 2313 1854 2356">
    <p class='ocr_par' dir='ltr' id='par_1_93' title="bbox 1036 2313 1854 2356">
     <span class='ocr_line' id='line_1_93' title="bbox 1036 2313 1854 2356; baseline -0.005 -8"><span class='ocrx_word' id='word_1_661' title='bbox 1036 2333 1049 2345; x_wconf 75' lang='lat' dir='ltr'><strong><em>u</em></strong></span> <span class='ocrx_word' id='word_1_662' title='bbox 1067 2323 1133 2348; x_wconf 88' lang='lat' dir='ltr'><strong>tuor</strong></span> <span class='ocrx_word' id='word_1_663' title='bbox 1147 2319 1293 2356; x_wconf 85' lang='lat' dir='ltr'><strong>episcopis</strong></span> <span class='ocrx_word' id='word_1_664' title='bbox 1309 2319 1458 2355; x_wconf 85' lang='lat' dir='ltr'><strong>gratiosus</strong></span> <span class='ocrx_word' id='word_1_665' title='bbox 1473 2325 1642 2351; x_wconf 87' lang='lat' dir='ltr'><strong>essem,non</strong></span> <span class='ocrx_word' id='word_1_666' title='bbox 1658 2313 1854 2356; x_wconf 57' lang='lat' dir='ltr'><strong>habuiﬂnwf&#39;</strong></span> 
     </span>
    </p>
   </div>
   <div class='ocr_carea' id='block_1_94' title="bbox 154 2358 1853 2403">
    <p class='ocr_par' dir='ltr' id='par_1_94' title="bbox 154 2358 1853 2403">
     <span class='ocr_line' id='line_1_94' title="bbox 154 2358 1853 2403; baseline -0.001 -13"><span class='ocrx_word' id='word_1_667' title='bbox 154 2376 166 2387; x_wconf 78' lang='grc' dir='ltr'><strong>σι</strong></span> <span class='ocrx_word' id='word_1_668' title='bbox 183 2363 324 2392; x_wconf 86' lang='lat' dir='ltr'><strong>loniensis</strong></span> <span class='ocrx_word' id='word_1_669' title='bbox 339 2363 458 2391; x_wconf 87' lang='lat' dir='ltr'><strong>claustri</strong></span> <span class='ocrx_word' id='word_1_670' title='bbox 481 2362 614 2399; x_wconf 73' lang='lat' dir='ltr'><strong>exemplo</strong></span> <span class='ocrx_word' id='word_1_671' title='bbox 635 2364 788 2398; x_wconf 85' lang='lat' dir='ltr'><strong>roborare;</strong></span> <span class='ocrx_word' id='word_1_672' title='bbox 804 2363 882 2400; x_wconf 88' lang='lat' dir='ltr'><strong>quia,</strong></span> <span class='ocrx_word' id='word_1_673' title='bbox 904 2365 979 2392; x_wconf 89' lang='lat' dir='ltr'><strong>sicut</strong></span> <span class='ocrx_word' id='word_1_674' title='bbox 997 2371 1018 2403; x_wconf 71' lang='grc' dir='ltr'><strong>Β</strong></span> <span class='ocrx_word' id='word_1_675' title='bbox 1036 2378 1049 2391; x_wconf 69' lang='grc' dir='ltr'><strong><em>α</em></strong></span> <span class='ocrx_word' id='word_1_676' title='bbox 1066 2366 1110 2393; x_wconf 87' lang='lat' dir='ltr'><strong>vis</strong></span> <span class='ocrx_word' id='word_1_677' title='bbox 1126 2365 1264 2400; x_wconf 81' lang='lat' dir='ltr'><strong>imputes,</strong></span> <span class='ocrx_word' id='word_1_678' title='bbox 1281 2363 1408 2400; x_wconf 85' lang='lat' dir='ltr'><strong>pretium</strong></span> <span class='ocrx_word' id='word_1_679' title='bbox 1433 2362 1523 2391; x_wconf 86' lang='lat' dir='ltr'><strong>unius</strong></span> <span class='ocrx_word' id='word_1_680' title='bbox 1549 2361 1674 2398; x_wconf 69' lang='lat' dir='ltr'><strong>siliquas.</strong></span> <span class='ocrx_word' id='word_1_681' title='bbox 1689 2360 1816 2393; x_wconf 70' lang='lat' dir='ltr'><strong>Cumque</strong></span> 
     </span>
    </p>
   </div>
   <div class='ocr_carea' id='block_1_95' title="bbox 153 2408 979 2445">
    <p class='ocr_par' dir='ltr' id='par_1_95' title="bbox 153 2408 979 2445">
     <span class='ocr_line' id='line_1_95' title="bbox 153 2408 979 2445; baseline 0.001 -10"><span class='ocrx_word' id='word_1_682' title='bbox 153 2420 166 2432; x_wconf 75' lang='grc' dir='ltr'>α</span> <span class='ocrx_word' id='word_1_683' title='bbox 183 2409 381 2444; x_wconf 81' lang='lat' dir='ltr'><strong>experimento</strong></span> <span class='ocrx_word' id='word_1_684' title='bbox 398 2408 498 2442; x_wconf 83' lang='lat' dir='ltr'><strong>didici,</strong></span> <span class='ocrx_word' id='word_1_685' title='bbox 514 2409 572 2436; x_wconf 89' lang='lat' dir='ltr'><strong>Deo</strong></span> <span class='ocrx_word' id='word_1_686' title='bbox 602 2408 722 2444; x_wconf 83' lang='lat' dir='ltr'><strong>gratias,</strong></span> <span class='ocrx_word' id='word_1_687' title='bbox 746 2408 786 2436; x_wconf 91' lang='lat' dir='ltr'><strong>nil</strong></span> <span class='ocrx_word' id='word_1_688' title='bbox 818 2408 934 2445; x_wconf 88' lang='lat' dir='ltr'><strong>penitus</strong></span> <span class='ocrx_word' id='word_1_689' title='bbox 950 2409 979 2436; x_wconf 94' lang='lat' dir='ltr'><strong>in</strong></span> 
     </span>
    </p>
   </div>
   <div class='ocr_carea' id='block_1_96' title="bbox 154 2453 985 2490">
    <p class='ocr_par' dir='ltr' id='par_1_96' title="bbox 154 2453 985 2490">
     <span class='ocr_line' id='line_1_96' title="bbox 154 2453 985 2490; baseline 0 -9"><span class='ocrx_word' id='word_1_690' title='bbox 154 2465 167 2478; x_wconf 74' lang='grc' dir='ltr'><strong>ιι</strong></span> <span class='ocrx_word' id='word_1_691' title='bbox 185 2461 218 2481; x_wconf 87' lang='lat' dir='ltr'><strong>eo</strong></span> <span class='ocrx_word' id='word_1_692' title='bbox 235 2453 382 2481; x_wconf 86' lang='lat' dir='ltr'><strong>invenitur</strong></span> <span class='ocrx_word' id='word_1_693' title='bbox 397 2453 464 2481; x_wconf 88' lang='lat' dir='ltr'><strong>tale.</strong></span> <span class='ocrx_word' id='word_1_694' title='bbox 492 2453 555 2490; x_wconf 86' lang='lat' dir='ltr'><strong>Ipse</strong></span> <span class='ocrx_word' id='word_1_695' title='bbox 579 2453 706 2481; x_wconf 87' lang='lat' dir='ltr'><strong>domnus</strong></span> <span class='ocrx_word' id='word_1_696' title='bbox 731 2453 985 2489; x_wconf 55' lang='lat' dir='ltr'><strong>archiepiscopus,</strong></span> 
     </span>
    </p>
   </div>
   <div class='ocr_carea' id='block_1_97' title="bbox 154 2497 980 2531">
    <p class='ocr_par' dir='ltr' id='par_1_97' title="bbox 154 2497 980 2531">
     <span class='ocr_line' id='line_1_97' title="bbox 154 2497 980 2531; baseline -0.001 -5"><span class='ocrx_word' id='word_1_697' title='bbox 154 2510 167 2522; x_wconf 77' lang='grc' dir='ltr'><strong><em>ιι</em></strong></span> <span class='ocrx_word' id='word_1_698' title='bbox 185 2499 296 2526; x_wconf 88' lang='lat' dir='ltr'><strong>remota</strong></span> <span class='ocrx_word' id='word_1_699' title='bbox 311 2497 520 2525; x_wconf 88' lang='lat' dir='ltr'><strong>dominationis</strong></span> <span class='ocrx_word' id='word_1_700' title='bbox 535 2505 594 2525; x_wconf 63' lang='lat' dir='ltr'><strong>suae</strong></span> <span class='ocrx_word' id='word_1_701' title='bbox 609 2497 801 2531; x_wconf 87' lang='lat' dir='ltr'><strong>sublimitate,</strong></span> <span class='ocrx_word' id='word_1_702' title='bbox 817 2497 980 2526; x_wconf 87' lang='lat' dir='ltr'><strong>claustrum</strong></span> 
     </span>
    </p>
   </div>
   <div class='ocr_carea' id='block_1_98' title="bbox 155 2541 980 2579">
    <p class='ocr_par' dir='ltr' id='par_1_98' title="bbox 155 2541 980 2579">
     <span class='ocr_line' id='line_1_98' title="bbox 155 2541 980 2579; baseline 0.002 -11"><span class='ocrx_word' id='word_1_703' title='bbox 155 2553 168 2567; x_wconf 77' lang='grc' dir='ltr'><strong>«ι</strong></span> <span class='ocrx_word' id='word_1_704' title='bbox 182 2550 256 2578; x_wconf 64' lang='lat' dir='ltr'><strong>saepe</strong></span> <span class='ocrx_word' id='word_1_705' title='bbox 268 2541 472 2575; x_wconf 87' lang='lat' dir='ltr'><strong>deambulans,</strong></span> <span class='ocrx_word' id='word_1_706' title='bbox 486 2541 602 2570; x_wconf 85' lang='lat' dir='ltr'><strong>scholas</strong></span> <span class='ocrx_word' id='word_1_707' title='bbox 618 2542 715 2570; x_wconf 87' lang='lat' dir='ltr'><strong>visitat</strong></span> <span class='ocrx_word' id='word_1_708' title='bbox 727 2563 734 2576; x_wconf 88' lang='lat'><strong>,</strong></span> <span class='ocrx_word' id='word_1_709' title='bbox 752 2541 910 2579; x_wconf 86' lang='lat' dir='ltr'><strong>propositis</strong></span> <span class='ocrx_word' id='word_1_710' title='bbox 925 2542 980 2570; x_wconf 89' lang='lat' dir='ltr'><strong>dis-</strong></span> 
     </span>
    </p>
   </div>
   <div class='ocr_carea' id='block_1_99' title="bbox 157 2585 980 2623">
    <p class='ocr_par' dir='ltr' id='par_1_99' title="bbox 157 2585 980 2623">
     <span class='ocr_line' id='line_1_99' title="bbox 157 2585 980 2623; baseline 0.004 -11"><span class='ocrx_word' id='word_1_711' title='bbox 157 2597 169 2609; x_wconf 84' lang='lat' dir='ltr'><strong>u</strong></span> <span class='ocrx_word' id='word_1_712' title='bbox 185 2585 349 2621; x_wconf 87' lang='lat' dir='ltr'><strong>solutisque</strong></span> <span class='ocrx_word' id='word_1_713' title='bbox 371 2586 595 2621; x_wconf 72' lang='lat' dir='ltr'><strong>qumstionibus,</strong></span> <span class='ocrx_word' id='word_1_714' title='bbox 613 2595 687 2623; x_wconf 84' lang='lat' dir='ltr'><strong>quos</strong></span> <span class='ocrx_word' id='word_1_715' title='bbox 713 2586 844 2615; x_wconf 87' lang='lat' dir='ltr'><strong>utiliores</strong></span> <span class='ocrx_word' id='word_1_716' title='bbox 859 2587 980 2620; x_wconf 85' lang='lat' dir='ltr'><strong>invenit,</strong></span> 
     </span>
    </p>
   </div>
   <div class='ocr_carea' id='block_1_100' title="bbox 191 2647 981 2683">
    <p class='ocr_par' dir='ltr' id='par_1_100' title="bbox 191 2647 981 2683">
     <span class='ocr_line' id='line_1_100' title="bbox 191 2647 981 2683; baseline 0.003 -7"><span class='ocrx_word' id='word_1_717' title='bbox 191 2648 228 2683; x_wconf 88' lang='grc'><strong>(6)</strong></span> <span class='ocrx_word' id='word_1_718' title='bbox 246 2647 332 2680; x_wconf 83' lang='lat' dir='ltr'><strong>Editi,</strong></span> <span class='ocrx_word' id='word_1_719' title='bbox 347 2647 510 2682; x_wconf 76' lang='lat' dir='ltr'><strong>religiosum</strong></span> <span class='ocrx_word' id='word_1_720' title='bbox 524 2657 590 2681; x_wconf 73' lang='lat' dir='ltr'><strong>esse,</strong></span> <span class='ocrx_word' id='word_1_721' title='bbox 614 2651 714 2677; x_wconf 84' lang='lat' dir='ltr'><strong>contra</strong></span> <span class='ocrx_word' id='word_1_722' title='bbox 743 2650 870 2678; x_wconf 79' lang='lat' dir='ltr'><strong>auctoris</strong></span> <span class='ocrx_word' id='word_1_723' title='bbox 897 2659 981 2678; x_wconf 90' lang='lat' dir='ltr'><strong>men-</strong></span> 
     </span>
    </p>
   </div>
   <div class='ocr_carea' id='block_1_101' title="bbox 156 2686 982 2755">
    <p class='ocr_par' dir='ltr' id='par_1_101' title="bbox 156 2686 982 2755">
     <span class='ocr_line' id='line_1_101' title="bbox 156 2686 982 2755; baseline 0.004 -8"><span class='ocrx_word' id='word_1_724' title='bbox 249 2718 338 2755; x_wconf 78' lang='lat' dir='ltr'><strong>Uncis</strong></span> <span class='ocrx_word' id='word_1_725' title='bbox 363 2718 476 2746; x_wconf 86' lang='lat' dir='ltr'><strong>inclusa</strong></span> <span class='ocrx_word' id='word_1_726' title='bbox 502 2719 708 2748; x_wconf 83' lang='lat' dir='ltr'><strong>desiderantur</strong></span> <span class='ocrx_word' id='word_1_727' title='bbox 737 2720 765 2748; x_wconf 93' lang='lat' dir='ltr'><strong>in</strong></span> <span class='ocrx_word' id='word_1_728' title='bbox 793 2721 889 2755; x_wconf 86' lang='lat' dir='ltr'><strong>editis,</strong></span> <span class='ocrx_word' id='word_1_729' title='bbox 907 2723 939 2749; x_wconf 88' lang='lat' dir='ltr'><strong>ut</strong></span> <span class='ocrx_word' id='word_1_730' title='bbox 953 2724 982 2750; x_wconf 90' lang='lat' dir='ltr'><strong>et</strong></span> 
     </span>
    </p>
   </div>
   <div class='ocr_carea' id='block_1_102' title="bbox 156 2754 323 2790">
    <p class='ocr_par' dir='ltr' id='par_1_102' title="bbox 156 2754 323 2790">
     <span class='ocr_line' id='line_1_102' title="bbox 156 2754 323 2790; baseline -0.006 -9"><span class='ocrx_word' id='word_1_731' title='bbox 156 2754 241 2790; x_wconf 87' lang='lat' dir='ltr'><strong>plura</strong></span> <span class='ocrx_word' id='word_1_732' title='bbox 256 2754 323 2790; x_wconf 85' lang='lat' dir='ltr'><strong>alia.</strong></span> 
     </span>
    </p>
   </div>
   <div class='ocr_carea' id='block_1_103' title="bbox 204 2789 848 2825">
    <p class='ocr_par' dir='ltr' id='par_1_103' title="bbox 204 2789 848 2825">
     <span class='ocr_line' id='line_1_103' title="bbox 204 2789 848 2825; baseline 0.003 -8"><span class='ocrx_word' id='word_1_733' title='bbox 204 2791 230 2825; x_wconf 78' lang='lat'><strong>8)</strong></span> <span class='ocrx_word' id='word_1_734' title='bbox 247 2791 281 2818; x_wconf 87' lang='lat' dir='ltr'><strong>Et</strong></span> <span class='ocrx_word' id='word_1_735' title='bbox 296 2789 356 2816; x_wconf 74' lang='lat' dir='ltr'><strong>hmc</strong></span> <span class='ocrx_word' id='word_1_736' title='bbox 373 2789 479 2816; x_wconf 89' lang='lat' dir='ltr'><strong>iterum</strong></span> <span class='ocrx_word' id='word_1_737' title='bbox 495 2790 523 2817; x_wconf 93' lang='lat' dir='ltr'><strong>in</strong></span> <span class='ocrx_word' id='word_1_738' title='bbox 539 2789 626 2818; x_wconf 87' lang='lat' dir='ltr'><strong>editis</strong></span> <span class='ocrx_word' id='word_1_739' title='bbox 643 2791 753 2819; x_wconf 86' lang='lat' dir='ltr'><strong>omissa</strong></span> <span class='ocrx_word' id='word_1_740' title='bbox 768 2795 848 2819; x_wconf 89' lang='lat' dir='ltr'><strong>sunt.</strong></span> 
     </span>
    </p>
   </div>
   <div class='ocr_carea' id='block_1_104' title="bbox 203 2825 982 2864">
    <p class='ocr_par' dir='ltr' id='par_1_104' title="bbox 203 2825 982 2864">
     <span class='ocr_line' id='line_1_104' title="bbox 203 2825 982 2864; baseline 0.004 -11"><span class='ocrx_word' id='word_1_741' title='bbox 203 2827 230 2861; x_wconf 82' lang='grc'><strong>9)</strong></span> <span class='ocrx_word' id='word_1_742' title='bbox 257 2825 344 2857; x_wconf 84' lang='lat' dir='ltr'><strong>Editi,</strong></span> <span class='ocrx_word' id='word_1_743' title='bbox 372 2832 519 2860; x_wconf 74' lang='lat' dir='ltr'><strong>regnorum</strong></span> <span class='ocrx_word' id='word_1_744' title='bbox 547 2834 704 2853; x_wconf 66' lang='lat' dir='ltr'><strong>mruisorum</strong></span> <span class='ocrx_word' id='word_1_745' title='bbox 733 2827 852 2855; x_wconf 83' lang='lat' dir='ltr'><strong>omnino</strong></span> <span class='ocrx_word' id='word_1_746' title='bbox 879 2828 982 2864; x_wconf 89' lang='lat' dir='ltr'><strong>depra-</strong></span> 
     </span>
    </p>
   </div>
   <div class='ocr_carea' id='block_1_105' title="bbox 158 2864 985 2932">
    <p class='ocr_par' dir='ltr' id='par_1_105' title="bbox 158 2864 985 2932">
     <span class='ocr_line' id='line_1_105' title="bbox 158 2864 985 2932; baseline 0.002 -7"><span class='ocrx_word' id='word_1_747' title='bbox 158 2864 250 2932; x_wconf 49' lang='grc' dir='ltr'><strong>ηέῗὸ)</strong></span> <span class='ocrx_word' id='word_1_748' title='bbox 267 2895 383 2925; x_wconf 88' lang='lat' dir='ltr'><strong>Inclusa</strong></span> <span class='ocrx_word' id='word_1_749' title='bbox 398 2903 515 2932; x_wconf 86' lang='lat' dir='ltr'><strong>quoque</strong></span> <span class='ocrx_word' id='word_1_750' title='bbox 541 2896 588 2925; x_wconf 87' lang='lat' dir='ltr'><strong>hic</strong></span> <span class='ocrx_word' id='word_1_751' title='bbox 613 2897 697 2926; x_wconf 88' lang='lat' dir='ltr'><strong>uncis</strong></span> <span class='ocrx_word' id='word_1_752' title='bbox 717 2897 900 2926; x_wconf 83' lang='lat' dir='ltr'><strong>abbreviator</strong></span> <span class='ocrx_word' id='word_1_753' title='bbox 915 2899 985 2927; x_wconf 43' lang='lat' dir='ltr'><strong>omi‘</strong></span> 
     </span>
    </p>
   </div>
   <div class='ocr_carea' id='block_1_106' title="bbox 1037 2401 1853 2445">
    <p class='ocr_par' dir='ltr' id='par_1_106' title="bbox 1037 2401 1853 2445">
     <span class='ocr_line' id='line_1_106' title="bbox 1037 2401 1853 2445; baseline -0.005 -9"><span class='ocrx_word' id='word_1_754' title='bbox 1037 2422 1050 2436; x_wconf 85' lang='grc'><strong>‹‹</strong></span> <span class='ocrx_word' id='word_1_755' title='bbox 1067 2409 1159 2442; x_wconf 91' lang='lat' dir='ltr'><strong>nullo,</strong></span> <span class='ocrx_word' id='word_1_756' title='bbox 1173 2407 1301 2445; x_wconf 73' lang='lat' dir='ltr'><strong>exceptis</strong></span> <span class='ocrx_word' id='word_1_757' title='bbox 1316 2407 1454 2444; x_wconf 87' lang='lat' dir='ltr'><strong>peccatis,</strong></span> <span class='ocrx_word' id='word_1_758' title='bbox 1471 2415 1535 2443; x_wconf 72' lang='lat' dir='ltr'><strong>qua:</strong></span> <span class='ocrx_word' id='word_1_759' title='bbox 1560 2405 1655 2434; x_wconf 83' lang='lat' dir='ltr'><strong>nimia</strong></span> <span class='ocrx_word' id='word_1_760' title='bbox 1673 2405 1752 2437; x_wconf 82' lang='lat' dir='ltr'><strong>sunt,</strong></span> <span class='ocrx_word' id='word_1_761' title='bbox 1767 2401 1853 2445; x_wconf 66' lang='lat' dir='ltr'><strong>p935&quot;</strong></span> 
     </span>
    </p>
   </div>
   <div class='ocr_carea' id='block_1_107' title="bbox 1037 2442 1856 2490">
    <p class='ocr_par' dir='ltr' id='par_1_107' title="bbox 1037 2442 1856 2490">
     <span class='ocr_line' id='line_1_107' title="bbox 1037 2442 1856 2490; baseline -0.01 -8"><span class='ocrx_word' id='word_1_762' title='bbox 1037 2467 1049 2479; x_wconf 74' lang='grc' dir='ltr'>ι(</span> <span class='ocrx_word' id='word_1_763' title='bbox 1068 2463 1114 2482; x_wconf 88' lang='lat' dir='ltr'><strong>me</strong></span> <span class='ocrx_word' id='word_1_764' title='bbox 1130 2442 1263 2490; x_wconf 69' lang='lat' dir='ltr'><strong>legalitdr</strong></span> <span class='ocrx_word' id='word_1_765' title='bbox 1278 2442 1557 2489; x_wconf 81' lang='lat' dir='ltr'><strong>redarguere,quare</strong></span> <span class='ocrx_word' id='word_1_766' title='bbox 1567 2450 1598 2479; x_wconf 93' lang='lat' dir='ltr'><strong>in</strong></span> <span class='ocrx_word' id='word_1_767' title='bbox 1611 2450 1729 2487; x_wconf 80' lang='lat' dir='ltr'><strong>signum</strong></span> <span class='ocrx_word' id='word_1_768' title='bbox 1744 2442 1856 2490; x_wconf 43' lang='lat' dir='ltr'><strong>malm/.0:</strong></span> 
     </span>
    </p>
   </div>
   <div class='ocr_carea' id='block_1_108' title="bbox 1036 2490 1853 2527">
    <p class='ocr_par' dir='ltr' id='par_1_108' title="bbox 1036 2490 1853 2527">
     <span class='ocr_line' id='line_1_108' title="bbox 1036 2490 1853 2527; baseline -0.007 -2"><span class='ocrx_word' id='word_1_769' title='bbox 1036 2512 1050 2525; x_wconf 84' lang='grc'><strong>‹‹</strong></span> <span class='ocrx_word' id='word_1_770' title='bbox 1068 2498 1163 2527; x_wconf 70' lang='lat' dir='ltr'><strong>lentia:</strong></span> <span class='ocrx_word' id='word_1_771' title='bbox 1179 2499 1236 2525; x_wconf 80' lang='lat' dir='ltr'><strong>tuae</strong></span> <span class='ocrx_word' id='word_1_772' title='bbox 1251 2505 1297 2525; x_wconf 91' lang='lat' dir='ltr'><strong>me</strong></span> <span class='ocrx_word' id='word_1_773' title='bbox 1313 2497 1390 2525; x_wconf 89' lang='lat' dir='ltr'><strong>soles</strong></span> <span class='ocrx_word' id='word_1_774' title='bbox 1405 2496 1581 2524; x_wconf 85' lang='lat' dir='ltr'><strong>iracundum</strong></span> <span class='ocrx_word' id='word_1_775' title='bbox 1592 2502 1694 2523; x_wconf 82' lang='lat' dir='ltr'><strong>vocare</strong></span> <span class='ocrx_word' id='word_1_776' title='bbox 1703 2491 1794 2522; x_wconf 74' lang='lat' dir='ltr'><strong>?Siir¢</strong></span> <span class='ocrx_word' id='word_1_777' title='bbox 1806 2490 1853 2514; x_wconf 72' lang='lat' dir='ltr'><strong>Vl&quot;</strong></span> 
     </span>
    </p>
   </div>
   <div class='ocr_carea' id='block_1_109' title="bbox 1039 2534 1854 2580">
    <p class='ocr_par' dir='ltr' id='par_1_109' title="bbox 1039 2534 1854 2580">
     <span class='ocr_line' id='line_1_109' title="bbox 1039 2534 1854 2580; baseline -0.007 -9"><span class='ocrx_word' id='word_1_778' title='bbox 1039 2556 1052 2569; x_wconf 83' lang='grc'><strong>‹‹</strong></span> <span class='ocrx_word' id='word_1_779' title='bbox 1063 2543 1203 2580; x_wconf 65' lang='lat' dir='ltr'><strong>justitiam</strong></span> <span class='ocrx_word' id='word_1_780' title='bbox 1217 2543 1269 2570; x_wconf 82' lang='lat' dir='ltr'><strong>Dei</strong></span> <span class='ocrx_word' id='word_1_781' title='bbox 1280 2550 1337 2570; x_wconf 81' lang='lat' dir='ltr'><strong>non</strong></span> <span class='ocrx_word' id='word_1_782' title='bbox 1359 2545 1497 2578; x_wconf 79' lang='lat' dir='ltr'><strong>operatur.</strong></span> <span class='ocrx_word' id='word_1_783' title='bbox 1513 2539 1558 2568; x_wconf 85' lang='lat' dir='ltr'><strong>vel</strong></span> <span class='ocrx_word' id='word_1_784' title='bbox 1577 2537 1753 2575; x_wconf 77' lang='lat' dir='ltr'><strong>iniustitiam</strong></span> <span class='ocrx_word' id='word_1_785' title='bbox 1766 2534 1854 2580; x_wconf 56' lang='grc' dir='ltr'>ωθιιξ</span> 
     </span>
    </p>
   </div>
   <div class='ocr_carea' id='block_1_110' title="bbox 1037 2569 1852 2622">
    <p class='ocr_par' dir='ltr' id='par_1_110' title="bbox 1037 2569 1852 2622">
     <span class='ocr_line' id='line_1_110' title="bbox 1037 2569 1852 2622; baseline -0.006 -8"><span class='ocrx_word' id='word_1_786' title='bbox 1037 2602 1049 2614; x_wconf 81' lang='grc' dir='ltr'><strong>(ι</strong></span> <span class='ocrx_word' id='word_1_787' title='bbox 1063 2569 1168 2622; x_wconf 66' lang='lat' dir='ltr'><strong>ilic-,vel</strong></span> <span class='ocrx_word' id='word_1_788' title='bbox 1184 2587 1291 2615; x_wconf 80' lang='lat' dir='ltr'><strong>veritas</strong></span> <span class='ocrx_word' id='word_1_789' title='bbox 1298 2589 1349 2615; x_wconf 90' lang='lat' dir='ltr'><strong>tua</strong></span> <span class='ocrx_word' id='word_1_790' title='bbox 1357 2569 1558 2614; x_wconf 49' lang='grc' dir='ltr'><strong>ὠκεῖαι-,θοὰ</strong></span> <span class='ocrx_word' id='word_1_791' title='bbox 1569 2583 1640 2621; x_wconf 78' lang='lat' dir='ltr'><strong>quia</strong></span> <span class='ocrx_word' id='word_1_792' title='bbox 1651 2583 1739 2612; x_wconf 78' lang='lat' dir='ltr'><strong>verba</strong></span> <span class='ocrx_word' id='word_1_793' title='bbox 1748 2569 1852 2608; x_wconf 64' lang='lat' dir='ltr'><strong>meavel</strong></span> 
     </span>
    </p>
   </div>
   <div class='ocr_carea' id='block_1_111' title="bbox 1038 2653 1849 2723">
    <p class='ocr_par' dir='ltr' id='par_1_111' title="bbox 1038 2653 1849 2723">
     <span class='ocr_line' id='line_1_111' title="bbox 1038 2653 1849 2723; baseline -0.006 -9"><span class='ocrx_word' id='word_1_794' title='bbox 1038 2653 1129 2723; x_wconf 41' lang='lat' dir='ltr'><strong>Slt(lit)</strong></span> <span class='ocrx_word' id='word_1_795' title='bbox 1164 2686 1200 2714; x_wconf 83' lang='lat' dir='ltr'><strong>Et</strong></span> <span class='ocrx_word' id='word_1_796' title='bbox 1231 2685 1292 2713; x_wconf 66' lang='lat' dir='ltr'><strong>haec</strong></span> <span class='ocrx_word' id='word_1_797' title='bbox 1321 2684 1414 2723; x_wconf 74' lang='lat' dir='ltr'><strong>etiam</strong></span> <span class='ocrx_word' id='word_1_798' title='bbox 1462 2674 1849 2723; x_wconf 45' lang='lat' dir='ltr'><strong>praesumpsithabbrejﬁ&#39;:</strong></span> 
     </span>
    </p>
   </div>
   <div class='ocr_carea' id='block_1_112' title="bbox 1037 2707 1850 2757">
    <p class='ocr_par' dir='ltr' id='par_1_112' title="bbox 1037 2707 1850 2757">
     <span class='ocr_line' id='line_1_112' title="bbox 1037 2707 1850 2757; baseline -0.007 -7"><span class='ocrx_word' id='word_1_799' title='bbox 1037 2707 1414 2757; x_wconf 52' lang='lat' dir='ltr'><strong>onliiitrJImEEad&#39;HéF</strong></span> <span class='ocrx_word' id='word_1_800' title='bbox 1432 2707 1750 2755; x_wconf 45' lang='lat' dir='ltr'><strong>veiti&#39;h—éiémii’e:</strong></span> <span class='ocrx_word' id='word_1_801' title='bbox 1760 2707 1850 2750; x_wconf 66' lang='grc' dir='ltr'><strong>ρνκίθν</strong></span> 
     </span>
    </p>
   </div>
   <div class='ocr_carea' id='block_1_113' title="bbox 1038 2760 1849 2832">
    <p class='ocr_par' dir='ltr' id='par_1_113' title="bbox 1038 2760 1848 2832">
     <span class='ocr_line' id='line_1_113' title="bbox 1038 2760 1848 2832; baseline -0.007 -10"><span class='ocrx_word' id='word_1_802' title='bbox 1038 2760 1230 2832; x_wconf 45' lang='grc' dir='ltr'><strong>ιαῖἰτὲἓάὶὶί,</strong></span> <span class='ocrx_word' id='word_1_803' title='bbox 1244 2793 1411 2832; x_wconf 76' lang='lat' dir='ltr'><strong>coepiscopos</strong></span> <span class='ocrx_word' id='word_1_804' title='bbox 1425 2795 1453 2820; x_wconf 80' lang='lat' dir='ltr'><strong>et</strong></span> <span class='ocrx_word' id='word_1_805' title='bbox 1467 2789 1687 2832; x_wconf 63' lang='lat' dir='ltr'><strong>archidiqconps.</strong></span> <span class='ocrx_word' id='word_1_806' title='bbox 1733 2824 1741 2832; x_wconf 39' lang='grc' dir='ltr'><strong>Δ</strong></span> <span class='ocrx_word' id='word_1_807' title='bbox 1757 2821 1781 2832; x_wconf 44' lang='grc'><strong>⁵-</strong></span> <span class='ocrx_word' id='word_1_808' title='bbox 1798 2813 1848 2832; x_wconf 51' lang='lat' dir='ltr'><strong>Mm</strong></span> 
     </span>
    </p>
   </div>
   <div class='ocr_carea' id='block_1_114' title="bbox 1038 2795 1836 2894">
    <p class='ocr_par' dir='ltr' id='par_1_114' title="bbox 1038 2795 1836 2894">
     <span class='ocr_line' id='line_1_114' title="bbox 1073 2795 1835 2832; baseline -0.005 -10"><span class='ocrx_word' id='word_1_809' title='bbox 1073 2795 1119 2828; x_wconf 77' lang='lat' dir='ltr'><strong>(l2</strong></span> <span class='ocrx_word' id='word_1_810' title='bbox 1142 2795 1230 2826; x_wconf 85' lang='lat' dir='ltr'><strong>Editi,</strong></span> <span class='ocrx_word' id='word_1_811' title='bbox 1244 2795 1411 2829; x_wconf 79' lang='lat' dir='ltr'><strong>coepiscopos</strong></span> <span class='ocrx_word' id='word_1_812' title='bbox 1425 2795 1453 2820; x_wconf 80' lang='lat' dir='ltr'><strong>et</strong></span> <span class='ocrx_word' id='word_1_813' title='bbox 1467 2795 1687 2832; x_wconf 64' lang='lat' dir='ltr'><strong>archidiaconi».</strong></span> <span class='ocrx_word' id='word_1_814' title='bbox 1758 2821 1764 2827; x_wconf 89' lang='lat'><strong>_</strong></span> <span class='ocrx_word' id='word_1_815' title='bbox 1830 2813 1835 2818; x_wconf 93' lang='lat'>.</span> 
     </span>
     <span class='ocr_line' id='line_1_115' title="bbox 1038 2795 1836 2894; baseline -0.01 -36"><span class='ocrx_word' id='word_1_816' title='bbox 1038 2795 1130 2894; x_wconf 43' lang='grc' dir='ltr'><strong>Ηἐκδὲ</strong></span> <span class='ocrx_word' id='word_1_817' title='bbox 1146 2830 1214 2862; x_wconf 66' lang='lat' dir='ltr'><strong>Qua</strong></span> <span class='ocrx_word' id='word_1_818' title='bbox 1238 2829 1403 2865; x_wconf 88' lang='lat' dir='ltr'><strong>sequuntur</strong></span> <span class='ocrx_word' id='word_1_819' title='bbox 1426 2834 1499 2864; x_wconf 87' lang='lat' dir='ltr'><strong>pene</strong></span> <span class='ocrx_word' id='word_1_820' title='bbox 1514 2834 1614 2854; x_wconf 81' lang='lat' dir='ltr'><strong>omnia</strong></span> <span class='ocrx_word' id='word_1_821' title='bbox 1637 2824 1744 2853; x_wconf 82' lang='lat' dir='ltr'><strong>desunt</strong></span> <span class='ocrx_word' id='word_1_822' title='bbox 1757 2828 1784 2850; x_wconf 85' lang='lat' dir='ltr'><strong>in</strong></span> <span class='ocrx_word' id='word_1_823' title='bbox 1797 2814 1836 2845; x_wconf 62' lang='lat' dir='ltr'><strong>edi</strong></span> 
     </span>
    </p>
   </div>
  </div>
