3852 6462
122 436 257 500 731
1006 448 1015 455 ’
1772 435 1979 503 νῙΤΑ.

127 569 282 625 tus?
317 569 460 632 Quo
493 569 888 625 scandalizate
921 586 1034 626 non
1066 575 1154 625 est
1186 570 1399 626 ustus?
1422 572 1513 626 Sic
1547 570 1823 626 nimirum
1858 576 1905 639 Α

129 656 350 715 alienae
377 658 724 715 infirmitati
748 658 1301 716 condescensionem
1319 657 1471 717 idem
1490 660 1548 715 in
1566 676 1628 716 se
1650 663 1823 732 atque
2005 658 2254 717 Interius
2286 666 2480 716 autem
2513 661 2879 733 regularibus
2910 664 3176 719 subditos
3198 665 3571 737 institutis,ut

127 746 191 803 in
228 745 378 802 aliis
412 746 738 804 sentiebat.
1931 748 2309 805 charissimos
2340 749 2567 805 fovebat
2596 750 2778 817 ﬁlios;
2803 750 3044 807 rebelles
3071 757 3135 806 nt
3165 755 3570 813 severissimus

204 833 350 891 Jam
402 851 554 891 vero
583 836 725 907 quid
758 836 817 890 in
870 835 1268 909 dispensanda
1312 835 1543 893 familia;
1591 836 1823 892 Domini
1922 836 2105 906 judex
2135 835 2454 908 disciplinae
2502 836 2694 909 gladio
2745 839 3257 908 animadvertebat,
3286 842 3350 897 in
3382 850 3572 899 utros-

132 940 387 991 annona
420 923 682 981 dixerim
703 924 731 980 ?
764 925 971 981 Testes
1020 929 1158 981 sunt
1188 941 1332 997 pene
1363 929 1651 997 quotquot
1692 925 1826 980 Leo-
1931 940 2044 996 que
2075 924 2308 997 pietatis
2360 942 2596 981 servans
2624 926 2883 993 viscera;
2918 928 3056 983 dum
3092 928 3200 984 hos
3228 931 3297 985 ad
3331 931 3574 989 meliora

133 1012 309 1071 dium
333 1027 564 1067 novere
583 1029 597 1079 ;
619 1012 757 1085 quia
772 1028 906 1068 cum
926 1017 1058 1069 ante
1075 1028 1210 1069 eum
1232 1030 1387 1069 unus
1403 1017 1629 1069 tantum
1654 1012 1825 1085 panis
1930 1015 2286 1084 provocaret,
2318 1012 2448 1069 illos
2479 1031 2608 1069 vero
2639 1030 2672 1069 a
2702 1014 2981 1086 pravitate
3014 1023 3424 1089 compesceret.
3458 1020 3572 1074 Nec

135 1098 407 1173 singulis
442 1100 734 1159 fratribus
766 1101 1024 1173 quotidie
1051 1102 1305 1169 daretur,
1339 1107 1397 1158 et
1420 1119 1534 1157 non
1567 1101 1823 1175 amplius
1930 1101 2173 1156 timebat
2203 1100 2368 1157 miles
2399 1101 2611 1156 Christi
2642 1103 2689 1158 si
2722 1102 3019 1159 hominem
3063 1107 3409 1174 offenderet;
3444 1111 3571 1163 tan-

135 1204 321 1261 quam
360 1188 773 1262 quadraginta
801 1192 1036 1245 carrataa
1071 1190 1182 1262 (18)
1214 1189 1332 1245 vini
1362 1188 1421 1245 in
1454 1194 1595 1262 potu
1619 1206 1821 1245 eorum
1928 1192 2056 1243 tum
2088 1189 2315 1245 interno
2332 1190 2539 1259 judici,
2560 1192 2839 1246 servando
2860 1209 3090 1263 zequum
3114 1198 3172 1248 et
3193 1198 3437 1264 rectum,
3458 1213 3572 1251 non

137 1293 245 1350 per
273 1293 520 1333 annum
555 1278 1039 1350 expenderentur,
1072 1278 1165 1334 hic
1191 1294 1261 1334 ex
1290 1277 1523 1351 polenta
1551 1277 1702 1334 nivei
1732 1295 1823 1335 co-
1930 1277 2280 1349 displiceret,
2314 1295 2643 1334 memorans
2672 1278 2814 1334 illud
2843 1280 3102 1351 Apostoli
3134 1298 3146 1335 :
3177 1283 3241 1336 Si
3262 1284 3572 1341 hominibus

135 1364 283 1422 loris
315 1382 517 1438 quam
541 1364 802 1422 similam
826 1370 1060 1432 vocant,
1080 1366 1339 1440 quinque
1360 1383 1586 1424 marcas
1608 1384 1822 1439 appen-
1925 1366 2218 1437 placerem,
2242 1365 2447 1420 Christi
2472 1382 2655 1421 servus
2678 1384 2789 1421 non
2817 1384 3006 1423 essem.
3033 1368 3098 1423 Et
3128 1368 3270 1424 illud
3302 1371 3575 1428 Psalmis-

140 1455 386 1510 dentem
424 1455 683 1526 insuper
712 1454 923 1525 adjecit
947 1471 1179 1528 panem,
1202 1458 1553 1527 centumque
1576 1456 1823 1527 quadra—
1928 1458 1998 1508 te:
2031 1470 2044 1507 :
2080 1454 2187 1521 Qui
2226 1455 2541 1509 hominibus
2584 1456 2823 1526 placent,
2856 1458 3069 1528 confusi
3112 1467 3260 1523 sunt,
3310 1462 3573 1530 quoniam

140 1541 311 1613 ginta
340 1546 624 1598 carratas
654 1541 771 1597 vini
822 1558 925 1613 per
969 1559 1190 1599 annum
1240 1542 1539 1598 cellarario
1570 1543 1818 1598 fratrum
1926 1543 2065 1598 Deus
2094 1544 2298 1613 sprevit
2326 1559 2431 1597 eos.

134 1630 273 1701 jure
304 1634 606 1705 perpetuo
652 1629 874 1703 absque
922 1629 1042 1687 ulla
1091 1630 1409 1687 sterilitatis
1451 1630 1821 1687 excusatione
1998 1630 2160 1686 Unde
2191 1630 2432 1703 contigit
2482 1634 2545 1685 ut
2592 1632 2664 1686 ob
2714 1633 3108 1689 defensionem
3154 1636 3433 1704 veritatis,
3465 1655 3569 1709 pro

140 1718 375 1776 dandas
407 1717 776 1786 destinavit;
810 1723 1103 1790 quatenus
1146 1718 1279 1776 inde
1308 1724 1366 1776 et
1397 1718 1822 1775 rationabiliter
1929 1735 2045 1791 qua
2075 1735 2146 1773 ne
2178 1718 2324 1773 mori
2353 1718 2588 1790 quidem
2621 1721 2936 1789 metuebat,
2972 1738 3392 1795 nonnunquam
3423 1724 3569 1780 alio-

143 1823 433 1865 mensura
465 1811 651 1881 potus
681 1812 1015 1880 augeretur,
1047 1811 1103 1863 et
1149 1825 1217 1863 ex
1265 1807 1490 1879 reliquo
1542 1806 1821 1863 fratribus
1928 1822 2080 1873 rum,
2108 1806 2208 1877 qui
2238 1811 2474 1861 terrenae
2506 1808 2807 1879 potestatis
2830 1808 3085 1865 culmine
3112 1808 3447 1867 viderentur
3475 1829 3571 1869 su-

140 1891 567 1960 ecclesiarum,
586 1893 805 1967 quibus
825 1894 1026 1950 vinum
1047 1911 1161 1950 non
1184 1899 1359 1962 esset,
1379 1893 1817 1962 consuleretur;
1848 1932 1896 1967 n
1929 1892 2229 1949 blimiores
2247 1911 2392 1960 esse,
2407 1894 2688 1950 offensam
2710 1896 3052 1965 incurrerit;
3072 1898 3212 1953 adeo
3234 1902 3300 1954 ut
3320 1898 3402 1954 illi
3426 1901 3572 1956 mul-

142 1981 370 2049 dicens,
391 1983 567 2057 juste
598 2000 667 2037 ex
698 1982 939 2054 majoris
968 1982 1219 2055 ecclesias
1252 1982 1612 2038 abundantia
1636 1982 1819 2037 mino-
1848 1981 1897 1999 ⁵¹
1927 1981 2156 2037 timodze
2188 1982 2259 2038 ob
2290 1982 2398 2037 hoc
2437 1984 2812 2039 tenderentur
2860 1984 3105 2053 insidiae,
3139 1986 3467 2060 saepiusque
3498 1990 3569 2043 de

146 2087 274 2127 rum
308 2070 780 2130 necessitatibus
810 2088 940 2127 esse
990 2071 1506 2145 suppeditandum.
1541 2072 1635 2127 Sic
1669 2088 1817 2143 prm-
1926 2070 2053 2124 vita:
2087 2070 2269 2142 ipsius
2300 2071 2556 2142 periculo
2587 2088 2620 2127 a
2642 2073 2987 2128 necessariis
3014 2075 3142 2145 ejus
3171 2076 3327 2131 haud
3353 2076 3571 2148 injuria

3453 448 3581 549 73s.

2240 576 2370 628 CAP.
2506 605 2568 614 -—-
2600 575 2792 644 Qualis
2824 577 3052 629 interius
3081 580 3267 647 fuerit.

146 2158 401 2219 bendam
424 2159 689 2219 fratrum
714 2165 866 2215 retro
884 2159 1228 2233 neglectam,
1251 2176 1420 2232 pane,
1438 2161 1571 2216 vino
1594 2161 1814 2227 addito,

148 2246 393 2321 insuper
437 2247 689 2322 largiori
716 2248 963 2303 vestitus
995 2248 1201 2304 solatio
1232 2247 1629 2321 amplificavit,
1663 2254 1720 2304 et
1748 2265 1816 2303 ex

146 2335 243 2390 vili
274 2337 575 2410 optimam
608 2336 881 2393 reddidit.

240 2480 379 2535 CAP.
414 2479 511 2535 IX.
547 2510 619 2520 -—-
651 2480 910 2551 Qualiter
938 2481 1209 2535 exteriora
1236 2480 1727 2537 administraverit.

222 2602 551 2660 Duodecim
584 2602 945 2677 pauperibus
973 2602 1060 2659 vel
1092 2602 1411 2676 peregrinis
1435 2603 1697 2675 quotidie
1727 2620 1814 2659 co-

156 2706 275 2747 ram
308 2691 603 2749 fratribus
650 2691 984 2748 reficiendis
1013 2691 1342 2747 sufﬂcentia
1368 2690 1648 2747 alimenta
1677 2708 1811 2747 con-

157 2780 366 2849 stituit,
382 2796 665 2838 asserens
696 2779 802 2837 hoc
824 2780 1002 2837 etiam
1024 2796 1229 2853 parum
1251 2796 1398 2846 esse,
1423 2796 1556 2835 cum
1578 2780 1812 2835 traditio

156 2874 496 2926 sanctorum
527 2869 775 2925 Patrum
806 2868 1111 2927 dimidiam
1143 2872 1367 2942 partem
1394 2867 1481 2924 vel
1512 2868 1687 2923 etiam
1719 2885 1805 2923 ec-

158 2955 622 3015 clesiasticarum
647 2956 992 3014 facultatum
1024 2956 1379 3030 pauperibus
1408 2960 1464 3011 et
1494 2955 1811 3028 peregrinis

158 3049 389 3102 censeat
416 3044 649 3102 deberi.
669 3043 948 3102 Praeterea
967 3043 1275 3117 hospitale,
1296 3060 1411 3117 quo
1432 3043 1814 3100 conferuntur

160 3147 317 3189 nona:
348 3131 471 3191 sive
518 3133 766 3190 decima
814 3134 887 3189 de
932 3131 1209 3206 episcopii
1258 3132 1435 3205 agris,
1470 3131 1657 3204 ipsius
1687 3140 1811 3187 erat

161 3220 444 3277 creditum
492 3219 896 3294 providentia.
930 3220 1092 3287 Quod
1145 3219 1241 3276 ille
1271 3224 1391 3275 tam
1423 3218 1668 3275 fideliter
1691 3224 1809 3276 sta-

162 3306 323 3365 bilire
354 3291 605 3380 curavit,
624 3312 691 3365 ut
710 3308 952 3382 triginta
980 3323 1263 3381 pauperes
1295 3325 1397 3380 per
1425 3324 1643 3364 annum
1673 3306 1809 3363 inde
1838 3291 1882 3359 C

166 3398 462 3455 commode
491 3400 989 3466 sustentarentur,
1008 3400 1066 3453 et
1085 3414 1153 3453 ex
1174 3395 1416 3452 ecclesia
1445 3412 1623 3468 quam
1656 3396 1816 3452 dom-

166 3499 270 3541 nus
300 3484 613 3546 Baldricus
664 3485 974 3559 episcopus
1018 3484 1223 3558 viginti
1269 3488 1521 3557 quatuor
1564 3484 1814 3541 eleemo-

167 3574 410 3645 synariis
439 3574 859 3633 sustentandis
882 3573 1293 3642 destinaverat,
1318 3573 1626 3629 duodecim
1656 3572 1813 3630 insu-

168 3675 263 3731 per
281 3663 582 3722 reticiendi
613 3662 1027 3748 adﬁcerentur,
1059 3678 1263 3719 omnes
1292 3662 1580 3735 peregrini
1610 3677 1810 3734 super-

167 3749 451 3809 venientes
471 3753 604 3810 sine
625 3750 795 3825 equis
814 3751 1230 3826 reciperentur,
1252 3768 1349 3807 eos
1370 3751 1623 3823 quicum
1644 3750 1811 3823 equis

169 3838 455 3898 venissent
510 3841 772 3915 recipere
830 3844 1149 3897 autumans
1204 3839 1460 3912 episcopi
1507 3838 1807 3895 interesse.

167 3926 313 3983 Adeo
343 3930 639 4003 sacrilegii
671 3945 835 3986 reum
867 3928 1135 3995 ducebat,
1163 3927 1212 3983 si
1244 3928 1558 3984 commissa
1586 3927 1698 3983 sibi
1730 3928 1809 3983 ef-

171 4012 291 4071 ficia
334 4034 440 4074 suo
494 4017 700 4077 labore
748 4034 861 4074 non
910 4020 1335 4090 augmentaret.
1382 4017 1629 4085 Interea,
1660 4032 1728 4071 ac
1758 4008 1823 4071 si‘

170 4098 310 4158 hosti
358 4105 771 4173 infestissimo,
822 4106 1155 4179 frequentes
1201 4104 1426 4177 corpori
1472 4102 1809 4160 indicuntur

170 4190 543 4261 abstinentiae,
582 4195 939 4268 pauperibus
970 4193 1181 4250 Christi
1212 4192 1491 4264 largiores
1521 4196 1810 4265 augentur

174 4276 451 4352 impensae.
509 4285 872 4342 Recreantur
915 4281 1173 4356 quotidie
1202 4281 1434 4353 utrique
1482 4280 1804 4337 assidentes

172 4362 344 4438 lateri,
393 4371 532 4430 hinc
581 4372 950 4440 clericorum,
985 4371 1120 4426 hinc
1170 4387 1493 4443 pauperum
1541 4374 1801 4425 catervae.

174 4449 505 4517 Referuntur
534 4463 608 4517 ab
642 4462 771 4533 ejus
802 4476 1006 4517 mensa
1024 4458 1329 4530 utriusque
1359 4457 1616 4514 hominis
1645 4458 1802 4514 ciba-

173 4540 265 4611 ῖίει
303 4545 542 4621 ipseque
590 4549 799 4606 hilaris
828 4548 1070 4605 conviva
1097 4546 1437 4620 parcissime
1467 4546 1715 4601 refectus
1747 4550 1804 4601 et

174 4625 277 4721 refe
296 4633 561 4710 jejunus,
612 4637 880 4695 esuriens
910 4652 1140 4709 semper
1169 4640 1225 4692 et
1254 4634 1459 4691 sitiens
1481 4633 1797 4706 justitiam,
1829 4653 1878 4721 Ι)

174 4714 301 4775 alios
328 4724 690 4785 sufficienter
728 4724 985 4799 expletos
1014 4724 1361 4781 dimittebat.
1394 4723 1634 4780 Divitias
1661 4739 1799 4779 suas

172 4811 448 4889 communi
470 4813 708 4871 utilitati
732 4830 909 4889 quam
931 4812 1044 4870 sibi
1065 4812 1349 4870 deservire
1370 4811 1799 4883 malebat,quas

173 4886 225 4977 ξπ
253 4898 439 4957 omnia
465 4901 703 4977 pietatis
752 4886 930 4975 opera
957 4901 1251 4957 inﬂectere
1280 4900 1517 4973 Optabat
1542 4919 1555 4968 ;
1588 4899 1797 4955 sentie-

172 4973 295 5065 Ῥω(
315 4973 740 5048 humanitatem
761 4973 888 5063 ejus
905 4989 1280 5065 aegritudines
1300 4987 1794 5056 decumbentium,

172 5059 376 5131 l«bores
402 5078 714 5148 exsulum;
748 5059 909 5136 senio
954 5059 1220 5147 confecti,
1253 5093 1286 5133 a
1315 5076 1531 5133 divitiis
1560 5076 1619 5131 in
1653 5092 1798 5147 pau-

1926 2158 2248 2213 timeretur.
2280 2159 2387 2214 Sed
2418 2160 2556 2231 quia
2585 2176 2654 2215 ex
2684 2160 2970 2216 sententia
3014 2161 3362 2232 Salomonis,
3395 2166 3568 2220 Frus-

1925 2253 2009 2301 tra
2029 2246 2241 2317 jacitur
2270 2256 2381 2302 rete
2408 2256 2533 2303 ante
2562 2249 2743 2303 oculos
2767 2259 3151 2321 pennatorum,
3186 2251 3315 2319 iste,
3348 2269 3565 2324 penna-

1924 2340 2049 2389 tum
2085 2334 2296 2391 animal
2331 2335 2450 2402 Dei,
2484 2353 2585 2408 per
2627 2336 2869 2409 gloriam
2903 2344 2959 2393 et
2990 2338 3431 2411 ignobilitatem,
3463 2358 3568 2413 per

1923 2423 2223 2479 infamiam
2249 2429 2303 2480 et
2326 2426 2536 2479 bonam
2560 2426 2799 2492 famam,
2817 2429 3048 2498 probra,
3069 2428 3562 2500 minas,pericula,

1922 2519 2217 2583 postremo
2268 2513 2465 2568 omnia
2510 2513 2706 2568 virtuti
2758 2514 3098 2570 obsistentia
3139 2516 3319 2573 libero
3370 2519 3564 2575 volatu

1920 2601 2199 2657 evadebat
2231 2601 2583 2668 tentamina;
2608 2602 2794 2675 primo
2817 2602 3049 2675 quidem
3074 2606 3475 2677 mqnanimiter
3498 2625 3565 2664 ea

1921 2688 2245 2756 tolerando,
2268 2707 2373 2745 suo
2404 2695 2599 2746 autem
2632 2691 2754 2746 loco
2787 2696 2843 2746 et
2874 2698 3130 2766 tempore
3159 2694 3362 2750 eadem
3393 2698 3565 2751 ratio-

1922 2776 2191 2833 nabiliter
2238 2778 2610 2846 confutando,
2639 2780 2721 2835 uti
2772 2796 3003 2853 semper
3054 2781 3275 2854 spiculo
3320 2784 3563 2841 rationis

1920 2865 2383 2921 adversariorum
2407 2867 2712 2923 confodere
2732 2867 2954 2923 solebat
2974 2874 3227 2940 pectora.
3250 2871 3386 2926 Erat
3405 2873 3561 2927 enim

1920 2953 2029 3010 hoc
2059 2954 2117 3008 in
2148 2970 2234 3022 eo,
2259 2971 2374 3027 prae
2394 2955 2616 3010 ceteris
2641 2962 2848 3012 nostra).
2873 2958 3164 3014 memoriae
3191 2960 3559 3028 mortalibus,

1919 3046 2039 3097 tam
2070 3041 2363 3097 laudabile
2394 3059 2571 3114 quam
2614 3044 2900 3111 mirabile,
2934 3047 3089 3117 quod
3120 3045 3179 3102 in
3211 3064 3562 3122 quocunque

1919 3130 2149 3201 negotio
2180 3135 2381 3185 contra
2420 3130 2739 3201 quemlibet
2781 3137 3038 3187 sumeret
3087 3137 3562 3207 controversiam,

1918 3217 2388 3289 inexpugnabilis
2419 3217 2663 3273 rationis
2692 3235 2798 3290 ope
2848 3220 3113 3276 munitus
3156 3228 3565 3295 assequeretur

1918 3305 2239 3363 victoriam.
2272 3306 2388 3361 Hoc
2419 3311 2613 3361 autem
2646 3307 2773 3363 ideo
2805 3308 2997 3377 fiebat,
3030 3308 3169 3381 quia
3206 3310 3562 3384 cireumspe-

1921 3398 2081 3449 ctum
2112 3410 2181 3448 ex
2209 3393 2367 3448 omni
2398 3400 2561 3465 parte
2589 3394 2803 3449 animal
2831 3395 2929 3450 Dei
2962 3402 3093 3451 ante
3114 3401 3169 3452 et
3192 3402 3341 3454 retro
3363 3399 3562 3456 oculos

1919 3482 1980 3537 in
2011 3482 2388 3537 intentionem
2422 3481 2558 3537 boni
2590 3482 2897 3555 direxerat,
2928 3484 2988 3540 in
3038 3487 3207 3557 cujus
3254 3504 3382 3543 sese
3426 3505 3560 3549 cum

1918 3571 2155 3627 veritate
2202 3576 2260 3626 et
2307 3570 2528 3627 ratione
2574 3572 2655 3627 ita
2703 3572 2999 3641 defixerat,
3036 3579 3100 3630 ut
3139 3592 3243 3631 nec
3272 3576 3423 3645 odio,
3457 3594 3563 3633 nec

1918 3659 2106 3733 gratia
2134 3659 2269 3716 inde
2301 3660 2514 3715 moveri
2543 3665 2739 3732 posset
2770 3678 2783 3717 :
2814 3678 2881 3716 ac
2909 3662 2959 3718 si
2998 3662 3194 3720 videas
3224 3670 3562 3722 contemne-

1920 3764 1981 3804 re
2011 3753 2235 3816 ventos,
2259 3766 2417 3817 saxa,
2444 3748 2751 3822 Rhodopes
2776 3768 2789 3818 ;
2814 3755 2916 3806 aut
2945 3767 3048 3807 ceu
3080 3752 3351 3826 procellis
3371 3756 3564 3812 obstat

1920 3836 2209 3909 Marpesia
2239 3842 2461 3893 cautes.

1985 3925 2181 3981 Vitam
2225 3943 2392 3983 suam
2425 3926 2542 3982 Deo
2572 3927 2800 3999 sibique
2831 3934 3029 3984 notam
3059 3929 3139 3985 ita
3168 3931 3558 4004 disposuerat,

1915 4018 1981 4068 ut
2006 4019 2204 4070 noctes
2225 4020 2399 4087 atque
2419 4013 2543 4071 dies
2559 4020 2766 4088 prater
2785 4016 2985 4073 horam
3010 4018 3199 4072 somni
3223 4024 3398 4091 atque
3421 4021 3558 4091 cibi,

1915 4106 2013 4158 aut
2036 4102 2462 4173 psallendo,aut
2482 4102 2855 4175 legendo,aut
2873 4105 3317 4164 rationabilibus
3339 4124 3405 4163 ex
3427 4125 3561 4165 cau-

1914 4190 1996 4247 sis
2026 4190 2399 4263 disputando,
2433 4191 2490 4246 in
2521 4192 2622 4247 Dei
2670 4191 2943 4247 laudibus
2990 4193 3374 4251 continuaret.
3409 4196 3558 4253 Raro

1914 4284 2017 4335 aut
2060 4279 2401 4351 neutiquam
2445 4280 2710 4344 accessit,
2744 4279 2844 4351 qui
2890 4298 3002 4336 non
3035 4297 3292 4355 congrua
3322 4285 3472 4339 atati
3502 4290 3559 4340 et

1912 4372 2131 4424 natura:
2162 4385 2280 4424 sua:
2312 4368 2681 4424 condimenta
2711 4368 2991 4423 retulerit.
3016 4370 3186 4425 Lacte
3207 4372 3447 4442 potabat
3468 4373 3555 4429 in-

1912 4457 2132 4525 firmos,
2166 4472 2314 4528 pane
2345 4456 2576 4512 cibabat
2611 4455 2833 4512 validos
2860 4475 2872 4525 ;
2905 4456 3037 4513 vino
3069 4462 3125 4512 et
3153 4460 3430 4516 carnibus
3460 4478 3554 4517 ve-

1911 4562 2099 4612 scens,
2133 4550 2197 4600 ut
2224 4546 2483 4600 attestari
2516 4544 2739 4600 solebat
2785 4545 2968 4601 abbas
3001 4546 3115 4618 (19)
3149 4547 3361 4620 Poppo,
3394 4549 3555 4608 solus

1909 4634 2295 4706 quorumdam
2316 4637 2670 4689 secretorum
2690 4634 2817 4705 ejus
2835 4635 3552 4703 conscins,monachorum

1908 4722 2171 4778 omnium
2217 4721 2325 4778 sibi
2366 4722 2732 4794 cognitorum
2784 4722 3051 4779 vincebat
3095 4724 3550 4797 abstinentiam;

1905 4811 2048 4867 dum
2072 4827 2184 4866 non
2207 4811 2347 4882 quid
2371 4809 2495 4866 sine
2517 4809 3006 4882 concupiscentia,
3032 4813 3130 4869 sed
3155 4818 3440 4885 quantum
3463 4832 3554 4872 co-

1905 4899 2161 4955 mederet
2176 4902 2586 4970 pensans,satu
2596 4898 2783 4953 ritatis
2801 4899 3022 4956 malum
3046 4903 3276 4958 cautius
3292 4902 3552 4975 viperino

1906 4986 2191 5059 sanguine
2222 4986 2519 5041 devitaret.
2549 4985 2750 5041 Vestes
2782 5005 2919 5043 suas
2950 4988 3092 5044 adeo
3122 4990 3549 5061 mederebatur,

1903 5077 1970 5128 ut
2002 5090 2104 5129 nec
2136 5080 2268 5130 ante
2295 5072 2439 5129 alios
2469 5073 2818 5144 ambitiosis,
2838 5076 2938 5133 sed
2971 5094 3075 5132 nec
3105 5077 3426 5150 plurimum
3457 5082 3554 5136 ab-

172 5160 431 5221 Pel'tatem
478 5167 756 5236 devoluti,
790 5166 1187 5225 indesinenter
1230 5167 1359 5238 ejus
1406 5163 1627 5221 δυσιιηὶ
1659 5166 1798 5219 sunt
1896 5162 2071 5232 jectis
2124 5161 2388 5230 indutus,
2438 5162 2620 5218 totius
2669 5164 3100 5236 superstitionis
3151 5167 3394 5240 typhum
3426 5186 3462 5224 a
3490 5186 3550 5224 se

176 5243 446 5329 gamma.
476 5255 687 5329 Sicque
716 5256 804 5311 vir
824 5254 1272 5323 ecclesiasticus,
1295 5253 1569 5309 omnibus
1599 5251 1796 5307 omnia

177 5325 362 5403 factus,
391 5325 612 5403 oculus
625 5348 751 5402 erat
770 5330 928 5401 caeco
950 5347 1007 5400 et
1024 5359 1126 5416 pes
1148 5342 1389 5409 claudo;
1414 5340 1568 5397 hunc
1590 5337 1797 5412 pupilli

178 5428 470 5498 mutem,
503 5432 661 5491 hunc
706 5432 894 5491 vidua:
940 5430 1208 5489 invenere
1247 5429 1543 5487 maritum.
1577 5427 1703 5483 Haec
1735 5425 1793 5479 in

184 5504 664 5583 administratione
692 5520 1065 5578 exteriorum.

243 5614 345 5689 (ἔξ)
371 5620 439 5681 ει
465 5623 622 5689 istud
652 5624 838 5687 tacuit
863 5625 1243 5684 abbreviator.

243 5684 342 5763 (19)
373 5691 435 5750 Et
461 5684 982 5776 haec'préetermisit
1010 5696 1265 5757 auctoris
1286 5694 1467 5755 nostri
1496 5691 1880 5753 abbreviator.

1904 5254 2238 5305 constanter
2268 5249 2566 5321 abjiceret,
2583 5252 2769 5306 satius
2791 5253 3010 5309 ducens
3032 5257 3283 5327 potentis
3309 5256 3550 5329 imperio

1904 5338 2108 5405 animi,
2133 5354 2309 5409 quam
2332 5339 2641 5409 asperitate
2662 5338 2833 5395 cilicii
2865 5342 3123 5413 corporis
3153 5345 3414 5399 membra
3446 5342 3549 5399 do-

1903 5425 2073 5492 mari,
2108 5425 2321 5497 quibus
2351 5443 2651 5498 nunquam
2685 5426 3000 5495 lavacrum,
3034 5446 3163 5486 raro
3195 5431 3369 5488 molle
3400 5447 3546 5502 prie-

1906 5513 2080 5570 bebat
2099 5517 2370 5570 stratum.
2396 5514 2462 5570 Et
2483 5516 2635 5589 quod
2660 5514 2784 5574 sine
2813 5514 3086 5592 lacrymis
3112 5517 3407 5577 reminisci
3430 5532 3544 5573 non
