4954 6458
37 1399 58 1493 l

1407 519 1529 580 73$)
2491 513 2816 574 VASONIS
2861 508 3319 573 LEODIENSIS
3365 507 3742 570 EPISCOPI.

1409 670 1752 724 possumus,
1773 649 2033 705 solemne
2055 649 2331 721 quiddam
2356 649 2411 702 in
2435 647 2847 702 censui-tudine
2883 645 3053 698 habe-
3085 645 3136 711 Α
3169 644 3402 697 animus
3448 648 3635 696 vester
3665 657 3841 712 super
3868 639 4032 696 electi
4064 640 4178 694 vita
4208 645 4264 695 et
4295 641 4562 696 moribus
4593 658 4819 696 movea-

1408 741 1500 795 bal
1541 746 1830 794 secretum
1864 755 1877 792 :
1913 739 2074 793 adest
2105 739 2311 792 veritas
2359 736 2572 791 Christi
2625 751 2716 789 me
2768 733 2911 787 nihil
2948 735 3051 786 tin-

1409 845 1566 903 gere.
1600 830 1745 884 Cum
1780 827 1870 882 his
1901 832 1956 881 et
1999 825 2196 880 multis
2244 826 2376 879 aliis
2425 822 2866 878 difficultatibus
2897 823 3050 892 jam-

1399 917 1531 990 jam
1565 934 1679 989 pra:
1730 915 1890 970 senio
1943 931 2231 983 exsangue
2283 918 2564 984 premeret
2615 928 2846 981 corpus,
2880 911 3053 966 certis

1408 1005 1618 1062 diebus
1640 1005 1955 1061 durissima
1985 1003 2090 1058 sibi
2109 1004 2354 1073 jubebat
2375 1003 2610 1056 verbera
2637 1001 2838 1070 affligi,
2858 1005 3052 1053 coacto

1407 1094 1712 1151 correctori
1747 1110 1850 1148 suo
1883 1093 1937 1146 in
1967 1093 2135 1146 verbo
2168 1091 2396 1146 Domini
2431 1089 2765 1144 terribiliter
2795 1089 3050 1150 ediccns,

1405 1187 1474 1238 ut
1506 1200 1619 1237 non
1651 1185 1926 1254 parceret,
1959 1186 2016 1234 et
2064 1185 2348 1235 secretum
2399 1178 2634 1248 vulgare
2681 1195 2792 1231 non
2831 1194 3051 1248 prresu-

1403 1275 1607 1328 meret.
1632 1271 1789 1336 Quod
1815 1269 1906 1324 ille
1928 1286 2307 1339 suppressum
2329 1268 2426 1321 diu
2452 1269 2628 1321 etiam
2663 1271 2792 1338 post
2823 1267 3047 1318 obitum

1400 1361 1528 1430 ejus
1559 1359 1763 1423 tenuit,
1795 1359 1892 1412 sed
1929 1357 2340 1428 indignissimo
2368 1355 2698 1410 sanctitatis
2730 1355 2856 1424 ejus
2888 1370 3050 1406 servo

1395 1449 1538 1504 tanti
1569 1449 1779 1521 pignus
1812 1445 2072 1502 thesauri
2105 1445 2355 1500 revelare
2389 1462 2502 1498 non
2537 1445 2766 1514 refugit.
2799 1444 2855 1497 ln
2891 1447 3046 1496 tanta

1394 1538 1675 1594 virtutum
1727 1536 2041 1594 efficientia
2088 1536 2360 1590 studebat
2411 1551 2660 1605 semper,
2693 1532 2800 1586 etsi
2851 1531 2906 1585 in
2943 1532 3046 1586 hac

1394 1633 1556 1700 parte
1586 1643 1957 1698 nequaquam
1985 1625 2041 1678 in
2066 1623 2307 1688 se,alias
2339 1628 2532 1677 tamen
2567 1622 2780 1692 ubique
2812 1637 3045 1675 auream

1396 1721 1593 1771 tenere
1626 1713 2106 1769 mediocritatem.
2157 1713 2221 1765 Et
2264 1728 2393 1765 vere
2427 1710 2778 1782 pra-cipuum
2830 1709 3044 1762 discre-

1397 1804 1576 1858 tionis
1599 1802 1926 1874 speculum,
1949 1802 2165 1871 regiam
2189 1800 2340 1853 viam
2367 1801 2514 1854 inter
2537 1799 2735 1852 laivum
2756 1799 3047 1851 dextrum-

1399 1909 1514 1964 que
1561 1891 1752 1946 media
1800 1890 1925 1944 vita:
1959 1907 2077 1943 sua:
2110 1889 2342 1943 lucerna
2377 1889 2856 1960 prmmoustrabat
2892 1888 3042 1940 ince-

1398 1979 1674 2036 dendam.

1397 2088 1534 2144 CAP.
1568 2087 1660 2143 ΧΙ.
1691 2086 1866 2157 Quod,
1907 2085 2156 2154 defuncto
2188 2082 2546 2152 Regia/tarde,
2586 2085 2877 2150 imperator
2907 2082 3043 2134 Con-

1611 2159 1776 2213 radus
1808 2161 1966 2213 illum
1995 2159 2298 2228 episcopatu
2340 2157 2539 2209 (lunare
2581 2157 2829 2208 voluerit.

1469 2248 1633 2303 Hunc
1651 2248 1922 2302 defuncto
1949 2245 2315 2316 Reginhardo
2338 2245 2610 2315 episcopo
2635 2244 2884 2296 maxima
2913 2259 3044 2313 pars

1396 2337 1649 2393 filiorum
1679 2335 1945 2391 Ecclesim
1968 2336 2075 2388 sibi
2101 2334 2440 2406 episcopum
2467 2333 2588 2386 fieri
2626 2332 3040 2403 peroptabaut:

1393 2444 1642 2499 quorum
1678 2425 1773 2480 ille
1828 2425 2177 2479 sententiam
2235 2430 2296 2477 ut
2327 2441 2359 2475 a
2391 2441 2450 2476 se
2485 2421 2825 2490 longissime
2859 2437 3040 2473 remo-

1389 2521 1564 2582 veret,
1601 2516 1852 2570 multum
1887 2513 2290 2583 redarguendo
2340 2530 2460 2580 eos,
2492 2510 2590 2581 qui
2646 2511 2753 2562 sibi
2804 2508 3044 2577 majoris

1389 2604 1642 2660 ecclesize
1667 2603 1974 2676 praeposito
1999 2601 2246 2672 eligendi
2277 2599 2541 2671 praesulis
2567 2599 2880 2669 primatum
2908 2616 3045 2668 pra--

1391 2691 2101 2766 ripui_ssent,i\'ithardum
2132 2690 2437 2744 custodem
2471 2687 2526 2741 in
2561 2688 2895 2757 episcopum
2929 2686 3040 2738 ele-

1393 2782 1750 2854 git,omnem
1783 2779 2000 2833 clerum
2035 2783 2088 2832 et
2114 2776 2393 2848 populum
2422 2775 2476 2828 in
2504 2776 2848 2829 sententiam
2875 2791 3038 2828 suam

1393 2871 1588 2925 venire
1622 2868 1829 2939 coegit.
1863 2867 2016 2922 Adeo
2047 2867 2334 2936 primatus
2373 2865 2459 2918 sui
2494 2864 2890 2918 auctoritatem
2929 2881 3038 2916 non

1393 2959 1450 3014 in
1484 2975 1546 3013 se
1578 2957 1956 3030 prmferendo,
1989 2956 2088 3011 sed
2121 2954 2177 3008 in
2225 2954 2457 3023 juniore
2489 2953 2596 3007 sibi
2633 2952 3037 3024 pra-ponendo,

1394 3047 1620 3104 fortiter
1649 3046 1938 3100 vindicare
1970 3043 2216 3111 studuit,
2249 3061 2391 3097 usus
2424 3042 2764 3098 auctoritate
2796 3047 3040 3114 potestao

1390 3137 1467 3194 tis
1499 3137 1568 3192 ad
1602 3135 1967 3190 retinendum
2007 3133 2354 3188 humilitatis
2398 3133 2781 3204 propositum,
2819 3148 2930 3184 non
2966 3131 3034 3183 ad

1387 3225 1786 3298 arripiendum
1848 3222 2229 3279 sublimitatis
2280 3221 2471 3276 locum
2507 3225 2640 3288 i2”).
2690 3220 2803 3274 Nec
2852 3237 3035 3281 mora,

1384 3332 1514 3372 cum
1545 3314 1728 3372 electo
1759 3319 1810 3369 et
1835 3314 1993 3386 virga
2024 3311 2339 3384 episcopali
2378 3311 2783 3382 imperatorem
2817 3309 3036 3363 Conra-

3163 737 3258 786 tur
3289 732 3584 803 scrupulo,
3641 730 3784 785 mihi
3836 735 4025 785 totum
4083 731 4423 801 imputetur,
4459 731 4516 786 in
4568 746 4663 786 me
4713 730 4820 786 hoc

3163 822 3677 875 animadvertatur.
3717 843 3742 866 ι»
3776 821 4097 891 Superatus
4150 819 4242 873 vix
4291 819 4528 874 tandem
4565 820 4819 892 impera-

3163 915 3272 979 tor,
3303 915 3418 963 tam
3455 909 3760 980 splendida
3791 908 4104 962 eluctantis
4136 925 4196 962 se
4227 908 4299 962 ab
4337 908 4681 981 episcopatu
4707 908 4816 963 Va-

3163 1000 3322 1053 sonis
3357 1000 3673 1062 nimietate,
3707 997 3789 1052 uti
3824 999 4147 1069 petebatur,
4179 997 4463 1053 Nithardo
4511 999 4819 1069 episcopa-

3162 1091 3285 1141 tum
3320 1089 3602 1142 concedit.
3639 1091 3788 1141 Vaso
3822 1093 4016 1141 autem
4049 1087 4262 1142 timens
4293 1085 4548 1142 exterius
4579 1086 4820 1142 honori-

3163 1177 3269 1230 bus
3307 1179 3598 1246 proficere.
3619 1195 3688 1230 ue
3717 1177 3962 1231 interius
3986 1177 4248 1231 moribus
4278 1174 4516 1248 incipiat
4545 1176 4818 1238 deﬁcere.

3159 1266 3207 1321 ei
3243 1268 3411 1336 cujus
3444 1267 3721 1334 magister
3775 1267 3960 1319 fuerat
4009 1264 4295 1335 patienter
4331 1281 4398 1319 ac
4431 1263 4683 1335 benigne
4715 1281 4820 1336 ga-

3159 1355 3318 1408 visus
3348 1360 3434 1408 est
3460 1356 3701 1408 subesse
3727 1372 3739 1408 :
3767 1355 3966 1424 sicque
3990 1371 4055 1408 ea
4078 1369 4205 1425 quae
4231 1358 4382 1408 retro
4408 1358 4548 1408 sunt
4571 1353 4819 1417 oblitus.

3158 1449 3212 1498 et
3247 1445 3299 1497 in
3335 1445 3624 1497 anteriora
3655 1449 3944 1507 extentus,
3977 1459 4078 1514 per
4107 1442 4556 1513 quatuordecim
4591 1459 4820 1515 przepo-

3159 1533 3352 1586 siturze
3385 1551 3567 1587 annos
3600 1533 3668 1586 ad
3705 1531 3968 1586 bravium
4010 1548 4277 1605 superna:
4325 1531 4651 1587 vocationis
4686 1549 4818 1604 pro-

3159 1623 3534 1692 sequebatur.

3254 1715 3388 1766 tiae.
3421 1711 3540 1765 ΧΗ.
3574 1712 3830 1780 Qualiter
3861 1713 3915 1765 in
3949 1713 4256 1782 episcopum
4285 1710 4484 1765 electu:
4519 1712 4719 1782 fuerit.

3229 1801 3388 1854 lluuc
3425 1800 3595 1853 talem
3629 1819 3692 1854 ac
3727 1806 3951 1854 tantum
3987 1799 4266 1854 athletam
4319 1816 4495 1854 suum
4526 1799 4816 1855 Dominus

3155 1889 3375 1942 diutius
3412 1889 3597 1943 noluit
3620 1906 3747 1942 esse
3776 1889 4106 1953 occultum;
4133 1890 4229 1943 sed
4256 1905 4430 1960 quem
4459 1889 4614 1944 infra
4635 1889 4817 1942 unius

3157 1979 3394 2032 claustri
3456 1984 3620 2048 septa
3670 1977 3902 2032 dederat
3954 1994 4084 2033 esse
4135 1978 4476 2050 perfectum.
4525 1977 4707 2049 quasi
4763 1978 4816 2032 in

3153 2068 3488 2121 certaminis
3521 2085 3791 2138 campum
3843 2073 4150 2122 strenuum
4178 2067 4360 2138 jussit
4391 2066 4628 2139 prodire
4660 2068 4816 2120 mili-

3153 2163 3289 2219 tem,
3318 2163 3379 2210 ut
3415 2158 3466 2209 iu
3504 2163 3759 2227 tempore
3793 2157 4106 2210 iracundia:
4130 2174 4247 2209 sum
4272 2155 4561 2211 laboranti
4597 2155 4817 2228 populo

3155 2248 3312 2299 fieret
3375 2245 3783 2306 reconciliatio.
3830 2251 3884 2300 et
3935 2245 4068 2300 belli
4123 2245 4412 2317 famisque
4464 2251 4815 2317 tempestate

3155 2335 3500 2406 periclitanti
3538 2335 3733 2405 patrim
3769 2337 3910 2389 foret
3945 2335 4221 2388 remedio.

3225 2424 3493 2476 Ublatum
3512 2425 3634 2492 jam
3659 2429 3829 2477 antea
3853 2425 3960 2478 sibi
3989 2423 4365 2494 pra‘sulatum
4400 2429 4774 2478 recusaverat
4799 2442 4812 2482 :

3154 2513 3523 2572 Nithardum.
3560 2518 3622 2567 ut
3680 2514 3898 2567 dictum
3950 2519 4059 2580 est,
4113 2513 4222 2566 sibi
4279 2512 4612 2585 prtetulerat
4645 2530 4660 2567 :
4697 2529 4816 2584 quo

3152 2603 3447 2668 defuncto,
3483 2604 3615 2655 item
3648 2619 3680 2656 a
3711 2602 3862 2655 clero
3911 2609 3964 2656 et
4021 2602 4236 2674 populo
4285 2602 4356 2657 ad
4401 2602 4812 2674 episcopatum

3154 2692 3493 2762 reposcitur.
3532 2691 3628 2744 Ille
3661 2709 3690 2744 e
3721 2697 3924 2745 contra
3954 2691 4106 2744 credi
4151 2708 4266 2745 non
4317 2695 4508 2762 potest
4553 2695 4816 2761 quantas

3153 2798 3345 2834 moras
3378 2799 3494 2834 sum
3539 2780 3800 2834 electioni
3859 2781 4167 2842 innectere,
4201 2785 4418 2852 quanto
4467 2781 4685 2834 annisu
4743 2795 4814 2831 ne

3152 2873 3308 2923 fieret
3343 2870 3633 2923 studuerit
3671 2869 3975 2935 insistere;
4004 2868 4340 2922 electionem
4388 2867 4506 2938 regi
4541 2866 4816 2938 displici-

3152 2965 3362 3014 turam.
3389 2975 3593 3029 parum
3622 2957 3808 3012 valere
3840 2975 4017 3028 super
4047 2957 4153 3011 hoc
4182 2955 4432 3026 negotio.
4457 2957 4648 3026 magis
4679 2958 4818 3027 ejus

3148 3065 3302 3118 exspi
3325 3049 3604 3101 ctandum
3637 3064 3763 3100 esse
3795 3046 3996 3101 dicens
4039 3047 4367 3102 arbitrium.
4401 3045 4623 3100 Taliter
4653 3045 4818 3098 reni-

3149 3135 3322 3191 tentis
3376 3142 3430 3190 et
3461 3138 3796 3190 excusantis
3829 3135 4114 3190 sententia
4146 3152 4262 3190 non
4293 3133 4548 3198 auditur,
4585 3133 4818 3187 invitus

3147 3243 3179 3278 a
3211 3226 3436 3278 cunctis
3461 3225 3814 3279 unanimiter
3836 3225 4089 3294 eligitur,
4115 3224 4494 3278 ltatisbonam
4519 3221 4816 3286 mittitur,

3148 3314 3240 3368 ubi
3277 3317 3417 3368 forte
3451 3314 3729 3368 llenricus
3764 3319 3899 3367 tunc
3934 3331 4051 3371 rex.
4086 3318 4286 3385 postea
4317 3311 4654 3382 imperator,
4693 3310 4818 3365 Bo-

1383 3405 1523 3460 dum
1555 3405 1719 3470 adiit,
1751 3404 1849 3476 qui
1883 3408 2018 3457 tunc
2070 3403 2215 3457 forte
2264 3400 2321 3454 in
2379 3399 2542 3454 Italia
2576 3398 2910 3460 hiemabat;
2948 3413 3032 3451 re-
3064 3393 3106 3460 (ξ
3147 3403 3400 3457 hominm
3445 3420 3578 3457 cum
3623 3403 3875 3457 exercitu
3925 3419 4312 3472 aggressurus
4353 3402 4570 3455 aderat.
4623 3400 4819 3474 Virg:

1384 3499 1660 3566 pertoque
1712 3491 2062 3547 Nonantulis
2110 3490 2348 3560 Oppido,
2400 3487 2733 3560 petitionem
2769 3485 3032 3541 Ecclesia:

1383 3588 1596 3638 nostra:
1626 3582 1783 3636 idem
1813 3581 1937 3652 ipse
1968 3584 2170 3634 auctor
2197 3583 2251 3631 et
2272 3577 2496 3645 legatus
2522 3575 2764 3630 fideliter
2795 3576 3030 3647 profert.

1383 3670 1737 3725 Praescntato
1768 3667 1969 3735 electo,
1993 3666 2148 3720 hunc
2176 3666 2242 3719 ad
2278 3666 2383 3718 hoc
2415 3683 2560 3719 onus
2594 3664 3032 3735 suscipiendum

1384 3758 1665 3814 idoneum
1697 3773 1847 3821 esse,
1883 3756 2057 3827 idque
2088 3753 2440 3808 unanimiter
2469 3771 2502 3808 a
2533 3753 2686 3808 clero
2731 3758 2787 3808 et
2820 3751 3033 3823 populo

1387 3845 1671 3920 postulari
1731 3849 2041 3899 asseverat.
2104 3844 2421 3914 Imperator
2469 3848 2712 3896 autem:
2757 3864 2785 3889 ‹‹
2849 3841 3032 3906 llunc,

1387 3952 1564 4008 quem
1619 3934 1788 4001 mihi,
1837 3933 2046 4006 inquit,
2080 3933 2317 3999 offertis,
2354 3948 2724 4002 nequaquam
2759 3947 3030 4000 agnosco,

1384 4025 1484 4081 sed
1518 4025 1680 4080 vobis
1713 4021 1854 4078 mihi
1889 4021 2042 4077 haud
2094 4021 2291 4093 ignoto
2323 4021 2479 4075 hunc
2512 4019 2790 4074 honorem
2826 4019 3032 4073 lubens

1383 4115 1572 4187 cupio.
1622 4137 1648 4164 ››
1706 4112 1804 4169 Ille
1851 4129 1882 4168 e
1930 4111 2220 4168 contrario
2276 4111 2466 4165 modis
2520 4109 2793 4164 omnibus
2849 4113 2911 4163 ut
2970 4125 3032 4163 se

1381 4203 1712 4277 posthabito
1770 4202 2144 4276 episcopatus
2192 4199 2250 4254 in
2306 4200 2553 4255 electum
2604 4203 3034 4270 retorqueretur

1380 4293 1791 4360 annitebatur;
1843 4289 2010 4347 illum
2078 4289 2428 4363 digniorem,
2491 4288 2658 4344 illum
2723 4288 3028 4359 aptiorem,

1382 4386 1580 4454 utpote
1603 4383 1900 4454 juvenem,
1933 4380 2141 4452 agilem
2190 4385 2247 4435 et
2277 4384 2609 4451 promptum
2645 4375 3030 4433 exsecutioni-

1380 4470 1492 4526 bus
1524 4469 1843 4543 imperialis
1874 4469 2086 4525 servitii
2111 4486 2125 4536 ;
2153 4467 2265 4523 sibi
2299 4469 2525 4540 frigido,
2550 4467 2694 4522 senii
2722 4465 3031 4538 gravedine

1383 4560 1660 4627 confecto,
1685 4559 1929 4631 jamque
1960 4557 2273 4620 silicernio,
2305 4557 2579 4626 deinceps
2628 4555 2821 4627 potius
2871 4554 3031 4624 cogi-

3141 3493 3489 3563 episcopalis
3519 3509 3654 3546 cum
3707 3492 3970 3546 Ecclesia:
4004 3498 4212 3546 nostra?
4243 3491 4450 3546 litteris
4481 3497 4816 3563 presente-

3142 3587 3273 3647 tur;
3309 3599 3400 3635 res
3447 3582 3671 3651 agenda
3719 3581 3776 3636 in
3827 3582 4148 3635 crastinum
4200 3581 4511 3634 differtur:
4563 3585 4814 3650 postera

3141 3671 3232 3724 die
3265 3688 3296 3724 a
3329 3688 3460 3740 rege
3493 3687 3625 3724 cum
3659 3671 3950 3741 episeopis
3980 3675 4033 3725 et
4065 3662 4305 3740 reliquis
4338 3667 4534 3742 palatii
4579 3669 4812 3740 princi-

3141 3760 3316 3822 pibus
3365 3760 3709 3814 Consulitur.
3746 3760 3858 3815 Nec
3889 3761 4122 3813 defuere
4155 3758 4524 3813 adulantium
4559 3758 4811 3828 lingua.

3142 3850 3240 3920 qui
3273 3849 3616 3903 electionem
3652 3850 3777 3902 sine
3811 3849 3966 3916 regio
3999 3849 4188 3902 favore
4224 3848 4431 3902 factam
4469 3855 4814 3901 assererem

3139 3955 3368 3992 cassam
3403 3938 3555 4003 fore;
3590 3955 3657 3991 ex
3687 3936 4003 4009 capellanis
4037 3937 4231 4008 potius
4262 3935 4602 4007 episcopum
4637 3953 4819 3991 cons-

3142 4027 3497 4090 tituendum,
3529 4027 3818 4081 Vasonem
3868 4043 4170 4096 nunquam
4207 4025 4265 4081 in
4319 4031 4480 4080 curte
4514 4023 4677 4096 regia
4707 4026 4816 4081 de-

3141 4117 3406 4186 sudasse,
3455 4121 3518 4171 ut
3565 4116 3741 4170 talem
3795 4121 4222 4188 promereretur
4277 4113 4558 4170 honorem
4595 4131 4610 4169 :
4646 4115 4814 4186 quod

3139 4223 3272 4260 vero
3305 4206 3467 4261 nefas
3508 4206 3584 4260 sit
3613 4205 3791 4259 alium
3826 4204 4174 4275 episcopari,
4207 4204 4319 4258 nisi
4373 4220 4550 4274 quem
4582 4204 4815 4258 consti-

3142 4295 3276 4349 terit
3327 4296 3384 4349 in
3431 4300 3593 4350 curte
3644 4295 3803 4364 regia
3847 4294 4117 4364 evagari;
4154 4309 4217 4347 ac
4250 4310 4364 4347 non
4398 4292 4595 4363 potius
4629 4293 4816 4347 talem

3139 4383 3271 4454 eligi
3320 4389 3604 4456 oportere,
3640 4383 3739 4454 qui
3792 4383 4141 4437 informatus
4187 4382 4559 4453 subjectione
4603 4380 4818 4436 clauso

3143 4473 3306 4529 tralis
3339 4473 3701 4537 obedientize,
3735 4489 3847 4526 non
3881 4475 3996 4526 tam
4034 4487 4280 4542 pricesse
4313 4486 4490 4542 quam
4524 4470 4816 4541 prodesse

3139 4562 3429 4618 didicerit.
3455 4565 3578 4628 Qua
3608 4565 3896 4616 sententia
3922 4560 4290 4615 adulatorum
4323 4558 4488 4614 facile
4523 4558 4814 4614 inductus

4705 510 4824 569 740

1380 4648 1626 4704 tandum
1683 4648 1754 4703 de
1809 4645 2058 4703 tumulo.
2118 4648 2382 4716 Cumque
2440 4644 2756 4714 imperator
2811 4659 3029 4713 nequa-
3129 4653 3336 4723 juveni

2855 4659 3029 4713 equa-
3129 4653 3417 4723 juvenilis
3477 4652 3632 4723 regis
3690 4652 3946 4714 animus,
3999 4650 4195 4704 nescio
4252 4665 4427 4720 quem
4478 4646 4811 4702 barbarum

1382 4753 1556 4810 quam
1588 4736 1935 4793 sententiam
1972 4739 2198 4790 ῐηυίίιτθ
2225 4733 2414 4798 veneti
2447 4746 2703 4800 οιιῐητιιιθ
2739 4730 2809 4784 ad
2845 4731 3030 4784 SUSCi'
3061 4764 3107 4828 Β
3137 4741 3460 4796 cervicibus
3493 4740 3709 4795 nostris
3740 4740 4104 4812 prmparabat
4152 4737 4472 4810 imponere,
4504 4753 4646 4792 cum
4679 4737 4814 4790 ins-

1383 4826 1660 4898 piendum
1693 4826 2094 4896 episcopatum
2126 4821 2500 4876 vehementer
2529 4822 2762 4890 urgeret
2793 4835 2806 4872 :
2842 4843 2866 4867 u
2901 4819 3032 4874 Par-
3063 4819 3103 4828 ”
3141 4831 3334 4902 pirant

2865 4844 2866 4865 ξ
2901 4819 3032 4874 Pi"-
3063 4819 3103 4828 ”
3141 4831 3390 4902 pirante,
3426 4835 3486 4884 ut
3514 4829 3828 4888 credimus.
3854 4828 3993 4892 Deo,
4021 4845 4087 4882 ex
4119 4827 4278 4883 omni
4311 4826 4411 4882 illo
4441 4825 4821 4881 consiliario-

1382 4919 1491 4982 θαι,
1523 4914 1736 4986 inquit.
1787 4915 2064 4982 maJCSla-‘J
2110 4915 2326 4974 "951m,
2359 4907 2538 4977 huius
2570 4907 3032 4978 ἀθετορίῖίεθηίε
3141 4937 3271 4974 rum
3333 4925 3503 4984 coetu,
3562 4918 3670 4973 soli
3751 4917 4143 4973 Herimannus
4212 4915 4700 4988 archiepiscopus
4758 4921 4816 4969 et

1382 5009 1600 5075 parcat,
1635 5003 1894 5068 obsecro,
1931 5002 2100 5055 fama;
2149 5000 2206 5052 in
2255 4997 2309 5051 id
2361 4997 2546 5052 aztatis
2596 4997 2885 5068 productae
2932 4996 3029 5051 Dei
3141 5008 3336 5062 13mm)

2861 5015 2885 5049 Β
2932 4996 3029 5051 Dei
3141 5008 3336 5062 Bruno
3367 5007 3874 5076 Wirzehurgensis
3921 5007 4232 5077 episcopus
4271 5009 4390 5060 tam
4431 5002 4630 5059 inutili
4663 5020 4817 5059 sen-

1382 5092 1571 5164 gratia
1616 5091 1839 5160 absque
1887 5088 2142 5161 perfidia:
2187 5091 2344 5142 nota.
2391 5085 2450 5140 Si
2498 5084 2674 5140 unius
2721 5086 3033 5155 cujuslibet
3139 5098 3334 5152 tentia;

2861 5087 3033 5141 8“th
3139 5098 3334 5152 tentias
3365 5098 3578 5152 saniori
3614 5096 3856 5151 consilio
3887 5095 4013 5150 ausi
4046 5100 4182 5150 sunt
4213 5095 4465 5149 obviare.
4488 5093 4603 5148 Nec
4637 5093 4815 5164 prius

1382 5179 1642 5235 hominis
1669 5176 2016 5248 legationem
2047 5175 2460 5247 suscepissem,
2493 5175 2584 5230 cui
2621 5174 2859 5246 posthac
2888 5175 3032 5230 foret
3140 5186 3338 5241 verum

2857 5197 2859 5223 ι
2888 5175 3032 5230 {oret
3140 5186 3399 5241 veritatis
3445 5190 3764 5240 assertores
3797 5184 4014 5256 Deique
4046 5190 4448 5255 cooperatores
4477 5181 4813 5242 absistunt,

1383 5267 1502 5322 fida
1534 5275 1735 5321 nostra
1779 5266 1941 5334 ﬁdes:
1992 5265 2040 5320 Si
2091 5264 2241 5320 hanc
2291 5263 2360 5320 ad
2410 5263 2780 5319 εοωωοάυω
2832 5280 3030 5319 meum
3139 5275 3323 5330 donec
3354 5276 3447 5330 vix
3478 5275 3718 5329 tandem
3765 5275 3933 5344 regite
3967 5272 4260 5344 majestati
4291 5272 4632 5343 petitionem
4667 5288 4818 5326 nos-

1385 5353 1830 5426 retorquerem?
1875 5356 2100 5422 Quanto
2159 5354 2346 5427 magis
2403 5354 2448 5409 si
2505 5353 2708 5409 matris
2767 5352 3030 5408 Ecclesiae
3139 5369 3292 5419 1mm

2861 5352 3030 5408 τιεδίεὲ
3139 5369 3292 5419 tram
3352 5364 3682 5426 conciliant,
3715 5368 3770 5417 et
3819 5380 4122 5434 procerum
4174 5362 4403 5416 animos
4453 5362 4510 5415 in
4562 5365 4817 5416 senten-

1383 5461 1571 5501 unum
1619 5442 1896 5516 populum
1947 5443 2224 5518 petitione
2255 5448 2311 5500 et.
2341 5443 2617 5500 electione
2655 5459 2764 5498 sua
2796 5442 3031 5497 frauda-
3138 5454 3282 5508 tiam
3317 5471 3339 5508 ε

2860 5443 3031 5497 ὶυάει·
3138 5454 3282 5508 tiam
3317 5471 3482 5508 suam
3515 5453 3836 5522 trajiciunt.
3888 5451 3999 5506 Sed
4051 5455 4248 5507 manet
4276 5450 4468 5505 adhuc
4499 5450 4816 5521 sapientes

1381 5531 1750 5592 vero?Juste
1803 5533 1955 5590 enim
1989 5534 2211 5590 fraudis
2241 5538 2296 5590 et
2325 5533 2578 5606 perfidia:
2609 5533 2945 5596 accusabor,
2980 5533 3028 5588 εἰ
3141 5543 3488 5598 architectos
3539 5541 3702 5597 labor
3751 5541 3921 5613 longe
3961 5542 4302 5612 operosior;
4336 5555 4473 5594 nun
4523 5555 4591 5593 ac
4635 5538 4694 5594 si
4743 5539 4818 5594 de

1381 5628 1582 5682 contra
1613 5639 1980 5682 communem
2014 5627 2340 5681 nostratum
2371 5638 2724 5679 CODSGHSUID
2758 5620 2910 5677 hanc
2942 5621 3030 5677 in-
3140 5632 3575 5688 immanissinu)
3643 5637 3838 5685 [monte
3916 5629 4250 5684 columnam
4302 5633 4593 5684 conentur
4647 5628 4822 5684 εχαξ-

1382 5714 1596 5792 dignus
1655 5713 1991 5788 dignitatem
2053 5728 2500 5789 praesumpsere.
2561 5711 2635 5766 At
2702 5728 2775 5767 ne
2831 5710 3030 5783 aliquo
3139 5721 3338 5792 dei-3,1

2864 5710 3030 5783 liquo
3139 5721 3297 5792 dere,
3319 5721 3479 5777 haud
3507 5719 3675 5776 aliter
3705 5719 3838 5776 boni
3869 5719 4123 5776 artifices
4153 5717 4338 5774 nostri
4367 5717 4649 5776 omnibus
4685 5734 4820 5774 mo-

1453 5805 1566 5884 (20)
1596 5805 1738 5876 Qua
1767 5811 2096 5884 sequuntur
2122 5799 2502 5881 praetermisit
2530 5798 2770 5859 omnino
2800 5800 3182 5874 abbreviator.

4951 3815 4954 3906 ἔ
