4954 6422
619 447 726 509 741

2210 445 2416 510 VI'I‘A.

3890 457 4009 518 742

617 581 706 639 dis
735 579 1014 637 insictunt
1049 577 1347 637 elaborare
1372 585 1437 637 ut
1455 581 1542 637 vir
1564 582 1670 637 iste
1695 580 1752 636 in
1771 581 2083 638 virtutibus
2107 587 2260 637 totus
2293 590 2337 651 Α
2374 586 2502 636 sent
2531 580 2818 653 praeferre,
2843 582 3109 650 laudare;
3135 560 3391 639 utiliores
3422 585 3607 657 gratia
3637 591 3693 642 et
3723 588 3887 646 donis
3904 590 4008 645 ho-

618 676 770 727 teres
801 674 977 742 atque
1008 670 1299 726 rotundus
1330 671 1657 727 consentiat
1687 670 1797 727 sibi
1848 670 2067 743 imponi
2116 688 2264 726 onus

618 757 891 816 ecclesiae.
915 759 1144 814 Perstat
1174 758 1274 814 diu
1297 758 1597 814 immobile
1627 758 1859 832 pietatis
1887 759 2031 815 illud
2062 765 2265 831 pectus

617 848 672 905 in
707 848 1006 921 proposito
1038 846 1423 915 humilitatis;
1457 848 1612 921 quod
1639 849 1915 919 profecto,
1950 853 2014 903 ut
2036 849 2265 904 aitbea-

618 936 1067 1010 tusGregorius,
1082 934 1317 1009 pietatis
1341 940 1542 1008 pectus
1563 953 1678 990 non
1699 940 1870 1003 esset,
1888 935 1935 991 si
1958 936 2066 991 hoc
2081 936 2267 1008 pietas

617 1043 732 1083 non
764 1025 1020 1082 vicisset.
1048 1023 1414 1080 Intellexerat
1444 1025 1599 1080 enim
1629 1024 1677 1079 si
1709 1024 2110 1097 episcopatum
2150 1041 2264 1079 non
2299 1013 2303 1017 ’

617 1114 919 1187 reciperet,
945 1114 1213 1185 ejusdem
1245 1113 1493 1185 potitum
1527 1113 1646 1169 fore
1675 1114 1988 1185 quemdam
2020 1117 2183 1169 aetate
2213 1118 2269 1168 et

619 1202 886 1259 moribus
908 1202 1316 1275 juvenem,qui
1350 1202 1593 1258 forsitan
1626 1201 1912 1258 Dominici
1943 1202 2136 1275 gregis
2162 1201 2266 1258 sti-

620 1307 775 1365 pem,
813 1308 941 1364 quae
972 1290 1031 1346 in
1077 1289 1311 1346 laudem
1343 1291 1467 1357 Dei,
1500 1307 1561 1347 se
1604 1291 1770 1357 duce,
1804 1290 2266 1358 fructiﬁcaverat,

622 1380 955 1452 dissiparet,
991 1379 1039 1435 si
1072 1379 1145 1434 ad
1169 1378 1497 1452 pontiﬁcale
1527 1378 1757 1435 culmen
1789 1379 2073 1452 aspiraret
2108 1379 2270 1435 Unde

624 1467 870 1541 contigit
900 1472 966 1523 ut
993 1469 1135 1524 dum
1169 1467 1547 1525 sublimitatis
1576 1468 1769 1524 locum
1802 1473 1993 1524 mente
2024 1469 2269 1540 fugeret,

616 1559 788 1629 jussu
824 1573 893 1613 ac
944 1560 1179 1630 precatu
1231 1556 1573 1629 pontificum
1622 1556 1990 1624 sollicitatus,
2025 1573 2092 1611 ea
2138 1573 2270 1611 vero

623 1662 800 1719 quam
837 1645 958 1701 dixi
987 1645 1334 1702 necessitate
1364 1646 1739 1718 potissimum
1770 1645 2271 1719 coactus,tandcm

626 1738 824 1808 pastor
838 1733 1110 1790 Ecclesiae
1147 1733 1270 1790 ﬁeri
1313 1734 1726 1806 acquiesceret.
1747 1734 1840 1790 Sic
1862 1733 1944 1789 sic
1966 1732 2146 1789 intrat
2174 1749 2276 1805 per

628 1822 848 1879 ostium
880 1823 941 1877 in
972 1822 1140 1891 ovile,
1166 1838 1270 1878 nec
1303 1823 1566 1878 ascendit
1594 1821 1829 1877 aliunde
1861 1822 2046 1877 factus
2077 1828 2276 1895 pastor

625 1912 821 2008 ovium
903 1909 1124 2011 quique
1156 1909 1747 2011 irrep‘rehensibiliter
1790 1912 2045 1978 intravit,
2076 1909 2274 1983 procul
2308 1947 2354 2011 Β

625 1998 804 2055 dubio
838 1997 1439 2070 irreprebensibiliter
1466 1998 1623 2054 vixit.
1657 1999 1719 2054 In
1751 2000 1947 2054 sedem
1999 1999 2275 2072 episcopii

628 2086 956 2154 reducitur,
989 2086 1328 2152 honoriﬁce,
1365 2090 1429 2142 ut
1474 2087 1733 2156 decebat,
1769 2087 2089 2159 suscipitur
2120 2105 2133 2142 :
2167 2088 2278 2159 (21)

630 2176 725 2232 ubi
758 2192 902 2231 vero
934 2175 1007 2231 ad
1039 2174 1374 2231 cathedram
1396 2176 1624 2230 venitur
1643 2180 1815 2247 atque
1835 2175 1894 2231 in
1918 2192 1985 2231 ea
2005 2174 2280 2231 solemni-

627 2270 712 2320 ter
738 2263 997 2332 locatur,
1032 2263 1145 2319 nisi
1176 2280 1433 2335 praesens
1462 2263 1759 2332 vidissem,
1780 2263 1941 2320 nullo
1973 2265 2144 2319 modo
2168 2281 2283 2320 cre-

630 2354 829 2408 derem
876 2368 1014 2407 cum
1047 2357 1265 2425 quanto
1306 2352 1524 2423 gemitu
1568 2351 1823 2425 eruperit
1868 2353 1927 2408 in
1976 2352 2280 2426 lacrymas,

631 2459 778 2514 quas
800 2440 967 2497 haud
1004 2456 1173 2497 secus
1201 2456 1266 2496 ac
1289 2457 1434 2512 puer
1454 2441 1752 2512 septennis
1775 2441 1885 2496 sub
1916 2441 2174 2514 magistri
2206 2443 2282 2495 fe-

632 2529 759 2586 rula
778 2530 959 2585 edere
982 2529 1304 2585 videbatur.
1320 2528 1509 2584 Mirati
1531 2546 1598 2584 su
1609 2533 1884 2585 ntomnes
1906 2530 2004 2601 qui
2023 2531 2281 2597 aderant,

631 2619 938 2691 quomodo
969 2618 1242 2683 ferreum,
1275 2621 1339 2672 ut
1368 2617 1671 2689 putabant,
1703 2618 1831 2689 ejus
1861 2618 1965 2673 viri
1997 2622 2197 2689 pectus
2226 2618 2285 2673 in

630 2711 829 2763 tantas
863 2710 1068 2779 posset
1111 2705 1297 2762 scindi
1351 2704 1667 2777 lacrymas;
1695 2710 1751 2761 et
1799 2710 2125 2761 anteactam
2159 2708 2286 2778 ejus

627 2797 808 2851 vitam
863 2793 1229 2867 ignorantes,
1266 2794 1399 2849 inde
1442 2794 1721 2849 veraciter
1762 2794 2008 2867 probant
2039 2795 2288 2867 pastoris

629 2884 718 2940 sui
746 2882 1024 2938 animum
1058 2882 1129 2937 de
1157 2881 1515 2938 sublimitate
1540 2882 1826 2954 ejusmodi
1861 2899 1972 2938 non
2012 2883 2285 2957 gaudere,

627 2973 728 3029 sed
763 2971 1080 3029 salutifero
1112 2970 1310 3027 dolore
1339 2970 1616 3043 torqueri.

628 3079 765 3135 CAP.
784 3078 941 3135 XIII.
966 3077 1141 3150 Quod
1155 3078 1462 3152 episcopus
1480 3078 1672 3152 factus
1691 3079 2019 3152 uigilanter
2031 3083 2290 3134 sanctam

1071 3150 1411 3221 religionem
1438 3150 1873 3223 exsequebatur.

696 3236 1073 3311 Aliquandiu
1089 3242 1383 3311 protracta
1399 3238 1746 3311 episcopalis
1760 3238 2113 3294 consecratio
2131 3254 2195 3292 ex
2201 3255 2293 3310 pe-

2375 676 2620 739 nestare,
2654 673 2939 729 tardiores
2968 673 3291 745 increpare,
3312 674 3617 748 corrigere,
3645 679 4009 748 superiorum

2374 760 2633 832 exemplo
2665 777 2974 832 provocare
3010 779 3022 816 :
3057 778 3260 816 omnes
3298 766 3589 833 postremo
3637 780 3697 819 se
3746 764 4014 821 meliores

2376 848 2610 920 Deoque
2634 849 2985 921 acceptiores
3019 849 3141 904 ﬁeri
3172 851 3430 922 optabat,
3457 851 3657 906 dicens
3688 869 3820 907 cum
3846 854 4015 911 beato

2377 936 2569 1009 Moyse
2602 954 2615 993 :
2646 938 2783 1009 Quis
2812 938 2965 994 mihi
2989 939 3087 994 det
3120 944 3179 994 ut
3213 941 3402 995 omnis
3429 940 3674 1011 papulas
3692 943 3863 997 Deum
3885 960 4016 1015 pro-

2370 1029 2564 1096 phetat
2580 1029 2603 1081 Ρ
3904 1016 3947 1053 ⁸

2444 1112 2557 1169 Nec
2586 1113 2737 1169 inter
2766 1114 2885 1169 haec
2915 1117 3380 1187 praetereundum
3412 1117 3679 1174 existimo
3701 1120 3773 1176 de
3801 1119 4020 1194 vigilia-

2378 1219 2529 1270 rum,
2560 1203 2984 1258 matutinorum
3032 1208 3087 1258 et
3140 1205 3498 1277 completorii
3543 1207 3771 1279 ofﬁciis,
3802 1211 4018 1281 quibus

2378 1289 2738 1346 celebrandis
2773 1291 3029 1363 quotidie
3058 1292 3115 1346 in
3141 1293 3315 1349 choro
3337 1310 3470 1350 cum
3493 1297 3717 1353 caeteris
3738 1298 4017 1355 fratribus

2380 1395 2549 1434 nemo
2575 1378 2736 1451 prius
2756 1378 2852 1434 illo
2877 1382 3411 1448 occurrebat,nemo
3433 1384 3696 1440 devotius
3717 1386 4013 1456 intererat,

2379 1483 2549 1523 nemo
2581 1468 2763 1522 serior
2792 1468 3156 1525 abscedebat.
3192 1469 3463 1543 Reliquas
3494 1473 3604 1528 diei
3639 1474 3813 1531 horas
3841 1474 3900 1531 in
3930 1492 4016 1531 ec-

2380 1554 2722 1611 clesiasticis
2754 1557 3111 1628 expendebat
3140 1558 3545 1630 negotiis,licct
3565 1561 3621 1616 in
3647 1566 4023 1638 quadragesi-

2382 1644 2519 1701 mali
2554 1649 2813 1717 tempore
2841 1645 2927 1700 vel
2951 1662 2985 1700 a
3002 1644 3289 1713 choro,vel
3313 1647 3385 1702 ab
3408 1648 3600 1722 aliquo
3626 1651 3867 1707 fratrum
3890 1670 4019 1709 con-

2381 1736 2578 1797 ventu,
2601 1732 2762 1787 nullo
2793 1733 2965 1788 modo
2997 1749 3058 1788 se
3086 1750 3360 1790 excusare
3389 1729 3653 1793 voluerit.
3686 1739 3807 1802 Quo
3846 1741 4021 1795 etiam

2381 1825 2639 1893 tempore
2660 1827 2947 1877 secretum
2964 1822 3215 1876 cubiculi
3242 1824 3473 1895 penitus
3496 1831 3700 1897 praeter
3720 1827 4023 1884 ecclesiam

2386 1909 2708 1981 ignorabat,
2730 1925 2901 1965 saxeo
2936 1909 3101 1965 sedili
3136 1927 3238 1981 pro
3268 1911 3433 1979 lecto,
3460 1914 3705 1971 mattula
3733 1920 3901 1972 utens
3922 1934 4024 1989 pro

2387 1996 2769 2064 lectisternio;
2793 2014 2925 2053 cum
2949 1998 3019 2052 ad
3052 1997 3255 2054 horam
3291 2000 3616 2058 refectionis
3638 2020 3786 2075 pane
3816 2022 4025 2062 avena-

2387 2086 2472 2141 rio
2505 2087 2750 2157 fabaque
2782 2087 3004 2141 modice
3022 2092 3384 2159 prtegustata
3406 2080 3647 2147 senilem
3676 2098 4027 2150 sustentaret

2387 2173 2870 2245 imbecillitatem,
2902 2175 2960 2229 in
2994 2180 3132 2246 potu
3166 2193 3404 2233 sumens
3457 2180 3781 2248 cervisiam,
3814 2183 4027 2255 saepius

2388 2280 2602 2334 aquam
2635 2280 2861 2335 puram.
2886 2265 2997 2335 (22)
3029 2264 3091 2318 In
3124 2268 3283 2319 tanto
3311 2266 3675 2322 abstinentia:
3706 2270 4027 2341 rigore,nec

2391 2351 2566 2405 facies
2598 2349 2855 2423 angelica
2886 2352 3068 2406 macie
3097 2358 3184 2407 est
3213 2355 3603 2423 contecta,nec
3634 2358 3821 2428 gratia
3849 2375 4026 2415 roseae

2393 2438 2822 2512 conspersionis
2861 2443 2949 2494 est
2987 2440 3234 2514 immuta
3259 2457 3271 2495 :
3299 2442 3441 2497 adeo
3471 2443 3659 2499 virum
3709 2445 4025 2503 desiderio-

2394 2526 2862 2595 rum,Danielem
2920 2527 3184 2583 videlicet
3228 2535 3513 2596 nostrum,
3548 2549 3720 2603 quem
3760 2534 4028 2590 voluntas

2395 2616 2629 2687 propria
2650 2614 2835 2670 instar
2863 2617 3052 2671 crucis
3083 2616 3295 2672 Christi
3314 2618 3827 2690 afﬁigebat,divina
3846 2624 4030 2695 pietas

2397 2705 2624 2759 interna
2650 2703 2954 2760 dulcedine
2987 2705 3253 2761 satiabat.

2397 2794 2528 2848 CAP.
2553 2793 2694 2846 XIV.
2722 2793 2898 2860 Quam
2934 2794 3137 2864 largus
3160 2794 3346 2865 fuerit
3373 2802 3633 2868 (culpare
3672 2798 4032 2856 sterilitatis.

2469 2881 2579 2952 (23)
2614 2881 2802 2936 Pauca
2831 2882 3084 2937 referens
3115 2882 3283 2954 plura
3312 2889 3602 2956 prmtereo,
3636 2903 3883 2958 quorum
3930 2888 4032 2943 ali-

2399 2986 2517 3041 qua
2546 2969 2841 3025 brevitatis
2875 2970 3071 3025 studio
3104 2987 3196 3025 me
3242 2978 3469 3028 constat
3500 2974 3809 3047 negligere,
3840 2976 4037 3049 aliqua

2399 3075 2523 3130 qua:
2554 3074 2589 3113 a
2620 3074 2709 3113 me
2738 3058 3099 3125 nesciuntur,
3119 3076 3351 3115 necesse
3382 3066 3471 3116 est
3502 3063 3745 3119 reticeri.
3778 3065 3915 3136 quia
3945 3082 4035 3121 se-

2399 3145 2541 3202 mini
2561 3162 2896 3202 concessum
2918 3147 3339 3215 esse,arbitror,
3364 3165 3567 3205 omnes
3589 3150 3842 3208 hominis
3864 3153 4033 3209 istius

2402 3250 2571 3290 nosse
2600 3234 3086 3291 virtutes.Statim
3118 3237 3305 3307 primo
3331 3237 3700 3309 episcopatus
3734 3240 3825 3295 sui
3857 3258 4032 3309 anno,

626 3328 777 3385 titur
815 3309 898 3383 ab
929 3309 1371 3400 archiepiscopo
1400 3309 1471 3383 de
1500 3309 1865 3399 expeditione
1909 3343 2154 3393 reverso,
2190 3309 2292 3399 pro
2322 3309 2365 3377 C
2403 3323 2559 3379 omni
2594 3328 2754 3395 peste
2778 3314 3076 3378 crudelior
3106 3325 3289 3380 fames
3319 3325 3601 3395 incubuit,
3637 3344 3761 3399 quae
3794 3346 3893 3385 sex
3919 3331 4036 3386 fere

625 3434 745 3490 qua
777 3433 844 3473 re
874 3414 972 3470 vir
1001 3414 1103 3471 Dei
1147 3414 1564 3471 comitantibus
1612 3415 1972 3471 diversorum
2021 3415 2293 3470 ordinum

622 3505 861 3562 clericis
896 3507 1169 3561 sanctam
1190 3504 1335 3559 adiit
1355 3503 1680 3570 Coloniam;
1706 3509 2041 3560 sanctorum
2067 3501 2292 3569 limina,

625 3610 894 3666 quorum
932 3607 1220 3650 numerus
1253 3592 1396 3647 nulli
1427 3596 1633 3665 praeter
1684 3592 1924 3649 Romam
1978 3592 2103 3647 loco
2134 3607 2297 3663 aeque

620 3687 713 3738 est
740 3697 1105 3748 concessus,
1138 3680 1252 3754 piis
1310 3681 1506 3753 pulsat
1549 3681 1838 3754 precibus.
1873 3682 2004 3737 Post
2036 3681 2296 3737 triduum

621 3788 795 3828 sacro
812 3770 1149 3828 chrismate
1172 3770 1228 3825 in
1252 3770 1588 3842 episcopum
1609 3769 2038 3844 perungitur,et
2059 3787 2127 3825 ex
2148 3770 2298 3824 bono

2402 3411 2693 3467 continuis
2725 3412 2894 3467 annis
2909 3411 3105 3466 Galliae
3129 3417 3184 3467 et
3210 3414 3529 3469 Germaniae
3550 3415 3829 3487 populum
3851 3418 4039 3475 nosci-

2402 3504 2500 3556 tur
2528 3499 3083 3571 oppressisse,cujus
3115 3501 3264 3556 fmda
3285 3502 3473 3558 ubivis
3491 3503 3577 3558 fas
3599 3508 3686 3559 est
3709 3504 3898 3561 adhuc
3922 3523 4041 3563 cer-

2406 3604 2540 3643 nere
2552 3587 2810 3660 vestigia.
2828 3589 3155 3660 Eademque
3170 3593 3515 3661 tempestate
3533 3592 3840 3663 prudentia
3860 3594 4043 3650 nostri

2405 3676 2619 3748 Joseph
2655 3674 2912 3748 undique
2946 3677 3234 3733 frumenta
3265 3684 3609 3745 coemere,et
3640 3682 3782 3738 tutis
3807 3683 4043 3755 apothe-

2407 3766 2492 3821 cis
2510 3766 2817 3820 recondere
2838 3766 3077 3820 curabat
3096 3783 3108 3833 ;
3126 3783 3240 3821 non
3260 3768 3411 3838 quod
3438 3768 3568 3823 inde
3588 3774 3818 3826 terrena
3838 3774 4044 3828 sectari

617 3858 744 3916 ﬁlio
791 3860 861 3915 in
918 3874 1211 3931 sponsum
1259 3858 1428 3914 matri
1479 3876 1596 3914 suae
1647 3858 1987 3914 Leodicensi
2036 3858 2298 3913 Ecclesiae

616 3949 1055 4005 conﬁrmatur.

691 4038 850 4096 Fum
884 4053 1033 4093 vero
1064 4036 1350 4109 explicare
1381 4054 1496 4093 non
1542 4054 1783 4110 possum
1824 4053 2001 4108 quam
2049 4036 2299 4091 arduum

616 4127 983 4183 sanctitatis
1015 4131 1297 4195 montem,
1329 4125 1831 4199 evangelizaturus
1860 4125 2016 4193 Sion,
2050 4124 2303 4197 arripere

619 4214 980 4283 studuerit;
1018 4218 1244 4286 quanta
1272 4214 1549 4270 servitute
1578 4231 1789 4286 corpus
1819 4213 2046 4285 spiritui
2092 4213 2305 4269 servire

620 4305 915 4377 coegerit,
957 4304 1085 4359 imo
1115 4310 1334 4375 quanto
1366 4303 1577 4359 annisu
1608 4306 1768 4359 totus
1815 4303 1873 4357 in
1921 4302 2017 4358 Dei
2070 4301 2303 4358 laudem

622 4392 986 4450 excreverit.

2406 3853 2569 3909 lucra
2583 3855 2987 3927 quaereret,sed
3002 3859 3068 3909 ut
3082 3856 3263 3927 gratis
3276 3857 3343 3910 ad
3365 3873 3432 3911 su
3444 3857 3673 3913 tﬁcienti
3681 3876 3775 3914 am
3790 3877 3895 3915 suo
3908 3865 4049 3917 tem-

2408 3959 2545 4014 pore
2562 3943 2842 3998 esurienti
2861 3942 3090 3998 familia:
3113 3944 3338 3999 Domini
3358 3945 3518 3999 cibos
3544 3946 3734 4003 ﬁdelis
3750 3947 4047 4019 dispensa-

2409 4036 2498 4087 tor
2517 4031 2891 4087 distribueret
2910 4048 2921 4086 :
2939 4035 3145 4102 praeter
3164 4032 3455 4103 stipendia
3476 4050 3795 4105 pauperum
3830 4036 4045 4107 quibus

2410 4119 2666 4191 quotidie
2700 4118 2847 4174 libra
2880 4120 3252 4175 denariorum
3280 4121 3876 4191 expendebatur,cum
3916 4123 4046 4179 aliis

2411 4209 2552 4264 adeo
2571 4207 2926 4279 multis,quze
2943 4224 3283 4263 enumerare
3298 4226 3408 4264 non
3423 4208 4047 4278 sufﬁcio,verecundio-

2411 4296 2572 4352 ribus
2603 4312 2717 4368 prae
2740 4296 2958 4367 pudore
2981 4312 3015 4351 a
3034 4294 3403 4352 mendicitate
3424 4296 4050 4372 abstinentibus,prout

2412 4384 2660 4456 quisque
2679 4382 2959 4449 erat,aliis
2982 4383 3321 4452 denos,aliis
3342 4384 3592 4451 vicenos,
3612 4385 3742 4442 aliis
3772 4388 4046 4455 tricenos,

691 4482 1002 4554 Abjectus
1036 4496 1234 4536 secum
1268 4480 1327 4536 in
1358 4480 1545 4537 oculis
1592 4480 1711 4546 Dei,
1745 4480 1897 4535 inter
1947 4477 2200 4534 humiles
2248 4481 2306 4533 et
2413 4472 2545 4529 aliis
2561 4472 3033 4544 sexagenos,aliis
3055 4476 3581 4529 centenosannonae
3604 4475 3827 4531 medios
3850 4493 4051 4548 peroc-

621 4571 944 4643 subjectos
979 4584 1051 4625 se
1081 4557 1421 4641 episcopum
1445 4586 1572 4625 esse
1599 4566 2312 4636 nesciebat;scholas,sin-
2415 4561 2601 4617 cultos
2632 4560 2810 4632 hujus
2831 4561 2910 4617 rei
2944 4560 3148 4633 opiﬁce
3177 4561 3471 4617 destinare
3500 4564 3759 4619 curabat.
3809 4564 3918 4619 Sed
3946 4581 4049 4621 nec

623 4659 916 4733 gulorum
952 4656 1325 4730 explorando
1355 4657 1573 4724 studia,
1589 4657 2017 4730 frequentabat;
2042 4655 2308 4727 qumstio-
2338 4670 2385 4736 Ι)
2419 4650 2805 4722 ingenuorum
2839 4666 2959 4705 rem
2992 4650 3272 4721 privatam
3304 4649 3413 4706 hac
3441 4651 3567 4707 dira
3586 4652 3929 4708 necessitate
3958 4670 4050 4709 ex-

623 4764 725 4803 nes
757 4745 1196 4821 proponendo,
1228 4745 1648 4802 rationabiliter
1675 4745 1826 4800 vinci
1857 4760 2034 4816 quam
2080 4743 2308 4798 vincere
2418 4743 2688 4795 tenuatus
2718 4736 3049 4794 excellentis
3077 4738 3184 4793 viri
3214 4738 3377 4811 larga
3405 4740 3681 4811 praeteriit
3701 4741 4052 4797 muniﬁcen-

625 4836 921 4903 malebat;
962 4849 1158 4905 seque
1185 4832 1244 4888 in
1274 4832 1385 4889 hoc
1414 4833 1583 4905 quasi
1614 4833 1797 4888 otium
1831 4850 1865 4888 a
1894 4832 2123 4887 turbine
2144 4848 2310 4886 cura-
2419 4828 2518 4897 tia,
2548 4844 2665 4899 qua
2689 4827 2986 4883 annitente
3015 4831 3071 4882 et
3118 4843 3489 4899 summopere
3522 4830 3784 4899 juvante,
3811 4845 3915 4901 pro
3944 4829 4054 4885 ali-

627 4941 754 4980 rum
790 4924 1151 4988 conferens,
1183 4921 1493 4994 gaudebat,
1528 4924 1593 4976 ut
1620 4920 1743 4993 ipse
1774 4920 2313 4985 fatebatur,sesein-
2419 4916 2632 4971 mentis
2663 4915 2866 4986 amplae
2897 4916 3106 4970 domus
3131 4933 3338 4971 aurum
3366 4915 3654 4987 sponsale,
3676 4921 3883 4983 vestes,
3918 4934 4056 4989 prae-

629 5014 859 5069 venisse
910 5008 1327 5081 refrigerium.
1361 5009 1429 5065 Et
1475 5026 1609 5065 cum
1657 5008 1861 5065 divina:
1906 5009 2053 5082 legis
2101 5025 2314 5064 arcana
2419 5004 2517 5060 dia
2548 5004 2868 5059 distrahere
2901 5020 3048 5076 opus
3078 5021 3194 5059 non
3246 5004 3374 5061 fuit.
3411 5006 3521 5076 (24)
3553 5005 3699 5068 Quid
3752 5005 3943 5062 dicam
3984 5007 4055 5061 de

631 5100 984 5157 excellentis
1010 5097 1245 5170 ingenii
1273 5098 1652 5170 praerogativa
1676 5102 1871 5155 nosset
1890 5096 2195 5165 rimari,de
2216 5101 2313 5151 Do-
2417 5092 2965 5165 congregationibus
2998 5092 3361 5161 clericorum,
3379 5093 3820 5161 monachorum,
3842 5100 3899 5150 et
3927 5112 4059 5151 san-

633 5191 767 5258 nati,
801 5189 898 5246 vel
933 5185 1247 5243 Prisciani
1281 5185 1499 5260 regulis
1528 5186 1824 5242 scholares
1850 5185 2312 5241 adolescentulos
2419 5180 2864 5252 ctimonialium,
2883 5198 3020 5253 erga
3051 5198 3300 5253 quarum
3334 5181 3707 5239 necessitates
3739 5188 3901 5240 tanta
3920 5184 4058 5239 boni

635 5294 741 5333 non
769 5274 1244 5350 dedignabatur
1269 5272 1656 5347 interrogare;
1678 5292 1826 5347 quos
1847 5280 1904 5331 et
1933 5274 2189 5330 vicissim
2221 5275 2316 5329 de-
2422 5270 2671 5341 pastoris
2699 5268 2976 5342 vigilabat
3004 5269 3258 5338 solertia,
3277 5274 3340 5325 ut
3370 5288 3497 5343 qua:
3526 5288 3642 5343 prae
3673 5271 3959 5328 anxietate
3980 5271 4060 5326 fa-

635 5366 1051 5423 aiderabiliter
1085 5361 1366 5434 cupiebat
1394 5363 1615 5432 audire,
1648 5379 1745 5419 eos
1772 5364 1872 5436 qui
1904 5367 2056 5419 recte
2098 5362 2313 5420 sensis-
2424 5359 2536 5414 mis
2566 5359 2637 5414 de
2666 5362 2882 5414 statuto
2911 5358 3067 5414 victu
3097 5359 3382 5443 deessent,
3417 5360 3487 5416 de
3519 5375 3625 5416 suo
3670 5358 4058 5417 libentissime

714 5512 809 5581 21)
846 5504 1203 5592 $equentia
1243 5503 1423 5574 hujus
1472 5476 1680 5577 capitis
1720 5503 2090 5577 praetermisit
2134 5504 2311 5560 etiam

639 5581 1039 5636 lbbreviator.

643 5650 988 5782 03223:?
1022 5647 1379 5720 sequuntur
1405 5644 1625 5721 [Egidio
1647 5645 1910 5704 attribuit
1928 5645 2313 5721 Chapeavilla,

2495 5501 2604 5573 (23)
2635 5500 2855 5573 Desunt
2900 5499 2959 5555 in
3016 5500 3189 5557 editis
3245 5501 3470 5559 ansulis
3520 5501 3765 5559 inclusa.
3817 5500 4055 5571 Reliqua

2424 5571 2679 5627 multam
2700 5572 2995 5628 differunt.

2455 5642 2608 5771 ἔξω
2641 5642 2770 5701 Haec
2816 5645 2949 5713 fere,
2985 5648 3049 5701 ut
3097 5644 3282 5702 multa
3329 5643 3460 5715 alia,
3504 5644 3563 5702 in
3609 5642 3776 5701 editis
3828 5637 4048 5697 deside-

2424 5731 2454 5771 r
2490 5732 2527 5770 n
2559 5731 2643 5773 ur.
2939 5738 2945 5743 -
4012 5736 4019 5743 .
