3852 6416
353 391 476 449 7:3

1449 381 1778 448 VASONIS
1822 382 2282 449 LEODIENSIS
2323 385 2702 450 EPISCOPI.
3640 391 3732 452 "ut

357 541 506 594 sum.
550 517 796 574 litaret?
816 515 1210 572 Nihilominus
1235 516 1309 589 pii
1339 516 1521 572 Patris
1545 517 1834 574 industria
1855 517 2002 573 ruri-
2033 529 2082 593 Α
2121 521 2544 590 provcuicutcs,
2581 518 2799 575 multos
2832 519 3090 574 militum
3123 523 3460 575 nostrorum
3491 519 3544 576 in
3568 523 3732 578 adver-

355 611 616 665 rolarum
649 607 1001 663 laboriosam
1033 605 1268 678 respicit
1301 607 1584 678 inopiuu;
1609 609 1679 662 ad
1698 610 1868 680 cujus
1889 624 2010 664 ma-

355 700 476 755 lum
513 697 980 771 temperandum,
1014 700 1134 751 toto
1161 695 1270 752 hoc
1297 696 1469 752 famis
1498 699 1757 768 tempore
1779 696 2007 752 unicui-

353 804 469 861 quc
503 787 897 842 mansionario
929 801 1034 858 per
1073 785 1339 858 singulas
1388 784 1787 842 hebdomadas
1837 785 2006 842 binos

352 875 477 933 dari
513 875 815 932 constituit
845 873 1135 941 denarios,
1163 890 1232 929 ne
1264 891 1378 946 pra:
1429 873 1685 930 instante
1733 875 2008 948 angustia

351 965 527 1023 bons
557 965 822 1030 vendere,
846 967 949 1018 aut
977 963 1049 1018 de
1069 967 1272 1017 caetero
1304 967 1517 1018 terram
1547 961 1800 1018 nativam
1825 963 2003 1020 relin-

351 1070 528 1127 quere
577 1057 944 1126 cogerentur,
979 1052 1181 1124 sicque
1229 1069 1623 1107 aerumnosam
1676 1053 1856 1108 vitam
1903 1058 2005 1108 aut

351 1143 737 1200 mendicando
770 1143 1002 1210 ducere,
1038 1145 1140 1196 aut
1171 1145 1418 1198 mortem
1451 1141 1610 1197 omni
1651 1141 1845 1214 gladio
1891 1160 2001 1198 sa:-

347 1235 564 1289 viorem
597 1251 729 1288 cum
759 1232 918 1288 omni
951 1231 1124 1287 domo
1156 1229 1907 1286 miserabiliterincurrere.

345 1327 477 1379 (lar.
500 1322 617 1378 XV.
639 1323 716 1378 De
747 1323 884 1377 bello
903 1329 954 1378 el
976 1321 1242 1376 charitate
1270 1319 1708 1376 Virdunensibus
1730 1322 1995 1391 impensa.

418 1412 563 1468 Huic
593 1411 911 1468 calamitati
945 1409 1193 1466 accessit
1222 1409 1335 1464 alia
1365 1409 1547 1481 pestis
1578 1425 1741 1480 aeque
1793 1409 1997 1465 intole-

346 1501 796 1569 rabilis,bellum
816 1498 1084 1556 videlicet
1114 1498 1268 1571 quod
1300 1497 1650 1553 Godefridus
1670 1497 1996 1554 maximein

341 1591 770 1646 Virdunensem
805 1595 860 1644 et
889 1591 1000 1662 (‘25)
1031 1593 1294 1644 nostram
1342 1587 1602 1642 exercuit
1648 1587 1994 1656 Ecclesiam;

345 1696 598 1752 quarum
629 1679 1040 1745 Virdum-nsis,
1074 1677 1213 1732 dum
1247 1676 1441 1749 praeda
1470 1680 1526 1731 et
1567 1676 1834 1732 incendio
1863 1693 1995 1731 vas-

345 1774 506 1826 tante
537 1769 742 1825 urbem
773 1771 831 1822 et
861 1767 1104 1821 domum
1135 1770 1347 1821 sancta:
1379 1765 1480 1820 Dei
1509 1765 1818 1820 Genitricis
1858 1782 1993 1822 cum

343 1859 504 1916 omni
537 1876 643 1915 suo
673 1861 882 1913 ornatu
915 1856 1150 1930 penitus
1177 1871 1378 1910 eversa
1399 1854 1622 1922 fuisset,
1645 1853 1742 1909 ille
1772 1854 1832 1910 in
1863 1854 1994 1910 lon-

341 1949 563 2022 ginquo
587 1946 1092 2022 positus,graviter
1111 1944 1353 2017 egregia:
1375 1944 1539 1999 urbis
1560 1959 1760 1999 casum
1786 1943 1991 2012 doluit,

341 2041 398 2094 et
425 2036 560 2097 licet
589 2037 648 2092 in
681 2035 894 2092 similis
921 2033 1160 2106 periculi
1195 2038 1350 2088 metu
1379 2032 1611 2104 positus
1637 2037 1810 2100 esset,
1845 2032 1991 2088 hila-

340 2127 421 2184 ris
453 2132 643 2184 tamen
677 2124 1088 2189 dator,dirutae
1120 2122 1249 2177 urbi
1281 2138 1394 2177 non
1429 2121 1660 2176 distulit
1689 2138 1816 2176 esse
1838 2119 1991 2176 leva-

338 2217 507 2284 mini,
535 2231 850 2288 suppresso
881 2229 987 2269 suo
1021 2212 1255 2268 nomine
1287 2211 1562 2266 mandata
1614 2211 1855 2266 mittens
1899 2210 1988 2265 in-

335 2310 422 2362 ter
453 2305 572 2361 hmc
604 2304 775 2360 verba
809 2321 822 2360 :
855 2326 881 2352 ‹‹
917 2303 1129 2357 Sancta
1178 2300 1359 2356 Maria
1403 2300 1772 2356 Leodicensis
1811 2299 1991 2355 mittit

333 2394 763 2468 quinquaginta
794 2393 974 2447 libras
1003 2391 1380 2446 denariorum
1413 2394 1625 2444 sanctae
1650 2389 1839 2444 Maria:
1857 2389 1988 2444 Vir-

333 2485 581 2540 duncnsi
621 2501 634 2540 :
670 2483 1043 2539 medietatem
1075 2475 1372 2536 canonicis
1403 2479 1988 2546 fratribus,medieta-

332 2579 452 2630 tem
482 2590 613 2629 vero
645 2572 714 2627 ad
748 2571 1172 2643 reparationem
1205 2568 1482 2625 ecclesia.
1518 2591 1545 2618 »
1580 2568 1695 2623 lloc
1727 2568 1983 2640 primum

333 2663 611 2720 omnibus
637 2661 807 2716 bonis
839 2659 964 2715 suis
997 2658 1300 2730 exspoliati
1331 2657 1441 2712 loci
1485 2656 1646 2712 illius
1693 2657 1981 2728 canonici,

330 2756 506 2807 tanta:
529 2750 713 2806 cladis
731 2767 799 2804 ex
820 2748 1013 2804 divino
1033 2763 1272 2802 munere
1291 2763 1599 2820 suscepere
1621 2745 1978 2814 remedium;

331 2845 496 2909 et,ne
525 2842 686 2896 tanto
718 2836 976 2910 largitori
1009 2839 1204 2892 essent
1232 2835 1466 2908 ingrati,
1488 2834 1754 2907 publicas
1773 2835 1980 2890 oratio-

331 2947 435 2988 nes
466 2935 522 2986 et
547 2927 758 2985 viventi
789 2932 846 2982 et
869 2927 1145 2982 defuncto
1191 2924 1251 2979 in
1297 2929 1641 2996 perpetuum
1681 2923 1976 2980 devovere.

329 3021 460 3076 Haec
510 3019 725 3090 itaque,
759 3034 933 3090 quam
986 3015 1264 3082 diximus,
1316 3013 1602 3070 bellorum
1660 3017 1978 3086 tempestas

326 3109 630 3165 residuum
663 3107 837 3162 famis
865 3122 1238 3172 consumens,
1273 3109 1328 3158 et
1358 3103 1564 3158 divites
1595 3120 1728 3158 cum
1757 3120 1974 3176 paupe-

325 3201 488 3256 ribus
521 3215 638 3254 una
668 3196 996 3253 calamitate
1024 3194 1358 3261 conﬁciens,
1383 3209 1757 3250 communem
1789 3193 1972 3248 totius

2023 1901 2073 1966 B

2118 624 2246 664 sam
2279 615 2501 682 partem
2536 613 2882 682 rapuerunt;
2923 608 3139 664 frustra
3184 607 3500 665 arbitratus
3545 609 3666 680 fore,
3692 613 3732 668 si

2116 714 2180 754 se
2211 698 2342 754 novi
2375 698 2579 771 ﬂagitii
2610 697 2929 771 complices
2961 714 3090 754 esse
3119 697 3502 772 contingeret,
3521 715 3615 772 per
3636 700 3730 758 vim

2115 787 2404 855 beneﬁcii,
2440 787 2558 844 imo
2591 787 2770 843 totius
2801 787 3172 860 episcopatus
3204 805 3312 860 pro
3345 787 3508 844 libito
3551 789 3730 862 potitu-

2116 893 2233 930 ros.
2268 877 2378 932 Sed
2411 893 2543 932 cum
2579 894 2672 933 res
2703 876 2822 932 illis
2851 876 2910 932 in
2956 876 3318 932 contrarium
3371 877 3620 946 cesserit,
3647 895 3732 935 nos

2114 981 2350 1038 quoque
2380 966 2835 1040 propugnatoris
2865 965 3052 1022 nostri
3077 965 3438 1022 industriam
3460 984 3732 1040 prosequa-

2114 1070 2267 1110 mur.
2294 1054 2503 1111 Urbem
2537 1073 2641 1128 pro
2673 1060 2933 1129 tempore
2961 1061 3018 1111 et
3046 1054 3172 1112 loco
3193 1055 3510 1123 munitam,
3527 1073 3621 1129 per
3637 1062 3731 1112 sta-

2112 1146 2270 1199 tutos
2302 1143 2360 1198 in
2393 1161 2523 1200 arce
2548 1143 2752 1218 vigiles
2801 1149 2857 1200 et
2903 1143 3160 1203 claustra
3206 1148 3512 1218 portarum
3546 1145 3732 1219 jugiter

2111 1238 2324 1302 serata,
2346 1238 2520 1289 noctu
2544 1234 2758 1307 dieque
2778 1234 2852 1289 ab
2881 1233 3125 1291 incursu
3145 1233 3413 1290 hostium
3436 1238 3611 1290 tutam
3633 1235 3732 1291 red—

2110 1318 2277 1388 didit,
2309 1327 2364 1377 et
2393 1323 2599 1378 domos
2630 1329 2750 1378 tam
2773 1323 3117 1380 clericorum
3149 1339 3333 1396 quam
3366 1322 3636 1380 laicorum
3661 1341 3731 1380 ar-

2109 1411 2223 1465 mis
2255 1412 2496 1468 refertas
2526 1429 2676 1480 esse,
2699 1413 2852 1468 cives
2885 1429 3320 1486 nonnunquam
3351 1413 3411 1468 in
3434 1413 3608 1468 armis
3626 1430 3730 1470 esse

2108 1499 2402 1573 praecepit.
2438 1502 2457 1556 1
2467 1518 2685 1574 pseque
2714 1501 3030 1558 continuus
3057 1502 3334 1558 assidens
3363 1501 3642 1575 episcopio
3665 1503 3732 1558 ni-

2107 1585 2307 1660 hilque
2354 1589 2426 1645 de
2474 1589 2655 1646 solitae
2705 1589 3005 1664 religionis
3054 1589 3365 1664 negligens
3411 1607 3604 1664 penso,
3647 1608 3730 1664 per

2105 1692 2317 1750 gnaros
2346 1678 2568 1735 indices
2598 1679 2861 1736 hostium
2893 1679 3378 1737 machinamenta
3395 1678 3724 1753 explorabat;

2105 1771 2306 1822 contra
2337 1785 2464 1841 quae
2495 1769 2695 1826 omnia
2724 1786 2901 1843 seque
2933 1786 3189 1842 suosque
3222 1773 3392 1826 scuto
3441 1769 3726 1842 prudentia:

2103 1857 2407 1929 satagebat
2463 1864 2782 1932 protegere.
2820 1859 2905 1914 Ita
2951 1858 3236 1914 nimirum
3296 1875 3459 1915 more
3509 1857 3650 1930 Argi,
3685 1856 3725 1914 si

2105 1945 2311 2000 fabulae
2359 1947 2445 2002 fas
2491 1953 2580 2002 est
2626 1949 2879 2016 credere,
2913 1953 3152 2004 centum
3195 1947 3393 2004 oculis
3424 1947 3725 2021 insignitus,

2103 2034 2258 2090 mala
2281 2036 2568 2093 exteriora
2595 2039 2896 2093 coercebat
2925 2041 2992 2094 ut
3019 2038 3174 2094 bona
3195 2036 3478 2094 interiora
3497 2053 3602 2093 non
3622 2051 3724 2091 mo-

2100 2123 2175 2177 do
2198 2141 2313 2180 non
2336 2125 2850 2193 minueret,verum
2881 2126 3124 2198 insuper
3142 2130 3578 2200 augmentaret;
3599 2125 3724 2180 bona

2099 2211 2171 2268 de
2201 2213 2292 2267 die
2321 2213 2380 2269 in
2413 2215 2568 2270 diem
2601 2214 3068 2272 desiderabiliter
3095 2220 3405 2288 appetens,
3437 2213 3584 2270 mala
3615 2229 3722 2269 vero

2098 2300 2370 2358 ﬁdelibus
2401 2303 2638 2370 Christi,
2663 2304 2878 2377 quibus
2909 2303 3162 2360 maxime
3205 2304 3478 2372 timebat,
3511 2302 3721 2374 diligen-

2096 2389 2326 2446 tissime
2359 2408 2728 2464 prmcavens:
2765 2393 2822 2448 in
2857 2409 2972 2466 quo
3002 2393 3149 2460 solo,
3173 2397 3242 2450 ut
3275 2395 3519 2449 ﬁdenter
3537 2391 3718 2456 dicam,

2095 2479 2331 2536 animus
2359 2480 2584 2538 divisus
2615 2483 2685 2538 ad
2719 2481 2910 2554 plura,
2937 2498 3054 2538 non
3099 2483 3428 2556 apparebat
3460 2481 3636 2538 minor
3661 2480 3718 2535 ad

2095 2569 2348 2642 singula,
2383 2571 2607 2644 integer
2635 2575 2691 2626 et
2737 2576 2944 2644 potens
2992 2571 3212 2639 omnia,
3250 2571 3573 2628 secundum
3599 2563 3724 2640 Αροέ

2093 2659 2332 2727 stolum,
2362 2659 2464 2732 qui
2495 2659 2660 2716 illum
2692 2661 3077 2718 confortabat.
3108 2664 3382 2734 Cumque
3429 2661 3500 2717 ab
3544 2657 3718 2717 amicis

2091 2747 2270 2804 etiam
2299 2748 2356 2804 in
2408 2748 2728 2822 longinquo
2782 2749 2990 2823 positis
3037 2755 3382 2807 moneretur
3409 2767 3509 2823 per
3535 2748 3717 2820 cpisto-

2088 2836 2196 2906 las,
2232 2843 2297 2893 ut
2326 2838 2524 2894 relicto
2554 2839 2765 2895 Leodio
2796 2840 2855 2895 in
2898 2839 3109 2895 Hoium
3161 2855 3222 2896 se
3276 2839 3578 2905 conferret,
3606 2851 3716 2892 cas-

2088 2924 2294 2982 tellum
2345 2927 2463 2982 situ
2530 2925 2640 2983 loci
2707 2925 3176 2984 munitissimum
3226 2945 3241 2983 :
3287 2925 3474 2996 Absit,
3529 2923 3717 2996 inquit,

2087 3020 2154 3071 ut
2209 3032 2443 3090 gregem
2501 3015 2732 3072 Domini
2792 3015 3023 3089 fugiens
3081 3016 3378 3085 deseram,
3431 3018 3488 3071 et
3547 3013 3712 3068 locum

2084 3104 2342 3178 aliquem
2401 3106 2459 3160 in
2511 3108 2674 3160 tanta
2731 3123 2926 3162 rerum
2979 3105 3154 3162 turba
3209 3105 3343 3162 sine
3401 3105 3486 3161 eis
3547 3106 3712 3158 tutum

2082 3211 2211 3251 esse
2257 3194 2588 3261 credamus,
2619 3211 2688 3250 ex
2744 3194 2960 3268 quibus
3017 3211 3152 3251 cum
3203 3199 3542 3251 sanctorum
3581 3187 3712 3264 apud

322 3287 522 3362 patria:
554 3287 782 3344 ruinam
818 3286 1190 3341 minabatur:
1215 3289 1272 3339 et
1302 3288 1496 3338 rueret
1541 3279 1739 3356 procul
1771 3281 1972 3350 dubio,
2005 3269 2047 3336 C
2086 3284 2269 3340 Deum
2303 3283 2625 3357 patrocinio
2655 3284 2871 3357 pendet
2913 3300 3106 3352 omne,
3140 3284 3188 3340 si
3239 3283 3387 3357 quid
3428 3277 3711 3344 commodi,

321 3378 972 3450 rueret,inquam,tunc
1002 3373 1284 3444 temporis
1317 3372 1537 3445 inclyta
1573 3370 1970 3443 Lotharingia,

321 3473 424 3524 aut
453 3463 893 3538 irrecuperabili
925 3461 1148 3518 excidio
1181 3479 1192 3517 :
1219 3461 1437 3534 quippe
1470 3477 1598 3532 quae
1630 3460 1756 3516 sine
1778 3460 1975 3516 defen-

321 3573 452 3612 sore
481 3553 962 3622 esset,aut,quod
996 3551 1164 3622 pejus
1193 3550 1368 3618 est,in
1392 3566 1585 3621 regem
1608 3547 1971 3604 inﬁdelitatis

319 3641 727 3716 perjurio,nisi
758 3639 1041 3695 Dominus
1068 3655 1245 3694 suum
1276 3639 1454 3695 Josue
1475 3639 1546 3694 ad
1579 3638 1970 3694 resistendum

319 3731 590 3789 hostibus
621 3728 888 3786 Ecclesiae
919 3728 1292 3794 confortaret,
1325 3732 1383 3783 et
1431 3744 1465 3782 θ.
1513 3727 1684 3783 bonis
1723 3727 1971 3798 justitize

319 3825 516 3895 partes
546 3824 747 3876 contra
768 3817 1041 3874 factiosos
1063 3816 1458 3873 defendendas
1474 3833 1601 3872 esse
1621 3815 1967 3873 insinuaret.

318 3928 451 3983 Cap.
475 3926 616 3984 XVI.
639 3924 811 3997 Quod
831 3922 980 3981 belli
998 3929 1395 4051 {etapeagalem
1419 3921 1680 3979 maxima
1707 3938 1782 3978 ea;
1798 3931 1970 3991 parte

1015 4013 1074 4051 se
1119 4013 1218 4051 ac:
1249 4037 1262 4050 .

1015 3996 1262 4052 sedavit.

385 4090 515 4148 Jam
547 4066 964 4144 immanissimi
999 4085 1300 4158 przedones
1331 4101 1422 4140 res
1453 4083 1709 4141 ecclesiis
1741 4085 1968 4142 invase-

315 4184 476 4246 rant;
509 4178 706 4236 omnia
741 4181 1035 4251 praeterea,
1069 4193 1198 4248 quae
1237 4179 1371 4231 ante
1418 4191 1643 4232 memor
1673 4176 1968 4249 pontiﬁcis

313 4267 624 4341 prudentia
649 4266 708 4322 in
740 4266 944 4322 urbem
974 4270 1358 4330 contraxerat,
1379 4269 1776 4334 vastaverant;
1809 4267 1966 4339 quis-

313 4375 426 4431 que
459 4356 675 4430 praedia
709 4355 963 4412 ecclesiae
995 4372 1123 4426 qua:
1157 4353 1267 4410 sibi
1299 4359 1665 4427 usurpasset,
1684 4359 1880 4412 tenere
1902 4360 1967 4412 ut

314 4447 549 4520 propria
574 4446 944 4518 disponebat,
969 4461 1102 4500 cum
1137 4460 1266 4498 ecce
1291 4443 1536 4500 bellator
1564 4443 1778 4500 Christi
1809 4445 1966 4502 inex-

309 4534 646 4610 pugnabilis
675 4541 728 4590 et
751 4533 1182 4606 imperterritus
1213 4532 1651 4604 loricajustitiaa
1673 4533 1963 4606 induitur,

307 4625 502 4700 gladio
532 4623 824 4698 spirituali
855 4623 1199 4696 accingitur,
1229 4622 1438 4694 pravis
1467 4638 1638 4678 cruce
1667 4622 1879 4679 Christi
1903 4624 1961 4680 in
1995 4643 2040 4708 υ

306 4715 584 4771 omnibus
644 4711 914 4786 periculis
960 4728 1064 4782 pro
1110 4709 1315 4766 lancea
1344 4709 1547 4777 utitur,
1581 4710 1780 4766 dicens
1824 4727 1960 4767 cum

305 4803 474 4861 beato
506 4802 754 4858 ltlartino
787 4817 800 4856 :
843 4802 952 4870 Ego
976 4802 1132 4868 signo
1169 4801 1368 4865 crucis,
1401 4816 1514 4856 non
1560 4800 1746 4872 clypeo
1777 4809 1956 4874 prole-

303 4899 443 4958 clus,
475 4901 573 4950 aut
598 4893 777 4962 galea,
813 4891 1053 4946 hostium
1078 4906 1274 4945 cuneos
1301 4890 1592 4961 penetrabo
1619 4906 1864 4946 securus.

375 4980 765 5037 Succenditur
793 4997 928 5052 ergo
958 4979 1230 5052 egregius
1258 4977 1368 5034 iste
1391 4978 1694 5035 azmulator
1723 4980 1956 5053 pietatis

304 5072 362 5121 et
403 5068 672 5139 justitise,
705 5086 770 5124 eo
831 5068 1112 5124 nimirum
1170 5067 1314 5136 zelo,
1357 5085 1474 5140 quo
1522 5068 1833 5126 Mathatias
1882 5070 1956 5127 ob

303 5155 735 5210 aemulationem
755 5161 1004 5227 paterna}
1030 5156 1176 5229 legis
1197 5159 1672 5230 przevaricantem
1684 5159 1954 5216 Judaeum

301 5242 361 5297 in
396 5242 542 5315 ipsis
576 5241 694 5298 aris
723 5244 1071 5302 obtruncare
1103 5263 1218 5302 non
1249 5245 1573 5316 exhorruit,
1603 5252 1659 5303 et
1691 5265 1806 5304 non
1837 5247 1950 5306 alio

300 5333 475 5388 modo
509 5329 876 5387 cessantibus
903 5333 1160 5405 undique
1191 5335 1408 5390 ducum
1441 5339 1498 5390 et
1527 5337 1809 5392 comitum
1853 5354 1950 5393 ar-

298 5420 434 5487 mis,
467 5417 592 5475 sola
620 5433 723 5488 spe
753 5419 953 5488 gratiae
983 5420 1358 5490 adjutus,sibi
1392 5427 1449 5478 et
1481 5424 1742 5481 ﬁdelitati
1764 5426 1952 5482 Eccle-

295 5509 398 5565 sia
427 5522 650 5582 paucos
679 5505 959 5561 satellites
1000 5515 1362 5566 sacramento
1391 5512 1718 5569 conﬁrmat.
1769 5513 1948 5571 Primi

293 5597 452 5658 enim
483 5592 773 5652 bellorum
797 5610 1114 5652 succensus
1145 5603 1201 5655 et
1229 5599 1303 5656 ad
1334 5599 1631 5658 modicum
1674 5619 1950 5679 prospere

364 5684 480 5762 (25)
511 5679 890 5742 Abbreviator
919 5683 1118 5744 omisit
1145 5693 1196 5747 et
1221 5693 1484 5746 nostram,

2059 3373 2130 3448 _si
2190 3373 2331 3446 quid
2386 3373 2628 3430 honoris
2682 3373 2911 3430 videtur
2965 3373 3134 3430 nobis
3182 3373 3394 3430 adesse
3439 3370 3583 3428 bello
3629 3369 3760 3423 aut'

2081 3461 2510 3535 tranquillitate
2544 3481 2557 3519 :
2592 3479 2741 3536 quos
2785 3463 2837 3518 si
2889 3460 3200 3536 reliquero,
3232 3461 3515 3518 audacior
3551 3455 3714 3514 hostis

2079 3551 2352 3608 invadere
2383 3553 2650 3619 tentabit,
2684 3556 2742 3608 et
2772 3568 2888 3608 non
2916 3551 3044 3608 sine
3076 3568 3295 3626 magno
3327 3550 3601 3608 dedecore
3626 3559 3712 3600 no-

2079 3644 2200 3696 stro
2233 3639 2540 3697 insultabit
2567 3641 2800 3714 effugio.
2835 3640 2939 3696 Hic
2969 3640 3164 3714 potius
3191 3640 3388 3714 quoad
3418 3637 3606 3696 licebit
3639 3638 3713 3689 est

2077 3729 2559 3799 vivendum,istis
2588 3730 2958 3786 moriendum
2991 3746 3006 3786 :
3039 3728 3258 3803 quibus
3287 3745 3423 3786 cum
3453 3722 3711 3794 bonisju-

2079 3818 2320 3875 cundati
2351 3835 2732 3889 sumus,cum
2763 3819 2849 3876 eis
2879 3823 2936 3876 et
2965 3817 3244 3892 periculis
3273 3814 3709 3890 subjacebimus.

2078 3907 2369 3964 Nimirum
2403 3907 2703 3982 religionis
2733 3913 2790 3966 et
2818 3908 3123 3965 charitatis
3145 3913 3355 3964 catena
3401 3923 3537 3979 erga
3579 3901 3712 3958 ﬁlios

2076 3996 2400 4066 devinctus,
2432 4015 2551 4056 non
2607 3996 2776 4056 facile
2824 3999 2897 4055 ab
2935 4014 3138 4055 eorum
3182 3995 3496 4071 praesentia
3535 3987 3706 4048 divelli

2077 4091 2324 4160 poterat.

2145 4179 2279 4232 CAP.
2307 4176 2477 4234 XVII.
2513 4177 2674 4246 Quod
2699 4175 2954 4234 castella
2985 4175 3337 4249 praedonum
3366 4171 3646 4232 everterit.

2147 4265 2340 4340 Fregit
2360 4271 2555 4323 autem
2576 4265 2950 4322 laudabiliter
2969 4266 3326 4338 quandoque
3349 4263 3504 4320 hunc
3523 4271 3709 4333 propo-

2073 4355 2172 4412 siti
2203 4354 2455 4429 rigorem
2486 4354 2692 4428 pietas,
2709 4355 2950 4411 miseria
2979 4355 3222 4427 inopum
3252 4359 3308 4410 et
3339 4351 3556 4427 gemitu
3579 4361 3706 4420 pau-

2073 4460 2278 4516 perum
2310 4443 2576 4510 excitata,
2591 4447 2648 4498 et
2676 4459 2711 4498 a
2740 4443 2934 4516 quiete
2963 4441 3135 4498 solita
3169 4459 3306 4498 eum
3335 4451 3635 4510 exsurgere
3657 4435 3706 4488 ct

2074 4533 2132 4588 in
2161 4533 2446 4591 auxilium
2477 4550 2680 4589 eorum
2697 4531 2983 4606 compulit
3000 4530 3587 4607 properare,suadens
3610 4525 3704 4580 hoc

2071 4639 2243 4695 opere
2273 4621 2420 4678 nihil
2451 4639 2579 4678 esse
2611 4621 3022 4692 beatius,pihil
3043 4621 3160 4678 Deo
3183 4611 3702 4694 acceptius,sieﬂ‘e-

2071 4715 2259 4767 ratam
2277 4711 2616 4785 prmdonum
2633 4712 2857 4767 rabiem
2880 4711 2952 4767 ab
2970 4710 3295 4768 innocentis
3310 4706 3471 4782 vulgi
3485 4717 3700 4778 oppres-

2066 4804 2232 4856 stone
2259 4804 2674 4873 compesceret.
2708 4802 2967 4866 Quorum
2998 4815 3213 4874 magna
3244 4815 3381 4873 pars
3403 4798 3463 4854 in
3491 4789 3699 4869 paludi-

2066 4889 2323 4960 bus,sive
2340 4907 2404 4945 ru
2413 4887 2958 4962 pibus,ﬁrmissima
2969 4889 3080 4946 sibi
3095 4887 3458 4963 receptacula
3467 4895 3701 4941 commu-

2065 4979 2358 5047 niverant;
2394 4976 2610 5050 quibus
2642 4977 2772 5034 freti
2805 4979 2995 5036 aliena
3025 4995 3130 5052 per
3157 4977 3469 5036 circuitum
3501 4965 3698 5046 praedia

2068 5072 2510 5141 usurpaverant,
2525 5065 2748 5124 incolas
2769 5069 3143 5142 possessione
3171 5068 3424 5141 privatos
3443 5059 3697 5120 intolera-

2063 5155 2167 5212 bili
2202 5155 2469 5213 servituti
2501 5155 2866 5213 addixerant.
2899 5158 2966 5214 In
2997 5155 3105 5211 hac
3134 5173 3271 5213 vero
3317 5152 3454 5212 belli
3493 5154 3696 5217 tempe-

2060 5249 2209 5302 state
2236 5248 2456 5317 quanto
2487 5243 2752 5313 liberius,
2781 5249 2946 5302 tanto
2976 5244 3156 5302 latius
3194 5244 3254 5300 in
3287 5256 3520 5302 omnem
3558 5233 3698 5292 circa

2061 5335 2360 5409 regionem
2373 5333 2664 5391 vastitatis
2680 5351 2959 5392 mucrone
2972 5335 3380 5391 desaeviebant.
3405 5330 3530 5388 Haec
3555 5335 3697 5380 nem¢

2059 5441 2130 5497 pe
2161 5423 2442 5497 oppidula
2469 5423 2673 5480 multis
2696 5427 2830 5481 ante
2851 5422 3210 5494 saeculis,sed
3237 5426 3376 5478 tunc
3392 5415 3692 5494 plurimum

2059 5514 2365 5580 damnosa,
2424 5512 2686 5568 decernit
2740 5513 2952 5570 vindex
3001 5511 3125 5580 Dei,
3176 5511 3226 5566 si
3284 5509 3488 5585 possit,
3527 5503 3689 5558 humo

2060 5619 2359 5680 coaequare
2389 5606 2446 5660 et
2475 5603 2548 5660 ab
2566 5603 2658 5660 his
2676 5602 3004 5663 latrociniis
3017 5603 3321 5678 fatigatam
3342 5599 3439 5657 diu
3461 5589 3688 5673 patriam
