3852 6418
132 410 272 493 745

1770 422 1977 498 "VITA.

3448 444 3566 504 746

139 566 428 623 liberare.
463 569 660 640 Atque
685 585 752 624 eo
782 566 991 640 spiritu
1023 568 1575 641 inﬁnmmatus,quo
1594 567 1818 625 Amale-
1846 568 1903 636 Α
1932 568 2301 627 creberrimis
2320 570 2674 627 causabatur
2699 569 2970 642 suspiriis
2995 570 3285 638 canitiem,
3310 575 3567 631 sentiens

139 657 328 711 citem
355 658 522 729 Agag
553 673 589 711 a
620 656 913 722 Samuele,
946 658 1018 713 ab
1044 658 1170 713 Elia
1201 657 1477 714 Thesbite
1503 658 1815 730 prophetas

134 743 289 800 Baal
324 748 564 800 constat
592 761 723 801 esse
757 748 1059 812 mactatos,
1089 763 1219 802 raro
1250 750 1479 802 tantum
1506 749 1814 801 contentus

136 832 364 901 milite,
397 834 573 889 modo
606 833 738 899 hoc,
774 835 946 889 modo
976 832 1123 890 illud
1153 839 1412 890 castrum
1460 832 1815 891 fortissimus

136 921 327 977 heros
374 926 579 989 noster
606 922 839 995 cingere
870 923 1059 997 pergit
1103 923 1427 979 obsidione.
1469 926 1541 979 At
1570 923 1814 979 interius

134 1009 685 1078 latrunculi,vallis
702 1016 759 1066 et
775 1011 1090 1085 paludibus
1115 1015 1330 1068 temere
1350 1011 1574 1081 conﬁsi,
1591 1015 1812 1067 metum

138 1098 348 1170 primo
378 1099 759 1157 dissimulare
780 1100 870 1157 sui
894 1100 1155 1173 periculi,
1176 1103 1812 1169 contemnere,nostros

138 1187 391 1260 probris
421 1187 732 1257 lacessere,
763 1204 861 1245 eos
892 1193 1152 1245 amentes
1190 1206 1409 1256 vocare,
1438 1188 1537 1262 qui
1570 1190 1811 1245 domum

136 1276 281 1349 ipsa
304 1282 523 1332 natura
545 1276 839 1333 ﬁrmatam
871 1277 1164 1334 venissent
1187 1278 1551 1350 impugnare.
1569 1278 1814 1334 Econtra

142 1363 365 1431 nostri,
392 1364 638 1420 monitis
662 1368 781 1421 tam
805 1364 1065 1437 praeclari
1090 1365 1255 1422 ducis
1276 1364 1814 1432 animati,certatim

136 1442 380 1517 instant
409 1451 707 1509 vimineas
733 1458 924 1510 crates
944 1458 1156 1522 texere,
1180 1454 1368 1510 fasces
1391 1454 1641 1526 quisque
1661 1471 1815 1510 com-

136 1546 406 1613 portare,
460 1557 566 1613 per
611 1540 771 1597 invia
820 1542 1108 1598 machinis
1158 1559 1370 1598 novum
1425 1542 1534 1598 iter
1575 1542 1806 1598 facere:

136 1630 353 1702 sicque
387 1646 512 1685 rem
544 1632 759 1695 natura
774 1629 1072 1686 difﬁcilem
1105 1630 1163 1685 in
1186 1630 1342 1686 brevi
1364 1630 1573 1686 devicit
1594 1629 1808 1686 laboris

130 1717 506 1790 improbitas
536 1733 672 1772 cum
706 1717 1030 1787 industria;
1061 1717 1346 1775 tit-solum
1377 1717 1546 1791 palus
1576 1719 1735 1775 ranis
1752 1722 1808 1775 et

137 1807 418 1880 piscibus
445 1805 961 1879 notissima,parat
984 1807 1273 1863 exitialem
1304 1807 1651 1863 latrunculis
1683 1824 1805 1864 ma-

133 1893 835 1997 cliinan'i,.quibus.tutas
864 1895 1146 1997 hactenus
1177 1896 1501 1997 praebuerat
1527 1894 1801 1997 latebras.
1841 1931 1888 1997 Β

132 1985 282 2050 Qua:
320 1982 421 2037 ubi
457 1999 525 2037 eo
557 1980 671 2038 loci
701 1982 949 2054 appulsa
977 1986 1066 2038 est
1092 1983 1246 2038 unde
1270 1982 1444 2039 certis
1469 1983 1681 2039 ictibus
1710 1983 1810 2039 illa

132 2072 453 2127 latronum
486 2070 773 2143 spelunca
801 2073 999 2144 posset
1028 2070 1206 2137 feriri,
1241 2071 1366 2127 dies
1391 2075 1564 2143 atque
1613 2075 1809 2128 noctes

134 2158 273 2213 sine
308 2157 634 2213 interstitio
667 2174 831 2229 asque
861 2158 1134 2213 adversus
1155 2157 1585 2225 habuerc,dum
1608 2175 1808 2215 succe-

130 2248 351 2301 dentes
385 2245 501 2301 sibi
532 2244 795 2301 vicissim
827 2246 899 2301 ad
931 2246 1189 2301 laborem
1223 2247 1808 2316 nostri,creberrimis

132 2352 429 2390 saxorum
464 2332 684 2389 nimbis
716 2334 1123 2404 atria'domus,
1158 2352 1363 2391 omnes
1396 2353 1635 2408 prorsus
1657 2336 1803 2391 inte-

131 2425 335 2479 stinas
370 2422 635 2479 hostium
670 2421 928 2479 latebras
952 2440 1233 2495 quassare
1259 2441 1371 2480 non
1397 2429 1646 2481 cessant.
1678 2430 1805 2497 Ipse

129 2512 465 2585 episcopus
522 2528 785 2583 praesens
839 2511 1172 2584 vigiliarum
1208 2516 1265 2568 et
1294 2512 1630 2586 psalmodiis
1678 2521 1805 2569 vota

130 2598 538 2673 omnipotenti
570 2599 688 2655 Deo
728 2616 861 2655 cum
892 2599 994 2655 tali
1039 2617 1210 2673 opere
1242 2602 1621 2673 persolvebat.
1655 2602 1802 2670 Quid

131 2689 362 2763 plura?
392 2687 711 2744 Godefrido
743 2688 963 2743 frustra
1004 2690 1222 2745 nitente
1254 2690 1324 2744 ad
1356 2690 1635 2745 auxilium
1677 2690 1802 2747 suis

130 2777 363 2843 venire,
399 2775 631 2832 obsessi
662 2775 735 2830 de
755 2775 874 2831 vita
901 2780 959 2832 et
989 2776 1269 2833 membris
1299 2779 1801 2849 paciscuntur,ca-

130 2866 388 2922 stellam
409 2864 683 2920 funditus
708 2869 944 2938 captum
962 2868 1237 2920 evertitur
1259 2882 1272 2920 :
1298 2866 1431 2923 inde
1447 2866 1800 2939 aliudatque

131 2953 306 3009 aliud
341 2951 661 3008 castellum
693 2953 916 3024 absque
962 2954 1366 3009 retractatione
1396 2954 1574 3010 simili
1606 2962 1799 3028 strage

130 3041 479 3099 conﬁcitur.
504 3040 619 3097 Sed
642 3056 829 3113 neque
847 3039 954 3096 hoc
976 3039 1265 3097 silendum
1290 3048 1448 3114 puto,
1474 3044 1627 3114 quod
1649 3043 1801 3101 inter

128 3130 545 3187 obsidendum
567 3146 722 3201 saepe
740 3127 1014 3196 millenis,
1037 3146 1186 3201 saepe
1209 3130 1494 3202 pluribus,
1511 3149 1640 3187 raro
1662 3149 1800 3205 pau-

128 3217 428 3285 cioribus,
460 3216 707 3289 antiquo
762 3216 1156 3273 Romanorum
1211 3235 1371 3275 more
1427 3220 1797 3293 quotidianos

126 3310 425 3378 sumptus
472 3304 770 3378 praebebat
818 3305 1083 3374 armatis,
1128 3307 1392 3378 gregario
1442 3308 1614 3363 militi
1646 3308 1796 3365 inte-
1826 3294 1869 3359 C

128 3397 251 3451 rim
285 3393 623 3452 concedens
654 3409 833 3449 usum
864 3394 1309 3449 maetandarum
1338 3396 1804 3469 pecudum,abs-

128 3502 252 3557 que
274 3482 366 3538 eis
389 3498 523 3555 qua:
545 3480 777 3553 agraria
796 3480 955 3553 operi
977 3487 1174 3537 essent
1197 3482 1565 3552 necessariae;
1589 3483 1806 3557 ipsum-

130 3589 255 3646 que
282 3571 579 3627 damnum
610 3569 739 3641 ipse
769 3569 1022 3643 singulis
1056 3587 1458 3642 possessorum
1483 3589 1550 3628 ex
1580 3573 1806 3647 integro

131 3658 489 3734 supplebat,
530 3657 769 3714 nullum
821 3658 1120 3729 injustitize
1168 3658 1360 3715 locum
1408 3678 1535 3717 esse
1581 3662 1846 3743 patiens,

134 3750 333 3806 etiam
366 3748 427 3803 in
462 3751 629 3803 tanta
658 3763 854 3803 rerum
886 3745 1252 3803 ditﬁcultate.
1282 3752 1406 3815 Qua
1435 3765 1503 3803 ex
1534 3764 1594 3803 re
1624 3748 1809 3821 liquet

135 3853 330 3912 quam
361 3840 537 3891 tenax
582 3834 733 3907 aequi
765 3837 823 3889 et
862 3834 1002 3889 recti
1034 3834 1182 3891 alias
1212 3835 1405 3904 fuerit,
1439 3836 1807 3907 quandoqui—

136 3927 285 3981 dem
318 3940 388 3981 eo
422 3928 687 3995 tempore
718 3938 835 3994 quo
867 3921 1116 3978 maxime
1147 3924 1469 3995 captandus
1500 3928 1623 3980 erat
1652 3924 1811 3979 favor

135 4012 377 4087 populi,
406 4016 472 4067 ut
496 4012 565 4067 ﬁt
585 4010 645 4066 in
668 4010 769 4067 tali
795 4011 1046 4083 negotio,
1072 4011 1157 4066 vel
1180 4028 1414 4068 summa
1444 4013 1811 4069 necessitudo

135 4103 414 4176 rigidum
445 4101 729 4156 Catonem
762 4116 795 4155 a
815 4099 1056 4171 justitia
1085 4099 1353 4156 divellere
1385 4102 1729 4174 nequiverit.

134 4214 279 4267 CAP.
324 4207 530 4266 XVIII.
574 4211 655 4263 De
720 4206 1353 4334 dirisionlclzatgratiarum
1414 4208 1543 4264 huic
1600 4208 1815 4264 homini

880 4294 939 4334 co
1086 4320 1098 4331 .

880 4294 1098 4334 cauata.

212 4369 389 4425 Libet
442 4367 504 4423 in
558 4367 670 4423 hoc
719 4365 959 4438 homine
1003 4366 1236 4422 divitias
1286 4366 1492 4422 divina)
1537 4366 1814 4424 bonitatis

131 4458 385 4523 intueri,
405 4456 547 4512 etin
573 4454 752 4512 unius
774 4455 968 4511 cordis
999 4454 1305 4511 latitudine
1335 4455 1649 4512 divisiones
1672 4472 1811 4529 gra-

133 4547 366 4601 tiarum
399 4542 686 4600 admirari
711 4560 725 4612 ;
760 4560 908 4618 quas
934 4543 1078 4599 adeo
1103 4543 1357 4599 discreta
1380 4545 1711 4600 studiorum
1735 4544 1813 4599 vi-

1922 674 2055 713 cum
2086 660 2252 715 beato
2295 659 2403 716 Job
2452 658 2597 715 nihil
2646 656 2806 715 aliud
2850 674 3029 730 quam
3075 662 3427 717 (cntalioncm
3454 678 3567 719 esse

1920 747 2090 802 ‘vilam
2116 748 2356 804 hominis
2382 764 2548 820 super
2576 756 2800 804 terram.
2836 747 2998 804 Unde
3042 752 3101 803 et
3144 747 3427 804 familiare
3454 750 3565 807 ha-

1921 834 2095 890 bebat
2141 835 2384 908 psallere
2432 853 2567 893 cum
2613 837 2780 893 beato
2827 835 3047 892 David:
3083 836 3309 904 Quando
3346 837 3563 893 veniant

1922 930 1975 979 et
2000 926 2268 996 apparebo
2298 933 2423 981 ante
2460 926 2660 996 [aciem
2707 925 2806 981 Dei
2848 914 2961 980 mei
2980 928 3003 981 Ρ
3030 928 3090 981 et
3116 922 3261 981 illud
3301 926 3559 983 Doctoris

1919 1013 2182 1084 gentium
2214 1029 2228 1069 :
2261 1015 2433 1086 Cupio
2462 1012 2696 1069 dissolvi
2720 1018 2771 1068 et
2798 1029 2923 1069 cum
2950 1012 3163 1069 Christo
3189 1029 3321 1071 esse.

1991 1100 2103 1155 Nec
2133 1105 2223 1157 est
2252 1101 2642 1157 dubitandum
2673 1100 2722 1157 si
2752 1100 2803 1157 is
2838 1101 3174 1157 Neronianae
3208 1098 3560 1174 persecutio-

1920 1187 2013 1245 nis
2038 1206 2140 1246 seu
2172 1189 2429 1246 Deciana:
2476 1194 2740 1262 tempora
2780 1193 2988 1247 nactus
3039 1189 3209 1260 forat,
3233 1191 3375 1263 quin
3406 1189 3560 1248 ultro

1924 1293 1987 1333 se
2016 1281 2448 1350 persecutorum
2480 1277 2761 1351 praetoriis
2793 1278 3079 1351 ingereret
3106 1281 3165 1334 et
3188 1278 3559 1336 damnandus

1922 1369 2140 1422 astaret
2162 1367 2481 1438 judicando
2514 1365 3058 1439 sublimior,jugulo
3088 1366 3367 1425 cervicem
3395 1367 3561 1424 daret

1922 1453 2178 1511 feriendo
2204 1456 2405 1513 fortior
2436 1472 2448 1511 :
2480 1456 2579 1528 qui
2610 1456 2750 1512 dum
2782 1454 3104 1512 ambiretur
3132 1454 3454 1514 auxiliariis
3472 1472 3561 1512 aro

1917 1547 2211 1599 matorum
2256 1544 2522 1610 catervis,
2554 1544 2740 1599 solam
2770 1558 3000 1599 crucem
3032 1541 3250 1600 Christi
3283 1544 3558 1601 manibus

1918 1630 2236 1703 proferens,
2262 1632 2520 1688 medium
2544 1647 2669 1688 sese
2690 1631 2932 1688 armatis
2953 1629 3223 1689 hostibus
3242 1630 3481 1702 inferre,
3500 1636 3560 1688 et

1916 1720 1965 1773 si
2001 1718 2266 1776 voluntas
2296 1720 2393 1775 Dei
2426 1721 2572 1775 foret
2611 1718 2806 1775 taliter
2856 1723 3042 1775 morte
3080 1718 3426 1777 occumbere
3455 1735 3558 1793 po-

1917 1811 2079 1863 ratus
2100 1808 2229 1874 fuit,
2251 1806 2469 1863 imitari
2490 1806 2830 1863 desiderans
2859 1822 2996 1863 eum
3025 1805 3126 1878 qui
3159 1806 3335 1862 dixit:
3362 1810 3560 1863 Pastor

1916 1897 2086 1951 bonus
2132 1898 2379 1952 animam
2424 1914 2586 1951 suam
2625 1897 2783 1968 ponit
2821 1911 2922 1967 pro
2968 1896 3155 1951 ovilms
3197 1896 3330 1952 suis.
3372 1896 3561 1955 Tanta

1918 1984 2372 2057 propugnatoris
2412 1982 2595 2040 nostri
2623 1982 2836 2040 virtute
2883 1982 3156 2041 exterrita
3199 1983 3558 2041 adversario-

1918 2090 2046 2129 rum
2076 2071 2354 2145 paulatim
2382 2072 2591 2129 defecit
2619 2071 2878 2139 iusania;
2897 2070 3020 2144 qui,
3053 2070 3205 2131 sicut
3231 2070 3345 2144 ipsi
3366 2070 3559 2129 adhuc

1918 2160 2115 2217 testari
2142 2160 2349 2233 solent,
2383 2161 2611 2233 quoties
2644 2159 2896 2219 efferatis
2920 2158 3140 2216 animis
3162 2159 3222 2216 in
3253 2175 3361 2217 nos
3389 2176 3558 2233 gras-

1916 2252 2203 2313 sarentur,
2239 2249 2438 2304 statim
2471 2250 2543 2304 ad
2576 2250 2778 2304 urbem
2818 2251 2883 2303 ut
2928 2251 3167 2319 possent
3211 2247 3472 2304 nostram
3500 2250 3561 2305 et

1916 2342 2252 2393 sanctorum
2283 2337 2535 2394 oratoria
2570 2335 2906 2408 conspicere
2934 2351 3100 2391 mens
3131 2334 3249 2391 illis
3278 2334 3558 2392 divinitus

1915 2427 2274 2492 mutabatur,
2299 2430 2497 2481 utnon
2526 2424 2698 2480 modo
2721 2424 2939 2480 malum
2966 2439 3079 2479 non
3098 2422 3333 2492 inferre,
3354 2440 3555 2480 verum

1913 2514 2088 2570 etiam
2123 2530 2225 2586 pro
2257 2513 2573 2571 reverentia
2612 2512 2723 2585 ipsi
2768 2512 2891 2568 loco
2941 2512 3069 2584 pias
3108 2511 3445 2585 impendere
3470 2511 3554 2567 la-

1913 2619 2141 2674 crymas
2193 2601 2416 2657 liberet.
2466 2601 2623 2657 Unde
2688 2599 2934 2672 contigit
2982 2602 3047 2655 ut
3092 2600 3194 2672 qui
3259 2615 3395 2656 cum
3454 2616 3553 2673 pe-

1910 2690 2093 2747 riculo
2150 2690 2482 2745 animarum
2536 2688 2745 2745 alienis
2811 2687 3155 2747 invadendis
3224 2687 3550 2757 inhiabant,

1908 2777 2203 2847 vixlsalva
2244 2778 2335 2833 sui
2392 2776 2814 2845 incolumitate,
2860 2776 3097 2837 tandem
3153 2776 3408 2832 contenti
3459 2792 3549 2833 es-

1909 2871 2039 2922 sent
2075 2866 2309 2938 propria
2352 2862 2619 2933 retinere,
2669 2865 2843 2920 modo
2895 2868 3158 2936 cogente,
3216 2864 3388 2921 modo
3443 2865 3547 2921 ob-
3652 2888 3665 2895 ·

1905 2959 2167 3011 secrante
2198 2952 2510 3010 venerabili
2540 2954 2706 3009 Patre
2735 2952 3009 3021 Wazone,
3032 2956 3326 3026 postremo
3353 2954 3544 3009 omni-

1906 3043 2018 3098 bus
2044 3042 2234 3097 modis
2279 3045 2344 3097 ut
2386 3040 2793 3113 resipiscerent
2832 3040 3105 3099 instante.
3137 3040 3231 3097 Sic
3262 3038 3543 3098 nimirum

1905 3129 2324 3202 omnipotentis
2350 3128 2449 3185 Dei
2482 3130 2668 3201 pietas
2697 3128 2963 3185 Ecclesia:
2990 3145 3110 3184 suae
3141 3128 3358 3197 navim,
3389 3129 3550 3202 ejus—

1909 3219 2064 3275 modi
2111 3218 2561 3291 tempestatibus
2603 3221 2886 3285 vexatam,
2928 3232 3031 3289 per
3071 3216 3369 3273 efﬁcacem
3411 3233 3550 3290 pru-

1906 3307 2098 3363 dentis
2128 3305 2385 3363 naucleri
2417 3305 2767 3363 industriam
2801 3304 3257 3362 misericorditer
3276 3304 3554 3378 dignatus

1909 3400 2001 3452 est
2041 3396 2111 3451 ad
2158 3400 2391 3466 tempus
2443 3394 2736 3450 liberare:
2770 3393 2907 3451 licet
2951 3393 3011 3449 in
3061 3397 3226 3450 tanta
3283 3392 3551 3464 factione,

1913 3488 2244 3539 nontamen
2268 3486 2333 3538 ut
2354 3482 2515 3555 prius
2543 3481 2881 3551 metuenda,
2903 3481 3121 3538 bellum
3143 3484 3346 3539 contra
3374 3481 3558 3556 impe-

1914 3578 2170 3628 ratorem
2203 3572 2331 3637 fuit,
2359 3571 2529 3626 bonis
2554 3570 2694 3627 viris
2724 3571 3144 3627 deferentibus.

2091 3665 2226 3717 CAP.
2258 3659 2397 3715 XIX.
2435 3661 2499 3716 Ut
2538 3660 2856 3731 imperatori
2882 3664 3159 3732 suspectu:
3185 3662 3376 3733 fuerit.

1990 3752 2052 3804 In
2085 3766 2223 3821 quo,
2256 3764 2323 3804 eo
2354 3748 2509 3821 quod
2558 3747 2875 3820 aliquando
2918 3749 3253 3806 dementius
3298 3748 3360 3807 in
3410 3750 3568 3806 viros

1919 3837 2185 3893 Ecclesia:
2224 3840 2435 3892 nostra:
2466 3836 2788 3893 insanitum
2821 3836 3014 3910 fuerit,
3046 3837 3218 3894 bonis
3247 3837 3388 3894 viris
3411 3837 3567 3894 defe-

1919 3925 2204 3992 rentibus,
2232 3924 2321 3980 vir
2359 3924 2457 3980 Dei
2499 3925 2653 3997 apud
2694 3923 3105 3997 imperatorem
3138 3924 3270 3982 falsi
3300 3924 3568 3981 criminis

1921 4018 2010 4069 est
2040 4016 2347 4069 accusatus
2371 4012 2547 4083 quod,
2571 4012 2706 4068 data
2736 4013 2849 4069 ﬁde
2876 4012 3206 4081 Godefrido,
3230 4017 3435 4071 contra
3454 4013 3565 4069 im-

1921 4103 2267 4174 peratoriam
2316 4101 2683 4171 majestatcm
2733 4100 3015 4173 regnique
3050 4101 3297 4158 salutem
3327 4105 3563 4174 pactum

1923 4190 2141 4257 fecerit,
2167 4191 2243 4253 et,
2278 4188 2433 4260 quod
2478 4188 2550 4243 de
2598 4192 2760 4244 tanto
2806 4188 2928 4244 viro
2975 4188 3136 4245 nefas
3179 4192 3268 4245 est
3312 4188 3560 4262 opinari,

1920 4277 2111 4334 eidem
2135 4275 2549 4334 conﬁdentiam
2576 4276 2799 4333 dederit
2823 4275 3222 4350 belligerandi.

1991 4365 2119 4421 Haec
2152 4381 2328 4437 quam
2371 4364 2586 4420 fuerint
2615 4381 2649 4420 a
2677 4365 2917 4422 veritate
2951 4365 3143 4422 aliena
3171 4364 3427 4422 clamant
3450 4365 3565 4422 alia

1920 4454 2071 4510 facta
2110 4455 2240 4525 ejus
2280 4452 2678 4509 venerabilia:
2730 4454 2833 4510 sed
2893 4454 3032 4526 quia
3075 4454 3313 4510 difﬁcile
3359 4458 3451 4511 est
3499 4459 3565 4511 ut

1919 4543 2134 4598 mentis
2165 4541 2391 4608 oculus,
2424 4540 2561 4596 hinc
2608 4539 2794 4614 gloria
2839 4546 2898 4597 et
2943 4541 3182 4611 divitiis,
3211 4541 3347 4597 hinc
3388 4541 3565 4598 variis

132 4634 499 4690 eissitudine
532 4632 836 4688 nitebatur
872 4632 1304 4698 administrare,
1337 4638 1397 4688 ut
1424 4649 1559 4688 cum
1590 4634 1690 4688 uni
1726 4633 1808 4689 in-
1842 4657 1889 4721 Β
1920 4630 2329 4702 dispensanda
2380 4630 2708 4702 reipublicae
2750 4630 2928 4699 curis,
2964 4630 3101 4687 hinc
3130 4629 3291 4686 mille
3319 4630 3566 4689 adulan-

127 4729 345 4779 tentus
372 4726 535 4778 esset
566 4720 826 4793 negotio,
848 4720 977 4775 aliis
1009 4720 1325 4777 identidem
1357 4721 1663 4788 obnoxius,
1695 4723 1809 4777 nisi
1842 4717 1879 4721 —
1921 4720 2072 4775 tium
2102 4717 2322 4791 linguis
2353 4718 2412 4773 in
2442 4717 2671 4775 diversa
2696 4722 2986 4791 raptatus,
3012 4718 3326 4791 aliquando
3354 4735 3390 4775 a
3417 4719 3566 4774 veri-

129 4811 419 4875 sciretur,
458 4809 623 4865 nullo
659 4809 834 4865 modo
866 4809 1215 4864 crederetur.

204 4899 360 4955 Nam
411 4899 459 4952 si
509 4898 857 4971 episcopum
896 4896 1163 4968 respicio,
1194 4898 1394 4954 videor
1431 4899 1573 4954 mihi
1619 4901 1809 4955 videre

125 5007 198 5044 su
209 5003 463 5060 pparem
481 4985 794 5059 Gregorio;
811 4986 860 5041 si
883 4986 1158 5041 militaria
1179 4991 1470 5058 agentem,
1494 5005 1607 5044 non
1628 4988 1708 5044 im
1716 5006 1808 5062 pa-

126 5094 260 5133 rem
295 5091 432 5133 esse
459 5073 830 5146 contemplor
861 5074 1211 5131 Machabzeo.
1235 5075 1401 5131 Hunc
1437 5075 1494 5132 in
1521 5077 1809 5149 sapientia

122 5165 540 5234 Salomonem,
577 5162 641 5219 in
670 5163 1026 5238 disputando
1056 5164 1277 5237 accipio
1297 5165 1718 5238 Augustinum;
1745 5168 1804 5222 in

122 5255 329 5311 cordis
352 5252 718 5324 humilitate,
742 5252 1105 5308 continentia
1126 5257 1183 5308 et
1203 5253 1532 5326 vigiliarum
1556 5255 1807 5311 assidui-

126 5348 273 5409 tate,
291 5359 522 5415 pauper
543 5340 761 5413 spiritu
784 5340 1106 5414 quemlibet
1127 5346 1463 5397 sanctorum
1489 5341 1803 5399 anochore-

126 5437 337 5489 tarum
371 5428 1061 5487 referebat.Necessitate
1089 5429 1276 5502 magis
1308 5447 1483 5501 quam
1512 5430 1806 5487 voluntate

128 5521 215 5577 ita
230 5522 445 5594 agebat
467 5537 539 5576 ea
562 5534 695 5590 qua
717 5520 857 5574 sunt
878 5516 1094 5585 saeculi,
1112 5522 1175 5573 ut
1196 5517 1432 5574 omnino
1455 5520 1808 5576 caveretdis-

124 5610 354 5686 plicere
387 5604 681 5668 Creatori.
1327 5651 1337 5660 .

198 5700 320 5773 Suo
342 5697 589 5779 judicio
634 5693 909 5752 inutilem
940 5695 997 5749 et
1027 5692 1255 5751 dierum
1297 5693 1529 5753 malitia:
1573 5696 1807 5776 plenam

480 5825 765 5890 Parant.
812 5816 1043 5885 CXLII.

1922 4808 2059 4864 tatis
2089 4807 2217 4863 luce
2248 4825 2363 4863 non
2391 4806 2675 4873 caecutiat,
2711 4823 3059 4880 persuasum
3098 4811 3190 4865 est
3228 4807 3565 4880 imperatori

1920 4914 1954 4952 a
1983 4896 2378 4952 deferentibus
2412 4900 2475 4951 ut
2505 4896 2562 4950 in
2593 4894 2686 4950 bis
2713 4912 2839 4967 quea
2868 4912 2999 4952 vere
3029 4896 3279 4953 ﬁdeliter
3304 4900 3565 4969 gesserat

1917 4985 2174 5041 domnus
2200 4983 2398 5050 κνοω,
2429 5000 2543 5039 non
2569 4984 2904 5041 communis
2932 4983 3223 5041 commodi
3253 5000 3355 5040 seu
3378 4984 3560 5057 impe-

1918 5072 2142 5128 ratorite
2190 5071 2487 5128 tidelitatis
2534 5072 2743 5145 gratia,
2778 5074 2877 5128 sed
2927 5090 2995 5128 ex
3033 5073 3419 5130 contentionis
3449 5090 3559 5129 usu

1918 5160 2164 5233 propriae
2212 5158 2536 5216 inscrvien't
2578 5160 2939 5234 arrogantiae.
2971 5163 3229 5219 Accessit
3266 5163 3339 5218 ad
3363 5162 3561 5235 suspi-

1912 5251 2139 5305 cionem
2166 5247 2349 5304 libera
2367 5250 2689 5307 sacerdotis
2719 5251 3057 5323 auctoritas,
3087 5269 3235 5325 quin,
3252 5253 3429 5309 totius
3449 5252 3558 5308 du-

1918 5337 2195 5410 plicitatis
2224 5353 2442 5405 exsors,
2466 5355 2501 5393 a
2520 5339 2777 5395 veritatis
2799 5341 3034 5397 tramite
3064 5358 3250 5414 neque
3269 5342 3341 5398 ad
3363 5343 3563 5398 dexte"

1916 5444 2041 5482 ram
2069 5440 2256 5496 neque
2291 5425 2362 5480 ad
2390 5425 2695 5482 sinistram
2724 5428 3017 5485 declinare
3040 5434 3316 5498 noverat;
3340 5429 3560 5501 quique

1915 5532 2019 5587 pro
2043 5515 2282 5570 veritate
2308 5514 2530 5585 agendo
2569 5515 2975 5587 cujuscunque
3003 5516 3233 5577 facilius
3262 5516 3562 5575 incurrere

1914 5620 2033 5661 non
2065 5601 2375 5675 trepidavit
2422 5602 2728 5671 offensam,
2760 5620 2937 5676 quam
2984 5606 3164 5663 tacita
3194 5604 3432 5663 veritate
3461 5616 3561 5683 po-

1917 5692 2094 5754 tentis
2127 5691 2325 5770 gratia:
2359 5691 2642 5751 assentari
2674 5692 2940 5753 voluerit.
2964 5692 3136 5751 Unde
3167 5706 3350 5748 unum
3382 5686 3562 5746 refero

3165 5816 3245 5895 24
