4954 6410
668 497 778 557 753

2252 497 2460 567 VITA.

3938 509 4057 581 73%

668 652 694 683 «
727 620 997 701 pulveris,
1021 622 1226 682 auditu
1248 624 1537 685 sententia
1561 628 2059 697 condemnatoris;
2086 646 2187 687 nec
2208 648 2305 685 eos
2336 633 2389 696 Α
2420 635 2949 704 damnatis,maluit
2976 638 3478 697 excellentissimis
3498 640 3729 698 virtutis
3751 656 3867 697 suae
3888 642 4058 705 delri-

670 740 697 769 ‹‹
727 729 1057 788 quaeramus
1086 729 1189 785 per
1217 713 1513 772 saecularis
1542 718 1811 789 potentiae.
1858 718 2120 791 gladium
2165 720 2303 776 huic

668 828 695 856 α
724 804 851 860 vitae
881 801 1247 868 subtrahere,
1280 804 1496 875 quibus
1521 806 1645 861 vult
1675 807 1830 863 idem
1857 811 2088 864 Creator
2116 813 2171 865 et
2201 811 2304 865 Re-

667 918 693 945 ‹‹
720 894 987 963 demptor
1015 896 1185 958 Deus,
1208 891 1361 947 sicut
1386 895 1562 964 novit,
1578 911 1811 967 parcere
1835 915 1847 952 :
1874 903 1938 952 ut
1960 898 2305 970 resipiscant

666 1005 694 1033 ‹‹
723 999 756 1038 a
782 979 995 1037 diaboli
1013 979 1241 1051 laqueis
1257 980 1474 1052 quibus
1496 985 1702 1057 captivi
1731 990 2001 1041 tenentur
2023 988 2092 1041 ad
2116 983 2310 1059 ipsius

580 1144 581 1147 η
666 1094 691 1121 ‹‹
721 1069 1103 1126 voluntatem.
1140 1068 1252 1135 Sic,
1281 1069 1364 1125 sic
1395 1071 1676 1128 nimirum
1709 1073 1853 1129 tales
1884 1074 2101 1129 ultimrc
2144 1074 2302 1130 illius

666 1183 692 1209 «
723 1156 1168 1230 patrisfamilias
1218 1159 1397 1215 messi
1430 1177 1463 1215 a
1492 1160 1660 1217 nobis
1711 1163 1975 1218 convenit
2023 1166 2303 1219 reservari

580 1300 581 1303 η
665 1272 689 1297 ‹‹
724 1246 1003 1318 qpidquid
1034 1262 1323 1302 mrssores
1354 1264 1494 1303 suos
1525 1249 1711 1306 facere
1734 1251 1961 1322 jubeat,
1986 1253 2137 1307 sicut
2156 1256 2212 1311 et
2233 1254 2303 1308 de

666 1359 692 1385 «
723 1334 1164 1405 nobismetipsis
1195 1351 1329 1390 cum
1363 1336 1571 1392 timore
1600 1343 1656 1394 et
1679 1343 1929 1401 tremore
1959 1346 2183 1413 oportet
2202 1359 2305 1397 ex-

667 1449 686 1473 .
721 1421 1004 1496 spectari;
1031 1423 1174 1494 quia
1191 1423 1402 1480 horum
1423 1426 1884 1500 quoslibet,quos
1902 1430 2103 1484 mundi
2129 1430 2304 1500 hujus

663 1536 688 1562 «
720 1527 854 1582 ager
878 1510 1110 1587 .zizania
1152 1512 1346 1579 habet,
1382 1514 1592 1570 messis
1623 1515 1725 1571 illa
1752 1517 1994 1572 fossitan
2045 1518 2304 1573 triticum

662 1625 687 1651 α
722 1600 1088 1667 inveniet;et
1116 1617 1264 1672 quos
1295 1602 1354 1657 in
1384 1603 1478 1658 via
1510 1604 1736 1659 Domini
1769 1607 2128 1663 adversarios
2148 1625 2305 1663 nunc

580 1740 581 1745 η
662 1690 1028 1755 «habemus,
1062 1688 1344 1761 possibile
1374 1691 1758 1764 omnipotenti
1803 1694 1919 1750 Deo
1967 1700 2054 1750 est
2101 1696 2159 1750 in
2205 1696 2307 1752 illa

580 1828 581 1837 χ
662 1800 687 1827 ‹‹
713 1776 926 1832 emlcsti
951 1777 1148 1850 patria
1173 1779 1340 1834 nobis
1365 1779 1541 1836 etiam
1566 1781 1751 1838 facere
1768 1784 2116 1855 superiores.
2142 1785 2305 1841 Certe

580 1856 581 1927 ζ
658 1889 683 1915 ‹‹
717 1861 1244 1941 legimus'Saulum
1278 1869 1466 1941 magis
1494 1871 1768 1926 omnibus
1800 1872 2124 1927 saevientem
2154 1874 2305 1927 beati

2412 728 2675 781 mentum
2709 727 3003 784 incurrere
3035 745 3213 801 quam
3235 727 3552 802 eripiendis
3578 728 3751 787 etiam
3774 728 4058 788 haereticis

2412 829 2525 868 non
2560 815 2879 872 consulere.
2898 818 3026 872 Hrec
3056 817 3328 886 dicimus,
3354 834 3469 874 non
3497 818 3637 890 quia
3663 834 3918 875 errorem
3938 818 4056 876 hae-

2412 902 2719 958 reticorum
2738 905 2907 959 tutari
2929 905 3174 961 velimus
3190 924 3203 975 ;
3221 907 3319 962 scd
3334 906 3472 978 quia
3484 906 3593 963 hoc
3615 906 3673 962 in
3693 906 3906 963 divinis
3919 905 4056 980 legi-

2411 990 2522 1045 bus
2546 1008 2836 1063 nusquam
2856 994 3145 1050 sancitum
3160 1011 3275 1050 non
3287 996 3611 1068 approbare
3632 999 4049 1059 monstremus.

2411 1095 2543 1150 ΟΑΡ.
2577 1096 2791 1153 XXVII.
2826 1100 2901 1154 De
2921 1101 3217 1173 apostolico
3244 1100 3495 1173 eligendo
3524 1100 3656 1173 quid
3671 1102 3784 1157 sibi
3800 1101 4053 1158 videatur

2907 1172 3224 1241 imperatori
3254 1172 3551 1243 respondet.
3676 1190 3679 1193 ·

2482 1259 2638 1309 Inter
2665 1255 2785 1313 haec
2808 1258 2878 1313 ad
2912 1263 3166 1314 mentem
3195 1260 3345 1316 redit
3373 1260 3527 1333 quod
3567 1276 3700 1315 eum
3743 1277 3896 1333 papa
3925 1259 4052 1318 Cle-

2413 1359 2578 1397 mens
2604 1361 2672 1399 ex
2701 1346 2970 1419 episeopo
3002 1348 3460 1420 Bavenbergensi
3481 1349 3540 1403 in
3571 1348 3894 1422 apostolica
3912 1349 4051 1406 sede

2413 1432 2764 1489 sublimatus
2812 1435 2881 1490 de
2929 1435 3036 1490 hac
3077 1437 3197 1492 vita
3226 1437 3613 1504 discessisset,
3642 1437 3961 1510 imperator
3980 1438 4055 1495 de

2413 1522 2784 1594 subrogando
2814 1522 2873 1577 in
2894 1524 3085 1579 locum
3111 1524 3267 1580 illius
3291 1525 3403 1581 alio
3428 1525 3737 1581 consilium
3760 1526 3887 1597 ejus
3899 1543 4053 1598 qua:-

2414 1627 2537 1665 rere
2560 1611 2823 1667 animum
2840 1612 3087 1668 induxit.
3104 1612 3206 1669 Ille
3221 1616 3511 1681 autem,ut
3526 1617 3651 1669 erat
3671 1614 3730 1669 in
3752 1614 4048 1682 omnibus,

2412 1703 2469 1755 ct
2490 1698 2550 1754 in
2581 1699 2795 1756 talibus
2829 1702 3080 1757 maxime
3110 1706 3399 1758 scrutator
3421 1701 4054 1775 studiosissimus,vigi-

2414 1782 2603 1843 labier
2631 1805 2766 1843 cum
2809 1789 2942 1845 aliis
2974 1806 3107 1845 cum
3153 1791 3369 1861 quibus
3397 1789 3617 1847 laboris
3647 1790 3828 1861 hujus
3858 1793 4055 1862 partes

2414 1876 2926 1947 expenderat,hinc
2946 1882 3111 1950 gesta
3129 1878 3471 1949 pontificum
3496 1877 4053 1946 Romanorum,hinc

580 2006 581 2019 χ
657 1978 683 2005 α
712 1953 1477 2058 stephani'prqto‘martyris
1499 1956 1921 2029 lapidatoribus
1942 1960 2302 2029 interfuisse;
2337 1994 2383 2058 Β
2413 1965 2750 2020 eorumdem
2782 1965 3030 2030 decreta,
3056 1966 3191 2021 hinc
3221 1964 3584 2024 authenticos
3604 1966 4051 2058 canones,capi-

580 2094 583 2111 π
659 2066 685 2092 ‹‹
716 2047 769 2098 et
789 2058 966 2114 quem
1001 2041 1100 2099 hic
1121 2043 1327 2099 habuit
1356 2050 1806 2117 persecutorem,
1841 2052 2036 2119 utpote
2086 2054 2307 2121 martyr

580 2122 581 2197 ξ
657 2154 682 2182 ‹‹
716 2130 1074 2203 apostolum,
1111 2131 1231 2188 illic
1261 2150 1323 2188 se
1352 2126 1568 2206 gaudet
1595 2134 1807 2191 habere
1842 2136 2122 2207 priorem.
2154 2138 2305 2194 Inte-

580 2272 583 2283 ,
661 2241 687 2269 «ε
717 2220 827 2275 rim
857 2219 1260 2277 nihilominus
1291 2222 1631 2279 meminisse
1676 2224 1956 2280 debemus
2004 2228 2158 2297 quod
2200 2243 2305 2281 nos

579 2300 583 2373 ξ
657 2332 683 2359 ‹‹
717 2307 816 2381 qui
838 2307 1108 2381 episcopi
1131 2309 1382 2367 dicimur
1402 2310 1661 2383 gladium
1684 2312 1742 2367 in
1765 2314 2306 2399 ordi-nat.ione,quod

659 2420 684 2447 ι(
717 2402 806 2455 est
834 2396 1145 2453 saecularis
1173 2399 1464 2469 potentiae,
1499 2417 1613 2455 non
1645 2400 1966 2473 accipimus
2003 2419 2014 2456 :
2064 2390 2308 2475 ideifiquc

655 2508 682 2534 «
715 2502 828 2545 non
852 2486 926 2544 ad
955 2486 1570 2554 mortiﬁcandum,sed
1594 2489 1786 2562 potius
1805 2490 1876 2545 ad
1898 2490 2307 2547 viviﬁcandum

656 2579 950 2631 «auctore
1000 2574 1126 2631 Deo
1160 2574 1519 2648 inungimur.
1555 2579 1651 2634 Est
1700 2582 1894 2634 tamen
1950 2578 2107 2635 aliud
2155 2580 2309 2651 quod

580 2722 582 2733 ν
656 2687 683 2714 ‹‹
709 2663 959 2720 sollicite
991 2664 1067 2719 de
1101 2665 1398 2736 praedictis
1438 2668 1730 2739 agendum
1778 2672 1866 2722 est
1896 2668 2308 2735 schismaticis,

580 2742 581 2751 “
660 2775 685 2803 ‹‹
718 2752 876 2825 quod
902 2757 962 2809 et
995 2770 1106 2809 vos
1140 2768 1512 2825 nequaquam
1544 2754 1845 2827 ignoratis.
1882 2761 1944 2812 ut
1973 2757 2081 2829 ipsi
2111 2755 2311 2829 eisque

580 2900 581 2909 χ
658 2864 684 2891 ‹‹
719 2841 1239 2897 communicantes
1257 2841 1543 2899 catholica
1558 2845 1968 2900 communione
1993 2846 2308 2917 priventur,

580 2988 583 3009 γ
660 2952 685 2977 ‹‹
716 2929 1068 3001 ceterisque
1100 2930 1379 3009 omnibus
1408 2931 1640 3003 publice
1664 2934 2083 2990 denuntieutur
2114 2938 2199 3007 ut,
2232 2952 2315 2990 se-

580 3006 583 3087 ξ
658 3041 685 3068 ‹‹
717 3019 983 3074 cundum
1036 3006 1445 3091 propheticam
1493 3020 2198 3087 admonitionem,exeant
2245 3022 2314 3077 de

580 3106 583 3175 ξ
659 3129 686 3155 ‹‹
718 3107 910 3163 medio
941 3124 1160 3163 eorum
1191 3112 1249 3163 et
1275 3106 1814 3165 immundissimam
1847 3126 2047 3165 eorum
2095 3113 2311 3165 sectam

580 3192 583 3261 ξ
658 3217 686 3244 ‹‹
719 3211 790 3250 ne
820 3194 1162 3268 tetigerint;
1196 3196 1475 3267 quoniam
1498 3197 1595 3268 qui
1627 3198 1879 3270 tetigerit
1911 3198 2097 3270 picem
2128 3199 2317 3269 inqui-

658 3306 683 3330 «
718 3282 961 3340 nabitur
990 3285 1068 3340 ab
1102 3300 1192 3340 ea.
1230 3306 1257 3333 ››
1289 3284 1418 3339 Haec
1449 3288 1744 3357 tantopere
1787 3285 1875 3341 vir
1924 3286 2021 3341 Dei
2055 3286 2315 3358 exemplo

2414 2052 2598 2108 tulare
2624 2069 2923 2109 recensere
2953 2053 3239 2110 sollicitus
3262 2053 3388 2110 fuit.
3422 2054 3486 2111 In
3517 2044 3731 2126 quibus
3748 2046 4053 2125 diligenter

2414 2141 2688 2198 revolutis
2719 2142 2863 2197 nihil
2886 2142 3045 2198 aliud
3071 2159 3247 2215 quam
3267 2158 3568 2199 summum
3596 2142 4053 2215 pontiﬁcem,cu-

2408 2230 2742 2301 juseunque
2762 2229 2886 2284 vita:
2920 2231 3115 2297 fuerit,
3146 2248 3378 2288 summo
3408 2230 3625 2287 honore
3672 2222 3892 2297 haberi,
3917 2246 4051 2286 eum

2416 2335 2450 2374 a
2481 2318 2712 2373 nemine
2744 2319 3267 2390 unquamjudicari
3297 2319 3701 2392 oportere,imo
3728 2308 3953 2381 nullius
3969 2317 4053 2372 in-

2417 2406 2643 2461 ferioris
2673 2407 2888 2477 gradus
2920 2406 3348 2463 accusationem
3380 2406 3657 2463 adversus
3694 2403 4052 2477 superiorem

2417 2492 2593 2564 recipi
2625 2494 2831 2549 debere
2880 2494 3136 2549 invenire
3184 2494 3400 2565 potuit;
3433 2498 3491 2550 et
3532 2492 3809 2566 quoniam
3854 2491 4052 2551 condi-

2418 2585 2577 2638 ctum
2606 2585 2729 2637 erat
2759 2582 2905 2637 hanc
2937 2582 3276 2638 electionem
3309 2581 3611 2657 apostolici
3644 2580 3945 2654 pontiﬁcis
3992 2579 4051 2635 in

2418 2668 2615 2724 Natale
2648 2668 2940 2725 Uominieo
2975 2671 3251 2737 futuram,
3282 2670 3894 2742 audacissimusppurae
3908 2666 4053 2723 veri-

2418 2756 2555 2812 tatis
2581 2760 2835 2812 assertor
2865 2756 3259 2829 responsalem
3292 2774 3473 2813 suum
3498 2756 3596 2813 illo
3628 2754 3974 2823 transmisit,
3998 2758 4057 2810 et

2422 2846 2648 2917 ingrato
2700 2845 3038 2917 imperatori
3082 2845 3231 2900 inter
3275 2844 3391 2901 alia
3436 2844 3793 2917 conﬁdenter
3845 2840 4055 2899 deferri

2414 2933 2595 3007 jussit
2626 2934 2999 2990 mandamina
3023 2950 3151 3005 quae
3182 2933 3341 2990 fuere
3370 2932 3708 3006 hujusmodi
3742 2931 3851 3004 (31)
3876 2930 4054 2997 :«Re-

2423 3043 2451 3069 «ί
2484 3021 2714 3093 cogitet,
2747 3021 2956 3092 inquit,
2991 3022 3273 3077 serenitas
3301 3025 3493 3078 vestra
3540 3037 3615 3078 ne
3653 3021 3799 3093 forte
3839 3017 4057 3079 summi

2426 3130 2453 3160 ‹‹
2483 3108 2772 3181 pontiﬁcis
2811 3110 2976 3165 sedes
3024 3109 3269 3181 depositi
3317 3126 3351 3164 a
3396 3108 3611 3182 quibus
3660 3124 3774 3183 non
3800 3105 4061 3181 oportuit

2425 3220 2452 3247 ››
2486 3197 2596 3269 ipsi
2647 3196 2926 3252 divinitus
2974 3197 3051 3251 sit
3099 3200 3415 3264 reservata;
3449 3211 3584 3252 cum
3631 3195 3684 3251 is
3722 3210 3897 3269 quem
3937 3192 4059 3255 vice

2433 3306 2455 3335 α
2490 3287 2616 3356 ejus
2647 3286 2898 3341 ordinari
2923 3285 3209 3355 jussistis,
3242 3284 3548 3340 defunctus
3579 3282 3826 3341 cessisse
3866 3281 4062 3342 vides.-

580 3436 581 3439 η
656 3370 808 3426 beati
856 3370 1106 3429 Martini
1158 3372 1431 3428 studebat
1475 3350 1786 3441 inculcare,
1842 3378 1907 3430 ut
1962 3350 2316 3447 praecipitem
2348 3350 2392 3417 (ἶ
2428 3399 2455 3426 ‹‹
2486 3350 2580 3430 ttir
2609 3374 2793 3429 eidem
2825 3350 3014 3429 adhuc
3043 3350 3360 3445 superstiti.
3385 3367 4063 3443 Quocirca,quandoqui-

659 3459 1169 3534 Francigenarum
1222 3461 1442 3517 rabiem
1494 3463 1674 3517 caedes
1722 3462 1995 3518 anhelare
2032 3463 2321 3519 solitama

657 3547 1005 3605 crudelitate
1038 3548 1482 3621 quodammodo
1512 3551 1843 3606 refrenaret.
1868 3551 2140 3606 Audierat
2164 3552 2318 3606 enim

648 3652 750 3692 eos
783 3636 911 3693 solo
945 3636 1181 3710 pallore
1210 3641 1411 3693 notare
1435 3638 1754 3709 haereticos,
1787 3640 1953 3710 quasi
2007 3656 2154 3711 quos
2199 3639 2319 3712 pal-

652 3723 768 3780 lere
799 3729 1137 3795 constaret,
1172 3726 1474 3782 hzereticos
1504 3743 1631 3784 esse
1660 3732 1881 3782 eertum
1915 3733 2097 3796 esset;
2124 3729 2322 3800 sicque

650 3830 755 3885 per
781 3832 1058 3870 errorem
1109 3813 1407 3887 simulque
1457 3816 1710 3872 furorem
1759 3834 1979 3885 eorum,
2016 3816 2323 3889 plerosque

652 3918 782 3959 vere
812 3903 1262 3972 catholicorum
1294 3903 1475 3961 fuisse
1504 3904 1814 3976 aliquando
1848 3905 2249 3978 interemptos.

718 4009 858 4066 CAP.
893 4010 1104 4067 XXVI.
1137 4011 1212 4066 De
1264 4009 1536 4084 haereticis
1590 4028 1935 4084 nequaquam
1990 4012 2324 4082 interﬁcien-

1383 4082 1466 4136 dis
1499 4082 1633 4154 (30).

720 4169 874 4226 Cum
896 4170 1032 4228 haec
1056 4169 1146 4226 ita
1167 4185 1229 4225 se
1250 4169 1781 4242 habeant,cumque
1797 4175 1916 4225 tam
1938 4174 2133 4242 aperte
2158 4170 2328 4225 ratio-

655 4274 726 4313 ne
746 4258 1109 4332 evangelica
1130 4258 1432 4314 sanctione
1448 4258 1697 4314 subnixa
1709 4257 1789 4313 nil
1803 4276 1963 4331 aeque
1976 4259 2159 4313 ration
2169 4257 2330 4314 abili-

653 4349 740 4403 ter
759 4347 888 4404 vale
902 4351 957 4404 ,ιι
978 4346 1315 4404 contradici
1332 4344 1594 4415 ;videant
1615 4348 1828 4418 quibus
1846 4347 2328 4418 vacat,quomodo

658 4434 1281 4507 irreprchensibiliter
1302 4438 1500 4492 actum
1518 4434 1594 4490 sit
1612 4434 1763 4506 quod
1783 4452 1916 4490 cum
1932 4433 2179 4490 Goslarii
2206 4434 2332 4506 qui-

656 4525 790 4581 dam
813 4522 1189 4597 hujusmodi
1203 4522 1418 4579 erroris
1434 4526 1746 4578 sectatores
1758 4522 2304 4594 essentdeprehensi
2316 4564 2329 4590 ,

656 4617 790 4685 post
808 4612 1080 4671 multam
1117 4610 1552 4683 superstitionis
1583 4628 1700 4665 suae
1731 4610 2176 4678 discussionem,
2203 4612 2333 4683 jus-

2429 3487 2455 3514 «
2490 3465 2622 3518 dem
2652 3467 2910 3517 nostram
2939 3478 3115 3534 super
3138 3461 3231 3517 his
3263 3461 3522 3533 flagitare
3564 3457 3783 3533 placuit
3828 3459 4067 3515 senten-

2430 3574 2456 3601 ι(
2493 3551 2656 3619 tiam,
2685 3550 2913 3606 desinat
2965 3548 3298 3605 sublimitas
3327 3551 3519 3604 vestra
3547 3546 3801 3619 aliquem
3849 3543 3909 3599 in
3942 3544 4069 3615 ejus

2436 3661 2463 3694 α
2491 3639 2685 3695 locum
2703 3638 2801 3710 qui
2824 3640 3120 3709 superstes
3143 3641 3229 3692 est
3246 3635 3389 3692 velle
3410 3636 3785 3703 substituere;
3804 3631 3944 3707 quia
3963 3647 4068 3688 nec

2435 3752 2456 3778 ε
2493 3727 2719 3783 divinas
2752 3743 2854 3782 nec
2886 3726 3176 3781 humanas
3207 3724 3363 3797 leges
3394 3729 3620 3780 certum
3646 3725 3734 3780 est
3751 3720 4066 3778 concedere

2434 3838 2462 3867 ‹‹
2492 3816 2622 3882 hoc,
2669 3813 3121 3885 astipulant'bus
3167 3813 3382 3884 ubique
3437 3815 3772 3869 sanctorum
3826 3809 4065 3865 Patrum

2433 3927 2460 3954 ‹‹
2489 3908 2606 3959 tam
2639 3901 2808 3958 dictis
2839 3919 3014 3974 quam
3054 3900 3307 3971 scriptis,
3335 3915 3636 3956 summum
3668 3896 4002 3955 Pontiﬁcem
4024 3912 4066 3975 ᾳ

2433 4016 2460 4043 ‹‹
2496 3991 2726 4047 nomine
2760 3989 2872 4045 nisi
2903 4007 2936 4044 a
2965 3989 3086 4044 solo
3122 3994 3229 4043 Deo
3262 3986 3571 4059 dijudicari
3602 3986 3828 4043 debere.
3862 3984 4067 4043 Testor

2434 4105 2461 4131 ‹‹
2497 4079 2826 4145 Dominum,
2867 4081 2923 4134 et
2954 4077 3107 4149 quod
3138 4092 3243 4147 ego
3272 4074 3549 4146 indignus
3599 4071 3870 4137 sacerdos
3903 4069 4068 4150 vobip

2435 4192 2463 4220 ‹‹
2489 4167 2680 4240 juravi
2713 4168 3161 4227 sacramentum,
3194 4178 3371 4235 super
3397 4162 3505 4219 hoc
3532 4161 3761 4233 negotio
3786 4157 3935 4216 nihil
3963 4157 4073 4214 hac

2440 4280 2467 4309 «
2498 4256 2789 4313 sententia
2816 4254 3029 4317 verius,
3065 4251 3209 4307 nihil
3242 4249 3613 4323 praestantius
3645 4266 3681 4305 a
3708 4264 3802 4303 me
3847 4244 4075 4319 excogi-

2442 4371 2469 4399 «
2503 4346 2609 4401 tari
2638 4343 2725 4399 vel
2758 4342 2999 4398 inveniri
3032 4358 3257 4414 posse.»
3273 4340 3629 4395 Adventante
3651 4340 3845 4393 autem
3863 4349 4083 4393 memo-

2441 4440 2563 4491 rato
2595 4430 2915 4504 respousali
2947 4429 3227 4485 antistitis
3261 4428 3440 4484 nostri
3473 4426 3545 4483 ad
3577 4429 3802 4482 curtem
3832 4422 4076 4498 regiam,

2441 4525 2635 4595 Poppo
2667 4520 2897 4593 [quijet
2952 4519 3145 4573 Bruno
3204 4515 3596 4572 Brixionensis
3652 4512 3961 4587 episcopus
4018 4509 4077 4566 in

2445 4627 2745 4667 summum
2777 4607 3137 4681 pontiﬁcium
3163 4607 3289 4677 jam
3338 4604 3563 4677 pridem
3611 4602 3826 4659 electus
3871 4599 4080 4668 fuerat,

656 4707 902 4775 tamque
927 4719 1046 4776 pro
1073 4700 1404 4773 pertinacia
1422 4699 1637 4755 erroris
1651 4699 2332 4767 excommunicationem,
2370 4712 2412 4776 D
2445 4700 2546 4773 qui
2578 4702 2781 4771 postea
2806 4714 2838 4751 a
2861 4695 3137 4750 Romanis
3168 4695 3453 4749 Damasus
3483 4696 3571 4747 est
3600 4687 3924 4764 appellatus
3958 4702 3970 4741 :
3996 4686 4082 4741 in-

656 4792 993 4865 suspendio
1012 4791 1270 4861 insuper
1281 4788 1400 4846 sint
1414 4788 1758 4859 addicti.Cuj
1771 4806 1837 4845 us
1854 4788 2235 4845 discussionis
2248 4805 2334 4844 or-

656 4880 859 4938 dinem
883 4897 1037 4937 cum
1061 4877 1380 4950 diligenter
1401 4876 1974 4944 sciscitaremur,non
2007 4876 2179 4932 aliam
2203 4894 2336 4932 con-

657 4968 1083 5026 demnationis
1107 4983 1313 5023 eorum
1353 4982 1589 5022 causam
1625 4982 1973 5038 cognoscere
2011 4966 2333 5037 potuimus,

658 5076 840 5132 quam
864 5059 1023 5132 quia
1044 5054 1296 5113 cuilibet
1315 5054 1721 5127 episcoporum
1748 5054 1979 5126 jubenti
2019 5059 2083 5110 ut
2112 5054 2336 5126 pullum

659 5149 1009 5205 occiderent
1075 5144 1484 5200 inobedientes
1534 5142 1896 5198 exstiterant.
1920 5143 2084 5210 Vere,
2120 5143 2341 5198 fatebor

656 5237 968 5307 enim,nec
1002 5232 1547 5300 silebo,Wazonem
1580 5231 1922 5299 nostrum,si
1944 5231 2063 5293 haec
2081 5236 2343 5302 tempore.

662 5327 1047 5400 contigisset,
1076 5322 1224 5378 huic
1266 5319 1566 5377 sententia:
1615 5337 1922 5376 assensum
1971 5336 2343 5391 nequaquam

664 5409 1375 5492 prwbiturum,exemplo
1397 5409 1547 5465 beati
1564 5407 1923 5480 Martini,qui
1948 5413 2012 5465 ut
2034 5408 2345 5463 intercede-

663 5512 751 5561 ret
780 5523 891 5579 pro
925 5496 1677 5565 Priscillianistis,maximi
1710 5496 2078 5570 imperatoris
2102 5496 2347 5567 turpiter

662 5594 1060 5654 adulantium
1106 5588 1483 5645 sacerdotum
1532 5585 1775 5642 consilio
1822 5585 2113 5657 depravati
2158 5585 2345 5639 edicto

756 5703 830 5756 30
888 5702 1029 5758 Inte
1083 5700 1222 5758 run
1244 5695 1354 5776 hoc
1384 5696 1559 5777 caput
1588 5692 1647 5776 in
1679 5691 1857 5775 editis.
1879 5692 2260 5772 desideratur.

734 5702 854 5845 liii;
891 5715 1347 5830 HaecﬁNazonis
1371 5780 1671 5839 responsm
1703 5779 1939 5820 omnino
1969 5763 2256 5832 discrepat

946 5787 1038 5829 80

2442 4794 2632 4845 certus
2656 4786 2747 4841 ille
2776 4785 2915 4857 quid
2934 4785 3307 4848 faceret,nam
3332 4799 3423 4837 res
3445 4782 3742 4837 transacta
3763 4776 4081 4847 erat,cujus

2443 4876 2823 4935 tranfereuda:
2855 4890 3032 4929 causa
3061 4871 3337 4927 mandata
3359 4869 3430 4925 ad
3460 4869 3869 4941 imperatorem
3889 4879 4084 4939 susce-

2446 4970 2638 5040 perat;
2667 4962 2913 5019 accessit
2940 4966 3157 5023 tamen,
3190 4963 3246 5015 et
3274 4958 3406 5025 alia,
3438 4974 3616 5029 quam
3648 4955 3849 5021 facete,
3881 4955 3946 5008 ut
3978 4966 4082 5006 no-

2426 5048 2622 5120 verat,
2658 5048 2992 5123 imperatori
3023 5049 3251 5121 praefert
3280 5044 3677 5102 mandamina.
3697 5041 3946 5113 Postque
3967 5053 4088 5095 om-

2448 5143 2546 5198 nia
2580 5159 2592 5197 :
2629 5164 2654 5189 ‹‹
2686 5139 2909 5204 Adhuc,
2945 5136 3153 5209 inquit,
3189 5152 3371 5191 unum
3403 5135 3669 5206 superest
3716 5129 3873 5204 quod
3922 5127 4090 5184 dom-

2450 5246 2562 5286 nus
2592 5226 2832 5284 mandat
2858 5226 3183 5297 episcopus,
3219 5222 3375 5294 quod
3427 5222 3565 5293 quia
3615 5236 3705 5275 res
3736 5221 3825 5274 est
3870 5218 4088 5281 exacta,

2449 5318 2612 5381 vobis
2644 5330 2926 5388 exponere
2954 5330 3069 5369 non
3101 5316 3187 5368 est
3218 5312 3275 5365 in
3309 5327 3505 5366 causa.
3542 5332 3570 5359 »
3601 5311 3721 5374 Quo
3744 5305 3842 5362 ille
3871 5302 4090 5367 audito,

2455 5413 2519 5464 ut
2544 5410 2632 5462 est
2662 5403 2929 5460 curiosus
2959 5401 3159 5457 audire
3183 5398 3457 5463 multa,et
3477 5395 3795 5454 sententias
3837 5392 4095 5447 diverso-

2454 5512 2581 5551 rum
2615 5492 2902 5563 colligere,
2931 5509 2963 5544 a
2993 5488 3179 5560 legato
3212 5486 3463 5541 multum
3494 5486 3802 5540 excusante
3824 5495 3941 5535 rem
3963 5491 4095 5547 pro-

2455 5582 2692 5655 pensius
2724 5579 2945 5636 insistit
2974 5582 3329 5649 extorquere.
3365 5570 3736 5646 Responsalis
3777 5570 3969 5625 autem
4019 5577 4090 5615 ex

1149 5766 1347 5824 azonis
1371 5759 1671 5839 res'ponsio
1703 5762 1939 5820 omnino
1969 5763 2256 5832 discrepat
2276 5761 2348 5816 ab
2387 5759 2578 5815 editis.
