3852 6452
159 503 296 564 Ὶῦτ

1793 504 1999 568 VlTA.

3467 500 3589 568 758

158 635 328 704 Quid
358 635 562 696 enim?
586 636 867 711 Nunquid
897 637 1038 695 dare
1057 635 1476 710 aliquisvaleat
1500 635 1692 712 seipse
1710 637 1839 695 cha-
1866 638 1920 707 Α
1953 656 2080 696 rum
2115 657 2180 695 ac
2209 641 2546 696 caaterorum
2577 655 2680 712 pro
2701 634 2930 695 Christo
2952 634 3589 714 laborumlrreprehen-

159 727 349 784 rius?
381 727 594 800 lnjurii
625 745 763 801 ergo
795 744 925 784 mea
956 727 1248 784 sententia
1287 727 1528 793 erimus,
1561 727 1610 784 si
1659 727 1732 783 ab
1773 744 1839 784 eo

159 818 280 889 qui
317 817 588 889 seipsum
623 817 746 881 dat,
774 817 929 888 quod
961 815 1072 872 sibi
1098 819 1186 872 est
1215 818 1606 888 praestantius,
1632 817 1841 890 impor-

159 911 321 961 tune
353 903 678 976 alijectiora
706 923 1058 977 quaeramus.
1092 904 1284 960 Liceat
1311 911 1504 960 tamen
1552 905 1712 977 prius
1742 923 1836 960 ex-

158 995 360 1068 periri
395 995 442 1050 si
475 993 697 1066 quibus
728 993 942 1049 studiis
968 1011 1170 1050 eorum
1192 993 1840 1049 exercitatal‘ueriutne-

157 1084 340 1152 gntia
372 1102 392 1137 :
424 1100 552 1155 qua:
585 1082 659 1148 si,
696 1089 760 1136 ut
807 1082 1058 1154 expedit,
1090 1081 1281 1136 valere
1327 1081 1672 1151 constiterit,
1709 1100 1837 1153 quae

159 1177 469 1244 petuntur
497 1171 759 1242 gratuito
789 1171 926 1225 dare
960 1170 1142 1242 parati
1165 1171 1465 1224 sumus.Et
1497 1188 1566 1225 ne
1595 1169 1838 1225 difficul-

156 1267 362 1314 tatem
399 1257 478 1314 rei
502 1249 928 1330 interposuisse
951 1257 1501 1325 videamur,littcras
1523 1259 1620 1330 qui
1647 1259 1716 1313 ad
1733 1275 1838 1313 nos

157 1348 456 1404 accedere
487 1345 831 1404 desiderant
857 1346 1243 1402 all'crant.Hoc
1269 1349 1492 1402 tantum
1516 1348 1588 1401 ab
1609 1347 1692 1402 eis
1711 1365 1837 1402 mu-

157 1454 289 1492 nus
313 1439 380 1491 ut
400 1435 476 1490 sit
496 1433 747 1490 materia
766 1435 1214 1490 examinatiouis
1239 1435 1627 1507 exposcimus.
1658 1459 1682 1482 »ι
1708 1435 1835 1490 llam

155 1525 373 1580 fidelis
405 1523 748 1595 praemissor
775 1523 1012 1578 diversae
1044 1523 1253 1586 aetatis,
1279 1529 1337 1578 et
1364 1523 1651 1596 ingenuis,
1683 1529 1739 1577 et
1769 1541 1834 1578 ex

153 1612 404 1669 familia
435 1612 711 1667 Ecclesia;
739 1613 1057 1684 progenitis
1089 1611 1722 1676 exhibebat,nonnullis
1756 1612 1835 1664 in-

153 1719 358 1773 super
387 1699 611 1756 additis
648 1707 853 1771 praeter
884 1701 1174 1771 stipendia
1219 1700 1554 1766 beneliciis;
1588 1717 1720 1754 cum
1763 1715 1835 1754 ne

154 1806 496 1862 puerorum
512 1788 756 1860 quidem
776 1787 1408 1858 minusintelligibilem
1428 1793 1834 1859 aelatem,quos

153 1878 404 1932 videret
441 1877 665 1932 indolis
695 1893 845 1942 esse,
877 1879 932 1932 et
977 1893 1078 1948 pro
1126 1881 1296 1946 captu
1351 1893 1456 1930 suo
1504 1875 1713 1931 sciolos
1760 1875 1832 1930 ab

1950 728 2181 785 sibilem
2213 745 2406 784 coram
2441 729 2556 784 Deo
2577 733 2634 784 et
2655 726 2992 784 hominibus
3008 727 3275 785 exhibere
3292 730 3582 801 studebat;

1948 817 2176 873 nullum
2209 835 2311 873 nec
2343 819 2586 883 sibi,nec
2617 817 2748 873 aliis
2778 817 3166 872 familiaribus
3199 824 3420 874 secreta
3449 837 3588 892 prae-

1947 907 2148 962 sentiae
2179 925 2295 962 suae
2343 907 2804 979 frequentatibus
2851 923 3096 962 vacuum
3145 907 3218 962 ab
3265 924 3437 980 Opere
3485 908 3583 965 Dei

1945 1000 2178 1068 tempus
2209 1013 2336 1052 esse
2367 997 2614 1069 patiens,
2647 1013 2763 1070 quo
2795 1012 2907 1050 non
2940 998 3040 1050 aut
3074 994 3582 1068 psalleret,oraret,

1946 1089 2047 1140 aut
2079 1085 2311 1157 legeret,
2343 1089 2445 1140 aut
2491 1085 2561 1140 de
2612 1084 2810 1156 aliqua
2858 1083 3106 1140 utilitate
3153 1084 3456 1152 conferret,
3485 1091 3587 1141 aut

1945 1179 2100 1229 certe
2129 1175 2199 1228 de
2229 1191 2403 1229 sacrae
2435 1175 2744 1246 Scriptura:
2773 1172 3196 1246 quaestionibus
3225 1173 3581 1247 disputaret:

1945 1262 2002 1318 in
2030 1263 2244 1334 quibus
2277 1263 2664 1319 dissolvendis
2693 1280 2869 1334 quam
2901 1261 3110 1330 alacer,
3143 1279 3319 1334 quam
3357 1263 3580 1331 efﬁcax,

1943 1367 2120 1422 quam
2154 1355 2457 1423 promptus
2487 1356 2611 1406 erat
2635 1356 2692 1406 et
2724 1348 2944 1406 facilis!
2975 1352 3274 1408 Postremo
3319 1351 3378 1406 in
3421 1352 3583 1408 omni

1944 1439 2406 1494 confabulatione
2437 1441 2584 1510 ejus,
2619 1440 2666 1494 si
2703 1440 2936 1511 quando
2967 1439 3140 1495 etiam
3174 1455 3208 1494 a
3236 1439 3398 1496 seria
3427 1445 3582 1498 esset

1945 1527 2024 1582 rei
2059 1528 2245 1599 rigore
2277 1527 2769 1600 laxata,quantam
2802 1529 3579 1602 dignitatem,quantamque

1934 1615 2364 1686 jucunditatem
2400 1617 2587 1671 inesse
2619 1615 2839 1687 liquido
2869 1621 2993 1671 erat
3022 1617 3326 1687 respicere!
3360 1617 3460 1688 qui
3490 1618 3582 1673 vix

1943 1721 2073 1759 raro
2103 1710 2204 1759 aut
2236 1722 2534 1774 nunquam
2567 1705 2713 1769 cibo,
2747 1703 2832 1760 vel
2869 1721 3096 1768 somno,
3129 1704 3240 1759 nisi
3291 1710 3578 1777 quantum

1943 1799 2160 1848 natura:
2185 1794 2498 1849 necessitas
2519 1791 3215 1864 cogeret,indulserit.Sed
3233 1793 3367 1864 quis
3383 1795 3582 1851 omnia

1942 1883 2098 1937 dicta
2127 1882 2368 1952 ejus,vel
2403 1883 2552 1937 facta
2583 1888 2908 1936 memoratu
2939 1880 3229 1952 digna,vel
3254 1881 3581 1939 eruditissi-

151 1967 280 2022 hac
311 1963 610 2070 largitatis
637 1982 757 2070 sua:
781 1965 966 2035 janua
989 1962 1571 2070 exclus‘erit.Talibus
1603 1963 1832 2062 pietatis
1863 2006 1908 2070 Β
1942 1989 2075 2028 mus
2105 1971 2255 2044 stylo
2285 1970 2984 2042 connprehenderetheo
3007 1969 3579 2041 meritisejusomnia

148 2072 290 2110 suae
321 2053 633 2108 beneficiis
663 2053 735 2108 ad
769 2070 1026 2108 amorem
1061 2053 1238 2107 studii
1279 2052 1596 2108 multorum
1648 2052 1828 2107 animi

144 2142 604 2207 accenduntur,
639 2144 698 2196 et
729 2140 1040 2195 nonnullos
1071 2139 1169 2212 qui
1204 2140 1513 2196 mobilitati
1563 2141 1826 2196 animum

141 2231 475 2286 dedissent
505 2229 769 2284 vidimus
799 2235 867 2284 ad
905 2229 1100 2284 studia
1130 2246 1458 2296 conversos,
1491 2231 1679 2302 obquc
1715 2230 1828 2284 im-

139 2319 522 2393 probitatem
554 2317 778 2372 laboris
804 2334 936 2372 cum
970 2317 1340 2389 perfectionis
1369 2318 1554 2390 gratia
1605 2336 1637 2372 a
1667 2323 1827 2374 tanto

139 2408 448 2480 largitore
478 2406 826 2461 canonicam
861 2405 1124 2460 Ecclesia:
1157 2406 1369 2478 stipem
1401 2410 1716 2462 assecutus.

139 2515 300 2570 ΟΛΡ.
336 2512 501 2569 XXX.
537 2513 613 2568 De
645 2510 936 2584 impendiis
983 2511 1050 2566 ab
1097 2527 1158 2564 co
1203 2510 1273 2566 ad
1310 2511 1551 2584 a’diﬁciu
1578 2512 1740 2580 dalis,
1775 2521 1826 2567 et

669 2585 802 2640 vitae
835 2583 952 2653 ejus
985 2585 1334 2653 per/erucae.

221 2673 373 2729 Jam
405 2689 543 2727 vero
576 2669 626 2726 si
660 2671 753 2726 cui
781 2688 848 2725 ex
881 2669 1034 2726 clero
1065 2675 1166 2725 aut
1194 2670 1368 2725 etiam
1393 2688 1460 2725 ex
1490 2669 1653 2724 laicis
1688 2669 1824 2725 mdi-

141 2763 296 2818 ﬁcia
326 2766 558 2816 struere
590 2758 827 2815 animus
845 2757 1227 2824 esset,hilaris
1253 2757 1823 2831 datorlargissimam

142 2865 528 2924 gravemque
560 2864 674 2902 aere
703 2847 1051 2921 porrigendo
1091 2863 1329 2902 manum
1380 2847 1452 2902 ad
1501 2847 1557 2902 id
1608 2846 1824 2903 laboris

142 2956 290 2995 sese
324 2937 561 2994 volebat
592 2936 826 2992 admitti
879 2941 1328 3008 cooperatorem.
1364 2935 1524 3000 Quod
1572 2952 1677 3007 ego
1721 2937 1823 2992 bo-

141 3045 306 3084 num
367 3028 500 3098 ejus
562 3024 772 3080 multis
841 3029 972 3079 ante
1037 3029 1094 3080 et
1155 3031 1286 3095 post
1351 3022 1682 3095 impensum
1745 3023 1825 3079 in-

139 3118 344 3187 digno
403 3114 550 3169 mihi
613 3117 673 3167 et
733 3129 846 3166 non
897 3111 1160 3178 merenti,
1219 3127 1353 3166 cum
1403 3111 1823 3182 benignissime

137 3211 284 3260 turn
318 3201 664 3274 largissime
695 3199 1016 3256 exhibitum
1052 3200 1108 3254 in
1143 3199 1318 3255 simili
1360 3217 1530 3270 opere
1561 3217 1693 3256 sum
1725 3218 1820 3256 ex-

136 3297 386 3366 pertus,
416 3289 716 3360 accipiens
749 3306 781 3342 a
814 3294 934 3342 tam
968 3288 1244 3342 munilico
1289 3285 1563 3360 largitore
1599 3306 1814 3344 munus

1941 2061 2226 2116 minorata
2255 2064 2412 2130 sunt,
2440 2077 2568 2132 qua:
2597 2059 2669 2114 de
2693 2063 2857 2114 tanto
2889 2057 3010 2114 viro
3041 2057 3293 2130 elinguis
3322 2059 3577 2130 pravitas

1938 2153 2136 2204 nostra
2165 2148 2256 2204 vix
2292 2147 2510 2203 sufﬁcit
2537 2146 2844 2218 explicare.
2878 2147 2990 2202 Sed
3039 2149 3096 2201 et
3142 2145 3258 2202 alia
3303 2163 3431 2218 qua:
3461 2148 3574 2203 dici

1937 2242 2174 2309 possent
2225 2237 2295 2292 de
2342 2237 2458 2292 vita
2511 2233 2801 2308 pontificis
2832 2233 3016 2290 nostri
3050 2233 3336 2307 insignia;
3369 2251 3494 2307 qua:
3526 2235 3574 2291 si

1934 2341 2274 2381 enumerare
2300 2323 2544 2379 velimus
2558 2341 2657 2395 per
2675 2321 3048 2395 singula,non
3061 2323 3183 2393 jam
3201 2321 3575 2391 breviarium,

1936 2417 1998 2468 ut
2027 2413 2266 2484 polliciti
2303 2430 2531 2476 sumus,
2565 2411 2663 2467 sed
2719 2411 3015 2483 proposito
3045 2411 3324 2471 maiorem
3357 2409 3574 2467 codicis

1933 2501 2290 2557 incurrimus
2321 2500 2737 2572 quantitatem;
2770 2517 2836 2554 ac
2868 2499 2915 2554 si
2939 2499 3039 2570 qui
3071 2499 3574 2571 stagnantislacus

1933 2607 2111 2662 parva
2140 2589 2314 2645 lintre
2344 2589 2592 2644 nimium
2633 2605 2874 2644 securus
2922 2585 3109 2660 pergit
3151 2587 3396 2654 sulcare,
3429 2589 3572 2644 dum

1933 2678 2136 2745 nescit,
2169 2677 2371 2733 vicinis
2398 2677 2646 2748 aequoris
2679 2676 3009 2731 metuendis
3048 2675 3393 2731 absorbetur
3419 2677 3571 2732 aesti-

1933 2767 2063 2831 bus,
2096 2771 2152 2822 et
2175 2784 2210 2822 a
2239 2765 2449 2822 mediis
2481 2763 2755 2838 periculis
2788 2768 2920 2836 post
2958 2763 3198 2820 dorsum
3232 2763 3572 2835 respiciens,

1931 2871 2060 2910 sero
2087 2853 2479 2910 reminiscitur
2506 2869 2719 2924 magna
2741 2851 2932 2924 parvis
2963 2854 3184 2907 tentare
3201 2849 3574 2908 adminiculis

1930 2947 2160 3014 quanta:
2194 2941 2365 2999 fuerit
2395 2939 2874 2996 temeritatis.Sed
2903 2943 3139 3012 prestat
3167 2939 3573 3008 interim,dum

1931 3048 2022 3085 res
2049 3030 2104 3084 in
2137 3028 2560 3102 tranquillitate
2589 3027 2827 3096 sunt,ad
2844 3026 3057 3082 littoris
3079 3027 3246 3084 sinus
3275 3027 3436 3084 clavo
3457 3028 3574 3085 fra-

1927 3116 2102 3189 gilem
2135 3117 2394 3172 lembum
2428 3117 2740 3183 reﬂectere,
2775 3132 2845 3170 ne
2890 3115 2938 3171 si
2969 3114 3126 3188 quod
3153 3115 3308 3171 vires
3339 3117 3576 3172 excedat

1925 3207 2364 3273 tcntaverimus,
2398 3222 2510 3260 non
2546 3209 2662 3260 tam
2697 3221 2934 3260 cursum
2966 3204 3264 3276 agere,sed
3295 3202 3573 3260 ﬂuctibus

1929 3293 2341 3350 miserabiliter
2369 3293 2534 3348 obrui
2567 3293 2886 3347 videamur.

131 3361 282 3438 octo
311 3380 604 3434 librarum
639 3394 774 3431 cum
808 3376 939 3431 aiiis
971 3375 1171 3430 multis
1201 3377 1272 3430 ad
1305 3376 1422 3430 lucc
1456 3377 1816 3442 necessariis;
1849 3361 1894 3428 (Γ.
1929 3383 2064 3438 ΟΜ),
2099 3382 2283 3436 XXXI.
2321 3386 2396 3437 De
2428 3382 2746 3436 imminenle
2772 3381 3010 3452 corporis
3048 3379 3167 3450 ejus
3194 3378 3571 3436 dissolutione.

133 3485 289 3526 cum
328 3484 446 3521 non
483 3465 820 3535 multopost
841 3463 1818 3536 nilsperanti,quippequiuimium

133 3555 652 3632 promeruissem,
690 3551 1073 3608 mediocritati
1122 3570 1260 3606 meae
1302 3569 1624 3623 congruum
1675 3555 1819 3610 satis

135 3649 405 3716 insuper
429 3641 649 3713 adjecit
679 3641 1050 3695 beneficium.
1089 3640 1298 3695 Parum
1346 3646 1434 3694 est
1481 3642 1635 3712 quod
1667 3642 1820 3710 dico,

137 3736 390 3804 majora
423 3729 786 3786 memorabo.
818 3729 1096 3784 Miserum
1147 3746 1258 3794 nne,
1288 3728 1378 3782 vix
1419 3728 1580 3783 fateri
1611 3731 1816 3796 audeo,

134 3841 290 3880 cum
321 3837 422 3876 me
455 3817 942 3890 indignissimum
974 3815 1397 3895 et_confusione
1428 3815 1664 3888 plenum
1698 3818 1821 3874 dul-

134 3910 402 3968 cissimo
453 3907 554 3962 illo
603 3923 714 3961 suo
763 3905 1094 3960 excellentis
1146 3903 1398 3959 scicntize
1442 3909 1498 3960 et
1540 3905 1819 3976 elegantis

136 3997 384 4073 ingenii
441 3997 565 4053 sale
596 3995 833 4051 condito
877 3995 1217 4067 dignaretur
1246 3993 1523 4065 alloquio,
1555 4011 1820 4050 nonnun-

137 4107 334 4163 quam
361 4084 710 4158 psalmodiae
729 4087 784 4138 et
799 4083 1081 4138 orationis
1100 4099 1212 4136 non
1231 4081 1551 4154 rcpellebar
1567 4089 1816 4152 secreto;

139 4179 289 4234 licet
321 4174 547 4246 szrpius
574 4175 799 4245 quanto
830 4169 1108 4234 solitarie,
1137 4175 1297 4224 tanto
1343 4170 1544 4226 devote
1569 4178 1734 4227 nocte
1763 4179 1820 4227 et

138 4284 328 4322 mane
381 4263 492 4318 soli
527 4263 648 4318 Deo
697 4260 756 4314 in
787 4255 1148 4315 orationibus
1177 4275 1378 4314 vacare
1404 4258 1612 4314 solitus
1641 4265 1815 4314 esset.

137 4356 439 4411 Praeterea
471 4350 654 4406 certis
687 4347 744 4402 in
776 4347 1144 4402 bebdomada
1174 4345 1352 4410 feriis,
1376 4345 1461 4401 vel
1493 4352 1644 4402 certe
1661 4348 1818 4417 jeju-

137 4445 390 4500 niorum
447 4444 717 4510 tempore
775 4453 842 4491 ex
897 4435 1318 4490 consuetudine
1371 4434 1614 4490 solemni
1657 4436 1819 4492 nulla

138 4547 421 4604 unquam
457 4525 677 4583 hiemis
725 4529 1071 4597 tempestate
1120 4523 1466 4590 retardatus,
1496 4523 1818 4594 patrocinia

139 4622 330 4694 pedes
365 4618 572 4672 nudus
605 4618 946 4670 sanctorum
979 4611 1294 4677 circuibat;
1329 4627 1462 4666 cum
1492 4611 1645 4667 inter
1671 4629 1815 4666 eun-

2001 3471 2436 3542 [Prmtermissis
2468 3471 2580 3541 (34)
2610 3468 2806 3540 igitur,
2829 3472 2894 3523 ut
2921 3467 3142 3523 dictum
3173 3472 3282 3534 est,
3303 3466 3573 3539 pluribus

1929 3563 2047 3613 tam
2096 3559 2268 3613 dictis
2315 3575 2490 3630 quam
2543 3558 2709 3612 factis
2757 3555 3022 3626 ejusdem
3073 3555 3416 3612 venerabilis
3463 3555 3570 3612 viri

1927 3647 2246 3702 admodum
2277 3651 2598 3700 memoratu
2629 3643 2846 3715 dignis,
2871 3644 3119 3699 termino
3150 3641 3362 3699 chartae
3392 3643 3570 3701 linem

1927 3735 2053 3790 vita:
2085 3736 2213 3806 ejus
2243 3734 2528 3807 explicare
2557 3733 3042 3804 studeamus,qua
3074 3735 3260 3788 morte
3288 3730 3464 3788 homo
3478 3732 3570 3788 hic

1928 3823 2028 3879 Dei
2057 3829 2286 3878 terrena
2333 3821 2625 3894 linquens,
2659 3820 2916 3876 cmlestia
2965 3824 3296 3892 penetrans,
3329 3819 3572 3876 feliciter

1927 3911 2128 3978 exivit;
2153 3916 2210 3966 et
2240 3928 2474 3982 gregem
2506 3909 2735 3966 Domini
2781 3907 3073 3964 insolubili
3105 3924 3346 3965 maerore
3371 3909 3569 3964 confe-

1927 4005 2085 4055 ctum
2118 3998 2567 4056 suavissimasui
2599 3997 3179 4068 prmsentiaegregius
3197 3995 3570 4068 pastordeso-

1927 4087 2268 4150 lavit.Quem
2295 4086 2531 4158 quidem
2558 4085 3016 4156 omnipotentem
3039 4083 3222 4139 Deum
3253 4083 3327 4139 ab
3356 4099 3422 4139 eo
3443 4097 3569 4155 pre-

1926 4177 2094 4230 cibus
2123 4179 2423 4230 exoratum
2460 4192 2608 4240 esse,
2645 4189 2814 4228 nemo
2862 4171 2963 4244 qui
3007 4169 3186 4226 vitam
3235 4172 3364 4242 ejus
3409 4170 3570 4226 novit

1925 4263 2204 4335 ambigat,
2236 4279 2368 4317 cum
2403 4261 2510 4316 hoc
2554 4267 2610 4317 et
2641 4264 2971 4332 frequentes
3001 4259 3058 4314 iu
3089 4259 3348 4315 oratione
3399 4263 3571 4314 testa-

1927 4357 2128 4407 rentur
2157 4351 2507 4427 lacrymze,et
2539 4349 2661 4421 ipse
2693 4346 2990 4404 communi
3010 4363 3432 4420 nonnunquam
3455 4365 3570 4404 ser-

1928 4456 2098 4495 mone
2144 4455 2278 4494 cum
2332 4437 2422 4492 his
2471 4437 2571 4508 qui
2621 4435 2732 4491 sibi
2783 4433 3130 4490 familiarius
3173 4435 3565 4505 adherebant,

1925 4545 2110 4583 annos
2139 4545 2278 4582 suos
2307 4545 2372 4581 ac
2402 4526 2449 4582 si
2469 4526 2694 4581 dierum
2710 4522 2939 4580 malitiae
2953 4521 3157 4596 plenos
3179 4522 3255 4580 sit
3269 4528 3566 4591 causatus,

1924 4617 2096 4670 etiam
2127 4621 2360 4686 tempus
2390 4633 2518 4669 esse
2547 4631 2663 4684 quo
2695 4611 2982 4668 infelicem
3012 4615 3243 4667 exueret
3267 4610 3567 4668 hominem

137 4710 291 4765 dum
325 4721 571 4776 semper
603 4701 972 4772 eleemosyna
992 4699 1194 4770 ejusin
1213 4715 1391 4754 manu
1410 4717 1607 4755 secum
1625 4700 1818 4755 deam-
1847 4720 1894 4784 Ι)
1925 4705 2001 4760 sit
2031 4703 2670 4783 protestatus].Sextum
2701 4703 2774 4756 ab
2800 4699 3166 4756 ordinatione
3197 4715 3306 4756 sua
3333 4699 3393 4754 in
3424 4701 3570 4773 regi-

138 4796 414 4853 bulantis
447 4791 796 4854 desudaret,
827 4789 1009 4843 donec
1041 4792 1364 4843 occurreret
1393 4788 1485 4843 cui
1531 4804 1600 4843 ea
1642 4789 1816 4844 etiam

138 4885 440 4942 nescienti
493 4888 783 4951 tanquam
837 4876 1066 4932 Christo
1121 4876 1602 4931 committoretur.
1655 4877 1817 4933 Refe-

137 4973 362 5031 ctionis
393 4987 534 5026 vero
551 4969 1075 5037 horaquazcunque
1102 4969 1476 5036 parataerant
1494 4964 1814 5037 pulmenta,

137 5082 207 5118 ac
238 5064 288 5118 si
322 5061 670 5132 epulaturo,
705 5052 885 5108 nullis
916 5053 1222 5108 reservatis
1245 5053 1344 5123 qui
1375 5052 1462 5107 vel
1489 5071 1524 5108 a
1551 5071 1634 5120 se,
1668 5054 1750 5110 vel
1784 5073 1819 5110 a

137 5147 327 5208 simul
360 5143 893 5203 discumbentibus
923 5157 988 5196 eo
1019 5141 1111 5195 die
1141 5141 1363 5195 comedi
1411 5147 1696 5212 poterant,
1729 5143 1814 5198 vel

136 5234 648 5312 exquisitissimis
691 5231 862 5294 cibis,
909 5229 1108 5284 omnia
1151 5246 1471 5301 pauperum
1522 5231 1815 5286 alimentis

137 5327 634 5384 insumebantur.
661 5320 876 5387 Sicque
907 5333 1118 5371 manus
1148 5316 1647 5386 eleemosynarum
1679 5336 1814 5374 cum

129 5416 344 5486 jejuuii
380 5413 586 5467 votiva
635 5403 1019 5474 castigatione
1051 5404 1352 5459 charitatis
1405 5406 1534 5475 igne
1581 5422 1815 5461 concre-

141 5511 298 5559 mata
329 5501 406 5558 ad
443 5498 630 5556 cmlos
662 5493 994 5549 orationum
1031 5491 1256 5546 levabat
1299 5496 1578 5546 aromata.
1612 5494 1815 5556 Quoti-

138 5593 383 5647 dianam
415 5603 568 5645 sane
613 5577 1118 5636 conversationem
1173 5595 1339 5634 suam
1391 5583 1818 5650 perseverantia

138 5686 196 5736 et
226 5675 712 5751 temperamento
732 5667 899 5737 jugis
924 5667 1569 5738 abstinenti:e,potentia
1600 5669 1817 5738 vigilia-

209 5771 324 5840 (34)
363 5764 552 5824 Uncis
584 5757 823 5816 inclusa
853 5754 911 5808 in
939 5754 1110 5810 editis
1144 5772 1256 5810 non
1289 5765 1643 5826 comparent.

1929 4793 2085 4847 mine
2109 4792 2479 4862 episcopatus
2510 4789 2717 4860 agebat
2744 4803 2987 4852 annum,
3010 4792 3087 4855 et,
3109 4792 3173 4842 ut
3201 4786 3425 4843 dictum
3454 4793 3565 4854 est,

1927 4881 2113 4936 lidelis
2127 4878 2342 4934 summi
2361 4876 2798 4949 patrisfamilias
2815 4877 3186 4948 dispensator
3206 4891 3314 4932 sua
3331 4875 3570 4947 quibus-

1925 4986 2039 5040 que
2072 4967 2598 5032 reddcbat,servata
2627 4962 3568 5037 diligentissimeinomnibusdis-

1923 5056 2172 5128 ciplina;
2204 5071 2339 5109 cum
2393 5053 2838 5126 superveniente
2885 5051 3279 5126 apostolorum
3327 5052 3479 5108 Petri
3511 5057 3570 5110 et

1927 5143 2085 5199 Pauli
2120 5142 2508 5207 solemnitate,
2515 5142 2819 5212 jucundus
2849 5141 3110 5213 ipsorum
3141 5139 3405 5197 interfuit
3424 5141 3564 5213 vigi-

1925 5231 2361 5301 liis,missisque
2389 5229 2564 5302 priori
2595 5235 2653 5286 et
2682 5236 2912 5302 postera
2941 5230 3033 5285 die
3063 5229 3568 5286 solemnitercele-

1925 5320 2108 5374 bratis
2138 5319 2195 5372 in
2230 5318 2598 5389 singulorum
2630 5317 2910 5384 ecclesiis,
2943 5319 3003 5373 in
3049 5317 3284 5374 illorum
3331 5318 3567 5374 servitio

1928 5406 2222 5478 religionis
2273 5404 2448 5459 finem
2497 5406 2809 5477 accipiens,
2841 5423 2943 5477 per
2988 5421 3136 5478 quos
3183 5407 3352 5461 beata
3381 5409 3568 5460 mater

1925 5495 2179 5550 Ecclesia
2211 5493 2506 5565 religionis
2539 5495 2794 5566 sumpsit
2822 5494 3145 5561 exordium,
3179 5494 3250 5548 ad
3300 5506 3562 5547 mensam

1927 5583 2154 5637 rediens
2187 5581 2335 5635 inter
2366 5583 2770 5652 prandendum
2811 5583 3002 5653 primo
3051 5585 3323 5645 tremore,
3352 5577 3562 5632 deinde

1925 5669 2081 5741 gravi
2115 5673 2302 5723 tactus
2331 5674 2418 5724 est
2449 5669 2788 5735 calore.0uo
2818 5669 3038 5725 caeteris
3070 5667 3288 5724 sensim
3316 5662 3559 5718 artubus
