3852 6432
156 474 271 571 7st

1776 478 1960 541 VITA
1974 523 1987 537 .

3454 479 3583 551 7G.

162 635 191 689 ς
223 610 374 667 falso
406 604 982 684 imputaticriminis
1011 611 1410 683 suspicionem
1434 628 1549 669 non
1580 614 1818 681 removi,
1852 617 1907 683 Α
1936 614 2212 687 pascebat
2234 614 2567 683 Domino,et
2580 612 3139 689 benignissimatam
3157 612 3577 674 ecclesiastica

157 684 186 749 ir
219 696 447 775 plango
496 702 557 754 et
604 695 974 753 vehementer
1004 698 1193 755 doleo.
1232 723 1259 748 »
1281 701 1383 756 His
1413 700 1605 768 dictis,
1638 702 1685 757 si
1710 720 1827 775 qua

157 791 370 843 contra
401 804 507 843 eos
540 786 643 859 qui
670 790 979 859 praesentes
1001 793 1203 844 essent
1226 789 1431 845 fratres
1462 791 1822 863 deliquisset,

154 875 274 932 sibi
309 874 528 930 donari
563 873 744 948 petiit.
776 875 988 931 Contra
1036 877 1368 934 assistentis
1415 880 1551 935 cleri
1602 880 1825 935 devotio

152 981 188 1020 a
219 962 489 1020 Domino
520 963 635 1020 Deo
668 964 923 1035 pontiﬁci
943 981 1051 1021 suo
1072 966 1298 1024 veniam
1321 967 1506 1039 petiit,
1523 968 1827 1041 ipsamque

150 1056 461 1126 quantum
498 1069 611 1108 sua
640 1053 917 1108 intererat
944 1071 1014 1109 ex
1044 1072 1107 1110 se
1140 1054 1527 1112 libentissime
1557 1074 1670 1112 non
1703 1057 1830 1113 sine

150 1139 368 1198 multis
420 1138 705 1213 lacrymis
736 1140 1043 1214 impendit,
1096 1142 1370 1216 idemque
1418 1145 1531 1200 sibi
1581 1145 1655 1201 ab
1701 1145 1828 1218 ipso

150 1227 281 1286 fieri
336 1228 697 1302 suppliciter
740 1229 1046 1302 impendit,
1094 1230 1368 1304 idemque
1417 1234 1527 1289 sibi
1578 1235 1652 1290 ab
1700 1235 1827 1308 ipso

147 1317 279 1374 fieri
316 1316 679 1390 suppliciter:
702 1317 1124 1390 implorat.Quo
1157 1320 1307 1376 facto
1330 1322 1667 1378 solemniter
1694 1339 1828 1378 cum

148 1404 414 1481 psalmis
447 1410 512 1462 et
561 1405 926 1463 orationibus
957 1409 1031 1463 ad
1075 1409 1132 1464 id
1179 1409 1353 1464 ofﬁcii
1404 1411 1827 1483 pertinentibus

147 1494 222 1550 ab
255 1494 487 1549 abbate
519 1511 694 1567 quem
728 1513 907 1568 supra
944 1499 1422 1562 memoravimus,
1454 1515 1557 1572 per
1603 1516 1828 1556 sacram

145 1580 262 1638 olei
297 1582 659 1640 unctionem
690 1583 747 1639 in
778 1584 932 1640 viam
961 1586 1125 1658 pacis
1154 1590 1210 1642 et
1240 1587 1418 1643 beatae
1449 1587 1664 1659 quietis
1690 1586 1828 1643 diri-

144 1668 335 1743 gitur.

145 1775 288 1832 ΟΑΡ.
324 1776 597 1833 XXXIII.
640 1777 790 1845 Quod
832 1780 1002 1835 abbas
1051 1781 1299 1839 (Uberius
1348 1798 1415 1838 ne
1467 1785 1668 1854 septem
1716 1783 1830 1839 dies

601 1858 721 1920 post
750 1867 874 1905 cum
899 1854 1104 1923 faceret
1140 1855 1404 1909 exoravit.

222 1934 512 2008 Singulis
544 1936 758 1994 deinde
808 1938 866 1995 in
913 1956 1024 1996 sua
1066 1942 1467 2006 redeuntibus,
1500 1942 1588 1997 vir
1616 1942 1713 1997 Dei
1746 1941 1829 1998 sic

1935 720 2066 759 rum
2101 702 2441 759 facultatum
2474 720 2648 776 quam
2680 702 3059 760 consiliorum
3100 701 3405 777 largitione
3435 721 3577 777 pru-

1934 791 2140 847 denter
2167 792 2525 863 dispensata,
2571 791 2953 847 exterioribus
2983 806 3352 864 nequaquam
3382 793 3581 848 deerat

1935 878 2160 935 solatio.
2191 881 2375 935 Ambo
2418 880 2615 936 divina
2657 884 2715 936 et
2743 878 3003 936 humana
3030 878 3317 953 sapientia
3345 878 3578 946 imbuti,

1936 968 2108 1023 ambo
2138 968 2525 1023 robutissimze
2549 968 2606 1024 in
2644 967 2858 1040 templo
2890 968 2989 1024 Dei
3022 966 3582 1040 columnm.Uterque

1936 1054 1995 1111 in
2026 1060 2276 1129 utroque
2319 1056 2434 1112 Deo
2478 1056 2853 1113 servientium
2898 1055 3101 1113 ordine
3134 1056 3343 1128 regina
3380 1056 3583 1113 dextra

1936 1143 2195 1200 divinam
2244 1144 2445 1216 sponsi
2494 1146 2860 1218 majestatem
2908 1144 3123 1201 astanti
3175 1161 3316 1200 auro
3361 1147 3583 1201 vestem

1937 1237 2148 1298 texere,
2182 1233 2487 1305 ipsamque
2510 1232 2950 1303 jucundiesima
2995 1232 3340 1291 varietatum
3369 1233 3580 1291 distin-

1938 1320 2125 1378 ctione
2182 1321 2348 1392 gnari
2399 1322 2784 1389 circumdare,
2841 1322 3018 1394 idque
3069 1320 3329 1378 studiose
3386 1321 3579 1394 quoad

1934 1409 2194 1465 viverent
2222 1410 2583 1466 decertantes
2622 1410 2883 1466 actitare.
2917 1411 3039 1465 Sub
3092 1410 3268 1466 tantis
3317 1413 3445 1467 tuta
3486 1425 3583 1465 οω-

1938 1498 2526 1570 stodibus,tautisque
2554 1499 2915 1555 communita
2939 1498 3467 1571 propugnatoribus
3497 1496 3584 1552 in-

1939 1590 2030 1643 tra
2057 1586 2477 1643 honestissima
2522 1587 2807 1643 bonarum
2836 1587 3050 1642 artium
3082 1586 3418 1658 quiescebat
3442 1584 3581 1652 otia,

1939 1692 2045 1731 nec
2075 1675 2468 1733 clandestinas
2499 1674 2795 1732 latronum
2821 1675 3089 1745 insidias,
3119 1691 3224 1731 nec
3252 1677 3449 1746 aperte
3479 1674 3586 1730 im-

1941 1765 2329 1839 pugnantium
2361 1764 2683 1822 formidans
2715 1766 3155 1828 incursus,tune
3180 1763 3419 1838 quidem
3450 1761 3585 1819 felix

1941 1854 2135 1927 Legio,
2158 1854 2260 1911 sed
2294 1871 2449 1913 nunc
2479 1853 2701 1911 amissa
2730 1854 2837 1910 hac
2867 1852 3138 1911 felicitate
3169 1851 3350 1921 multo
3394 1849 3584 1911 infeli-

1866 1978 1914 2044 Β
1941 1943 2081 2044 cier.

155 2028 366 2080 manet
400 2023 465 2079 in
498 2023 656 2081 lecto
686 2027 1004 2093 decubans,
1041 2028 1186 2084 nihil
1228 2047 1356 2086 sese
1388 2029 1497 2086 nisi
1547 2031 1835 2086 defectum
1866 2023 1914 2044 ”
2017 2033 2189 2088 Sexta
2235 2031 2415 2105 igitur
2471 2032 2616 2089 feria
2662 2030 3053 2099 illucescente,
3114 2033 3315 2089 octavo
3370 2028 3590 2087 scilicet

158 2113 280 2185 pati
315 2126 631 2183 asserens,
664 2121 1044 2189 expectatque
1094 2118 1173 2173 ita
1220 2123 1285 2174 ut
1315 2136 1616 2191 nunquam
1659 2119 1718 2174 in
1745 2136 1839 2175 sa-

163 2200 350 2257 nitate
380 2200 995 2277 hilarior,exoptatam
1027 2206 1128 2262 diu
1157 2206 1361 2265 horam
1393 2224 1509 2280 qua
1537 2212 1839 2263 vocantem

164 2288 387 2362 migret
418 2290 499 2346 ad
534 2290 878 2349 Dominum.
903 2295 1241 2368 Testatique
1271 2301 1409 2353 sunt
1438 2295 1756 2369 presbyteri
1786 2299 1843 2350 et

166 2376 463 2449 capellani
500 2379 609 2452 qui
640 2379 690 2435 ei
722 2381 1073 2439 excubantes
1104 2401 1206 2457 pro
1254 2384 1679 2458 exspectatione
1716 2384 1841 2458 glo-

174 2467 315 2523 riosi
348 2464 556 2525 exitus
599 2470 973 2537 assistebant,
1022 2472 1407 2544 psalmodiam
1455 2479 1512 2531 et
1554 2475 1843 2529 orationes

175 2555 321 2629 ipsis
352 2557 589 2629 quibus
620 2558 935 2616 incolumis
975 2561 1200 2617 solebat
1226 2562 1385 2617 horis
1427 2580 1463 2619 a
1492 2568 1843 2635 praemortuo

174 2643 337 2700 illius
368 2662 473 2700 ore
506 2644 837 2718 palpitante
869 2648 1070 2721 lingua
1100 2649 1255 2722 saepi'
1286 2650 1841 2707 siterari.Nimirum

176 2737 400 2804 quanto
434 2750 553 2788 usu
588 2734 789 2790 vivens
818 2740 876 2792 et
904 2736 1215 2794 incolumis
1245 2738 1605 2811 imperitanti
1626 2739 1846 2796 servire

179 2828 574 2879 consueverat
600 2823 856 2897 spiritui,
890 2842 1023 2882 caro
1041 2827 1168 2898 jam
1189 2825 1445 2883 moriens
1462 2829 1842 2899 approbabat.

179 2913 398 2978 Quarta
431 2912 607 2980 feria,
642 2912 865 2969 scilicet
894 2914 1345 2987 apostolicarum
1367 2920 1705 2973 octavarum
1719 2917 1845 2974 dies

181 3002 504 3057 transierat
530 3019 546 3070 ;
584 3001 791 3073 quinta
821 3003 1030 3059 deinde
1053 3005 1194 3060 feria
1211 3005 1613 3076 superfuerat:
1637 3011 1842 3062 etcum

176 3090 301 3161 jam
332 3089 532 3147 vicina
564 3090 852 3157 exitus;ut
890 3093 1226 3165 putabatur,
1260 3093 1405 3149 hora
1435 3111 1469 3149 a
1498 3110 1843 3150 concurren-

184 3179 343 3235 tibu’s
373 3178 766 3236 devotissime
788 3180 859 3235 ad
878 3197 1011 3236 eum
1036 3181 1369 3238 senioribus
1392 3186 1844 3255 exspectaretur,

186 3271 361 3339 atque
391 3268 614 3324 obnixe
644 3271 710 3322 ut
739 3285 773 3323 a
799 3267 946 3324 lecto
978 3286 1039 3325 se
1082 3271 1300 3327 sineret
1348 3269 1580 3342 deponi,
1619 3275 1686 3327 ut
1714 3288 1844 3327 mo-

189 3336 480 3413 rientibus
507 3356 664 3413 solet
696 3357 815 3413 ﬁeri
833 3336 1624 3432 Christianis,eftlagitaretur
1653 3378 1716 3416 :«
1742 3360 1852 3416 No-
1878 3336 1922 3404 C

186 3443 303 3514 lite,
338 3446 556 3518 inquit,
592 3445 767 3501 hodie
817 3445 1032 3515 frustra
1062 3445 1311 3519 fatigari,
1346 3448 1445 3504 sed
1478 3464 1606 3504 cras
1638 3447 1850 3505 disces-

187 3550 325 3591 sure
358 3534 509 3590 mihi
543 3534 604 3590 in
644 3533 739 3590 Dei
787 3535 1025 3590 nomine
1068 3534 1371 3592 occurrite.
1420 3559 1447 3586 »
1488 3537 1671 3600 Quam
1720 3537 1848 3608 ejus

187 3639 384 3679 vocem
420 3626 724 3695 quotquot
768 3623 1100 3691 adfuerunt,
1129 3623 1401 3692 audiere;
1434 3626 1534 3681 sed
1584 3629 1641 3680 et
1668 3626 1849 3682 abbas

191 3715 558 3768 memoratus
570 3710 675 3783 qui
696 3710 881 3783 pridie
899 3727 1034 3767 eum
1056 3712 1432 3781 unxerat,hoc
1456 3714 1848 3785 praenuntiata:

189 3799 259 3854 ab
289 3815 357 3856 eo
388 3799 607 3857 mortis
640 3798 925 3855 indictum
958 3799 1053 3872 pio
1084 3801 1295 3873 exeipit
1316 3801 1536 3874 gemitu
1573 3821 1585 3858 :
1612 3802 1851 3858 «Sidis-

190 3889 367 3956 cedis,
400 3889 627 3961 inquit,
658 3887 1090 3961 Omnipotentis
1121 3889 1522 3946 misericordia
1549 3907 1664 3947 non
1694 3891 1852 3949 sinat

191 3993 282 4033 me
309 3981 542 4051 septem
575 3976 707 4033 dies
756 3992 935 4048 super
981 3980 1036 4032 te
1067 3977 1124 4031 in
1173 3977 1281 4035 hoc
1312 3979 1535 4034 mundo
1577 3978 1784 4035 facere.
1821 4001 1849 4028 »

192 4067 323 4131 Quae
375 4066 563 4123 verba
617 4064 942 4138 petitionis,
973 4068 1038 4119 ut
1091 4065 1354 4137 probavit
1399 4067 1478 4122 rei
1524 4067 1729 4133 exitus,
1777 4067 1849 4123 ad

192 4171 360 4211 aures
372 4155 457 4229 pii
472 4152 772 4212 auditoris
785 4153 1123 4210 ascendisse
1147 4154 1441 4213 credimus
1466 4171 1630 4213 :nam
1653 4156 1850 4213 statim

192 4244 261 4299 ad
292 4241 733 4300 monasterium
789 4242 941 4297 beati
985 4241 1186 4298 Jacobi
1233 4258 1556 4315 regressus,
1596 4243 1695 4299 ubi
1727 4244 1853 4316 ipse

191 4336 397 4405 prater
423 4332 620 4389 alium
651 4347 827 4402 quem
859 4331 1095 4402 gerebat
1140 4330 1577 4389 Gemblacensis
1605 4331 1851 4391 cmnobii

189 4419 790 4493 gregem,multorum
810 4418 977 4473 Pater
989 4418 1210 4474 exstitit
1231 4419 1650 4483 monachorum
1673 4439 1689 4489 ;
1713 4423 1850 4477 sub-

191 4513 425 4582 repente
456 4508 610 4565 totis
641 4506 892 4563 artubus
914 4505 1385 4574 molestia,sentit
1404 4508 1717 4581 optabilem
1740 4508 1852 4566 sibi

190 4613 321 4653 cum
351 4595 994 4671 pontiﬁce,eodemque
1016 4596 1295 4653 unanimo
1321 4597 1493 4653 fratre
1513 4596 1850 4655 dissolutio-

1946 2119 2088 2175 Idus
2110 2118 2277 2187 Julii,
2326 2118 2557 2175 beatam
2605 2122 2808 2191 pastor
2847 2122 3067 2185 noster,
3115 2121 3180 2174 ut
3226 2115 3584 2191 praedixerat,

1948 2206 2200 2264 Creatori
2233 2206 2487 2263 reddidit
2515 2207 2795 2265 animam.
2818 2207 3078 2279 Postque
3125 2205 3293 2265 illum
3340 2204 3587 2278 septimo

1944 2294 2062 2362 die,
2095 2294 2248 2351 sicut
2263 2311 2299 2350 a
2319 2295 2433 2351 Deo
2450 2298 2812 2367 peposcerat,
2827 2293 3133 2352 memorati
3153 2292 3591 2359 abbatisanima

1947 2384 2065 2439 voti
2122 2400 2359 2458 compos
2414 2383 2751 2458 episcopum
2792 2386 2883 2440 est
2923 2386 3142 2450 secum,
3192 2385 3258 2441 ut
3299 2383 3593 2439 constaret

1950 2471 2244 2527 evidenter
2280 2472 2389 2527 hoc
2419 2472 2664 2544 mystico
2691 2471 2918 2527 dierum
2948 2487 3191 2527 numero
3228 2469 3302 2525 ob
3350 2467 3591 2542 aequalis

1950 2559 2077 2615 vitae
2108 2562 2383 2615 meritum
2405 2560 2463 2615 in
2496 2577 2674 2615 unam
2695 2564 2917 2615 aeternis
2940 2556 3591 2629 beatitudinisrequiem

1952 2648 2060 2703 hos
2091 2652 2284 2704 tantos
2313 2652 2506 2720 patres
2535 2665 2570 2703 a
2597 2647 2801 2703 mundi
2831 2647 3010 2718 hujus
3040 2645 3312 2719 voragine
3347 2660 3476 2703 esse
3502 2660 3591 2699 re-

1951 2736 2433 2811 ceptos.Migrant
2462 2735 2659 2810 igitur,
2684 2736 2941 2810 migrant
2968 2736 3042 2791 ad
3072 2735 3381 2792 Dominum
3415 2733 3590 2789 facto-

1953 2841 2074 2882 rem
2124 2840 2301 2881 suum
2344 2824 2540 2882 felices
2574 2825 2874 2897 justorum
2904 2823 3136 2890 animm,
3171 2821 3593 2896 multiplicibus

1952 2914 2184 2987 pietatis
2214 2913 2425 2969 studiis
2470 2913 2793 2970 exercitata:
2826 2932 2840 2970 :
2870 2912 2982 2969 vivi
3034 2913 3237 2985 utique
3269 2910 3493 2985 lapides
3520 2908 3594 2965 ad

1952 3001 2203 3059 cmlestis
2221 3001 2544 3061 Jerusalem
2572 2994 2883 3063 aedificium
2910 3000 3265 3075 colliguntur
3291 2997 3597 3068 et,malitia

1954 3091 2384 3147 remanentium
2417 3091 2698 3164 exigente,
2732 3089 2791 3147 hi
2835 3090 2936 3162 qui
2984 3095 3181 3145 tenero
3220 3086 3379 3162 gregi
3408 3085 3595 3143 multo

1955 3179 2146 3236 adhuc
2178 3183 2433 3253 tempore
2476 3184 2744 3253 poterant
2782 3179 3075 3251 prodesse,
3104 3177 3252 3234 heu!
3287 3174 3464 3233 nimis
3487 3174 3597 3231 fes-

1955 3267 2075 3324 tiue
2104 3268 2551 3325 subtrahuntur.

1995 3401 2127 3457 Car.
2159 3401 2395 3459 XXXIV.
2428 3401 2592 3473 Quod
2626 3401 2798 3473 Legio
2835 3408 2996 3457 tanta
3037 3407 3270 3470 pastore
3296 3397 3558 3453 creatur.

2028 3534 2327 3606 Relinquit
2354 3533 2551 3607 itaque
2581 3551 2649 3590 ex
2680 3536 2864 3591 matre
2897 3531 3077 3591 tiliam
3112 3530 3227 3593 lilio
3254 3530 3508 3596 beatam,
3531 3542 3598 3583 ae

1957 3623 2330 3696 postmodum
2352 3623 2555 3679 eodem
2584 3626 2745 3696 patre
2775 3621 2958 3679 multo
2978 3616 3599 3685 beatiorem,miseram

1956 3716 2159 3784 pastor
2188 3711 2375 3767 bonus
2396 3728 2530 3767 cum
2545 3710 2785 3784 pupillis
2802 3711 2927 3767 suis
2952 3710 3348 3784 Legiam.0um
3368 3703 3601 3763 etiamsi

1955 3798 2181 3873 lapides
2225 3803 2462 3872 possent
2507 3798 2795 3872 lacrymas
2846 3799 3110 3866 fundere,
3153 3790 3602 3869 irrecuperabile

1958 3888 2135 3946 ablati
2150 3888 2426 3945 Wazonis
2438 3888 2724 3945 damnum
2743 3903 3115 3961 nequaquam
3129 3884 3489 3942 sufficienter
3499 3897 3600 3937 va-

1958 3976 2103 4034 leret
2130 3975 2442 4051 plangere;
2475 3976 2689 4050 quippe
2712 3976 2805 4031 cui
2836 3979 2969 4048 post
2997 3975 3180 4032 Deum
3212 3973 3320 4029 hoc
3341 3968 3604 4028 noscitur

1957 4064 2167 4123 debere
2196 4069 2261 4121 ut
2289 4064 2606 4141 singqlaris
2635 4063 2890 4120 nominis
2913 4058 3458 4136 praerogativainter
3476 4073 3601 4113 ma-

1950 4155 2111 4227 jores
2139 4154 2596 4225 circumquaque
2627 4152 2802 4209 urbes
2844 4151 2971 4210 sola
3012 4153 3317 4207 vocaretur
3347 4147 3479 4203 fons
3508 4161 3601 4202 sa-

1958 4241 2207 4315 pientiae.
2238 4241 2373 4306 Qua)
2417 4246 2612 4297 autem
2656 4239 2813 4313 regio
2860 4243 2979 4295 tam
3020 4238 3293 4296 abstrusa
3322 4234 3382 4290 in
3408 4231 3600 4303 terris,

1956 4328 2539 4404 quam,pervolitante
2557 4327 3009 4397 fama,Wazonis
3038 4326 3221 4399 Legite
3244 4339 3457 4381 nomen
3485 4339 3600 4379 non

1948 4416 2383 4493 penetraverit?
2416 4416 2626 4472 Parum
2679 4420 2769 4471 est
2806 4414 2964 4488 quod
3021 4414 3218 4473 trifida
3272 4415 3331 4473 te
3382 4409 3600 4468 celsam

1955 4512 2120 4564 tanto
2152 4510 2312 4579 patre
2340 4504 2500 4561 novit
2525 4503 2733 4561 Gallia.
2765 4504 2847 4559 Te
2874 4502 3083 4577 Alpina
3124 4516 3331 4576 gerens
3360 4515 3603 4572 corpora

1956 4612 2329 4670 nequaquam
2372 4595 2600 4668 ignorat
2645 4593 2974 4650 Germania.
3008 4590 3484 4668 Experimentum
3514 4604 3604 4644 ac-

190 4702 319 4743 nem
351 4684 626 4759 corporis
656 4681 1005 4752 imminere;
1036 4683 1486 4756 fastidiensjam
1511 4686 1852 4760 confragosa
1883 4703 1928 4768 ι)
1958 4688 2237 4759 ceperunt
2298 4683 2495 4757 gloria:
2565 4687 2674 4738 tua:
2739 4680 3048 4750 Pannonii,
3105 4685 3162 4739 et
3217 4676 3602 4735 nihilominus

190 4773 367 4847 hujus
396 4774 531 4831 vitae
565 4770 903 4846 dispendia,
952 4789 1079 4844 quas
1127 4773 1373 4830 ulterius
1415 4774 1528 4831 sibi
1554 4774 1679 4831 sine
1705 4775 1851 4832 tanti

189 4864 545 4922 conviatoris
557 4860 773 4919 solatio
786 4864 1075 4917 restarent
1097 4861 1406 4932 calcanda;
1426 4862 1636 4922 Christi
1659 4864 1854 4937 potius

190 4952 506 5010 manifesta
534 4947 1038 5021 contemplatione
1066 4966 1200 5006 cum
1220 4950 1320 5008 illo
1345 4952 1586 5026 cupiens
1632 4952 1851 5023 satiari,

195 5041 431 5113 quiusa:
457 5038 715 5098 visionis
726 5038 858 5110 ejus
874 5037 1241 5109 dulcedinem
1262 5040 1526 5099 nondum
1545 5059 1624 5111 ne,
1638 5042 1741 5099 sed
1752 5059 1857 5115 spe

196 5131 487 5204 cognitam
498 5131 661 5187 inter
673 5125 1096 5185 conferendum
1110 5128 1344 5186 denotis
1354 5146 1531 5187 sacris
1544 5129 1853 5204 Scriptura

197 5218 487 5291 mysteriis
509 5217 825 5291 suspirare
862 5214 1103 5273 solebat.
1133 5216 1294 5274 Alter
1314 5217 1619 5275 nobiscum
1638 5236 1855 5277 corona

200 5304 564 5377 clericorum,
594 5305 753 5363 alter
796 5301 975 5359 decus
1020 5305 1462 5364 monachorum.
1510 5306 1669 5364 Alter
1722 5307 1857 5367 licet

202 5392 345 5453 inter
374 5395 730 5454 fluctuantis
756 5389 962 5448 seculi
981 5393 1266 5463 procellas
1287 5395 1518 5468 praticsa
1537 5396 1666 5452 vita
1688 5401 1856 5455 actus

204 5486 545 5557 propensius
562 5479 860 5556 regendos
882 5481 1362 5552 suseepit,divina
1380 5486 1575 5539 tamen
1595 5489 1857 5542 contem-

197 5563 446 5643 ’θίξιζίοιὶθ
456 5569 749 5646 suspendi
768 5565 1094 5624 ϐινίιᾶιίίθι*
1104 5571 1485 5627 exterioribus
1497 5572 1854 5632 mertiticari:

208 5659 343 5717 alter
370 5679 502 5719 νοω
531 5666 662 5719 tum
710 5653 1107 5730 professione,
1162 5664 1286 5716 tum
1318 5659 1500 5716 animi
1536 5660 1860 5720 intentione

206 5753 460 5808 mortuus
470 5746 779 5815 saculo,et
790 5740 1089 5813 duplicem
1100 5747 1355 5835 duorum
1366 5747 1607 5808 ovilium
1623 5766 1858 5823 gregem

1961 4774 2178 4832 Hiberi.
2210 4773 2324 4828 Nec
2352 4772 2491 4828 latet
2520 4776 2779 4829 extremo
2824 4770 3070 4828 ditl‘usos
3099 4769 3240 4826 orbe
3271 4765 3598 4824 Britannos.

1962 4864 2284 4936 Aquitanos
2352 4878 2485 4919 cum
2548 4860 2833 4929 Arvernis,
2904 4857 3048 4915 tanti
3104 4855 3344 4915 rectoris
3389 4857 3598 4914 aucto-

1962 4952 2130 5009 ritate
2158 4967 2337 5023 quam
2368 4949 2482 5007 alte
2509 4954 2687 5024 caput
2732 4947 3025 5007 extuleris.
3058 4946 3189 5009 Tibi
3237 4944 3456 5004 cedunt
3484 4960 3599 5017 pro

1962 5039 2254 5114 pontificis
2300 5038 2511 5097 virtute
2534 5038 2911 5097 cimumcirca
2958 5036 3136 5095 urbes
3180 5031 3598 5099 nobilissima;

1960 5130 2062 5186 sed
2141 5143 2248 5186 nec
2312 5126 2457 5184 etim
2534 5127 2718 5185 Roma
2779 5130 2988 5200 potens
3062 5124 3371 5198 indignum
3430 5120 3603 5180 ducit

1957 5235 2023 5274 se
2081 5222 2182 5275 tua
2222 5215 2489 5289 superari
2545 5214 2750 5290 gloria,
2806 5231 2939 5289 qua
2990 5214 3273 5273 moderno
3316 5216 3599 5284 tempore,

1959 5323 2028 5363 ex
2053 5304 2388 5363 orthodoxis
2418 5305 2709 5362 neminem
2738 5302 2876 5362 huic
2908 5308 3009 5362 tuo
3032 5317 3238 5376 parum
3266 5299 3473 5361 habuit
3502 5315 3603 5355 su-

1962 5394 2281 5473 perstitem.
2308 5396 2381 5450 At
2409 5410 2564 5451 nunc
2594 5391 2737 5450 heat
2765 5396 2926 5450 tanto
2956 5397 3187 5465 pastore
3218 5390 3453 5448 viduata
3476 5391 3604 5443 stas

1965 5478 2163 5558 magni
2197 5480 2450 5540 nominis
2499 5481 2728 5550 umbra,
2759 5484 2817 5538 et
2862 5480 3052 5543 adhuc
3084 5478 3293 5554 prioris
3323 5477 3487 5535 Estne!
3517 5479 3604 5531 te-

1966 5590 2104 5631 nere
2135 5570 2352 5629 multos
2400 5570 2583 5628 studii
2631 5574 2922 5629 amatores
2960 5570 3036 5627 ad
3073 5559 3602 5656 opinatum-disci:

1966 5662 2136 5736 plinas
2167 5662 2375 5723 invitas
2394 5661 2791 5734 gymnasium,
2810 5662 3116 5733 sperantes
3138 5669 3357 5714 unum

1966 5730 2161 5811 studio
2191 5751 2381 5811 victus
2401 5730 2471 5810 et
2493 5750 2740 5811 vestitus
2756 5730 2963 5808 solatio
2984 5743 3240 5818 gratuito
3263 5730 3598 5795 sustentui-
