3852 6488
161 455 291 512 769
1667 444 2134 505 cnnoxreou.
3475 450 3594 512 ’ΠΟ

1453 779 2343 882 ουοιιΑιπΝι

1060 987 1414 1058 ΜΟΝΑΟΗΙ
1460 995 1739 1082 ΞΑΝΕᾋἸ
1781 995 2017 1057 PETRI
2069 993 2224 1058 VlVl
2267 990 2756 1057 SENONENSIS

1294 1187 2522 1349 CHRONICON

446 1474 631 1552 Quod
656 1473 755 1536 ille
771 1475 911 1555 jam
942 1473 1360 1553 sexagenarius
1391 1492 1520 1536 cum
1551 1472 1692 1535 aliis
1721 1472 2013 1554 opusculis
2049 1474 2167 1534 suis
2199 1474 2259 1534 ιή
2289 1492 2467 1533 unum
2510 1491 2720 1552 corpus
2747 1470 2982 1552 collegit
3009 1491 3166 1534 anno
3198 1476 3373 1537 1015.

1050 1659 1236 1731 (Apud
1271 1657 1561 1714 Ducbesu.
1595 1659 1794 1730 Script.
1827 1659 1948 1714 lter.
1983 1659 2176 1715 Franc.
2210 1662 2352 1715 tom.
2383 1657 2453 1722 ll,
2487 1673 2619 1730 pag.
2650 1658 2808 1726 6&3.)

272 2005 445 2056 Anno
479 1999 559 2054 ab
591 1996 996 2053 Incaruatioue
1039 1994 1269 2052 Domini
1299 1995 1406 2051 675
1435 1995 1578 2051 obiit
1625 2002 1864 2052 sanctus
1895 2008 1947 2073 Α
2050 2003 2217 2052 Auuo
2247 1997 2356 2051 840
2384 1996 2529 2052 obiit
2558 1995 2918 2052 illudcvicus
2945 1997 3084 2053 Pius
3109 1997 3445 2069 imperator.

197 2092 416 2147 Emme
449 2083 815 2143 Senoneusis
841 2083 1336 2155 archiepiscopus.
1371 2083 1472 2139 llic
1499 2082 1869 2156 privilegium
2052 2089 2222 2139 Anno
2249 2085 2348 2139 841
2379 2089 2573 2140 aetum
2597 2089 2685 2139 est
2708 2083 2927 2140 bellum
2952 2084 3102 2140 inter
3119 2085 3388 2143 Carolum
3407 2104 3623 2161 regem,

192 2170 1872 2245 libertatisunacumprovincialibusepiscopismonachis
1983 2171 2083 2243 qui
2136 2171 2353 2227 dicitur
2399 2172 2632 2239 Calvus,
2663 2177 2721 2226 et
2769 2172 3130 2242 Lotharium,
3161 2179 3221 2230 et
3269 2175 3624 2233 Ludovicum

199 2266 406 2323 sancti
438 2263 595 2319 Petri
629 2262 766 2317 fecit
798 2261 1152 2333 synodaliter
1185 2261 1550 2333 temporibus
1598 2261 1872 2317 Cblotarii
1983 2267 2039 2316 et
2069 2259 2378 2331 Pippinum
2411 2261 2564 2332 apud
2597 2261 3004 2316 Foutanetum.

203 2355 378 2426 regis
408 2357 462 2409 et
498 2348 874 2407 Balteehildzn
907 2348 1110 2404 matris
1141 2350 1288 2419 ejus.
2053 2351 2218 2404 Anno
2247 2350 2350 2402 83:7
2382 2347 2665 2404 translata
2711 2354 2849 2404 sunt
2900 2355 3235 2406 sanctorum
3301 2357 3623 2425 martyrum

290 2441 600 2498 Ann0688
629 2437 914 2511 'Pippinus
946 2441 1158 2492 Auster
1210 2438 1398 2508 major
1447 2438 1657 2494 domus
1707 2437 1875 2510 regia:
1985 2454 2246 2508 corpora,
2291 2435 2608 2502 Saviniani,
2661 2436 3006 2503 Potentiani,
3054 2438 3253 2507 Altini,
3304 2445 3482 2513 atque
3515 2442 3626 2497 Eo-

205 2531 631 2606 principatnm
658 2528 1012 2582 Francorum
1037 2524 1878 2599 suscepitjiujustemporibus
1988 2524 2239 2592 daldi,in
2267 2523 2508 2581 basilica
2535 2527 2593 2580 S.
2611 2524 2758 2580 Petri
2777 2543 2811 2582 a
2839 2524 3144 2582 Weuilone
3169 2527 3625 2602 archiepiscopo,

207 2625 472 2677 sanctus
501 2613 864 2672 Vulfranuus
889 2615 1185 2670 Senonum
1216 2613 1588 2686 archiprzesul
1623 2615 1879 2672 Fresiam
1987 2631 2086 2670 vui
2119 2613 2243 2670 Kal.
2275 2614 2568 2685 Septemb.

207 2707 544 2783 przedicarc
574 2703 768 2776 cmpit.
2058 2705 2223 2757 Anno
2250 2703 2357 2756 865
2385 2699 2530 2756 obiit
2559 2700 2788 2758 Wenilo
2809 2701 3282 2776 archiepiscopus
3309 2706 3631 2774 Senonum,

297 2800 469 2853 Anno
495 2796 605 2848 712
636 2791 782 2847 obiit
832 2790 1114 2863 Pippinus
1162 2789 1393 2858 senior;
1428 2795 1483 2846 et
1525 2789 1682 2846 filius
1727 2792 1877 2862 ejus,
1991 2793 2086 2862 qui
2125 2788 2478 2846 Ludovicum
2519 2790 2758 2846 lratrem
2818 2791 3003 2847 Caroli
3059 2793 3225 2848 unxit
3254 2793 3313 2850 in
3346 2811 3540 2867 regem
3568 2794 3632 2851 in

214 2885 331 2958 qui
376 2882 594 2938 dicitur
641 2879 883 2935 Carolus
930 2877 1249 2946 Martellus,
1282 2879 1675 2951 principatum
1712 2896 1881 2934 usur-
1995 2877 2348 2951 Burgundia.
2384 2877 2528 2934 lluic
2557 2879 2840 2934 successit
2870 2879 2994 2954 Egil
3025 2881 3196 2938 abba.

215 2973 419 3048 pavit.
2063 2970 2228 3022 Anno
2258 2969 2363 3021 870
2391 2966 2537 3022 obiit
2566 2967 2820 3024 domnus
2851 2967 2974 3040 Egil
3005 2969 3503 3043 archiepiscopus,
3534 2971 3635 3044 qui

303 3063 472 3116 Anno
498 3059 604 3114 721
640 3056 785 3113 obiit
824 3055 977 3113 Beda
1025 3056 1346 3128 presbyter,
1380 3054 1887 3128 historiographus
1997 3055 2363 3128 privilegium
2412 3059 2611 3110 sancto
2662 3055 2826 3110 Petro
2877 3057 3014 3112 fecit
3057 3058 3128 3112 de
3175 3057 3362 3116 altare
3403 3059 3637 3116 Aisonis

220 3148 583 3222 Anglorum.
1995 3143 2164 3198 villae.
2200 3141 2300 3197 llic
2347 3141 2611 3197 Lothario
2650 3142 2886 3214 iuniore
2929 3145 3302 3212 concedente,
3335 3152 3393 3203 et
3439 3148 3639 3219 Traje-

307 3241 478 3294 Anuo
503 3237 606 3291 741
646 3233 917 3308 migravit
947 3233 1019 3290 ad
1067 3229 1380 3288 Dominum
1414 3231 1473 3288 S.
1505 3225 1887 3300 Vulfr’aunus,
1999 3231 2286 3287 ctensium
2313 3231 2588 3302 episcopo
2629 3231 2894 3301 j-ubeute,
2927 3248 2996 3287 ex
3051 3232 3240 3306 ipsius
3295 3233 3552 3301 discessi,
3585 3241 3643 3292 et

223 3334 295 3384 ct
355 3325 600 3382 Carolus
656 3325 927 3396 princeps
997 3322 1178 3389 obiit;
1233 3338 1348 3394 quo
1405 3325 1634 3376 mortuo
1695 3319 1893 3375 Carlo-
1927 3371 1972 3396 π
2003 3319 2355 3376 monasterio
2388 3319 2543 3390 quod
2577 3318 2788 3374 dicitur
2813 3319 3062 3385 Promia,
3092 3328 3459 3394 assumptus,
3491 3328 3643 3379 aCa-

223 3371 295 3384 νν
358 3371 599 3382 ν“”’ν⁶“¹““’
657 3371 925 3396 ιη’-’ννῖτ
1000 3371 1138 3377 ⁷’”’““
1165 3371 1178 3389 1
1236 3371 1344 3394 ἰ“”“
1406 3371 1522 3376 ’⁷⁷⁷⁷
1541 3371 1629 3376 ’⁷⁷⁷
1704 3371 1852 3375 ’”“””⁷
2004 3371 2347 3376 ’”““““’”“““““⁷
2399 3371 2495 3390 ἶ““
2519 3371 2542 3373 Ὗ
2586 3371 2628 3374 “““
2647 3371 2776 3374 ““7“““
2814 3371 2834 3374 ⁷
2855 3371 3062 3385 ”““’“““”⁷
3093 3371 3459 3394 “⁷””’“““Ἰ”““’”Ι
3491 3371 3526 3378 “
3551 3371 3622 3379 ""

217 3428 507 3473 'mannus
536 3418 594 3470 et
624 3412 912 3484 Pippinus
964 3409 1066 3464 lilii
1115 3411 1242 3482 ejus
1293 3409 1683 3482 principatum
1716 3409 1898 3465 susci-
1926 3371 1974 3436 Β
2006 3408 2127 3465 rolo
2158 3425 2290 3479 rege
2319 3408 2379 3463 in
2423 3407 2772 3463 monasterio
2816 3407 3162 3467 Flaviniensi
3207 3411 3360 3467 abba
3389 3417 3478 3468 est
3505 3429 3645 3468 con-

227 3505 438 3579 piunt.
2005 3497 2200 3553 sti-tus.
2218 3495 2421 3552 Postea
2446 3501 2738 3552 Senonum
2770 3496 3246 3572 archiepiscOpus
3261 3500 3335 3556 eb
3364 3500 3458 3557 sui
3479 3501 3647 3558 meri-

314 3596 489 3648 Ληιιο
518 3591 626 3644 750
657 3588 937 3660 Pippinus
984 3591 1208 3643 statura
1249 3586 1502 3660 pusillus
1551 3585 1768 3643 electus
1811 3591 1902 3642 est
2007 3591 2065 3642 ta
2096 3587 2302 3651 factus,
2335 3583 2582 3656 quiescit
2612 3583 2670 3640 in
2704 3586 3128 3642 monasteries.
3159 3588 3331 3644 Petri.
3355 3591 3478 3656 Quo
3501 3606 3648 3646 mor-

231 3684 303 3739 in
340 3695 562 3751 regem,
593 3682 650 3733 et
678 3676 1060 3743 Childcricus,
1094 3675 1193 3746 qui
1227 3675 1295 3730 de
1337 3676 1518 3747 stirpe
1549 3674 1700 3747 regis
1729 3674 1897 3730 Cblo-
2006 3679 2130 3741 tuo,
2162 3673 2481 3746 Ansegisus
2529 3673 2874 3730 venerabilis
2921 3675 3322 3748 episcopatum
3368 3680 3646 3751 suscepit.

229 3770 414 3828 dovei
466 3771 851 3831 remanserat,
885 3769 1235 3818 tonsoratus.
1271 3763 1373 3818 Hic
1421 3764 1615 3818 deficit
1654 3781 1899 3835 regnum
2008 3762 2112 3817 Ilio
2142 3761 2412 3818 Carolum
2443 3760 2678 3816 Calvum
2708 3761 2873 3817 unxit
2904 3762 2961 3817 in
2993 3779 3211 3836 regem.

227 3854 586 3916 Chlodovei.
623 3855 723 3909 liis
754 3850 1116 3925 temporibus
1165 3851 1437 3923 migravit
1485 3852 1556 3906 ad
1589 3853 1899 3907 Dominum
2079 3854 2242 3905 Anno
2281 3851 2387 3904 874
2426 3849 2668 3905 Carolus
2700 3850 3022 3922 imperator
3045 3853 3274 3919 tertius,
3306 3855 3406 3925 qui
3436 3855 3653 3911 dicitur

231 3944 668 4005 sanctissimus
691 3943 851 3998 Ebbo
872 3941 1169 3997 Senonum
1202 3939 1692 4013 archiepiscopus,
1724 3946 1782 3997 et
1810 3957 1901 3998 se-
2009 3938 2237 4005 Calvus,
2262 3937 2420 3993 illius
2445 3937 2741 3992 illudovici
2765 3938 2873 4003 Pii,
2896 3955 3031 3994 cum
3064 3943 3322 3996 secunda
3354 3943 3657 4013 profectio-

231 4035 454 4111 pultus
487 4039 578 4087 est
607 4031 665 4086 in
699 4029 1056 4086 monasterio
1106 4028 1288 4082 sancti
1321 4027 1471 4083 Petri
1503 4028 1769 4100 apostoli,
1803 4028 1903 4084 ubi
2011 4044 2081 4082 ne
2123 4028 2364 4083 [tunam
2409 4029 2648 4098 peteret,
2680 4043 2740 4082 iu
2785 4025 2911 4082 Kal.
2944 4026 3170 4097 Octob,
3199 4028 3258 4084 iu
3289 4030 3418 4102 ipso
3449 4029 3654 4086 itinere

232 4140 442 4196 usque
462 4123 517 4176 in
539 4125 885 4194 praesentem
903 4117 1058 4173 diem
1083 4115 1354 4188 gloriosis
1382 4116 1680 4172 miraculis
1703 4117 1904 4191 fulget.
2013 4115 2177 4181 obiit,
2200 4121 2256 4170 et
2280 4113 2634 4170 Hludovicus
2656 4113 2812 4170 illius
2835 4116 2963 4186 ejus
2984 4131 3230 4187 regnum
3251 4115 3654 4190 susCepit.Hu-

316 4217 492 4268 Anno
547 4210 658 4263 ’764
717 4206 999 4279 Pippinus
1059 4221 1158 4260 rex
1213 4203 1481 4272 moritur,
1521 4209 1578 4261 et
1632 4205 1734 4260 filii
1780 4207 1908 4276 ejus
2005 4205 2108 4276 jus
2136 4203 2322 4260 Caroli
2354 4203 2718 4275 temporibus
2738 4204 2889 4260 facta
2918 4209 3057 4259 sunt
3083 4203 3430 4277 Capituiuin
3461 4207 3657 4264 Ponti-

233 4299 516 4366 Carolus,
551 4297 654 4369 qui
686 4294 902 4350 dicitur
951 4294 1268 4366 imperator
1319 4293 1587 4365 Magnus,
1625 4298 1682 4349 et
1721 4294 1909 4349 Carlo-
2014 4309 2163 4366 gone
2193 4308 2228 4348 a
2255 4292 2442 4347 Leone
2469 4290 2870 4364 apocrisiario.

235 4403 536 4453 manuus,
572 4385 875 4455 eliguntur
903 4381 964 4437 in
997 4392 1196 4453 reg”,
2087 4385 2298 4436 Sancta
2322 4379 2606 4451 synodus,
2638 4396 2766 4451 qua:
2813 4379 2874 4435 in
2922 4380 3158 4437 nomine
3215 4381 3470 4451 Domini,
3495 4401 3660 4441 voca-

323 4481 493 4534 .Mmo
524 4475 632 4528 767
663 4470 1089 4527 Carlomannus
1119 4468 1280 4524 obiit,
2019 4470 2174 4526 tione
2195 4468 2393 4524 domui
2413 4468 2657 4525 Joannis
2672 4469 3462 4529 terbeatissimiuniversalis
3477 4490 3660 4548 papa,

323 4569 496 4622 Anno
528 4564 635 4617 804
657 4560 801 4615 obiit
827 4557 1108 4614 Alcuinus
1141 4556 1546 4630 philosOphus,
1581 4558 1760 4614 abbas
1783 4577 1913 4614 san-
2020 4565 2076 4614 et
2095 4558 2364 4630 jussione
2396 4557 2620 4614 domini
2649 4555 2835 4612 Caroli
2859 4559 3122 4630 perpetui
3146 4561 3392 4633 Augusti
3423 4578 3662 4634 congre-

241 4656 330 4712 cti
363 4649 626 4709 Martini.
659 4648 940 4703 Alcuinus
975 4654 1032 4702 et
1075 4645 1312 4702 Carolus
1364 4646 1809 4718 disputaverunt
1841 4648 1913 4702 de
2021 4652 2155 4719 gata
2185 4645 2351 4702 estin
2385 4645 2508 4700 loco
2533 4646 2631 4718 qui
2662 4650 2897 4701 vocatur
2922 4646 3452 4719 Pontigonis,auuo
3483 4651 3669 4706 incar-

245 4738 658 4819 philosephia,
690 4735 790 4807 qui
822 4733 968 4791 liber
989 4738 1194 4790 exstat.
1563 4793 1586 4808 .
1942 4736 1987 4798 C
2028 4735 2280 4791 nationis
2311 4735 2622 4792 Dominicm
2652 4736 2779 4801 876,
2804 4735 3117 4791 indictione
3147 4754 3224 4805 ix,
3253 4737 3415 4811 regni
3445 4740 3667 4812 ειεξιιί

327 4835 499 4886 Anno
530 4827 637 4882 814
683 4825 828 4880 obiit
877 4822 1118 4878 Carolus
1170 4823 1485 4895 imperator
1539 4821 1827 4894 Magnus;
1861 4827 1919 4878 et
2027 4823 2390 4878 invictissimi
2424 4823 2790 4895 imperatoris
2816 4841 3027 4890 xxxvu,
3061 4824 3288 4897 imperii
3321 4831 3516 4883 autem
3551 4827 3666 4898 pri-

247 4917 597 4979 Ludovicus
659 4911 818 4968 ﬁlius
866 4913 1016 4983 ejus,
1051 4911 1149 4983 qui
1210 4911 1346 4966 Pius
1402 4911 1638 4982 dicitur,
1673 4927 1917 4983 regnum
2027 4929 2142 4979 mo,
2175 4929 2275 4968 xm
2307 4911 2429 4968 Kal.
2468 4914 2738 4984 August,
2786 4912 2904 4968 hazc
2963 4913 3219 4986 capitula
3273 4933 3401 4987 quis
3459 4917 3671 4977 subtus

249 5012 627 5067 Francorum
659 5006 716 5057 et
747 4999 1062 5073 imperium
1094 5005 1486 5056 Romanorum
1515 4998 1795 5071 suscepit.
2028 5017 2254 5055 annexa
2283 5004 2421 5055 sunt
2452 4999 2711 5056 instituit
2743 5019 2756 5056 :

330 5100 501 5152 Auno
552 5095 662 5147 828
710 5089 855 5146 obiit
911 5085 1233 5144 Hieremias
1289 5087 1585 5144 Senonum
1635 5085 1920 5159 archiepi-
2099 5090 2232 5145 CAP.
2267 5093 2310 5143 ι.
2345 5088 2607 5145 Obeunte
2637 5089 2974 5159 Hludovico,
3007 5091 3108 5164 qui
3153 5092 3398 5148 Romani
3446 5092 3673 5166 imperii

251 5202 502 5257 scapus.
534 5181 644 5236 Hic
673 5182 963 5250 praecepta
993 5175 1318 5248 imperialia
1348 5180 1560 5232 sancta:
1594 5175 1801 5231 matris
1824 5176 1923 5230 Ec-
2021 5177 2159 5248 jura
2190 5177 2445 5248 regebat,
2462 5175 2718 5232 domnus
2736 5176 2988 5234 Joannes
3020 5185 3104 5235 ter
3133 5182 3511 5239 beatissimus
3527 5197 3676 5254 papa

253 5273 457 5332 cleeiaz
485 5274 791 5326 Senonum
822 5272 880 5320 et
907 5262 1279 5320 monasteriis
1309 5267 1366 5318 et
1410 5261 1570 5318 cellis
1602 5262 1672 5317 ad
1700 5279 1762 5318 se
1794 5280 1921 5336 per-
2032 5282 2135 5339 per
2157 5265 2490 5321 Jadericum
2516 5263 2999 5331 Veliternensem,
3023 5268 3365 5327 Formosum
3398 5271 3675 5326 Portuen-

253 5359 600 5419 tineutibus
659 5353 933 5420 obtinuit,
967 5351 1040 5407 ad
1091 5351 1395 5406 munimen
1439 5355 1495 5406 et
1525 5350 1922 5406 defensionem
2032 5369 2179 5418 sem,
2210 5356 2496 5408 Joannem
2528 5351 2912 5422 Areiatiuum,
2938 5371 3162 5413 necnon
3194 5375 3298 5430 per
3325 5357 3677 5428 Angegiwm

257 5454 475 5506 contra
501 5457 711 5501 omnes
733 5439 1082 5513 judiciarias
1109 5441 1445 5511 potestates.
2033 5445 2448 5504 Senonensem,
2478 5437 2837 5494 venerabiles
2866 5441 3192 5516 episcopos,
3212 5446 3499 5500 domuum
3511 5448 3681 5497 Caro-

338 5540 509 5592 A-nnc
557 5534 668 5589 833
715 5529 1072 5586 Hludovicus
1123 5526 1259 5582 Pius
1313 5541 1560 5596 regnum
1620 5524 1838 5594 unisit,
1869 5532 1926 5583 et
2035 5527 2156 5583 ium
2187 5532 2324 5583 tunc
2355 5541 2548 5596 regem
2579 5526 2653 5580 ad
2684 5525 2889 5584 limina
2916 5529 3016 5584 SS.
3050 5531 3448 5604 apostolorum
3479 5528 3682 5584 invita-

259 5625 584 5685 Lotbarius
644 5617 803 5675 illius
853 5619 982 5689 ejus
1026 5614 1349 5690 usurpavit,
1397 5613 1716 5690 eodemque
1775 5633 1926 5674 anno
2035 5617 2137 5685 vit,
2170 5629 2423 5686 eumque
2453 5609 2720 5670 Ecclesia:
2752 5613 2940 5687 ipsius
2959 5617 3337 5676 defensorem
3365 5619 3682 5672 auctorem-

255 5712 636 5779 Hludovicss
665 5706 905 5786 recepit.
2037 5721 2150 5784 que
2180 5703 2375 5782 elegit,
2407 5699 2812 5781 imperialitu
2841 5703 3170 5764 diademate
3201 5701 3682 5775 soropavit,sum-
