1926 3208
147 195 201 224 ’771

570 194 771 224 ODOHANNI
797 193 971 224 MONACIil
997 194 1028 223 S.
1054 193 1168 237 PETRI
1193 193 1270 223 VlVI
1293 193 1433 224 SENON.
1800 194 1847 226 τις

148 270 204 296 qm-
222 269 277 295 prae
293 260 406 287 cunctis
422 259 517 287 solum
531 260 696 295 specialiter
712 260 833 294 eligens,
851 260 900 295 qui
920 262 972 286 Ro-
989 262 1013 293 Α
1031 259 1096 286 dolo
1113 263 1230 295 captum
1258 260 1388 287 retinuit.
1407 259 1467 287 lllic
1489 259 1614 296 positus
1641 258 1772 296 Carolus,
1784 268 1848 298 anno

150 305 226 331 inani
244 304 358 340 imperii
375 306 491 340 sceptra
507 307 626 331 teneret.
644 305 735 339 Cujus
751 304 841 332 sacris
857 304 974 331 institu-

149 348 278 376 tionibus
291 357 341 384 pro
353 348 450 376 debito
462 350 606 384 parentes.
619 349 694 385 quod
709 348 770 384 ipse
781 348 973 382 conﬁrmavit,

148 393 210 429 pari
225 401 370 421 consensu
386 401 488 420 omnes
503 393 752 421 conﬁrmavimus.
816 392 844 416 ’ῖι
864 394 866 396 ⁷

184 437 252 464 Car.
271 437 306 464 ll.
322 437 403 464 Sicut
413 437 540 464 domnus
553 437 681 465 Joannes
693 446 767 473 papa
779 437 885 469 sanxit,
898 445 974 464 com-

149 484 286 509 monente
300 484 328 509 et
346 482 555 517 consentiente,
572 490 604 509 ac
621 482 850 510 condecernente
866 482 974 508 domno

149 535 181 553 ac
196 525 408 562 gloriosissimo
424 526 526 554 Carolo
546 526 721 562 imperatore
746 534 862 562 semper
876 528 973 562 Augu-

149 573 205 604 sto,
221 571 396 607 Ansegisum
413 570 605 598 venerabilem
633 571 802 608 episcopum
826 573 972 598 Senonum

149 623 235 643 suam
250 615 340 643 vicem
358 615 663 652 tenere.etprimatum
672 615 696 643 ei
707 614 806 643 Galliae
818 617 846 643 et
859 615 975 643 Germa—

150 661 203 688 nia:
219 660 352 693 contulit,
369 660 397 687 in
414 661 560 688 evocanda
569 661 689 696 synodo,
703 663 731 687 et
746 660 910 687 deﬁniendo
927 668 973 687 ca-

150 705 288 736 nonice.si
297 705 865 741 qumlibetinsurrexerintnecessaria,et
875 707 975 740 utgra-

149 750 229 777 viora
239 749 373 786 qualibet
380 749 413 776 ad
424 749 516 784 ipsius
527 749 659 776 notitiam
670 750 789 783 referat;
802 752 830 776 et
842 757 894 776 nos
903 758 974 776 una-

150 795 268 822 nimiter
282 794 360 821 omni
373 794 525 821 devotione
535 794 737 826 laudamus,et
750 796 780 821 ut
793 794 832 820 ita
844 794 905 829 ipse
917 793 973 829 pri-

150 841 262 866 matum
270 841 363 866 teneat
373 838 421 864 (lal
428 838 432 864 l
439 839 469 864 lit:
476 838 669 865 ctGermania:
677 838 901 870 decernimus,ct
910 847 975 865 sau-

150 884 254 916 cimus,
271 883 427 918 cunctique
441 891 624 909 successiires
641 883 704 917 ejus
719 883 746 909 in
762 883 877 919 propria
892 883 973 909 urbe.

185 929 267 955 Anno
290 928 343 954 878
363 927 491 954 Joannes
517 936 591 963 papa
622 927 769 954 Romanus
800 927 834 954 ad
864 926 973 954 Gallias

148 972 278 1004 veniens,
309 971 402 1007 primo
431 971 579 999 Arelatum
604 971 718 1008 navigio
748 972 895 1004 advectus,
924 980 976 1007 per

151 1015 475 1052 Lugdunum,aliasque
485 1015 616 1043 civitates
627 1024 720 1052 usque
728 1016 762 1043 ad
772 1016 975 1043 Trocassinem

149 1069 213 1089 sem
227 1061 331 1088 urbem
356 1060 487 1093 accessit,
503 1060 602 1096 ibique
629 1069 696 1088 cum
728 1060 885 1088 llludovico
917 1061 974 1088 ﬁlio

148 1105 240 1133 Caroli
257 1105 418 1133 collocutus
436 1105 471 1132 ad
485 1104 598 1132 Italiam
614 1105 772 1141 repedavit.

183 1152 263 1178 Anno
287 1150 340 1177 879
363 1149 434 1177 obiit
461 1150 624 1177 Ludovicus
649 1158 698 1178 rex
721 1150 973 1187 Burgundionum,

148 1196 236 1223 frater
249 1194 354 1222 Caroli.
367 1215 370 1218 .

181 1241 264 1267 Anno
279 1240 332 1267 883
348 1239 420 1266 obiit
440 1239 600 1276 Ansegisus
624 1239 798 1267 venerabilis
824 1240 972 1267 Senonum

147 1284 395 1320 archiepiscopus,
408 1286 436 1311 et
446 1283 580 1320 sepultus
593 1286 637 1311 est
650 1283 679 1311 in
692 1284 869 1311 monasterio
882 1285 910 1311 S.
925 1284 973 1311 Ρο-

147 1328 195 1356 tri.
226 1327 277 1355 llic
305 1335 428 1363 corpora
449 1327 500 1354 SS.
526 1327 684 1363 prtesulum
714 1330 742 1356 et
770 1328 972 1355 confessorum

150 1371 263 1405 Leonis,
279 1371 415 1405 Ursicini,
432 1371 588 1405 Ambrosii,
607 1373 694 1407 atque
709 1372 814 1408 Agricii
829 1372 858 1399 in
875 1380 973 1400 mona-

148 1416 236 1443 sterio
250 1416 280 1443 S.
298 1415 372 1443 Petri
387 1415 549 1448 transtulit,
563 1417 591 1443 et
608 1416 644 1443 ab
669 1417 740 1444 urbe
765 1416 857 1444 Roma
887 1419 973 1452 caput

148 1464 176 1488 S.
187 1460 316 1496 Gregorii
329 1460 455 1488 doctoris
470 1460 591 1496 plumbo
605 1459 762 1493 inclusum,
775 1469 842 1488 cum
853 1461 973 1488 brachio

149 1506 181 1534 Β.
204 1504 306 1532 Leonis
323 1504 449 1532 doctoris
465 1504 608 1537 deferens,
626 1505 654 1532 in
670 1506 770 1533 eodem
796 1506 973 1533 monasterio

148 1549 379 1577 conservandum
392 1548 532 1586 reposuit.
547 1549 638 1585 llujus
654 1550 837 1586 temporibus
853 1559 975 1587 corpora

147 1597 194 1622 SS.
212 1596 373 1630 martyrum
400 1594 548 1622 Sanctiani
574 1596 661 1630 atque
685 1594 841 1631 Augustini
857 1595 892 1623 de.
907 1594 974 1622 villa

1029 305 1082 331 923
1099 305 1288 341 ltodulphum
1306 304 1434 333 nobilem
1451 305 1547 332 ﬁlium
1565 303 1712 333 Richardi

1030 349 1285 386 Burgundionum,
1302 358 1361 377 una
1376 358 1443 377 cum
1459 349 1588 378 consilio
1613 348 1751 387 [lagonis
1767 348 1850 388 ui

1013 389 1207 422 'Prancorum
1223 393 1320 427 ducis,
1335 397 1363 422 et
1379 402 1531 430 procerum
1558 394 1759 429 Francorum.
1770 393 1801 423 in
1811 401 1851 423 n-

1029 446 1120 474 gnum
1138 438 1318 466 sublimavit.
1328 439 1389 470 Ouo
1401 440 1518 466 mortuo
1532 446 1620 466 anno
1633 438 1692 466 935
1704 437 1851 468 nam

1030 491 1089 510 una
1102 491 1168 510 cum
1185 482 1300 510 Francis
1316 483 1399 519 Hugo
1415 483 1474 511 dux
1487 482 1694 511 Hludovicum
1703 481 1851 519 ﬁlium!“

1029 526 1100 554 dicti
1113 526 1217 559 Caroli,
1225 527 1302 555 datis
1311 527 1504 555 sacramentis
1516 527 1634 564 Otgivae
1650 525 1742 556 matri
1754 526 1851 564 quin

1030 579 1119 608 regno
1134 572 1297 601 constituit.

1066 609 1148 644 Anno
1162 609 1299 650 θβίέοὴίίι
1311 616 1490 645 Hludovicus
1505 624 1567 650 rex,
1578 618 1611 644 et
1622 615 1852 645 [athla-iustitia

1030 660 1094 694 ejus
1111 668 1233 696 regnum
1251 661 1392 697 suscepit.

1066 706 1147 732 Anno
1162 705 1215 732 956
1229 705 1302 732 obiit
1317 705 1399 742 Hugo
1419 706 1479 734 dux
1502 705 1648 742 Magnus,
1663 707 1695 734 et
1710 704 1852 741 tilias-ejus

1031 749 1113 784 tlugo
1129 749 1267 777 ducatum
1282 749 1422 786 suscepit.
1436 750 1469 778 Et
1483 749 1678 778 Gislebertus
1687 756 1786 778 eomes
1794 749 1853 777 Βυιι

1030 794 1214 829 gundionum
1226 794 1308 828 obiit,
1316 796 1344 822 et
1353 794 1492 822 honorem
1505 795 1570 830 ejus
1582 803 1657 823 cum
1673 793 1736 822 ﬁlia
1750 793 1853 823 nomine

1031 839 1228 874 Leudegarde,
1245 847 1278 866 ex
1294 847 1354 875 qua
1369 842 1470 876 postea
1483 848 1500 866 a
1515 839 1679 876 Radulpho

1030 883 1144 919 pipiens
1162 884 1256 910 factus
1272 886 1325 917 est,
1343 884 1416 912 Otho
1442 884 1531 912 frater
1557 884 1702 921 Hugonis
1723 882 1851 911 dacis-re-

1030 928 1115 964 cepit.
1132 928 1225 955 Aliam
1243 936 1310 956 vero
1326 927 1415 956 ﬁliam
1432 928 1552 957 nomine
1576 928 1723 957 Werram
1736 925 1851 956 duxitin

1031 972 1252 1000 matrimonium
1265 973 1409 1001 Robertus
1423 981 1523 1002 comes

1031 1019 1081 1044 tuo
1096 1025 1162 1045 vero
1175 1017 1441 1051 0thone,Ainricus
1456 1017 1545 1046 frater
1559 1018 1632 1055 ejus
1647 1017 1852 1059 ducatum.”

1030 1062 1107 1098 cepit
1122 1061 1309 1098 Burgundim.
1728 1091 1730 1093 .

1065 1107 1147 1133 Anno
1162 1107 1215 1133 986
1230 1106 1302 1134 obiit
1318 1106 1474 1135 Lotharius
1490 1115 1551 1141 rex,
1561 1099 1850 1145 commisaoﬂiililm

1031 1150 1188 1178 llludow‘co
1200 1151 1307 1186 juvene
1321 1151 1436 1188 Hugoni
1452 1151 1532 1186 duci,
1548 1160 1612 1190 una
1627 1157 1811 1191 castaneam.

1064 1197 1148 1223 Anno
1162 1196 1214 1223 987
1230 1196 1302 1224 obiit
1316 1195 1495 1224 Hludovicus
1509 1204 1559 1225 rex
1569 1195 1711 1233 juvenis.

1031 1239 1106 1275 fecit,
1123 1240 1230 1268 donato
1246 1248 1335 1278 regno
1351 1240 1465 1278 iiugoni
1480 1240 1559 1274 duci,
1575 1241 1635 1278 qui
1657 1240 1766 1280 eodem.
1780 1245 1848 1270 uno

1030 1292 1079 1312 rex
1095 1284 1188 1312 factns
1204 1287 1249 1313 est
1264 1294 1280 1312 a
1297 1285 1425 1313 Francis.
1440 1285 1474 1313 Et
1489 1285 1591 1314 eodem
1615 1293 1698 1319 anno
1715 1282 1848 1313 nam:

1028 1329 1107 1356 filius
1122 1329 1186 1365 ejus
1210 1337 1310 1366 regum
1329 1329 1483 1366 piissimus
1497 1338 1547 1358 rex
1561 1329 1723 1358 ordinatus
1737 1327 1790 1356 est.
1802 1325 1845 1355 llic

1028 1374 1126 1401 deﬁcit
1140 1382 1262 1410 regnum
1279 1373 1374 1402 Caroli
1390 1374 1499 1411 Magni.

1063 1419 1145 1446 Anno
1160 1419 1214 1445 998
1229 1418 1301 1446 obiit
1321 1417 1404 1455 Hugo
1427 1427 1487 1453 rex,
1504 1418 1564 1447 ﬁlio
1589 1427 1648 1447 suo
1673 1417 1844 1454 Μη-

1029 1465 1148 1498 gnante.

1063 1508 1104 1534 An
1111 1516 1146 1535 no
1155 1507 1209 1534 999
1220 1507 1292 1535 obiit
1303 1507 1440 1536 Sewinus
1448 1500 1844 1545 archiepiscopusggiiuil-

1029 1560 1090 1579 ram
1111 1551 1281 1580 monasterii
1299 1552 1392 1580 sancti
1409 1552 1496 1586 Petri,
1512 1560 1602 1589 quam
1806 1554 1844 1576 ν’

1028 1596 1231 1633 εὴὶορίωοῃυε
1248 1599 1416 1625 antecessor
1430 1597 1495 1634 ejus
1520 1595 1652 1626 relevare
1819 1590 1843 1618 in

147 1647 212 1676 quas
226 1639 335 1667 dicitur
351 1639 505 1667 Sancceias
520 1647 537 1666 a
552 1638 692 1667 fratribus
703 1630 767 1675 jam
781 1639 850 1666 dicti
868 1639 932 1673 loci,
947 1642 977 1667 et
991 1634 1012 1667 C
1032 1630 1189 1677 pristinum
1207 1640 1334 1669 restituit
1349 1630 1475 1669 statum:
1487 1640 1588 1678 ibique
1603 1630 1844 1679 sub

148 1684 317 1721 presbytero
331 1683 463 1719 ejusdem
481 1684 600 1712 nomine
611 1683 738 1711 Eodaldo
753 1683 894 1711 translata
906 1686 975 1711 sunt

148 1730 177 1757 in
193 1728 296 1757 eodem
317 1728 496 1756 monasterio
510 1735 560 1756 vni
586 1727 644 1757 Kal.
671 1727 730 1756 Jul.
758 1728 899 1756 Praeterea
923 1728 973 1756 do-

148 1780 238 1801 mnus
251 1772 585 1809 Ansegisus,postquam
598 1772 760 1809 primatum
772 1772 863 1800 totius
876 1772 974 1800 Gallia

148 1816 285 1849 obtinuit,
295 1818 326 1844 et
334 1822 462 1852 superna
474 1816 673 1844 moderatione
684 1817 831 1844 secundus
843 1825 919 1854 papa
927 1826 975 1853 ap-

148 1860 250 1898 peltari
266 1859 384 1892 meruit,
398 1860 515 1888 Judzeos
530 1862 609 1888 certa
623 1860 658 1888 de
673 1868 773 1893 causa,
787 1863 815 1889 et
831 1860 974 1889 moniaics

149 1906 185 1933 ab
202 1905 273 1933 urbe
294 1904 437 1932 Senonica
458 1903 578 1941 expulit,
595 1907 624 1933 et
639 1913 675 1933 ne
692 1904 814 1933 ulterius
829 1905 858 1933 in
875 1913 908 1933 ea
923 1905 974 1933 ha-

149 1949 311 1978 bitaculum
319 1949 454 1978 manendi
463 1949 975 1987 habcrcntsubanatbcmatisjugulo

149 1994 309 2023 interdixit.

183 2040 267 2067 Anno
279 2039 333 2066 886
347 2038 420 2067 obiit
434 2038 708 2072 Hludovicus,ﬁlius
724 2039 816 2067 Caroli
832 2039 866 2067 lll
883 2039 974 2076 impc-

150 2084 265 2112 ratoris.
282 2084 341 2112 Hoc
365 2092 452 2118 anno,
469 2092 490 2111 ιι
507 2083 569 2112 Kal.
594 2084 756 2117 Decembr.,
781 2084 976 2112 ascenderunt

149 2129 307 2157 Normanni
324 2137 340 2156 a
355 2128 484 2156 Parisios
509 2129 641 2157 Senonis.
659 2130 694 2157 Et
716 2129 849 2165 sequenti
875 2137 976 2156 mense

150 2173 225 2201 Maio
241 2173 390 2201 redierunt
402 2173 430 2200 in
444 2173 607 2205 Franciam.
614 2174 677 2209 jam
688 2173 824 2202 defuncto
835 2173 975 2201 Ewrardo

149 2218 379 2255 archiepiscopo,
395 2220 424 2246 et
439 2217 573 2246 ordinato
593 2218 732 2247 Walterio
754 2218 783 2246 in
808 2219 871 2247 loco
899 2219 974 2255 ejus.

149 2263 202 2296 Qui
213 2263 315 2292 eodem
326 2271 403 2291 anno
419 2262 502 2291 unxit
517 2262 646 2291 Odonem
660 2263 809 2301 in-regem.
822 2263 873 2292 llic
888 2263 975 2300 privi-

149 2301 258 2344 legium
275 2307 428 2336 monachis
439 2309 467 2336 Β.
476 2307 550 2335 Petri
564 2308 631 2335 fecit
646 2308 682 2336 de
697 2307 812 2336 abbatis
825 2307 975 2337 electione.

183 2353 267 2381 Anno
279 2353 332 2380 896
347 2352 509 2381 Richardus
527 2353 664 2390 princeps
679 2352 854 2389 Burgundio:
870 2353 978 2389 recepit

149 2397 281 2425 Senonas
290 2397 352 2433 [al.,
359 2397 478 2433 Sennis]
485 2399 587 2425 contra
597 2397 773 2426 Walterium
785 2397 978 2434 archiepisco-

149 2449 219 2477 pum
235 2443 265 2470 et
278 2441 467 2470 Warnerinm
482 2442 629 2470 comitem.

184 2487 268 2514 Anno
281 2486 334 2514 898
346 2486 418 2514 obiit
431 2487 493 2515 Odo
509 2495 569 2520 rex,
585 2488 614 2515 et
636 2486 758 2515 Carolus
782 2486 912 2523 Simplex
936 2494 978 2514 re-

149 2538 241 2566 gnum
255 2529 377 2567 accepit.
595 2541 598 2545 -

160 2592 164 2595 -
184 2571 338 2604 Auiola:
352 2573 497 2603 Robertus
506 2575 644 2613 princeps
653 2578 760 2604 unctus
770 2578 816 2605 est
824 2576 856 2604 in
867 2584 975 2613 regem,

149 2616 318 2649 etiam
329 2613 468 2647 ivn‘Kat.
480 2618 545 2647 Jul.
561 2619 672 2649 factum
703 2621 749 2649 est
774 2620 885 2649 bellum
901 2621 978 2650 inter

149 2657 333 2690 Μάνη
341 2661 512 2696 Robertum,
524 2663 574 2692 ubi
583 2663 756 2694 interfectus
767 2668 812 2694 est
821 2665 975 2694 Robertus.

136 2705 335 2734 Carolus?“
348 2706 457 2734 (cede
470 2706 658 2737 belllvietore
668 2708 838 2744 revertente,
850 2709 978 2738 occurrit

150 2748 192 2777 illi
204 2748 566 2784 acamas-Annaeum-
575 2752 822 2788 nc'quissimus,et
832 2755 887 2783 sub
902 2755 976 2783 ficte

150 2793 234 2829 pacis
248 2792 438 2822 simulatione
450 2792 591 2823 inic’astro
615 2798 694 2833 quod
714 2793 843 2828 Parrona
856 2799 975 2835 dicitur,

151 2838 185 2865 ut
193 2836 361 2883 hospitandi
374 2838 468 2877 gratia
482 2838 806 2882 diverteret,computit,
816 2846 846 2873 et
855 2844 898 2875 sic
909 2853 976 2875 eum

1030 1685 1156 1721 regulari
1170 1685 1315 1713 ordinavit
1325 1685 1461 1713 abbatem
1471 1685 1668 1719 Rainarduin,
1675 1678 1843 1723 omnem

1030 1738 1135 1766 corpus
1152 1729 1180 1757 in
1196 1730 1297 1758 eodem
1315 1730 1492 1759 monasterio
1515 1732 1562 1759 est
1576 1730 1741 1768 sepultum.
1754 1722 1844 1770 μιαιδ

1030 1775 1102 1802 urbe
1118 1774 1209 1802 Roma
1222 1783 1274 1811 per
1288 1783 1410 1803 manum
1425 1774 1649 1812 Joannispapre

1030 1818 1094 1855 pale
1106 1818 1240 1855 pallium,
1251 1827 1309 1855 quo
1318 1821 1518 1848 antecessores
1532 1816 1598 1856 eius
1606 1812 1844 1859 ’ίιιήιῖιξὲευρινθί

1031 1863 1190 1900 primatum
1207 1863 1306 1892 Galliis
1321 1864 1460 1901 suscepit.
1476 1864 1526 1893 llic
1540 1864 1631 1894 etiam
1645 1857 1843 1902 ωριίιέωήω

1031 1908 1123 1936 sancti
1136 1908 1211 1936 Petri
1227 1908 1433 1937 tlilidunenSis
1440 1909 1477 1937 ab
1488 1909 1547 1939 imo
1562 1907 1713 1942 relevavit,
1723 1907 1843 1946 βίων

1030 1952 1102 1981 chos
1118 1953 1145 1980 in
1162 1952 1211 1980 illo
1228 1953 1502 1991 mittens,abbatem
1517 1945 1844 1992 Walteriumeispﬂ

1031 1997 1079 2025 cit.
1095 1997 1147 2026 Hic
1173 2000 1295 2026 matrem
1320 1997 1474 2026 ecclesiam
1489 1998 1519 2026 S.
1535 1997 1691 2037 Stephani.
1701 2002 1773 2037 .‘IP';
1785 1991 1842 2029 l8“

1031 2044 1160 2070 cremata
1177 2042 1281 2077 fuerat,
1298 2043 1335 2070 ab
1350 2039 1486 2080 epistiliis
1510 2038 1684 2080 erigens,“
1697 2036 1732 2073 ἐι
1744 2039 1843 2073 ίυωετο

1031 2087 1196 2123 perﬁciens,
1213 2086 1306 2123 signis
1321 2089 1350 2115 et
1365 2087 1547 2116 ornamentis
1561 2081 1842 2121 ecclesiasticiIM‘

1031 2132 1115 2166 ravit,
1132 2133 1160 2160 et
1176 2131 1322 2167 adjunctis
1338 2131 1393 2160 sibi
1409 2130 1519 2160 Milone
1537 2126 1676 2172 episcopo
1687 2130 1843 2170 W’

1031 2177 1108 2204 sium
1116 2176 1281 2204 etEriberto
1291 2171 1840 2217 Antissiodorensiumﬁoolenuijlofl“

1030 2221 1337 2255 Nivernensium,cum
1345 2211 1588 2250 maximohonore

1031 2274 1148 2302 quoque
1159 2265 1207 2293 die
1223 2265 1258 2293 ad
1275 2265 1423 2302 stipendia
1437 2264 1611 2305 clericorum
1623 2255 1797 2302 ὶδῆὼροο

1032 2300 1210 2337 mutantium
1221 2309 1278 2337 tria
1289 2300 1393 2337 altaria
1403 2309 1459 2338 sub
1469 2300 1840 2348 privilegii

1032 2353 1149 2390 legavit.
1166 2353 1275 2382 Deinde
1290 2353 1446 2382 brachium
1461 2352 1557 2394 sancti
1573 2350 1679 2394 {scopis

1032 2389 1132 2435 digitis
1146 2398 1240 2426 sancti
1256 2398 1366 2426 Ebonis
1381 2398 1418 2426 ab
1433 2391 1543 2431 abbate
1553 2389 1781 2438 ﬁnitumi?)
1789 2389 1838 2418 δι’

1031 2432 1127 2470 tribus
1151 2442 1322 2471 monasterii
1337 2443 1368 2471 S.
1385 2441 1462 2483 Petri
1485 2432 1838 2483 multa

1031 2495 1103 2518 auro
1115 2489 1144 2515 et
1158 2486 1284 2524 gemmis
1299 2486 1423 2522 ornavit,
1431 2481 1462 2518 et
1471 2480 1567 2528 eidem

1030 2532 1086 2560 Pro
1101 2531 1211 2568 quibus
1227 2534 1332 2560 mutua
1343 2531 1547 2568 vicissitudine
1556 2525 1840 2571 et

1032 2585 1085 2605 mre
1101 2584 1172 2612 sua,
1188 2576 1224 2604 de
1247 2576 1351 2604 altario
1366 2573 1397 2605 S.
1413 2574 1574 2611 Saviniaai,
1584 2576 1669 2615 quod

1031 2630 1049 2650 a
1058 2622 1156 2658 crypta
1165 2610 1339 2658 monasterii
1349 2621 1442 2656 abest,
1453 2622 1482 2650 et
1492 2616 1529 2656 de
1538 2610 1646 2663 αιιήιέο,

1031 2657 1118 2712 αυοέ
1131 2667 1177 2694 εει
1187 2666 1228 2712 in
1251 2664 1322 2712 Xil‘a
1335 2664 1494 2712 -εδιξεθίιδβρ
1508 2657 1834 2712 βιεείεμεξὲαέξξθιιέἶῖἶίξ

1031 2711 1110 2747 quod
1126 2712 1171 2739 est
1185 2710 1214 2738 in
1231 2709 1301 2738 villa
1315 2718 1380 2747 qua)
1394 2707 1830 2749 Hsetiae-me

1031 2744 1062 2783 ἑ.
1073 2755 1154 2792 Lupi,
1164 2754 1251 2792 ‘quod
1259 2754 1312 2783 ’θοι
1322 2744 1357 2783 in
1370 2752 1441 2783 villa
1450 2744 1522 2792 qud

1031 2755 1062 2783 S.
1073 2755 1154 2792 Lupi,
1164 2754 1312 2792 ‘quod'est
1327 2754 1357 2783 in
1370 2753 1441 2783 villa
1454 2753 1522 2792 qua,

1031 2799 1278 2837 petuaprivilegia
1283 2799 1342 2828 una
1348 2807 1415 2828 cum
1427 2807 1571 2829 consensu

1032 2835 1156 2875 Romani
1181 2846 1210 2873 et
1232 2835 1472 2885 coepiscoporum
1497 2835 1631 2882 suorum,
1646 2843 1743 2874 uncto
1762 2835 1833 2867 Ῥείη
