4954 6418
718 405 831 467 773

2174 414 2642 478 CHRONICON.

3979 438 4101 499 774

719 541 955 610 ejusque
1004 536 1309 594 monachis
1368 540 1520 594 fecit.
1577 540 1834 597 Decrevit
1894 544 2067 600 etiam
2115 551 2177 600 nt
2206 548 2355 601 abba
2387 552 2428 615 Α
2472 551 2769 620 respondit
2800 568 2901 623 pro
2929 554 3228 610 omnibus:
3267 558 3429 626 «Est,
3455 561 3712 631 domina,
3737 564 3793 621 in
3818 574 4101 625 monaste-

718 626 973 698 ejusdem
1009 627 1345 682 monasterii
1381 628 1437 682 in
1470 634 1753 686 conventu
1778 632 2053 688 abbatum
2083 635 2167 689 vel
2198 636 2358 690 cleri-

719 731 912 771 corum
944 719 1079 788 post
1104 716 1444 789 episcopum
1476 718 1705 790 primus
1739 720 1958 789 sedeat,
1989 728 2047 777 et
2077 722 2228 785 inter
2257 742 2357 778 cae-

718 809 866 861 teros
879 803 1145 875 ejusdem
1166 803 1537 878 episcopatus
1553 808 1792 864 abbates
1809 810 2124 882 primatum
2143 816 2354 881 teneat;

719 894 836 966 ipse
850 896 1044 948 autem
1059 891 1236 948 talem
1251 911 1312 950 se
1325 894 1741 965 exhibeat,utdi
1747 915 1822 969 gn
1832 916 1900 954 us
1914 899 1988 954 sit
2002 899 2103 955 tali
2119 900 2354 956 honore.

717 979 1001 1039 Tabulam
1050 997 1283 1054 quoque
1326 994 1394 1038 ex
1422 1001 1561 1040 auro
1592 988 1647 1040 et
1703 991 1940 1059 argento
1992 992 2124 1043 ante
2179 988 2359 1046 altare

718 1070 900 1126 sancti
922 1069 1206 1143 Stephani
1228 1073 1574 1141 construxit,
1601 1074 1670 1129 de
1699 1092 1816 1147 qua
1846 1078 2192 1147 posmodum
2223 1083 2359 1134 ante

720 1158 1141 1215 monasterium
1167 1159 1320 1215 facta
1343 1164 1432 1217 est
1459 1161 1660 1218 turris.

783 1251 946 1305 Anno
971 1248 1116 1305 1002
1145 1249 1291 1304 obiit
1317 1249 1608 1318 Ainricus,
1643 1252 1761 1307 dux
1790 1252 2157 1326 Burgundiaz.

784 1340 945 1393 Anno
982 1337 1121 1394 1003
1150 1338 1379 1395 obsedit
1410 1339 1696 1398 Robertus
1741 1358 1839 1397 rex
1867 1342 2354 1411 Antissiodorum,

717 1431 772 1483 et
800 1425 1045 1482 vastavit
1076 1425 1494 1498 Burgundiam.

782 1517 944 1569 Anno
979 1515 1120 1570 1015
1144 1515 1360 1587 recepit
1392 1516 1679 1573 Robertus
1727 1535 1825 1575 rex
1855 1519 2144 1575 civitatem
2180 1521 2358 1575 Seno-

718 1620 877 1671 num,
904 1608 963 1659 et
995 1603 1324 1660 Rainardus
1355 1605 1505 1661 abba
1538 1607 1876 1662 monasterii
1920 1610 1978 1662 S.
2010 1608 2161 1663 Petri
2193 1610 2356 1664 obiit.

718 1692 813 1747 Hie
845 1690 1269 1748 monasterium
1291 1694 1349 1748 S.
1383 1693 1534 1748 Petri
1553 1694 1624 1749 ab
1655 1694 1772 1750 imo
1796 1696 2106 1761 renovavit,
2130 1701 2186 1750 et
2206 1697 2361 1752 clau‘

719 1785 833 1835 stra
862 1781 1204 1837 monasterii
1228 1798 1360 1837 cum
1380 1782 1653 1837 domibus
1673 1785 1745 1838 ad
1769 1801 1829 1839 se
1852 1785 2276 1855 pertinentibus
2293 1802 2361 1840 ex

720 1874 831 1925 toto
860 1869 1253 1925 remdiﬁcavit.
1289 1869 1575 1926 Tabulam
1604 1871 1778 1927 etiam
1810 1888 2045 1928 auream
2074 1878 2131 1928 et
2160 1889 2361 1945 argen-

718 1962 867 2014 team
897 1960 1038 2013 ante
1086 1955 1266 2014 altare
1298 1959 1641 2025 construxit,
1676 1977 1905 2016 crucem
1936 1978 2173 2017 auream
2223 1979 2357 2017 cum
2386 1925 2431 1990 Β

717 2046 960 2118 gemmis
988 2046 1318 2118 fabricavit,
1350 2047 1555 2119 signis,
1589 2049 1908 2116 codicibus,
1930 2047 2143 2122 palliis,
2176 2051 2356 2105 sacris

718 2135 952 2203 vasis,et
972 2133 1221 2206 reliquis
1242 2137 1600 2192 ornamentis
1622 2136 2028 2193 ecclesiasticis
2054 2138 2205 2193 idem
2239 2155 2358 2193 mo-

719 2223 1038 2279 nasterium
1064 2221 1286 2279 ditavit.
1314 2226 1555 2297 Insuper
1570 2229 1626 2280 et
1647 2225 1895 2297 regulari
1913 2226 2145 2282 tramite
2166 2244 2359 2281 mona-

719 2312 851 2367 chos
882 2311 1208 2382 instruens,
1239 2311 1582 2368 liberalibus
1607 2314 1934 2386 disciplinis
1965 2318 2214 2371 edocuit.

785 2403 945 2457 Anno
979 2402 1122 2456 1023
1144 2401 1489 2456 Odorannus
1511 2403 1853 2470 monachus,
1885 2410 2194 2475 postquam
2228 2421 2356 2459 cru-

719 2488 945 2544 cifixum
977 2492 1039 2545 et
1059 2493 1299 2561 puteum
1328 2491 1402 2561 (2)
1427 2492 1760 2547 monasterii
1786 2493 1939 2559 fecit,
1964 2495 2214 2564 peccatis
2236 2493 2358 2548 suis

720 2578 1187 2648 promerentibns
1218 2578 1456 2634 insidias
1489 2598 1523 2635 a
1546 2580 1704 2635 falsis
1729 2581 2003 2636 fratribus
2026 2598 2356 2653 perpessus,

721 2666 829 2721 Deo
851 2666 1105 2739 propitio
1137 2668 1229 2723 vix
1255 2672 1497 2723 mortem
1529 2669 1729 2724 evasit.
1765 2670 1871 2735 Qui
1893 2671 2042 2741 apud
2070 2672 2127 2725 S.
2156 2671 2360 2742 Diony-

719 2756 862 2811 sium
904 2757 1335 2828 aliquantisper
1373 2763 1785 2827 commoratus,
1820 2776 1954 2814 cum
1978 2760 2229 2815 maximo
2256 2759 2357 2815 ho-

721 2861 852 2900 nore
884 2844 1140 2917 propriis
1173 2845 1415 2900 sedibus
1435 2850 1524 2900 est
1545 2847 1826 2903 redditus.

782 2935 944 2988 Anno
970 2934 1107 2988 1031
1144 2933 1285 2989 obiit
1318 2930 1631 2989 Rotbertus
1658 2952 1754 2991 rex
1776 2936 1929 3007 pius,
1962 2937 2059 3009 qui
2089 2936 2198 2991 fuit
2223 2954 2359 3009 erga

608 3052 611 3085 ε
719 3027 941 3077 sanctos
958 3021 1062 3077 Dei
1092 3021 1360 3094 supplex,
1392 3023 1704 3079 benevolus
1736 3029 1791 3080 et
1823 3025 2084 3090 devotus,
2103 3030 2158 3082 et
2180 3026 2357 3080 totius

717 3110 1007 3183 religionis
1042 3116 1271 3167 amator
1302 3111 1589 3183 egregius.
1615 3112 1718 3168 Hic
1742 3114 1991 3184 peractis
2010 3113 2253 3169 diversis
2276 3131 2358 3169 re-

608 3230 615 3263 ε
718 3199 1177 3267 stauratio‘nibus
1200 3198 1827 3270 ecclesiarum,necnon
1848 3202 2204 3257 ornamentis
2222 3220 2356 3258 san-

610 3320 613 3353 ;
716 3293 932 3349 dorum
966 3291 1301 3361 cdrporum,
1336 3291 1602 3344 sanctum
1627 3306 1836 3361 corpus
1858 3292 2039 3345 sancti
2060 3291 2351 3346 Saviniani
2384 3281 2426 3350 C
2468 3299 2706 3337 manum
2731 3284 2947 3340 Odonis
2971 3286 3215 3359 paratgii
3243 3292 3462 3362 argenti
3482 3293 3624 3348 meri
3646 3294 3866 3352 solidos
3886 3281 4098 3355 xxxxu.

610 3408 613 3441 μ
715 3393 849 3431 auro
881 3381 938 3432 et
967 3376 1221 3451 geminis
1249 3381 1606 3449 argentoque
1636 3379 1880 3433 ornavit.
1916 3380 2076 3444 Quod
2108 3379 2359 3452 qualiter

716 3470 906 3520 actum
939 3466 1040 3531 sit,
1073 3466 1277 3537 paucis
1309 3470 1397 3519 est
1425 3466 1868 3521 disserendum:

783 3554 1023 3609 Factum
1055 3557 1163 3619 est,
1196 3554 1338 3608 dum
1367 3554 1625 3625 quodam
1649 3558 1908 3626 tempore
1927 3554 2237 3612 Rotbertus
2260 3572 2359 3611 rex

610 3678 614 3697 ι
716 3640 953 3697 Romam
989 3646 1231 3715 peteret,
1266 3647 1329 3697 ut
1360 3643 1695 3697 Constantia
1724 3643 1923 3715 regina
1944 3660 2060 3698 una
2081 3660 2210 3698 cum
2240 3644 2356 3698 Hu-

714 3745 857 3801 gone
888 3729 1010 3786 ﬁlio
1043 3729 1283 3803 parvulo
1314 3730 1461 3785 Tillo
1495 3735 1837 3786 remaneret.
1872 3732 2033 3797 Quod
2087 3736 2149 3786 ut
2195 3737 2360 3788 Berta

610 3858 611 3889 ξ
714 3819 931 3891 regina,
964 3819 1190 3874 dudum
1227 3835 1404 3873 causa
1432 3819 1958 3890 consanguinitatis
1984 3836 2017 3873 a
2040 3836 2170 3892 rege
2188 3836 2357 3892 repu-

610 3948 614 3980 ξ
719 3905 890 3972 diata,
922 3907 1228 3979 comperit,
1258 3913 1564 3979 prosecuta
1590 3912 1678 3961 est
1706 3923 1862 3972 eum,
1895 3924 2138 3980 sperans
2167 3925 2247 3977 se,
2282 3910 2360 3963 fa-

710 3996 977 4051 ventibus
1001 3976 1077 4052 ad
1108 3995 1218 4051 hoc
1250 3976 1602 4067 quibusdam
1629 3995 1854 4062 aulicis,
1876 3976 2105 4051 decreto
2135 4000 2360 4068 aposto-

713 4080 818 4137 lico
840 4085 1247 4140 restituturam
1266 4088 1390 4139 toro
1410 4083 1585 4155 regio.
1602 4083 1764 4140 Unde
1780 4083 2111 4139 Constantia
2135 4084 2356 4156 regina,

612 4216 613 4245 ξ
717 4171 926 4228 timens
947 4190 1011 4228 se
1044 4174 1295 4228 amoveri
1329 4190 1363 4227 a
1393 4173 1549 4244 regio
1583 4173 1779 4240 latere,
1814 4172 2187 4227 inenarrabili
2209 4173 2356 4227 deti-

612 4304 615 4337 ι
714 4261 958 4316 nebatur
987 4278 1255 4317 moerere.
1289 4264 1422 4327 Quae
1472 4262 1611 4315 dum
1643 4265 1809 4315 nocte
1862 4261 2112 4332 quadam
2146 4261 2219 4316 ob
2250 4261 2357 4316 hoc

712 4348 905 4406 nimiis
923 4350 1346 4424 cogitationum
1363 4349 1714 4405 tumultibus
1732 4348 1967 4421 pulsata
1978 4349 2354 4415 obdormiret,

612 4508 613 4515 γ
712 4440 980 4509 apparuit
1009 4441 1063 4495 ei
1096 4457 1200 4512 per
1225 4440 1412 4495 visum
1437 4439 1811 4495 inenarrabili
1834 4439 2091 4495 claritate
2111 4440 2357 4495 circum-

710 4525 878 4582 datus
909 4528 1001 4582 vir
1030 4528 1271 4599 quidam
1316 4526 1595 4600 angelicis
1625 4528 1926 4582 decoratus
1956 4527 2139 4594 canis,
2173 4527 2231 4582 in
2263 4545 2355 4583 sa—

612 4664 613 4677 ,
712 4613 983 4670 cerdotali
1017 4615 1223 4710 habitu
1255 4615 1479 4687 virgam
1511 4614 1857 4687 pastoralem
1885 4620 2122 4710 gestans
2153 4632 2352 4710 manu.
2390 4645 2432 4710 Β

712 4702 888 4767 Quem
921 4702 1107 4759 nimio
1139 4709 1354 4761 terrore
1378 4705 1680 4777 perterrita
1698 4705 1838 4759 dum
1860 4704 2179 4775 requireret
2200 4704 2354 4775 quis-

712 4806 841 4845 nam
874 4796 1056 4861 esset,
1089 4791 1344 4847 innotuit
1375 4809 1436 4847 se
1457 4809 1583 4848 esse
1612 4792 1972 4864 episcopum,
1998 4796 2054 4847 et
2075 4791 2353 4864 appellari

710 4878 1111 4936 Savinianum.
1154 4880 1260 4947 Qui
1295 4885 1351 4937 et
1381 4881 1566 4936 dixit:
1626 4902 1654 4929 «
1684 4881 1971 4936 Constans
2013 4884 2157 4947 esto,
2205 4880 2351 4934 Con-

710 4968 941 5037 stantia,
972 4968 1114 5041 quia
1132 4970 1247 5025 Deo
1280 4969 1527 5042 propitio
1557 4969 1800 5024 liberata
1827 4986 1889 5025 es
1921 4969 1992 5023 ab
2022 4969 2349 5024 imminenti

709 5053 962 5113 tristitia.
987 5080 1017 5109 »
1070 5057 1173 5114 Illa
1201 5074 1335 5114 vero
1385 5058 1455 5113 de
1485 5062 1604 5112 tam
1633 5056 1908 5128 prmelara
1953 5057 2174 5112 visione
2222 5073 2350 5128 per-

706 5144 926 5213 territa,
948 5147 1105 5202 facto
1127 5163 1318 5214 mane,
1343 5146 1515 5216 coepit
1537 5163 1571 5201 a
1592 5145 2106 5201 circumstantibus
2128 5143 2350 5201 clericis

709 5231 949 5291 sollicite
985 5235 1326 5308 perquirere
1357 5234 1407 5289 si
1438 5233 1556 5289 illis
1587 5234 1645 5289 in
1676 5234 2008 5305 regionibus
2038 5233 2353 5288 haberetur

614 5384 615 5387 η
708 5322 1014 5395 episcopus
1031 5324 1133 5396 qui
1156 5324 1505 5379 Savinianus
1519 5322 1828 5378 diceretur.
1849 5323 2072 5388 Quibus
2085 5322 2351 5394 ignoran-

710 5409 847 5466 tiam
879 5429 1051 5468 suam
1080 5412 1509 5484 proﬁtentibus,
1533 5428 1688 5466 unus
1709 5427 1776 5466 ex
1796 5411 1903 5477 eis,
1927 5410 2027 5482 qui
2056 5410 2116 5464 in
2148 5424 2349 5463 mona-

710 5501 879 5556 sterio
910 5502 969 5557 S.
998 5501 1151 5557 Petri
1181 5502 1371 5557 fuerat
1398 5500 1675 5569 nutritus,
1709 5500 1982 5555 redeunte
2010 5514 2141 5571 rege
2170 5499 2346 5551 Aure-

614 5576 615 5663 ξ
710 5584 996 5646 lianorum
1030 5590 1267 5647 futurus
1294 5587 1623 5664 cpiqmpus,
1668 5587 1901 5671 nomine
1938 5586 2345 5651 Theodericus,

2466 639 2551 692 rio
2584 640 2640 694 S.
2685 640 2835 695 Petri
2886 644 3254 712 Savinianus,
3305 648 3530 718 primus
3575 657 3865 710 Senonum
3914 658 4099 713 archi-

2466 726 2795 800 episcopus,
2827 730 2928 800 qui
2972 747 3076 802 per
3117 734 3378 806 martyrii
3408 736 3775 810 triumphum
3808 759 3923 797 una
3966 760 4098 800 cum

2465 815 2643 870 sociis
2675 818 2935 888 pervenit
2962 819 3035 875 ad
3061 820 3314 880 ccelestis
3339 825 3502 897 regni
3531 827 3815 886 brevium.
3838 832 3899 887 Si
3924 832 4103 905 hujus

2467 904 2737 991 martyris
2760 905 2957 962 devote
2979 907 3191 964 adieris
3213 914 3607 983 prazsentiam,
3626 915 3683 971 id
3707 919 3861 989 quod
3893 904 4105 991 promi-

2468 989 2563 1058 sit,
2598 992 2817 1064 absque
2840 993 3116 1052 dilatione
3148 998 3373 1055 noveris
3405 1003 3462 1057 te
3489 989 3956 1064 consecuturam.
3981 1031 4010 1059 »
4034 1011 4106 1065 At

2467 1077 2569 1133 illa
2594 1080 2664 1134 de
2691 1081 2835 1136 tanti
2865 1082 2971 1138 viri
3003 1084 3246 1141 consilio
3275 1089 3540 1160 gaudens
3568 1092 3791 1163 effecta,
3824 1096 4105 1154 citissime

2467 1183 2587 1223 una
2614 1184 2748 1226 cum
2781 1168 2898 1225 ﬁlio
2925 1172 3159 1245 expetiit
3190 1180 3377 1232 sancti
3399 1179 3549 1234 Petri
3570 1179 3798 1252 limina,
3826 1188 3883 1241 et
3903 1184 4108 1243 diutis-

2466 1254 2613 1347 sime
2642 1255 2929 1347 lacrymas
2960 1260 3208 1318 fundens
3237 1268 3373 1320 ante
3401 1282 3612 1338 corpus
3632 1269 3784 1326 beati
3807 1274 4100 1347 martyris;

2466 1343 2722 1415 totisque
2750 1345 2973 1403 viribus
3005 1364 3065 1404 se
3096 1350 3466 1409 committens
3496 1357 3622 1427 ejus
3653 1357 3806 1427 fidei,
3839 1343 4104 1433 gaudens

2467 1433 2744 1522 remeavit
2790 1434 2863 1522 ad
2913 1437 3147 1509 propria
3191 1440 3261 1495 de
3292 1440 3621 1500 visitatione
3675 1448 3821 1503 tanti
3870 1451 4103 1522 patroni

2466 1520 2804 1575 eonfortata.
2829 1521 3099 1579 Nondum
3134 1528 3441 1585 transierat
3467 1531 3591 1587 dies
3624 1534 3811 1604 tertia,
3845 1520 3979 1593 cum
4011 1556 4107 1595 su-

2468 1607 2586 1662 bito
2617 1608 2783 1664 adest
2812 1609 3160 1684 intempesta
3188 1621 3353 1671 nocte
3384 1616 3610 1689 legatus
3643 1623 3795 1695 regis
3836 1630 3970 1682 ante
4009 1627 4105 1697 ja-

2469 1713 2667 1763 nuam,
2701 1698 2981 1771 nuntians
2998 1700 3055 1754 in
3080 1702 3339 1771 proximo
3358 1706 3693 1764 adfuturam
3717 1712 3843 1781 ejus
3860 1730 4107 1784 praesen-

2466 1785 2631 1839 tiam.
2662 1785 2769 1848 Qui
2800 1786 2916 1841 Deo
2946 1788 3190 1845 ducente
3228 1793 3478 1863 propriis
3507 1796 3745 1853 sedibus
3776 1800 4103 1870 restitutus,

2468 1872 2847 1928 utverissima
2867 1876 3288 1947 approbaretur
3300 1882 3612 1950 promissio
3634 1887 3928 1959 martyris,
3950 1888 4110 1946 dein-

2465 1976 2528 2015 ce
2536 1977 2601 2032 ps
2613 1961 2908 2033 propriam
2922 1965 3049 2036 conj
3057 1980 3229 2037 ugem
3242 1969 3430 2041 magis
3443 1986 3617 2042 quam
3631 1977 3872 2031 eatenus
3885 1976 4104 2047 dilexit,

2465 2053 2521 2103 et
2543 2050 2652 2138 sub
2675 2051 2801 2121 ejus
2825 2056 2969 2107 nutu
2992 2054 3187 2110 omnia
3204 2055 3343 2126 jura
3371 2058 3607 2131 regalia,
3645 2065 3704 2117 et
3745 2079 4108 2138 quaecunque

2464 2136 2761 2208 possidere
2784 2140 3108 2209 videbatur,
3134 2160 3369 2200 manere
3389 2147 3702 2219 disposuit.
3735 2152 3848 2209 Sed
3872 2153 3972 2210 illa
4000 2136 4107 2211 mi-

2467 2224 2624 2280 nime
2638 2225 2817 2281 oblita
2838 2229 3246 2299 promissionis
3262 2234 3469 2302 sancti,
3494 2241 3754 2310 satagere
3777 2241 3950 2313 coepit
3965 2258 4105 2314 qua-

2465 2312 2598 2367 liter
2625 2320 2998 2370 exornaretur
3027 2334 3236 2389 corpus
3257 2322 3383 2391 ejus
3412 2323 3642 2393 gemnis
3672 2330 3728 2380 et
3748 2312 3914 2396 auro,
3944 2312 4100 2402 quod

2466 2401 2561 2454 diu
2584 2401 2869 2458 inclusum
2891 2404 3130 2474 plumbo
3148 2407 3219 2461 ab
3236 2409 3495 2480 antiquis
3507 2411 3779 2472 Patribus
3799 2401 4101 2474 abscondi-

2468 2492 2594 2543 tum
2623 2490 2808 2544 fuerat
2838 2493 2948 2547 sub
2980 2509 3133 2549 arvo.
3168 2495 3238 2550 Et
3269 2497 3387 2569 regi
3437 2514 3756 2571 suggerens
3795 2521 3908 2560 sua
3945 2511 4098 2575 vota,

2468 2582 2578 2631 Deo
2610 2578 2941 2645 auxiliante,
2969 2582 3037 2634 ad
3063 2599 3130 2636 ea
3151 2582 3446 2656 implenda
3461 2594 3729 2657 paratum
3750 2591 3916 2648 illum
3941 2595 4102 2651 inve-

2468 2666 2553 2720 nit
2583 2683 2683 2737 per
2708 2669 2922 2723 omnia.
2956 2670 3062 2734 Qui
3085 2673 3411 2729 accersiens
3431 2676 3808 2735 Odorannum
3838 2683 4102 2753 ejusdem

2467 2753 2576 2809 loci
2596 2756 2968 2824 monachum,
2995 2759 3095 2829 qui
3119 2760 3188 2814 ad
3214 2760 3324 2817 hoc
3340 2778 3487 2834 opus
3508 2766 3924 2838 perﬁciendum
3945 2771 4101 2827 vide-

2467 2842 2639 2898 batur
2667 2842 2931 2914 idoneus,
2966 2848 3260 2905 commisit
3290 2867 3405 2906 una
3426 2869 3558 2908 cum
3583 2856 3784 2927 regina
3812 2859 3940 2930 ejus
3971 2861 4104 2917 fidei

2466 2932 2641 3018 tanta;
2672 2931 2905 3002 pietatis
2937 2950 3103 3005 opus.
3127 2934 3421 2993 Dederunt
3441 2938 3620 3011 igitur
3639 2943 3885 3000 Senonis
3908 2945 3967 3000 in
3993 2946 4106 3018 pri-

2467 3016 2579 3071 mis
2612 3036 2713 3090 per
2751 3036 2990 3075 manum
3022 3021 3299 3078 Waldrici
3349 3030 3641 3098 praepositi
3690 3033 3914 3104 argcnti
3959 3016 4102 3090 meri

2465 3104 2643 3161 libras
2662 3124 2735 3162 1v.
2765 3107 2981 3163 Deinde
2997 3111 3239 3166 Senonis
3257 3129 3359 3184 per
3374 3132 3616 3172 manum
3641 3118 3920 3176 Willelmi
3943 3124 4104 3179 cubi-

2467 3194 2670 3249 cularii
2704 3197 2925 3267 argenti
2952 3197 3097 3252 meri
3121 3197 3338 3257 solidos
3360 3219 3443 3257 Lv.
3470 3203 3674 3261 Postea
3694 3208 3981 3265 miserunt
4002 3228 4104 3284 per

2466 3371 2751 3426 Miserunt
2778 3373 2952 3427 etiam
2967 3391 3001 3429 a
3024 3375 3261 3432 Parisiis
3278 3395 3381 3448 per
3401 3395 3639 3437 manum
3662 3382 3957 3441 Odoranni
3981 3384 4101 3443 m6~

2466 3459 2635 3515 nachi
2668 3460 2793 3514 auri
2843 3459 3061 3517 solidos
3090 3480 3206 3518 xvu
3231 3471 3287 3520 et
3324 3467 3593 3539 denarios
3624 3487 3722 3527 νιιι
3755 3476 3813 3528 et
3839 3489 4102 3546 gemmas

2466 3548 2943 3619 pretiosissimas.
2974 3551 3075 3606 His
3108 3552 3190 3607 ita
3218 3555 3485 3625 patratis,
3512 3564 3695 3614 restat
3721 3565 3782 3615 ut
3811 3564 4105 3622 mirabilia

2466 3636 2588 3702 Dei,
2615 3654 2739 3709 quae
2770 3638 2827 3692 in
2852 3638 3085 3695 fabricis
3109 3640 3290 3712 hujus
3306 3643 3495 3716 operis
3517 3647 3703 3704 oculis
3724 3650 3941 3707 nostris
3961 3652 4103 3707 vidi-

2467 3741 2621 3792 mus,
2654 3730 2711 3779 et
2739 3742 2806 3780 ex
2835 3732 2996 3798 parte
3030 3730 3303 3785 manibus
3335 3736 3841 3806 contrectavimus,
3891 3740 4104 3796 Christi

2468 3812 2738 3868 fidelibus
2756 3813 3113 3872 intimemus.
3137 3817 3269 3881 Quae
3292 3820 3522 3876 silentio
3545 3827 3759 3896 tegere,
3780 3828 3999 3884 crimen
4018 3834 4105 3887 est

2468 3901 2793 3957 admittere.

2537 3990 2723 4061 Igitur
2742 3996 3059 4063 occupatus
3080 4011 3179 4049 rex
3203 3996 3377 4051 variis
3396 3998 3590 4054 saeculi
3616 4000 3773 4058 curis
3794 4001 4105 4060 intermisit

2467 4076 2919 4148 aliquantulum,
2971 4082 3041 4135 ad
3086 4084 3507 4140 monasterium
3561 4088 3788 4143 mittere
3835 4097 4141 4163 sumptas.

2466 4166 2667 4237 coeptis
2694 4165 2905 4238 operis.
2929 4169 3370 4241 Tranquillitate
3390 4189 3523 4228 vero
3547 4181 3836 4248 percepta,
3861 4180 4101 4235 manda-

2463 4253 2543 4307 vit
2573 4270 2676 4324 per
2724 4255 3133 4312 Francolinum
3173 4259 3300 4329 jam
3345 4260 3500 4316 dicto
3532 4262 3718 4332 fratri,
3770 4270 3834 4320 ut
3880 4268 4102 4324 concito

2463 4342 2645 4413 gradu
2669 4343 3072 4399 veniretDruis
3093 4347 3163 4401 ad
3187 4348 3625 4420 suscipiendum
3648 4368 3866 4409 munus
3887 4356 4100 4426 operis.

2464 4433 2535 4484 At
2566 4429 2660 4485 ille
2688 4434 3019 4504 vespertina
3048 4435 3248 4505 synaxi
3270 4435 3517 4509 expleta,
3550 4442 3607 4493 et
3637 4444 3704 4495 ut
3725 4458 3851 4499 mos
3880 4448 3969 4500 est
3987 4461 4105 4500 mo-

2465 4518 2669 4574 nachis
2700 4526 2970 4593 percepta
3002 4521 3398 4579 benedictione
3438 4527 3690 4595 abbatis,
3738 4528 3821 4585 ire
3852 4532 4103 4603 perrexit

2464 4607 2533 4660 ad
2554 4609 2858 4664 cacumina
2879 4608 3159 4667 Druensis
3174 4612 3371 4668 castri.
3391 4613 3642 4671 Veniens
3663 4633 3794 4673 vero
3811 4625 3943 4689 post
3959 4620 4101 4676 solis

2463 4712 2735 4752 occasum
2768 4698 2836 4752 ad
2867 4704 3077 4754 sancta:
3108 4699 3402 4755 Columbae
3422 4709 3683 4773 portum,
3710 4708 4103 4764 transfretavit

2463 4801 2594 4839 cum
2619 4786 2743 4841 suis
2772 4786 3044 4843 lcaunam
3077 4788 3335 4844 ﬂuvium.
3361 4795 3620 4863 Cumque
3641 4794 3946 4865 paululum
3969 4798 4104 4852 sub-

2462 4873 2705 4929 stitisset
2735 4872 2791 4928 in
2820 4873 3030 4944 littore,
3063 4876 3213 4931 inter
3251 4882 3486 4934 caeteras
3517 4880 3715 4937 stellas
3743 4883 3958 4954 quibus
3990 4902 4103 4941 nox

2460 4960 3035 5031 illustrabatur,vidit
3056 4964 3348 5035 quoddam
3378 4967 3542 5023 sidus
3562 4986 3964 5042 exsurgere,eo
3986 4990 4101 5045 quo

2459 5048 2653 5103 aestivo
2675 5053 2932 5121 tempore
2957 5051 3101 5106 solet
3118 5052 3321 5109 horam
3339 5054 3451 5110 diei
3473 5056 3724 5127 primam
3753 5058 3840 5115 sol
3862 5059 4101 5116 demon-

2461 5143 2662 5191 strare.
2704 5137 2865 5200 Quod
2926 5139 3194 5197 exsiliens
3243 5141 3315 5197 de
3364 5143 3455 5199 sui
3502 5149 3669 5202 ortus
3715 5145 3841 5203 loco
3889 5147 4102 5205 virtute

2459 5225 2652 5281 divina
2685 5227 2859 5297 cwpit
2888 5228 3022 5283 ferri
3066 5230 3339 5286 velociter
3366 5248 3471 5304 per
3517 5250 3672 5303 aera,
3720 5241 3923 5308 petens
3972 5238 4100 5293 caeli

2459 5313 2842 5370 eminentiora
2866 5314 3012 5383 loca,
3031 5334 3174 5388 pene
3205 5335 3391 5391 usque
3413 5322 3482 5376 ad
3507 5321 3652 5379 illud
3673 5329 3957 5396 punctum
3983 5338 4099 5397 quo

2459 5418 2527 5457 ea
2554 5406 2899 5474 tempestate
2946 5404 3091 5460 solet
3140 5405 3262 5460 fieri
3312 5407 3458 5465 hora
3503 5415 3684 5466 sexta.
3737 5414 3918 5477 Quem
3962 5428 4096 5466 cum

2459 5489 2736 5558 famulus,
2769 5508 2918 5563 equo
2940 5499 3261 5565 prmparato
3277 5496 3371 5551 cui
3392 5496 3642 5554 insidere
3670 5499 3934 5561 debebat,
3969 5498 4096 5552 hor-

2459 5584 2697 5648 taretur,
2722 5580 2862 5653 quia
2884 5598 2996 5641 nox
3013 5581 3381 5654 imminebat,
3407 5592 3471 5644 ut
3491 5586 3858 5645 ascenderet:
3891 5608 3918 5636 ι(
3950 5584 4091 5642 Sue-

779 5681 850 5753 (2)
883 5680 1052 5737 Forte
1075 5680 1324 5755 pluteum
1343 5676 1672 5752 Sidon.,lib.
1705 5669 1766 5750 n,
1786 5676 2023 5755 epist.9,
2054 5672 2489 5747 grammaticales
2517 5669 2749 5766 pluteos.
