4954 6452
1507 403 1624 463 τῖῗὸ

2364 398 2765 460 ODORANNI
2812 398 3160 460 NONACHI
3206 397 3268 456 S.
3313 391 3546 457 PETRI
3591 395 3749 458 νιν]
3793 395 4073 458 SENON.
4765 399 4851 466 Tm

1507 537 1628 592 tine
1660 553 1756 591 me
1787 533 2119 608 paululum,
2140 532 2355 605 inquit,
2387 538 2444 587 et
2475 533 2696 587 intuere
2727 548 2860 587 cum
2879 537 2979 587 tuo
3000 530 3156 586 socio
3189 532 3239 600 Α
3274 529 3370 584 bat
3401 530 3678 585 l’arisius.
3705 528 3866 586 L'nde
3882 545 4128 585 evocans
4149 528 4854 604 archiepiscome

1512 625 1809 682 mirabilia
1838 624 1964 690 Dei,
1999 641 2126 695 quae
2176 622 2459 677 hactenus
2503 639 2615 676 non
2646 621 2784 675 vidi.
2817 621 2940 684 Quo
2981 621 3158 674 mira-

1509 713 1646 770 culo
1677 711 1887 770 famuli
1919 712 2168 777 attoniti,
2193 710 2525 782 ignorantes
2548 709 2685 782 quid
2715 708 2982 780 prasagii
3015 725 3156 780 pra--

1513 805 1712 870 l'en‘e‘t,
1745 799 2048 874 signaculo
2078 798 2266 855 crucis
2291 815 2350 854 se
2377 798 2670 862 muniunt,
2704 804 2761 852 et
2793 797 2906 853 Deo
2938 804 3159 852 sancto-

1514 907 1632 964 que
1657 891 1974 947 Saviniano
1995 888 2272 961 pavefacti
2305 893 2426 943 toto
2457 887 2626 941 corde
2657 902 2719 941 se
2759 887 3156 940 committunt.

1511 979 1695 1037 Stella
1719 996 1856 1036 vero
1883 979 1943 1035 in
1975 978 2098 1034 loco
2130 993 2246 1049 quo
2275 981 2510 1031 venerat
2541 974 2849 1048 paululum
2873 973 3158 1039 substitit,

1511 1073 1570 1125 et
1595 1068 1930 1142 νεικεῖ-α(ὶο
1956 1083 2130 1122 cursu
2151 1067 2221 1122 ad
2247 1065 2438 1121 locum
2461 1065 2617 1120 unde
2638 1068 2874 1119 venerat
2898 1062 2952 1116 in
2985 1063 3159 1116 unius

1513 1157 1672 1214 horas
1699 1158 1888 1231 spatio
1941 1156 2150 1212 iterum
2199 1154 2399 1220 rediit;
2457 1170 2638 1224 quam
2681 1169 2826 1225 pene
2860 1168 3044 1224 usque
3087 1151 3157 1206 ad

1512 1247 1744 1304 tertiam
1774 1244 2031 1319 vigiliam
2081 1245 2270 1300 noctis
2320 1242 2807 1315 contemplantes,
2848 1258 2975 1295 eam
3011 1240 3161 1295 inter

1509 1342 1713 1393 cetera
1757 1336 1952 1391 sidera
2001 1333 2248 1408 implere
2309 1349 2551 1389 cursum
2601 1331 2844 1386 solitum
2893 1331 3162 1384 \idcrunt

1507 1430 1764 1494 ovantes,
1799 1429 1860 1481 et
1887 1425 2043 1480 inter
2057 1441 2123 1478 se
2154 1422 2296 1496 quid
2317 1423 2747 1478 demonstraret
2773 1421 3156 1474 conferentes.

1499 1515 1728 1579 Quibus
1751 1514 1947 1569 animo
1971 1513 2245 1578 occurrit,
2270 1513 2424 1583 quod
2457 1515 2708 1582 emptum
2743 1509 2853 1564 iter
2884 1525 3159 1582 prospero

1507 1619 1716 1676 gressu
1746 1608 2112 1674 peragerent,
2145 1607 2203 1656 et
2233 1600 2470 1655 demum
2493 1600 2606 1654 voti
2630 1605 2926 1671 compotes
2949 1598 3158 1653 Conciti

1512 1692 1584 1747 ad
1615 1692 1859 1747 domum
1881 1689 2156 1745 redirent.
2180 1688 2396 1744 Dantcs
2424 1694 2699 1760 prieterea
2720 1704 2846 1742 sese
2871 1686 3160 1742 maturius

1512 1779 1701 1836 labori
1731 1779 1901 1852 empti
1925 1778 2168 1844 itineris,
2187 1795 2294 1850 per
2313 1777 2641 1850 squalidam
2664 1776 2912 1846 Bclsam,
2935 1793 3000 1833 eo
3029 1793 3156 1830 sur-

1514 1873 1686 1944 gente
1715 1884 1750 1924 ι
1778 1882 1984 1924 mensa
2011 1871 2398 1941 pervenerunt
2418 1866 2490 1922 ad
2514 1865 2792 1938 palatium
2814 1866 2984 1936 regis.
3012 1865 3154 1962 l’rfe-
3189 1900 3236 1966 Β

1517 1957 1702 2012 missa
1728 1971 1866 2012 vero
1893 1953 2247 2011 salutatione
2275 1954 2428 2027 regis
2459 1961 2514 2009 et
2547 1953 2777 2025 regince,
2813 1960 2875 2008 ut
2913 1952 3156 2007 veracis-

1515 2045 1667 2100 sima
1725 2049 2072 2118 apparerent
2128 2043 2335 2099 sideris
2381 2044 2702 2116 praesagia:
2741 2066 2766 2090 «
2800 2043 3157 2113 Suscipiens,

1514 2133 1705 2206 inquit
1738 2133 2024 2189 monacho
2055 2133 2278 2206 regina,
2315 2150 2440 2206 qua:
2473 2138 2674 2187 sancto
2714 2130 3025 2185 Saviniano
3057 2148 3159 2202 pro

1515 2239 1684 2295 posse
1740 2223 2142 2295 disposuimus
2200 2223 2270 2278 ad
2305 2238 2562 2295 prmsens
2619 2221 2850 2276 mittere
2894 2237 3157 2285 munera,

1513 2313 1758 2368 festinas
1779 2317 2061 2369 revertere
2094 2312 2162 2366 ad
2186 2311 2583 2384 propria,quia
2605 2328 2710 2365 nos
2732 2327 2965 2365 summo
2991 2325 3159 2363 mane

1509 2403 1910 2475 disposuimus
1941 2403 2099 2458 abire
2129 2403 2294 2458 alias.
2318 2421 2344 2454 ι
2385 2402 2451 2456 Et
2474 2402 2669 2456 statim
2699 2403 2997 2472 proferens
3030 2399 3156 2453 auri

1510 2492 1784 2548 tredecim
1808 2491 2030 2547 solidos
2053 2491 2125 2546 ad
2150 2491 2445 2563 publicam
2467 2496 2764 2544 monetam
2787 2488 3160 2543 Aurelianen-

1510 2596 1634 2636 sem
1661 2595 1981 2653 appensos:
2013 2603 2040 2628 ιι
2061 2580 2120 2633 si
2139 2579 2264 2642 tibi,
2292 2578 2504 2649 inquit,
2533 2596 2644 2632 non
2669 2577 2890 2631 sut‘ticit
2916 2583 3157 2630 moneta:

1513 2666 1874 2738 ponderatio,
1933 2668 2188 2738 pra-beat
2239 2666 2415 2720 fidem
2471 2667 2706 2736 proprio
2759 2664 2924 2719 oculo
2959 2666 3159 2719 iterata

1515 2756 1886 2828 propensio.»
1907 2758 2031 2821 Quo
2048 2755 2455 2828 ponderato,re
2480 2754 2620 2808 nihil
2635 2754 2789 2808 aliud
2807 2771 2980 2824 quam
3004 2755 3157 2825 quod

1513 2843 1719 2916 regina
1747 2843 2094 2916 prmdixerat
2132 2843 2241 2899 fuit
2271 2842 2546 2898 invenire.
2594 2842 2914 2914 Regressus
2963 2844 3158 2913 itaque

1517 2931 1844 2988 monachus
1873 2933 1986 2988 voti
2011 2949 2251 3004 compos
2272 2932 2344 2987 ad
2369 2931 2812 2996 monasterium,
2847 2939 3156 3004 postquam

1517 3019 1670 3092 regis
1691 3037 1759 3076 ex
1780 3023 1941 3093 parte
1964 3027 2019 3076 et
2043 3021 2252 3093 reginae
2274 3020 2419 3076 dixit
2436 3021 2629 3076 abbati
2653 3027 2708 3076 et
2731 3023 3007 3076 fratribus
3030 3037 3155 3088 ave,

1514 3109 1755 3182 protulit
1767 3110 1891 3165 auri
1908 3109 2042 3165 ἥιΗὶ
2059 3115 2261 3166 sancto
2276 3109 2588 3165 Saviniano
2601 3112 3018 3165 transmissum
3037 3128 3160 3164 mu-

1512 3217 1624 3255 nus
1655 3199 1724 3254 de
1753 3199 2046 3256 cassilide.
2096 3202 2431 3272 Appensum
2465 3217 2600 3271 ergo
2635 3201 2824 3271 palam
2859 3200 3156 3266 omnibus,

3271 619 3476 687 ricum,
3513 619 3817 676 humiliter
3835 617 4152 694 postulavit
4183 624 4246 673 ut
4264 619 4680 678 monasterium
4697 622 4856 692 adiret,

3268 713 3323 763 et
3345 708 3528 762 sancti
3557 708 3829 781 martyris
3851 724 4063 780 corpus
4083 708 4154 762 de
4176 706 4377 763 locello
4395 707 4688 782 plumbeo,
4706 710 4754 766 in
4773 727 4856 784 quo

3268 798 3340 852 ab
3363 797 3622 868 antiquis
3649 797 3914 852 l’atribus
3937 797 4193 870 positum
4217 798 4425 864 fuerat,
4451 796 4508 852 in
4528 813 4694 854 aurea
4708 815 4856 878 capsa,

3268 903 3443 956 quam
3481 886 3561 940 illi
3596 891 3918 958 paraverat,
3953 890 4380 957 transponeret.
4411 888 4485 941 At
4510 886 4599 942 ille
4641 893 4778 947 sexta
4801 891 4860 946 fc-

3269 976 3376 1040 ria,
3404 975 3494 1030 cui
3524 976 3868 1030 succedente
3892 976 3983 1029 die
4004 974 4308 1030 Dominica
4330 975 4529 1031 futura
4543 979 4860 1048 pra'stolabu-

3270 1069 3366 1118 tur
3398 1065 3698 1136 festivitas,
3727 1065 3794 1119 ad
3821 1064 4242 1119 monasterium
4269 1065 4507 1119 veniens
4531 1081 4744 1120 summa
4760 1081 4856 1120 cum

3269 1155 3661 1218 veneratione,
3692 1171 3811 1208 una
3840 1169 3972 1208 cum
3999 1153 4278 1208 fratribus
4301 1153 4526 1208 monita
4547 1153 4690 1228 regis
4708 1153 4862 1228 imple-

3270 1241 3369 1306 vit,
3401 1259 3730 1315 corpusque
3761 1248 3814 1296 S.
3851 1242 4112 1310 Eodaldi,
4163 1243 4319 1314 quod
4377 1258 4518 1298 cum
4566 1260 4630 1298 eo
4675 1245 4858 1315 reperit,

3269 1349 3401 1386 cum
3422 1349 3660 1404 corpore
3683 1335 3740 1387 S.
3762 1331 4057 1386 Saviniani
4089 1347 4330 1404 ponens,
4350 1348 4488 1386 ossa
4509 1332 4666 1404 pueri
4684 1332 4858 1405 parvuli

3270 1439 3402 1476 cum
3434 1439 3500 1476 eo
3533 1421 3758 1476 humati
3793 1421 4048 1493 reposuit
4074 1438 4212 1490 una,
4243 1427 4299 1475 et
4322 1420 4570 1494 expletis
4603 1421 4860 1476 missarum

3270 1510 3571 1565 solemniis
3604 1511 3893 1564 edendum
3926 1509 4087 1564 abiit.
4139 1509 4337 1565 Fratre
4383 1525 4544 1575 vero,
4590 1508 4693 1564 sub
4733 1512 4860 1580 cujus

3269 1599 3508 1654 arbitrio
3541 1605 3596 1653 et
3626 1599 3986 1670 providentia
4007 1598 4186 1652 totius
4218 1597 4412 1670 operis
4444 1596 4657 1652 fabrica
4688 1606 4860 1652 consta-

3271 1688 3387 1751 bat,
3424 1688 3477 1742 in
3512 1687 3686 1742 choro
3720 1687 4055 1742 monasterii
4091 1687 4401 1752 residente,
4435 1691 4493 1742 et
4514 1685 4773 1758 imagines
4797 1704 4862 1741 ar-

3268 1782 3527 1846 genteas,
3551 1793 3698 1847 quas
3711 1775 3983 1848 operculo
3996 1793 4180 1848 capsa:
4196 1775 4515 1848 superponi
4529 1776 4862 1848 disposuerat,

3269 1883 3400 1921 cera
3431 1866 3587 1920 molli
3615 1869 3922 1930 refovente,
3943 1865 4278 1938 supervenit
4299 1883 4368 1920 ex
4385 1864 4714 1939 improviso,
4734 1866 4860 1930 duce,

3272 1973 3448 2027 puero
3474 1955 3978 2028 parvulo,quidam
4004 1972 4188 2009 caecus
4217 1954 4526 2027 postulans
4548 1971 4608 2011 se
4629 1955 4860 2010 intromit-

3269 2046 3310 2098 ti
3340 2046 3394 2098 in
3429 2051 3628 2116 crypta
3660 2045 3755 2099 ubi
3779 2051 3833 2099 3.
3860 2045 4154 2099 Saviniani
4189 2045 4516 2116 repositum
4539 2049 4659 2100 erat
4680 2060 4860 2115 corpus.

3270 2135 3375 2199 Qui
3409 2135 3740 2189 sciscrtatus
3771 2151 3804 2190 ιι
3837 2133 4121 2188 monacho
4165 2134 4300 2205 quis
4346 2138 4530 2198 esset,
4562 2139 4618 2190 et
4647 2133 4777 2189 unde
4802 2133 4860 2186 vel

3270 2225 3438 2292 cuius
3471 2224 3546 2277 rei
3580 2224 3768 2294 gratia
3815 2223 4169 2290 advenisset,
4203 2223 4506 2294 professus
4548 2227 4634 2277 est
4678 2239 4732 2277 se
4771 2239 4860 2275 esse

3272 2314 3579 2375 rusticum,
3603 2319 3658 2366 et
3689 2313 3745 2366 in
3778 2330 3923 2384 pago
3957 2312 4349 2378 “'astinense,
4381 2312 4440 2366 in
4466 2311 4600 2368 villa
4622 2330 4737 2384 quas
4757 2312 4862 2366 Fou-

3272 2407 3439 2455 tanas
3460 2401 3692 2464 dicitur,
3715 2400 3924 2456 habere
3949 2399 4346 2456 habitaculum
4365 2400 4438 2455 ad
4461 2401 4808 2464 manendum,
4825 2405 4862 2452 et

3270 2490 3502 2561 proprio
3534 2492 3765 2545 nomine
3798 2491 3984 2545 vocari
4022 2490 4387 2546 Mainardum
4415 2506 4430 2556 ;
4467 2497 4525 2545 et
4553 2491 4860 2546 admonitum

3271 2586 3436 2633 nocte
3470 2581 3758 2650 praeterita
3787 2581 3840 2633 in
3876 2579 4121 2644 somnis,
4158 2585 4216 2633 ut
4249 2580 4318 2634 ad
4354 2579 4413 2634 S.
4449 2580 4730 2634 Saviniani
4759 2595 4862 2649 prr-

3269 2669 3516 2722 sentiam
3551 2671 3789 2734 veniret,
3821 2675 3877 2723 et
3909 2668 4104 2723 lumen
4134 2668 4437 2723 oculorum
4493 2669 4572 2724 ibi
4620 2669 4860 2741 reciperet.

3269 2758 3403 2812 Erat
3434 2758 3589 2812 enim
3619 2759 3936 2812 triennium
3969 2775 4036 2813 ex
4057 2775 4172 2830 quo
4205 2757 4401 2813 lumen
4426 2759 4702 2814 amiserat
4723 2756 4865 2812 oculo-

3270 2864 3419 2900 rum.
3449 2847 3829 2902 lntromissus
3857 2848 4050 2919 itaque
4076 2847 4146 2901 ad
4172 2853 4440 2901 sanctum
4465 2848 4686 2902 diutius
4707 2845 4861 2905 oravit,

3269 2937 3368 2989 sed
3399 2935 3542 2990 nihil
3577 2935 3820 2990 luminis
3853 2938 3976 3008 ipsa
4007 2938 4101 2991 die
4132 2936 4423 3008 percipere
4457 2937 4689 2992 meruit.
4719 2933 4863 2990 Nimio

3267 3041 3401 3078 vero
3422 3026 3726 3079 suavitatis
3758 3026 3952 3092 odore,
3979 3031 4042 3081 ut
4064 3027 4184 3097 ipse
4207 3025 4371 3092 dixit,
4397 3026 4675 3098 repletu,
4692 3024 4752 3079 ad
4775 3039 4864 3094 pro-

3270 3113 3393 3184 pria
3431 3119 3518 3169 est
3555 3131 3840 3169 reversus.
3873 3114 4225 3170 Advenientc
4259 3115 4438 3187 igitur
4469 3115 4566 3169 die
4599 3113 4864 3169 Domimra.

3269 3204 3432 3258 adest
3462 3222 3559 3257 rex
3590 3221 3723 3259 cum
3757 3205 3880 3258 suis
3911 3203 4199 3277 episeopis
4230 3211 4285 3260 et
4307 3205 4669 3278 proceribus,
4691 3197 4865 3256 abbati-

1511 3305 1615 3362 pcr
1643 3305 1885 3345 manum
1918 3289 2242 3345 Francoliui
2275 3289 2498 3345 ostiarii
2531 3295 2586 3345 et
2618 3289 2935 3344 ltaimberti
2989 3289 3158 3343 celle-
3189 3271 3234 3338 C
3272 3293 3382 3347 bus
3415 3310 3642 3364 quoquc
3675 3299 3730 3347 et
3759 3292 4004 3358 clericis,
4040 3309 4261 3348 necnon
4295 3271 4351 3350 et
4381 3293 4597 3367 populo
4645 3293 4865 3346 innume-

1511 3377 1648 3434 rarii
1680 3379 1855 3450 regis,
1885 3378 2109 3433 trutina
2157 3382 2399 3450 urgente
2449 3378 2749 3433 inventum
2800 3383 2890 3432 est
2934 3384 3157 3449 septem

1507 3465 1781 3520 denarios
1813 3465 1946 3538 plus
1976 3465 2221 3520 habens.
2259 3465 2422 3521 Unde
2460 3467 2822 3538 stupefactus
2855 3466 3029 3520 frater
3059 3467 3158 3538 qui

1511 3552 1825 3618 detulerat,
1857 3558 1916 3608 et
1963 3553 2153 3608 caeteri
2186 3553 2561 3622 admirantes,
2613 3560 3006 3626 cognoverunt
3059 3573 3160 3628 pro

1515 3644 1673 3695 certo
1695 3639 1834 3712 quia
1859 3641 1961 3711 qui
1996 3640 2209 3696 sideris
2229 3643 2546 3697 mutatione
2577 3643 2635 3697 in
2669 3646 2858 3697 eundo
2889 3643 3162 3714 dignatus

1517 3733 1608 3784 est
1653 3729 1959 3784 ostendere
2012 3729 2382 3797 miraculum,
2431 3735 2488 3786 et
2544 3732 2644 3804 qui
2674 3748 2741 3787 ex
2788 3732 2968 3788 nihilo
3031 3733 3163 3788 fecit

1517 3823 1708 3874 totum
1732 3819 2043 3884 mundum,
2067 3817 2126 3874 in
2150 3818 2381 3875 sacculo
2404 3821 2533 3876 fidei
2555 3822 2628 3876 ob
2660 3822 2929 3876 meritum
2953 3829 3163 3896 marty-

1517 3907 1600 3964 ris
1629 3907 1917 3964 concessit
1937 3908 2251 3964 exuberare
2282 3907 2646 3977 fulvum,sub
2668 3911 3022 3983 septiformis
3053 3930 3161 3968 nu-

1514 4011 1676 4052 mero
1705 3996 1968 4068 spiritus,
2001 4014 2231 4055 aurum.
2268 3998 2337 4054 Et
2359 3999 2458 4070 qui
2482 3999 2555 4054 ad
2581 3999 2983 4057 redimendum
3009 4001 3161 4058 filios

1508 4085 1894 4152 viduas,Elisei
1915 4087 2240 4143 intercessu
2264 4087 2477 4144 fecitsu
2485 4106 2588 4161 per
2599 4105 2930 4145 excrescere
2942 4089 3161 4160 oleum,

1510 4175 1703 4247 exigui
1733 4175 1858 4232 auri
1890 4176 2312 4233 munusculum
2344 4177 2647 4234 devotione
2678 4179 2832 4251 regis
2863 4183 2920 4234 et
2950 4179 3160 4252 regina:

1511 4265 1647 4320 fecit
1676 4264 2019 4322 maximum.
2041 4266 2110 4322 Et
2140 4271 2318 4338 caput
2337 4265 2553 4323 Christi
2577 4273 2749 4339 Deus,
2778 4267 2879 4341 qui
2911 4285 3016 4342 per
3035 4285 3164 4340 pro—

1512 4352 1748 4426 phetam
1790 4371 1963 4412 suum
1999 4355 2147 4411 dixit
2171 4373 2184 4412 :
2219 4362 2518 4425 Argentum
2542 4365 2594 4414 et
2619 4375 2822 4414 aurum
2848 4375 3031 4414 meum
3060 4366 3158 4424 est,

1511 4442 1798 4516 quidquid
1824 4446 2106 4501 membris
2146 4443 2292 4512 suis,
2319 4446 2376 4501 id
2409 4451 2498 4503 est
2528 4447 2748 4503 sanctis
2779 4448 3158 4519 martyribus,

1508 4533 1749 4601 confert,
1773 4531 2012 4590 alterius
2029 4551 2144 4591 non
2168 4540 2276 4590 est.
2296 4535 2500 4591 Postea
2513 4533 2674 4591 dedit
2692 4551 2790 4590 rex
2805 4553 2904 4608 per
2920 4553 3160 4594 manum

3269 3382 3464 3447 rabili,
3497 3383 3567 3436 ad
3611 3382 4105 3437 transvehendum
4139 3399 4350 3455 corpus
4383 3382 4576 3438 sancti
4625 3377 4866 3448 martyris.

3269 3471 3452 3536 Quem
3468 3472 3796 3543 suscipiens
3817 3489 3931 3525 una
3953 3488 4085 3526 cum
4112 3472 4228 3526 tilio
4248 3489 4353 3527 suo
4374 3472 4646 3536 ltoberto,
4668 3467 4868 3542 propriis

3269 3559 3528 3630 scapulis
3562 3560 3820 3631 reposuit
3861 3577 3994 3614 cum
4053 3561 4327 3616 manibus
4383 3561 4510 3616 suis
4545 3561 4658 3627 ille,
4703 3556 4786 3613 ubi
4829 3555 4868 3607 in

3271 3649 3535 3719 prmsenli
3555 3655 3904 3703 veneratura
3920 3648 4189 3703 fidelibus
4205 3649 4695 3722 populis.Peracto
4707 3644 4869 3701 deinde

3269 3737 3514 3792 solemni
3538 3739 3749 3804 oflicio,
3775 3743 3828 3792 et
3853 3755 3983 3806 rege
4009 3740 4379 3792 recumbente
4397 3738 4466 3792 ad
4489 3752 4763 3800 mensam,
4786 3748 4870 3786 m0-

3271 3826 3589 3896 nacliisque
3621 3827 4208 3894 edentilms,sedebat
4235 3827 4312 3881 ibi
4337 3845 4488 3899 saepe
4532 3829 4682 3882 fatus
4716 3838 4868 3878 mona-

3270 3915 3439 3982 chus,
3472 3914 3570 3969 ubi
3603 3932 3738 3969 eum
3773 3916 4045 3986 perendie
4096 3916 4394 3970 sedentem
4438 3933 4618 3988 supra
4663 3913 4872 3983 scriptus

3269 4002 3571 4059 invenerat
3619 4021 3825 4059 carens.
3861 4005 3966 4070 Qui
4011 4011 4154 4059 nutu
4190 4005 4286 4059 Dei
4333 4006 4584 4061 ducente
4631 4021 4688 4058 se
4736 4013 4873 4074 pucm

3271 4093 3711 4165 superveniens,
3729 4094 3951 4148 dixitse
3969 4094 4248 4149 iterumin
4270 4093 4516 4150 summis
4534 4090 4873 4150 admonitum.

3272 4187 3334 4237 ut
3366 4182 3720 4252 quantocius
3755 4187 4038 4254 repeteret
4067 4185 4124 4239 S.
4165 4182 4458 4240 Saviniani
4506 4182 4793 4239 auxilium.
4830 4175 4875 4229 Et

3271 4271 3589 4343 projiciens
3613 4289 3673 4326 se
3695 4271 3819 4325 solo
3842 4278 4013 4326 tenus
4037 4278 4168 4326 ante
4191 4273 4562 4346 praesentiam
4587 4265 4876 4336 sancti,eju3

3271 4360 3735 4431 suffragantibus
3752 4361 3998 4428 meritis,
4014 4361 4202 4417 visum
4219 4361 4454 4434 recepit.
4475 4362 4542 4417 Et
4555 4361 4654 4434 qui
4669 4367 4875 4425 eousque-

3270 4465 3305 4503 a
3335 4448 3578 4521 parvulo
3612 4449 3854 4521 puerulo
3886 4451 4231 4518 ducebatur,
4266 4467 4333 4506 eo
4378 4451 4647 4518 ducente,
4676 4461 4801 4520 puer
4824 4438 4873 4494 ad

3271 4537 3516 4594 domum
3549 4539 3877 4594 revertitur.
3903 4544 4018 4594 ltex
4051 4556 4185 4596 vero
4217 4557 4466 4612 surgens
4496 4557 4530 4596 a
4559 4552 4752 4595 mensa
4779 4546 4877 4584 οη·

1505 4621 1800 4678 Odoranni
1860 4624 2134 4679 monachi
2205 4623 2454 4680 Senonis
2510 4622 2640 4677 auri
2695 4624 2901 4678 uncias
2958 4641 3057 4681 vni
3103 4632 3162 4683 et
3195 4645 3242 4710 ι)
3275 4627 3452 4682 tionis
3479 4645 3677 4694 causa,
3711 4632 3774 4682 ut
3832 4627 4072 4683 mosilli
4112 4634 4255 4695 erat,
4313 4629 4474 4685 solus
4535 4623 4796 4686 remansit
4834 4618 4874 4670 in

1508 4710 1733 4783 argenti
1767 4711 1911 4766 meri
1941 4709 2165 4766 solidos
2191 4727 2285 4765 xv.
2319 4709 2381 4764 In
2415 4707 2772 4780 perﬁciendo
2809 4725 2942 4766 vero
2972 4726 3162 4783 Opere,

1507 4799 1754 4854 neﬂerct
1773 4798 1894 4872 regi
1915 4797 2078 4854 oneri
2095 4800 2371 4868 frequens
2387 4795 2694 4866 requisitio
2711 4797 2836 4851 auri
2849 4803 2905 4852 et
2917 4803 3164 4872 argenti,

1509 4888 1718 4942 addite
1747 4891 1892 4942 sunt
1935 4887 2007 4940 de
2037 4885 2320 4941 thesauro
2356 4882 2630 4940 Ecclesiae
2677 4884 2936 4958 quinque
2984 4891 3165 4946 unciae

1512 4973 1662 5042 auri,
1691 4977 1750 5030 et
1779 4979 1900 5030 tres
1927 4971 2089 5028 libra:
2120 4971 2348 5046 argenti
2381 4971 2551 5027 meri.

1581 5061 1885 5132 Descripto
1915 5060 2116 5132 itaque
2137 5066 2420 5132 apparatu
2454 5062 2569 5118 Deo
2589 5062 2921 5136 dignissimi
2947 5067 3161 5141 aperis,

1517 5165 1703 5220 opera:
1735 5149 1990 5220 pretium
2020 5153 2109 5204 est
2138 5150 2360 5205 exarari
2391 5151 2741 5209 miraculum
2760 5157 3034 5213 anserino
3067 5175 3164 5215 vo-

1518 5253 1696 5305 mere,
1723 5235 1882 5308 quod
1908 5237 2002 5291 Dei
2025 5237 2442 5310 omnipotentia
2469 5244 2858 5315 praesentibus
2882 5247 3052 5304 nobis
3081 5248 3164 5302 di-

1516 5330 1694 5397 gnata
1742 5326 1837 5380 est
1880 5339 2046 5394 agere
2075 5326 2136 5382 in
2194 5329 2376 5385 sancti
2433 5333 2708 5404 martyris
2756 5334 3159 5392 translatione.

1517 5412 1728 5484 Optata
1747 5410 2078 5483 festivitatis
2098 5416 2229 5486 ejus
2251 5415 2392 5488 dies,
2406 5420 2605 5492 quaab
2618 5417 2875 5495 antiquis
2889 5425 3163 5482 Patribus

1517 5501 1648 5569 ejus
1675 5497 2004 5557 venerabile
2041 5519 2256 5574 corpus
2288 5520 2398 5561 una
2426 5525 2560 5564 cum
2607 5511 2780 5568 sociis
2811 5511 2869 5568 in
2918 5514 3165 5571 basilica

1519 5589 1708 5673 sancti
1737 5582 1902 5673 Petri
1928 5590 2278 5647 translatum
2309 5599 2412 5662 est,
2435 5598 2960 5673 appropinquabat,
2989 5609 3045 5658 et
3067 5621 3164 5660 rex

1523 5669 1964 5751 aliquantulum
1977 5675 2233 5742 Senonis
2249 5669 2654 5758 commoratus,
2684 5669 2867 5749 redire
2889 5669 3163 5768 dispone-

3276 4715 3544 4771 ecclesia.
3577 4715 3684 4780 Qui
3727 4717 3869 4772 dum
3925 4723 4135 4784 oraret,
4186 4719 4432 4791 contigit
4469 4723 4533 4774 ut
4581 4713 4875 4788 mpedicllﬂ

3278 4803 3454 4857 frater
3481 4802 3788 4860 ecclesiam
3824 4805 4084 4861 intraret.
4116 4807 4296 4872 Quem
4334 4806 4624 4880 aspiciens
4667 4801 4875 4860 eminus.

3277 4893 3597 4962 tranquilla
3627 4910 3806 4948 manu
3839 4893 4032 4949 innuit
4063 4900 4128 4949 ut
4159 4897 4461 4951 accederet
4490 4893 4741 4968 propius.
4767 4883 4872 4941 Cui:

3275 5003 3303 5030 «
3342 4982 3560 5037 Enarra
3590 4982 3756 5048 mihi,
3783 4982 3993 5054 inquit,
4025 4989 4082 5040 8.
4115 4984 4496 5042 Potentianus
4516 4989 4572 5040 8.
4613 4977 4872 5038 εινὶιιίεωο

3274 5070 3413 5140 quid
3447 5071 3640 5126 fuerit.
3676 5095 3702 5120 υ
3731 5075 3802 5126 At
3827 5071 3944 5143 ille,
3965 5073 4122 5144 quod
4148 5075 4343 5130 socius
4366 5076 4494 5146 ejus
4515 5074 4575 5131 in
4601 5066 4801 5129 itineris
4819 5061 4872 5115 ll-

3273 5159 3433 5225 bore,
3467 5165 3525 5215 et
3573 5178 3879 5217 successor
3908 5162 3965 5217 in
3997 5162 4237 5232 honore,
4288 5169 4346 5220 et
4394 5163 4615 5236 collega
4658 5146 4871 5225 martyrii

3273 5248 3469 5315 fuerit,
3515 5248 3820 5305 humiliter
3860 5250 4080 5307 intulit.
4126 5253 4290 5308 Tunc
4323 5270 4422 5309 rex
4449 5252 4697 5327 graviter
4737 5237 4870 5327 Caspii

3271 5339 3572 5408 conqueri,
3607 5344 3664 5394 et
3695 5341 3910 5412 pugnis
3941 5347 4142 5414 pectus
4167 5343 4432 5409 tundere,
4461 5325 4530 5398 eo
4549 5325 4868 5414 quodeo”b

3271 5426 3519 5482 invicem
3551 5435 3882 5501 separasset
3921 5447 4181 5504 corpore.
4219 5433 4288 5488 Et
4317 5431 4660 5505 promittens
4683 5441 4741 5483 se
4765 5431 4864 5476 eum

3271 5517 3428 5572 socio
3457 5517 3847 5585 redditurum,
3879 5521 4176 5576 commisit
4206 5521 4395 5577 eidem
4415 5520 4580 5577 fratri
4601 5513 4812 5588 triginta
4827 5509 4866 5558 εἴ

3272 5612 3390 5663 tres
3413 5607 3629 5662 solidos
3661 5608 3803 5665 meri
3835 5609 4081 5681 argenti,
4127 5615 4191 5666 ut
4223 5611 4356 5666 inde
4387 5610 4660 5682 inciperet
4685 5610 4863 5678 prmi)"

3271 5713 3398 5756 mre
3429 5695 3714 5758 scrinium
3743 5703 3800 5759 Β.
3827 5698 4180 5760 Potentiani.
4210 5700 4322 5760 Sed
4344 5701 4488 5764 dum
4515 5699 4630 5761 ista
4653 5687 4863 5774 Isim
