  <div class='ocr_page' id='page_1' title='image "/cluster/home/n/w/nwhite01/storage/ocr_20150623/142-143/uc1.31175018423130/396.png"; bbox 0 0 4954 6542; ppageno 0'>
   <div class='ocr_carea' id='block_1_1' title="bbox 742 458 848 517">
    <p class='ocr_par' dir='ltr' id='par_1_1' title="bbox 742 458 848 517">
     <span class='ocr_line' id='line_1_1' title="bbox 742 458 848 517; baseline -0.019 0"><span class='ocrx_word' id='word_1_1' title='bbox 742 458 848 517; x_wconf 81' lang='lat'><strong>777</strong></span> 
     </span>
    </p>
   </div>
   <div class='ocr_carea' id='block_1_2' title="bbox 1437 455 3406 530">
    <p class='ocr_par' dir='ltr' id='par_1_2' title="bbox 1437 455 3406 530">
     <span class='ocr_line' id='line_1_2' title="bbox 1437 455 3406 530; baseline -0.002 -12"><span class='ocrx_word' id='word_1_2' title='bbox 1437 457 1538 518; x_wconf 89' lang='lat' dir='ltr'>DE</span> <span class='ocrx_word' id='word_1_3' title='bbox 1580 458 2020 519; x_wconf 82' lang='lat' dir='ltr'>TRANSLAT.</span> <span class='ocrx_word' id='word_1_4' title='bbox 2067 458 2175 520; x_wconf 88' lang='lat' dir='ltr'>SS.</span> <span class='ocrx_word' id='word_1_5' title='bbox 2225 457 2647 530; x_wconf 81' lang='lat' dir='ltr'>SAVINIANI,</span> <span class='ocrx_word' id='word_1_6' title='bbox 2695 455 3194 529; x_wconf 82' lang='lat' dir='ltr'>POTENTIANI,</span> <span class='ocrx_word' id='word_1_7' title='bbox 3238 457 3406 518; x_wconf 86' lang='lat' dir='ltr'>ETC.</span> 
     </span>
    </p>
   </div>
   <div class='ocr_carea' id='block_1_3' title="bbox 3994 457 4112 517">
    <p class='ocr_par' dir='ltr' id='par_1_3' title="bbox 3994 457 4112 517">
     <span class='ocr_line' id='line_1_3' title="bbox 3994 457 4112 517; baseline 0 -1"><span class='ocrx_word' id='word_1_8' title='bbox 3994 457 4112 517; x_wconf 78' lang='grc' dir='ltr'>’ΠΒ</span> 
     </span>
    </p>
   </div>
   <div class='ocr_carea' id='block_1_4' title="bbox 739 588 4115 663">
    <p class='ocr_par' dir='ltr' id='par_1_4' title="bbox 739 588 4115 663">
     <span class='ocr_line' id='line_1_4' title="bbox 739 588 4115 663; baseline 0 -19"><span class='ocrx_word' id='word_1_9' title='bbox 739 604 921 663; x_wconf 84' lang='lat' dir='ltr'>agere,</span> <span class='ocrx_word' id='word_1_10' title='bbox 954 591 1286 660; x_wconf 62' lang='lat' dir='ltr'>praeventus</span> <span class='ocrx_word' id='word_1_11' title='bbox 1334 606 1588 662; x_wconf 84' lang='lat' dir='ltr'>superna</span> <span class='ocrx_word' id='word_1_12' title='bbox 1634 590 1929 648; x_wconf 86' lang='lat' dir='ltr'>vocatione</span> <span class='ocrx_word' id='word_1_13' title='bbox 1979 590 2225 646; x_wconf 75' lang='lat' dir='ltr'>reddidit</span> <span class='ocrx_word' id='word_1_14' title='bbox 2254 589 2368 644; x_wconf 87' lang='lat' dir='ltr'>Deo</span> <span class='ocrx_word' id='word_1_15' title='bbox 2397 592 2452 657; x_wconf 83' lang='grc' dir='ltr'><strong>Α</strong></span> <span class='ocrx_word' id='word_1_16' title='bbox 2482 589 2636 660; x_wconf 81' lang='lat' dir='ltr'>quod</span> <span class='ocrx_word' id='word_1_17' title='bbox 2670 605 2801 643; x_wconf 89' lang='lat' dir='ltr'>cum</span> <span class='ocrx_word' id='word_1_18' title='bbox 2825 605 2890 643; x_wconf 90' lang='lat' dir='ltr'>eo</span> <span class='ocrx_word' id='word_1_19' title='bbox 2920 588 3114 643; x_wconf 82' lang='lat' dir='ltr'>minus</span> <span class='ocrx_word' id='word_1_20' title='bbox 3143 589 3399 643; x_wconf 81' lang='lat' dir='ltr'>studiose</span> <span class='ocrx_word' id='word_1_21' title='bbox 3430 589 3500 645; x_wconf 85' lang='lat' dir='ltr'>ab</span> <span class='ocrx_word' id='word_1_22' title='bbox 3522 589 3818 646; x_wconf 88' lang='lat' dir='ltr'>Heribcrto</span> <span class='ocrx_word' id='word_1_23' title='bbox 3839 590 4115 645; x_wconf 86' lang='lat' dir='ltr'>canonico</span> 
     </span>
    </p>
   </div>
   <div class='ocr_carea' id='block_1_5' title="bbox 737 676 1604 747">
    <p class='ocr_par' dir='ltr' id='par_1_5' title="bbox 737 676 1604 747">
     <span class='ocr_line' id='line_1_5' title="bbox 737 676 1604 747; baseline 0 -14"><span class='ocrx_word' id='word_1_24' title='bbox 737 676 990 733; x_wconf 88' lang='lat' dir='ltr'>debitum</span> <span class='ocrx_word' id='word_1_25' title='bbox 1023 676 1207 747; x_wconf 89' lang='lat' dir='ltr'>patris</span> <span class='ocrx_word' id='word_1_26' title='bbox 1236 676 1420 732; x_wconf 80' lang='lat' dir='ltr'>nostri</span> <span class='ocrx_word' id='word_1_27' title='bbox 1450 678 1604 733; x_wconf 69' lang='lat' dir='ltr'>Adae.</span> 
     </span>
    </p>
   </div>
   <div class='ocr_carea' id='block_1_6' title="bbox 800 765 2366 840">
    <p class='ocr_par' dir='ltr' id='par_1_6' title="bbox 800 765 2366 840">
     <span class='ocr_line' id='line_1_6' title="bbox 800 765 2366 840; baseline 0 -19"><span class='ocrx_word' id='word_1_28' title='bbox 800 766 901 821; x_wconf 83' lang='lat' dir='ltr'>Cui</span> <span class='ocrx_word' id='word_1_29' title='bbox 925 765 1200 820; x_wconf 82' lang='lat' dir='ltr'>miserere</span> <span class='ocrx_word' id='word_1_30' title='bbox 1222 765 1688 834; x_wconf 86' lang='lat' dir='ltr'>Deus,clemens,</span> <span class='ocrx_word' id='word_1_31' title='bbox 1706 767 1836 838; x_wconf 91' lang='lat' dir='ltr'>pius</span> <span class='ocrx_word' id='word_1_32' title='bbox 1862 772 2034 840; x_wconf 87' lang='lat' dir='ltr'>atque</span> <span class='ocrx_word' id='word_1_33' title='bbox 2058 767 2366 839; x_wconf 89' lang='lat' dir='ltr'>benignus.</span> 
     </span>
    </p>
   </div>
   <div class='ocr_carea' id='block_1_7' title="bbox 869 852 2124 926">
    <p class='ocr_par' dir='ltr' id='par_1_7' title="bbox 869 852 2124 926">
     <span class='ocr_line' id='line_1_7' title="bbox 869 852 2124 926; baseline 0.001 -18"><span class='ocrx_word' id='word_1_34' title='bbox 869 854 937 909; x_wconf 84' lang='lat' dir='ltr'>Et</span> <span class='ocrx_word' id='word_1_35' title='bbox 964 852 1181 907; x_wconf 77' lang='lat' dir='ltr'>sanctis</span> <span class='ocrx_word' id='word_1_36' title='bbox 1207 854 1413 926; x_wconf 88' lang='lat' dir='ltr'>junge,</span> <span class='ocrx_word' id='word_1_37' title='bbox 1437 856 1841 926; x_wconf 77' lang='lat' dir='ltr'>cunctipotens</span> <span class='ocrx_word' id='word_1_38' title='bbox 1863 856 2124 911; x_wconf 89' lang='lat' dir='ltr'>Domine.</span> 
     </span>
    </p>
   </div>
   <div class='ocr_carea' id='block_1_8' title="bbox 799 942 2279 1016">
    <p class='ocr_par' dir='ltr' id='par_1_8' title="bbox 799 942 2279 1016">
     <span class='ocr_line' id='line_1_8' title="bbox 799 942 2279 1016; baseline -0.001 -18"><span class='ocrx_word' id='word_1_39' title='bbox 799 943 984 1007; x_wconf 87' lang='lat' dir='ltr'>Petre,</span> <span class='ocrx_word' id='word_1_40' title='bbox 1011 957 1236 997; x_wconf 91' lang='lat' dir='ltr'>memor</span> <span class='ocrx_word' id='word_1_41' title='bbox 1270 942 1471 997; x_wconf 88' lang='lat' dir='ltr'>tamuli</span> <span class='ocrx_word' id='word_1_42' title='bbox 1505 959 1735 1016; x_wconf 88' lang='lat' dir='ltr'>semper</span> <span class='ocrx_word' id='word_1_43' title='bbox 1764 948 1824 998; x_wconf 90' lang='lat' dir='ltr'>tu</span> <span class='ocrx_word' id='word_1_44' title='bbox 1859 943 1940 1000; x_wconf 85' lang='lat' dir='ltr'>sis</span> <span class='ocrx_word' id='word_1_45' title='bbox 1966 943 2279 999; x_wconf 88' lang='lat' dir='ltr'>Odoranni.</span> 
     </span>
    </p>
   </div>
   <div class='ocr_carea' id='block_1_9' title="bbox 796 1026 2315 1102">
    <p class='ocr_par' dir='ltr' id='par_1_9' title="bbox 796 1026 2315 1102">
     <span class='ocr_line' id='line_1_9' title="bbox 796 1026 2315 1102; baseline 0.001 -18"><span class='ocrx_word' id='word_1_46' title='bbox 796 1028 1103 1084; x_wconf 86' lang='lat' dir='ltr'>Saviniane</span> <span class='ocrx_word' id='word_1_47' title='bbox 1126 1033 1355 1101; x_wconf 88' lang='lat' dir='ltr'>potens,</span> <span class='ocrx_word' id='word_1_48' title='bbox 1378 1030 1755 1086; x_wconf 67' lang='lat' dir='ltr'>Odoranncm</span> <span class='ocrx_word' id='word_1_49' title='bbox 1789 1033 2008 1102; x_wconf 85' lang='lat' dir='ltr'>respice</span> <span class='ocrx_word' id='word_1_50' title='bbox 2038 1026 2315 1087; x_wconf 84' lang='lat' dir='ltr'>clemens.</span> 
     </span>
    </p>
   </div>
   <div class='ocr_carea' id='block_1_10' title="bbox 794 1117 2375 1193">
    <p class='ocr_par' dir='ltr' id='par_1_10' title="bbox 794 1117 2375 1193">
     <span class='ocr_line' id='line_1_10' title="bbox 794 1117 2375 1193; baseline 0.001 -21"><span class='ocrx_word' id='word_1_51' title='bbox 794 1120 964 1173; x_wconf 80' lang='lat' dir='ltr'>Anno</span> <span class='ocrx_word' id='word_1_52' title='bbox 993 1117 1129 1172; x_wconf 80' lang='lat'>1032</span> <span class='ocrx_word' id='word_1_53' title='bbox 1161 1118 1306 1172; x_wconf 91' lang='lat' dir='ltr'>obiit</span> <span class='ocrx_word' id='word_1_54' title='bbox 1349 1118 1722 1174; x_wconf 74' lang='lat' dir='ltr'>Leothericus</span> <span class='ocrx_word' id='word_1_55' title='bbox 1748 1120 2239 1193; x_wconf 89' lang='lat' dir='ltr'>archiepisc0pus.</span> <span class='ocrx_word' id='word_1_56' title='bbox 2274 1120 2375 1174; x_wconf 84' lang='lat' dir='ltr'>llic</span> 
     </span>
    </p>
   </div>
   <div class='ocr_carea' id='block_1_11' title="bbox 728 1204 2375 1279">
    <p class='ocr_par' dir='ltr' id='par_1_11' title="bbox 728 1204 2375 1279">
     <span class='ocr_line' id='line_1_11' title="bbox 728 1204 2375 1279; baseline 0.001 -17"><span class='ocrx_word' id='word_1_57' title='bbox 728 1206 883 1263; x_wconf 82' lang='lat' dir='ltr'>dedit</span> <span class='ocrx_word' id='word_1_58' title='bbox 903 1206 966 1261; x_wconf 91' lang='lat' dir='ltr'>S.</span> <span class='ocrx_word' id='word_1_59' title='bbox 984 1205 1150 1262; x_wconf 89' lang='lat' dir='ltr'>Petro</span> <span class='ocrx_word' id='word_1_60' title='bbox 1171 1204 1369 1261; x_wconf 87' lang='lat' dir='ltr'>villam</span> <span class='ocrx_word' id='word_1_61' title='bbox 1394 1224 1517 1279; x_wconf 71' lang='lat' dir='ltr'>qua:</span> <span class='ocrx_word' id='word_1_62' title='bbox 1538 1208 1726 1272; x_wconf 88' lang='lat' dir='ltr'>Arcia,</span> <span class='ocrx_word' id='word_1_63' title='bbox 1752 1208 2121 1276; x_wconf 87' lang='lat' dir='ltr'>dicitur,cum</span> <span class='ocrx_word' id='word_1_64' title='bbox 2144 1209 2375 1264; x_wconf 89' lang='lat' dir='ltr'>duabus</span> 
     </span>
    </p>
   </div>
   <div class='ocr_carea' id='block_1_12' title="bbox 726 1293 2378 1363">
    <p class='ocr_par' dir='ltr' id='par_1_12' title="bbox 726 1293 2378 1363">
     <span class='ocr_line' id='line_1_12' title="bbox 726 1293 2378 1363; baseline 0.001 -13"><span class='ocrx_word' id='word_1_65' title='bbox 726 1293 1010 1361; x_wconf 87' lang='lat' dir='ltr'>ecclesiis,</span> <span class='ocrx_word' id='word_1_66' title='bbox 1036 1293 1093 1363; x_wconf 84' lang='lat' dir='ltr'>S.</span> <span class='ocrx_word' id='word_1_67' title='bbox 1118 1293 1417 1350; x_wconf 85' lang='lat' dir='ltr'>Michaelis</span> <span class='ocrx_word' id='word_1_68' title='bbox 1450 1294 1668 1351; x_wconf 85' lang='lat' dir='ltr'>scilicet</span> <span class='ocrx_word' id='word_1_69' title='bbox 1696 1300 1752 1351; x_wconf 89' lang='lat' dir='ltr'>et</span> <span class='ocrx_word' id='word_1_70' title='bbox 1772 1301 1983 1352; x_wconf 71' lang='lat' dir='ltr'>sanctae</span> <span class='ocrx_word' id='word_1_71' title='bbox 2012 1298 2222 1363; x_wconf 69' lang='lat' dir='ltr'>Mariae,</span> <span class='ocrx_word' id='word_1_72' title='bbox 2248 1313 2378 1352; x_wconf 90' lang='lat' dir='ltr'>san-</span> 
     </span>
    </p>
   </div>
   <div class='ocr_carea' id='block_1_13' title="bbox 726 1381 2375 1455">
    <p class='ocr_par' dir='ltr' id='par_1_13' title="bbox 726 1381 2375 1455">
     <span class='ocr_line' id='line_1_13' title="bbox 726 1381 2375 1455; baseline 0.001 -17"><span class='ocrx_word' id='word_1_73' title='bbox 726 1382 916 1455; x_wconf 91' lang='lat' dir='ltr'>ctique</span> <span class='ocrx_word' id='word_1_74' title='bbox 948 1381 1168 1437; x_wconf 88' lang='lat' dir='ltr'>Ebonis</span> <span class='ocrx_word' id='word_1_75' title='bbox 1210 1399 1344 1438; x_wconf 89' lang='lat' dir='ltr'>cum</span> <span class='ocrx_word' id='word_1_76' title='bbox 1376 1383 1738 1455; x_wconf 88' lang='lat' dir='ltr'>appendiciis</span> <span class='ocrx_word' id='word_1_77' title='bbox 1767 1385 1912 1440; x_wconf 87' lang='lat' dir='ltr'>suis.</span> <span class='ocrx_word' id='word_1_78' title='bbox 1944 1387 2013 1440; x_wconf 91' lang='lat' dir='ltr'>Et</span> <span class='ocrx_word' id='word_1_79' title='bbox 2059 1390 2273 1441; x_wconf 90' lang='lat' dir='ltr'>terram</span> <span class='ocrx_word' id='word_1_80' title='bbox 2305 1386 2375 1440; x_wconf 92' lang='lat' dir='ltr'>de</span> 
     </span>
    </p>
   </div>
   <div class='ocr_carea' id='block_1_14' title="bbox 722 1469 2377 1545">
    <p class='ocr_par' dir='ltr' id='par_1_14' title="bbox 722 1469 2377 1545">
     <span class='ocr_line' id='line_1_14' title="bbox 722 1469 2377 1545; baseline 0 -18"><span class='ocrx_word' id='word_1_81' title='bbox 722 1469 957 1535; x_wconf 87' lang='lat' dir='ltr'>Tillido,</span> <span class='ocrx_word' id='word_1_82' title='bbox 978 1486 1104 1542; x_wconf 68' lang='lat' dir='ltr'>quae</span> <span class='ocrx_word' id='word_1_83' title='bbox 1137 1470 1326 1525; x_wconf 84' lang='lat' dir='ltr'>reddit</span> <span class='ocrx_word' id='word_1_84' title='bbox 1354 1470 1573 1527; x_wconf 90' lang='lat' dir='ltr'>solidos</span> <span class='ocrx_word' id='word_1_85' title='bbox 1597 1489 1634 1527; x_wconf 85' lang='grc' dir='ltr'>ιι</span> <span class='ocrx_word' id='word_1_86' title='bbox 1658 1473 1727 1528; x_wconf 89' lang='lat' dir='ltr'>de</span> <span class='ocrx_word' id='word_1_87' title='bbox 1761 1489 1958 1528; x_wconf 89' lang='lat' dir='ltr'>censu.</span> <span class='ocrx_word' id='word_1_88' title='bbox 1983 1473 2087 1529; x_wconf 81' lang='lat' dir='ltr'>Hic</span> <span class='ocrx_word' id='word_1_89' title='bbox 2116 1491 2218 1545; x_wconf 88' lang='lat' dir='ltr'>per</span> <span class='ocrx_word' id='word_1_90' title='bbox 2248 1490 2377 1528; x_wconf 86' lang='lat' dir='ltr'>ma-</span> 
     </span>
    </p>
   </div>
   <div class='ocr_carea' id='block_1_15' title="bbox 723 1558 2378 1633">
    <p class='ocr_par' dir='ltr' id='par_1_15' title="bbox 723 1558 2378 1633">
     <span class='ocr_line' id='line_1_15' title="bbox 723 1558 2378 1633; baseline 0.001 -19"><span class='ocrx_word' id='word_1_91' title='bbox 723 1576 864 1614; x_wconf 90' lang='lat' dir='ltr'>num</span> <span class='ocrx_word' id='word_1_92' title='bbox 890 1558 1157 1615; x_wconf 87' lang='lat' dir='ltr'>Gerherti</span> <span class='ocrx_word' id='word_1_93' title='bbox 1192 1576 1372 1632; x_wconf 69' lang='lat' dir='ltr'>papae,</span> <span class='ocrx_word' id='word_1_94' title='bbox 1401 1560 1499 1630; x_wconf 85' lang='lat' dir='ltr'>qui</span> <span class='ocrx_word' id='word_1_95' title='bbox 1523 1564 1578 1615; x_wconf 90' lang='lat' dir='ltr'>et</span> <span class='ocrx_word' id='word_1_96' title='bbox 1601 1560 1888 1630; x_wconf 81' lang='lat' dir='ltr'>Sylvester</span> <span class='ocrx_word' id='word_1_97' title='bbox 1907 1563 2096 1618; x_wconf 87' lang='lat' dir='ltr'>dictus</span> <span class='ocrx_word' id='word_1_98' title='bbox 2123 1566 2231 1629; x_wconf 90' lang='lat' dir='ltr'>est,</span> <span class='ocrx_word' id='word_1_99' title='bbox 2260 1561 2378 1633; x_wconf 89' lang='lat' dir='ltr'>pal-</span> 
     </span>
    </p>
   </div>
   <div class='ocr_carea' id='block_1_16' title="bbox 720 1645 2376 1722">
    <p class='ocr_par' dir='ltr' id='par_1_16' title="bbox 720 1645 2376 1722">
     <span class='ocr_line' id='line_1_16' title="bbox 720 1645 2376 1722; baseline 0.001 -21"><span class='ocrx_word' id='word_1_100' title='bbox 720 1647 865 1703; x_wconf 89' lang='lat' dir='ltr'>lium</span> <span class='ocrx_word' id='word_1_101' title='bbox 899 1645 1400 1719; x_wconf 86' lang='lat' dir='ltr'>archiepiscopale</span> <span class='ocrx_word' id='word_1_102' title='bbox 1440 1648 1633 1704; x_wconf 72' lang='lat' dir='ltr'>Roma:</span> <span class='ocrx_word' id='word_1_103' title='bbox 1682 1650 2027 1722; x_wconf 86' lang='lat' dir='ltr'>suscipiens,</span> <span class='ocrx_word' id='word_1_104' title='bbox 2061 1650 2376 1722; x_wconf 83' lang='lat' dir='ltr'>primatum</span> 
     </span>
    </p>
   </div>
   <div class='ocr_carea' id='block_1_17' title="bbox 720 1734 2378 1811">
    <p class='ocr_par' dir='ltr' id='par_1_17' title="bbox 720 1734 2378 1811">
     <span class='ocr_line' id='line_1_17' title="bbox 720 1734 2378 1811; baseline 0.001 -20"><span class='ocrx_word' id='word_1_105' title='bbox 720 1736 902 1791; x_wconf 87' lang='lat' dir='ltr'>etiam</span> <span class='ocrx_word' id='word_1_106' title='bbox 936 1734 1141 1791; x_wconf 74' lang='lat' dir='ltr'>Gallia:</span> <span class='ocrx_word' id='word_1_107' title='bbox 1174 1753 1276 1808; x_wconf 92' lang='lat' dir='ltr'>per</span> <span class='ocrx_word' id='word_1_108' title='bbox 1306 1736 1578 1792; x_wconf 80' lang='lat' dir='ltr'>baculum</span> <span class='ocrx_word' id='word_1_109' title='bbox 1611 1738 1738 1809; x_wconf 83' lang='lat' dir='ltr'>ejus</span> <span class='ocrx_word' id='word_1_110' title='bbox 1769 1738 2000 1811; x_wconf 84' lang='lat' dir='ltr'>recepit.</span> <span class='ocrx_word' id='word_1_111' title='bbox 2034 1739 2219 1809; x_wconf 80' lang='lat' dir='ltr'>Hujus</span> <span class='ocrx_word' id='word_1_112' title='bbox 2241 1743 2378 1793; x_wconf 89' lang='lat' dir='ltr'>tem-</span> 
     </span>
    </p>
   </div>
   <div class='ocr_carea' id='block_1_18' title="bbox 714 1823 2375 1896">
    <p class='ocr_par' dir='ltr' id='par_1_18' title="bbox 714 1823 2375 1896">
     <span class='ocr_line' id='line_1_18' title="bbox 714 1823 2375 1896; baseline 0.001 -18"><span class='ocrx_word' id='word_1_113' title='bbox 714 1823 966 1895; x_wconf 88' lang='lat' dir='ltr'>poribus</span> <span class='ocrx_word' id='word_1_114' title='bbox 1001 1840 1215 1896; x_wconf 89' lang='lat' dir='ltr'>corpus</span> <span class='ocrx_word' id='word_1_115' title='bbox 1247 1829 1462 1880; x_wconf 70' lang='lat' dir='ltr'>sanctis</span> <span class='ocrx_word' id='word_1_116' title='bbox 1494 1825 1677 1881; x_wconf 68' lang='lat' dir='ltr'>Beatus</span> <span class='ocrx_word' id='word_1_117' title='bbox 1708 1825 1925 1881; x_wconf 87' lang='lat' dir='ltr'>sororis</span> <span class='ocrx_word' id='word_1_118' title='bbox 1955 1827 2012 1881; x_wconf 89' lang='lat' dir='ltr'>S.</span> <span class='ocrx_word' id='word_1_119' title='bbox 2042 1826 2375 1893; x_wconf 89' lang='lat' dir='ltr'>Sanuciani,</span> 
     </span>
    </p>
   </div>
   <div class='ocr_carea' id='block_1_19' title="bbox 2478 677 4116 749">
    <p class='ocr_par' dir='ltr' id='par_1_19' title="bbox 2478 677 4116 749">
     <span class='ocr_line' id='line_1_19' title="bbox 2478 677 4116 749; baseline 0.001 -18"><span class='ocrx_word' id='word_1_120' title='bbox 2478 677 2723 731; x_wconf 88' lang='lat' dir='ltr'>latenter</span> <span class='ocrx_word' id='word_1_121' title='bbox 2743 678 2931 732; x_wconf 83' lang='lat' dir='ltr'>fuerat</span> <span class='ocrx_word' id='word_1_122' title='bbox 2950 677 3392 749; x_wconf 76' lang='lat' dir='ltr'>transpositam,</span> <span class='ocrx_word' id='word_1_123' title='bbox 3410 677 3481 733; x_wconf 88' lang='lat' dir='ltr'>ab</span> <span class='ocrx_word' id='word_1_124' title='bbox 3507 677 3813 732; x_wconf 87' lang='lat' dir='ltr'>Odoranno</span> <span class='ocrx_word' id='word_1_125' title='bbox 3835 677 4116 732; x_wconf 83' lang='lat' dir='ltr'>monacho</span> 
     </span>
    </p>
   </div>
   <div class='ocr_carea' id='block_1_20' title="bbox 2480 763 4123 838">
    <p class='ocr_par' dir='ltr' id='par_1_20' title="bbox 2480 763 4123 838">
     <span class='ocr_line' id='line_1_20' title="bbox 2480 763 4123 838; baseline 0.001 -19"><span class='ocrx_word' id='word_1_126' title='bbox 2480 763 2819 821; x_wconf 89' lang='lat' dir='ltr'>meliuscule</span> <span class='ocrx_word' id='word_1_127' title='bbox 2853 782 2984 821; x_wconf 89' lang='lat' dir='ltr'>cum</span> <span class='ocrx_word' id='word_1_128' title='bbox 3017 767 3144 838; x_wconf 88' lang='lat' dir='ltr'>ejus</span> <span class='ocrx_word' id='word_1_129' title='bbox 3174 782 3411 837; x_wconf 86' lang='lat' dir='ltr'>corpore</span> <span class='ocrx_word' id='word_1_130' title='bbox 3442 771 3529 821; x_wconf 87' lang='lat' dir='ltr'>est</span> <span class='ocrx_word' id='word_1_131' title='bbox 3553 765 3918 831; x_wconf 85' lang='lat' dir='ltr'>collocatum,</span> <span class='ocrx_word' id='word_1_132' title='bbox 3947 770 4003 821; x_wconf 87' lang='lat' dir='ltr'>et</span> <span class='ocrx_word' id='word_1_133' title='bbox 4035 783 4123 821; x_wconf 88' lang='lat' dir='ltr'>ca-</span> 
     </span>
    </p>
   </div>
   <div class='ocr_carea' id='block_1_21' title="bbox 2480 853 4120 927">
    <p class='ocr_par' dir='ltr' id='par_1_21' title="bbox 2480 853 4120 927">
     <span class='ocr_line' id='line_1_21' title="bbox 2480 853 4120 927; baseline 0.001 -19"><span class='ocrx_word' id='word_1_134' title='bbox 2480 857 2587 925; x_wconf 85' lang='lat' dir='ltr'>put</span> <span class='ocrx_word' id='word_1_135' title='bbox 2617 854 2815 909; x_wconf 88' lang='lat' dir='ltr'>scrinii</span> <span class='ocrx_word' id='word_1_136' title='bbox 2837 871 3036 910; x_wconf 79' lang='lat' dir='ltr'>eurum</span> <span class='ocrx_word' id='word_1_137' title='bbox 3062 871 3203 910; x_wconf 88' lang='lat' dir='ltr'>auro</span> <span class='ocrx_word' id='word_1_138' title='bbox 3228 859 3283 909; x_wconf 90' lang='lat' dir='ltr'>et</span> <span class='ocrx_word' id='word_1_139' title='bbox 3311 856 3735 927; x_wconf 87' lang='lat' dir='ltr'>argento,qu0d</span> <span class='ocrx_word' id='word_1_140' title='bbox 3761 855 3884 927; x_wconf 89' lang='lat' dir='ltr'>ipse</span> <span class='ocrx_word' id='word_1_141' title='bbox 3905 853 4120 922; x_wconf 87' lang='lat' dir='ltr'>labore,</span> 
     </span>
    </p>
   </div>
   <div class='ocr_carea' id='block_1_22' title="bbox 2484 942 4123 1016">
    <p class='ocr_par' dir='ltr' id='par_1_22' title="bbox 2484 942 4123 1016">
     <span class='ocr_line' id='line_1_22' title="bbox 2484 942 4123 1016; baseline 0.001 -20"><span class='ocrx_word' id='word_1_142' title='bbox 2484 948 2549 996; x_wconf 90' lang='lat' dir='ltr'>ut</span> <span class='ocrx_word' id='word_1_143' title='bbox 2580 942 2661 997; x_wconf 87' lang='lat' dir='ltr'>ita</span> <span class='ocrx_word' id='word_1_144' title='bbox 2703 944 2913 1012; x_wconf 90' lang='lat' dir='ltr'>dicam,</span> <span class='ocrx_word' id='word_1_145' title='bbox 2952 945 3182 1016; x_wconf 89' lang='lat' dir='ltr'>proprio</span> <span class='ocrx_word' id='word_1_146' title='bbox 3222 944 3546 1016; x_wconf 85' lang='lat' dir='ltr'>acquisivit,</span> <span class='ocrx_word' id='word_1_147' title='bbox 3580 948 3871 1001; x_wconf 88' lang='lat' dir='ltr'>ornatum.</span> <span class='ocrx_word' id='word_1_148' title='bbox 3903 943 4123 1015; x_wconf 88' lang='lat' dir='ltr'>Corpus</span> 
     </span>
    </p>
   </div>
   <div class='ocr_carea' id='block_1_23' title="bbox 2486 1031 4123 1105">
    <p class='ocr_par' dir='ltr' id='par_1_23' title="bbox 2486 1031 4123 1105">
     <span class='ocr_line' id='line_1_23' title="bbox 2486 1031 4123 1105; baseline 0.002 -20"><span class='ocrx_word' id='word_1_149' title='bbox 2486 1031 2543 1086; x_wconf 92' lang='lat' dir='ltr'>S.</span> <span class='ocrx_word' id='word_1_150' title='bbox 2580 1031 2850 1097; x_wconf 89' lang='lat' dir='ltr'>Serotini,</span> <span class='ocrx_word' id='word_1_151' title='bbox 2884 1032 3154 1104; x_wconf 89' lang='lat' dir='ltr'>discipuli</span> <span class='ocrx_word' id='word_1_152' title='bbox 3200 1033 3257 1089; x_wconf 90' lang='lat' dir='ltr'>S.</span> <span class='ocrx_word' id='word_1_153' title='bbox 3290 1032 3605 1102; x_wconf 87' lang='lat' dir='ltr'>Saviniani,</span> <span class='ocrx_word' id='word_1_154' title='bbox 3629 1032 3688 1088; x_wconf 89' lang='lat' dir='ltr'>in</span> <span class='ocrx_word' id='word_1_155' title='bbox 3731 1032 4001 1105; x_wconf 71' lang='lat' dir='ltr'>praesenti</span> <span class='ocrx_word' id='word_1_156' title='bbox 4031 1049 4123 1089; x_wconf 86' lang='lat' dir='ltr'>ca-</span> 
     </span>
    </p>
   </div>
   <div class='ocr_carea' id='block_1_24' title="bbox 2486 1120 4125 1193">
    <p class='ocr_par' dir='ltr' id='par_1_24' title="bbox 2486 1120 4125 1193">
     <span class='ocr_line' id='line_1_24' title="bbox 2486 1120 4125 1193; baseline 0.001 -20"><span class='ocrx_word' id='word_1_157' title='bbox 2486 1120 2671 1192; x_wconf 88' lang='lat' dir='ltr'>pitulo</span> <span class='ocrx_word' id='word_1_158' title='bbox 2704 1121 2952 1193; x_wconf 85' lang='lat' dir='ltr'>qualiter</span> <span class='ocrx_word' id='word_1_159' title='bbox 2980 1121 3064 1176; x_wconf 91' lang='lat' dir='ltr'>vel</span> <span class='ocrx_word' id='word_1_160' title='bbox 3100 1140 3132 1175; x_wconf 85' lang='lat' dir='ltr'>a</span> <span class='ocrx_word' id='word_1_161' title='bbox 3162 1122 3376 1193; x_wconf 87' lang='lat' dir='ltr'>quibus</span> <span class='ocrx_word' id='word_1_162' title='bbox 3412 1123 3472 1179; x_wconf 87' lang='lat' dir='ltr'>in</span> <span class='ocrx_word' id='word_1_163' title='bbox 3505 1121 3856 1177; x_wconf 87' lang='lat' dir='ltr'>monasterio</span> <span class='ocrx_word' id='word_1_164' title='bbox 3894 1125 3951 1176; x_wconf 83' lang='grc'>8.</span> <span class='ocrx_word' id='word_1_165' title='bbox 3974 1120 4125 1189; x_wconf 89' lang='lat' dir='ltr'>Petri</span> 
     </span>
    </p>
   </div>
   <div class='ocr_carea' id='block_1_25' title="bbox 2487 1207 4128 1283">
    <p class='ocr_par' dir='ltr' id='par_1_25' title="bbox 2487 1207 4128 1283">
     <span class='ocr_line' id='line_1_25' title="bbox 2487 1207 4128 1283; baseline 0.002 -20"><span class='ocrx_word' id='word_1_166' title='bbox 2487 1207 2562 1263; x_wconf 88' lang='lat' dir='ltr'>sit</span> <span class='ocrx_word' id='word_1_167' title='bbox 2591 1208 2871 1276; x_wconf 87' lang='lat' dir='ltr'>delatum,</span> <span class='ocrx_word' id='word_1_168' title='bbox 2895 1227 2999 1264; x_wconf 91' lang='lat' dir='ltr'>cur</span> <span class='ocrx_word' id='word_1_169' title='bbox 3023 1210 3265 1266; x_wconf 87' lang='lat' dir='ltr'>minime</span> <span class='ocrx_word' id='word_1_170' title='bbox 3295 1210 3577 1283; x_wconf 88' lang='lat' dir='ltr'>scriptum</span> <span class='ocrx_word' id='word_1_171' title='bbox 3605 1210 3702 1278; x_wconf 88' lang='lat' dir='ltr'>sit,</span> <span class='ocrx_word' id='word_1_172' title='bbox 3725 1210 4027 1266; x_wconf 83' lang='lat' dir='ltr'>studiosus</span> <span class='ocrx_word' id='word_1_173' title='bbox 4052 1209 4128 1266; x_wconf 86' lang='lat' dir='ltr'>le-</span> 
     </span>
    </p>
   </div>
   <div class='ocr_carea' id='block_1_26' title="bbox 2486 1298 4124 1372">
    <p class='ocr_par' dir='ltr' id='par_1_26' title="bbox 2486 1298 4124 1372">
     <span class='ocr_line' id='line_1_26' title="bbox 2486 1298 4124 1372; baseline 0.001 -20"><span class='ocrx_word' id='word_1_174' title='bbox 2486 1301 2608 1353; x_wconf 87' lang='lat' dir='ltr'>ctor</span> <span class='ocrx_word' id='word_1_175' title='bbox 2632 1314 3000 1370; x_wconf 85' lang='lat' dir='ltr'>nequaquam</span> <span class='ocrx_word' id='word_1_176' title='bbox 3025 1302 3252 1371; x_wconf 86' lang='lat' dir='ltr'>reputet</span> <span class='ocrx_word' id='word_1_177' title='bbox 3273 1299 3531 1372; x_wconf 65' lang='lat' dir='ltr'>segnitiae</span> <span class='ocrx_word' id='word_1_178' title='bbox 3552 1302 3783 1367; x_wconf 59' lang='lat' dir='ltr'>nostra},</span> <span class='ocrx_word' id='word_1_179' title='bbox 3804 1298 3904 1354; x_wconf 88' lang='lat' dir='ltr'>sed</span> <span class='ocrx_word' id='word_1_180' title='bbox 3926 1298 4124 1370; x_wconf 86' lang='lat' dir='ltr'>potius</span> 
     </span>
    </p>
   </div>
   <div class='ocr_carea' id='block_1_27' title="bbox 2485 1383 4125 1459">
    <p class='ocr_par' dir='ltr' id='par_1_27' title="bbox 2485 1383 4125 1459">
     <span class='ocr_line' id='line_1_27' title="bbox 2485 1383 4125 1459; baseline 0.002 -21"><span class='ocrx_word' id='word_1_181' title='bbox 2485 1384 2844 1458; x_wconf 74' lang='lat' dir='ltr'>ignorantize.</span> <span class='ocrx_word' id='word_1_182' title='bbox 2867 1387 3147 1442; x_wconf 83' lang='lat' dir='ltr'>Praeterea</span> <span class='ocrx_word' id='word_1_183' title='bbox 3192 1403 3295 1459; x_wconf 92' lang='lat' dir='ltr'>pro</span> <span class='ocrx_word' id='word_1_184' title='bbox 3343 1390 3497 1443; x_wconf 89' lang='lat' dir='ltr'>certo</span> <span class='ocrx_word' id='word_1_185' title='bbox 3528 1386 3750 1444; x_wconf 88' lang='lat' dir='ltr'>scimus</span> <span class='ocrx_word' id='word_1_186' title='bbox 3778 1386 3933 1459; x_wconf 89' lang='lat' dir='ltr'>quod</span> <span class='ocrx_word' id='word_1_187' title='bbox 3964 1383 4125 1443; x_wconf 87' lang='lat' dir='ltr'>basi-</span> 
     </span>
    </p>
   </div>
   <div class='ocr_carea' id='block_1_28' title="bbox 2486 1472 4125 1547">
    <p class='ocr_par' dir='ltr' id='par_1_28' title="bbox 2486 1472 4125 1547">
     <span class='ocr_line' id='line_1_28' title="bbox 2486 1472 4125 1547; baseline 0.001 -20"><span class='ocrx_word' id='word_1_188' title='bbox 2486 1472 2597 1528; x_wconf 89' lang='lat' dir='ltr'>lica</span> <span class='ocrx_word' id='word_1_189' title='bbox 2628 1474 2686 1528; x_wconf 91' lang='lat' dir='ltr'>in</span> <span class='ocrx_word' id='word_1_190' title='bbox 2718 1491 2833 1546; x_wconf 90' lang='lat' dir='ltr'>qua</span> <span class='ocrx_word' id='word_1_191' title='bbox 2871 1475 3126 1547; x_wconf 90' lang='lat' dir='ltr'>primum</span> <span class='ocrx_word' id='word_1_192' title='bbox 3160 1475 3349 1546; x_wconf 87' lang='lat' dir='ltr'>jacuit</span> <span class='ocrx_word' id='word_1_193' title='bbox 3377 1492 3411 1530; x_wconf 88' lang='lat' dir='ltr'>a</span> <span class='ocrx_word' id='word_1_194' title='bbox 3440 1475 3814 1531; x_wconf 88' lang='lat' dir='ltr'>Nortmannis</span> <span class='ocrx_word' id='word_1_195' title='bbox 3844 1491 4041 1532; x_wconf 88' lang='lat' dir='ltr'>eversa.</span> <span class='ocrx_word' id='word_1_196' title='bbox 4067 1477 4125 1529; x_wconf 85' lang='lat' dir='ltr'>et</span> 
     </span>
    </p>
   </div>
   <div class='ocr_carea' id='block_1_29' title="bbox 2487 1562 4124 1636">
    <p class='ocr_par' dir='ltr' id='par_1_29' title="bbox 2487 1562 4124 1636">
     <span class='ocr_line' id='line_1_29' title="bbox 2487 1562 4124 1636; baseline 0.001 -20"><span class='ocrx_word' id='word_1_197' title='bbox 2487 1562 2751 1617; x_wconf 88' lang='lat' dir='ltr'>funditus</span> <span class='ocrx_word' id='word_1_198' title='bbox 2783 1564 2860 1617; x_wconf 86' lang='lat' dir='ltr'>sit</span> <span class='ocrx_word' id='word_1_199' title='bbox 2889 1564 3094 1619; x_wconf 86' lang='lat' dir='ltr'>deleta.</span> <span class='ocrx_word' id='word_1_200' title='bbox 3120 1565 3341 1636; x_wconf 84' lang='lat' dir='ltr'>Corpus</span> <span class='ocrx_word' id='word_1_201' title='bbox 3360 1581 3492 1619; x_wconf 86' lang='lat' dir='ltr'>vero</span> <span class='ocrx_word' id='word_1_202' title='bbox 3523 1564 3651 1634; x_wconf 85' lang='lat' dir='ltr'>ejus</span> <span class='ocrx_word' id='word_1_203' title='bbox 3682 1564 3740 1618; x_wconf 90' lang='lat' dir='ltr'>in</span> <span class='ocrx_word' id='word_1_204' title='bbox 3772 1563 4124 1621; x_wconf 81' lang='lat' dir='ltr'>monasterio</span> 
     </span>
    </p>
   </div>
   <div class='ocr_carea' id='block_1_30' title="bbox 2485 1651 4126 1725">
    <p class='ocr_par' dir='ltr' id='par_1_30' title="bbox 2485 1651 4126 1725">
     <span class='ocr_line' id='line_1_30' title="bbox 2485 1651 4126 1725; baseline 0.001 -21"><span class='ocrx_word' id='word_1_205' title='bbox 2485 1654 2539 1704; x_wconf 92' lang='lat' dir='ltr'>S.</span> <span class='ocrx_word' id='word_1_206' title='bbox 2567 1651 2715 1705; x_wconf 87' lang='lat' dir='ltr'>Petri</span> <span class='ocrx_word' id='word_1_207' title='bbox 2746 1652 3163 1723; x_wconf 85' lang='lat' dir='ltr'>transpositum</span> <span class='ocrx_word' id='word_1_208' title='bbox 3197 1652 3256 1706; x_wconf 92' lang='lat' dir='ltr'>in</span> <span class='ocrx_word' id='word_1_209' title='bbox 3288 1668 3427 1725; x_wconf 87' lang='lat' dir='ltr'>paco</span> <span class='ocrx_word' id='word_1_210' title='bbox 3459 1651 3786 1722; x_wconf 87' lang='lat' dir='ltr'>requiescit,</span> <span class='ocrx_word' id='word_1_211' title='bbox 3810 1655 3868 1707; x_wconf 90' lang='lat' dir='ltr'>et</span> <span class='ocrx_word' id='word_1_212' title='bbox 3897 1651 4126 1724; x_wconf 79' lang='lat' dir='ltr'>fulgens</span> 
     </span>
    </p>
   </div>
   <div class='ocr_carea' id='block_1_31' title="bbox 2488 1738 4130 1812">
    <p class='ocr_par' dir='ltr' id='par_1_31' title="bbox 2488 1738 4130 1812">
     <span class='ocr_line' id='line_1_31' title="bbox 2488 1738 4130 1812; baseline 0.001 -20"><span class='ocrx_word' id='word_1_213' title='bbox 2488 1738 2787 1795; x_wconf 88' lang='lat' dir='ltr'>miraculis</span> <span class='ocrx_word' id='word_1_214' title='bbox 2840 1741 2932 1812; x_wconf 87' lang='lat' dir='ltr'>pie</span> <span class='ocrx_word' id='word_1_215' title='bbox 2982 1741 3317 1812; x_wconf 85' lang='lat' dir='ltr'>petentibus</span> <span class='ocrx_word' id='word_1_216' title='bbox 3366 1740 3521 1811; x_wconf 87' lang='lat' dir='ltr'>apud</span> <span class='ocrx_word' id='word_1_217' title='bbox 3570 1739 3753 1796; x_wconf 87' lang='lat' dir='ltr'>Deum</span> <span class='ocrx_word' id='word_1_218' title='bbox 3802 1738 4130 1796; x_wconf 86' lang='lat' dir='ltr'>necessaria</span> 
     </span>
    </p>
   </div>
   <div class='ocr_carea' id='block_1_32' title="bbox 2489 1827 2756 1898">
    <p class='ocr_par' dir='ltr' id='par_1_32' title="bbox 2489 1827 2756 1898">
     <span class='ocr_line' id='line_1_32' title="bbox 2489 1827 2756 1898; baseline 0.004 -16"><span class='ocrx_word' id='word_1_219' title='bbox 2489 1827 2756 1898; x_wconf 85' lang='lat' dir='ltr'>acquirit.</span> 
     </span>
    </p>
   </div>
   <div class='ocr_carea' id='block_1_33' title="bbox 1899 2187 2956 2326">
    <p class='ocr_par' dir='ltr' id='par_1_33' title="bbox 1899 2187 2956 2326">
     <span class='ocr_line' id='line_1_33' title="bbox 1899 2187 2956 2326; baseline 0.003 -4"><span class='ocrx_word' id='word_1_220' title='bbox 1899 2187 2956 2326; x_wconf 78' lang='lat' dir='ltr'>HISTORIA</span> 
     </span>
    </p>
   </div>
   <div class='ocr_carea' id='block_1_34' title="bbox 1184 2414 3577 2639">
    <p class='ocr_par' dir='ltr' id='par_1_34' title="bbox 1184 2414 3577 2639">
     <span class='ocr_line' id='line_1_34' title="bbox 1184 2414 3577 2639; baseline -0 -23"><span class='ocrx_word' id='word_1_221' title='bbox 1184 2467 2012 2618; x_wconf 78' lang='lat' dir='ltr'><strong>TRANSLATIONIS</strong></span> <span class='ocrx_word' id='word_1_222' title='bbox 2086 2469 2231 2617; x_wconf 80' lang='lat' dir='ltr'>ss.</span> <span class='ocrx_word' id='word_1_223' title='bbox 2311 2468 2870 2639; x_wconf 70' lang='lat' dir='ltr'>sumam,</span> <span class='ocrx_word' id='word_1_224' title='bbox 2951 2414 3577 2618; x_wconf 65' lang='lat' dir='ltr'>murium</span> 
     </span>
    </p>
   </div>
   <div class='ocr_carea' id='block_1_35' title="bbox 1425 2747 3215 2875">
    <p class='ocr_par' dir='ltr' id='par_1_35' title="bbox 1425 2747 3215 2875">
     <span class='ocr_line' id='line_1_35' title="bbox 1425 2747 3215 2875; baseline -0.008 -28"><span class='ocrx_word' id='word_1_225' title='bbox 1425 2843 1469 2853; x_wconf 73' lang='lat'>_,</span> <span class='ocrx_word' id='word_1_226' title='bbox 1514 2856 1551 2875; x_wconf 82' lang='lat'><strong><em>__</em></strong></span> <span class='ocrx_word' id='word_1_227' title='bbox 1650 2747 2505 2859; x_wconf 84' lang='lat' dir='ltr'>SOCIORUMQUE</span> <span class='ocrx_word' id='word_1_228' title='bbox 2576 2748 3215 2835; x_wconf 80' lang='lat' dir='ltr'>MARTYRUM</span> 
     </span>
    </p>
   </div>
   <div class='ocr_carea' id='block_1_36' title="bbox 1672 2932 3087 3041">
    <p class='ocr_par' dir='ltr' id='par_1_36' title="bbox 1672 2932 3087 3041">
     <span class='ocr_line' id='line_1_36' title="bbox 1672 2932 3087 3041; baseline -0.004 -34"><span class='ocrx_word' id='word_1_229' title='bbox 1672 2932 1700 2950; x_wconf 84' lang='grc'>”</span> <span class='ocrx_word' id='word_1_230' title='bbox 1773 2949 1853 3025; x_wconf 50' lang='grc' dir='ltr'>ἰέί</span> <span class='ocrx_word' id='word_1_231' title='bbox 1884 2948 2295 3041; x_wconf 77' lang='lat' dir='ltr'>SENONENSE</span> <span class='ocrx_word' id='word_1_232' title='bbox 2335 2951 2390 3004; x_wconf 92' lang='lat' dir='ltr'>s.</span> <span class='ocrx_word' id='word_1_233' title='bbox 2433 2948 2646 3003; x_wconf 80' lang='lat' dir='ltr'><strong>PETRI</strong></span> <span class='ocrx_word' id='word_1_234' title='bbox 2685 2948 3087 3007; x_wconf 87' lang='lat' dir='ltr'>COENOBIUM</span> 
     </span>
    </p>
   </div>
   <div class='ocr_carea' id='block_1_37' title="bbox 2374 3131 2404 3154">
    <p class='ocr_par' dir='ltr' id='par_1_37' title="bbox 2374 3131 2404 3154">
     <span class='ocr_line' id='line_1_37' title="bbox 2374 3131 2404 3154; baseline 0 -15"><span class='ocrx_word' id='word_1_235' title='bbox 2374 3131 2404 3154; x_wconf 56' lang='grc' dir='ltr'><strong>η</strong></span> 
     </span>
    </p>
   </div>
   <div class='ocr_carea' id='block_1_38' title="bbox 1142 3120 3716 3265">
    <p class='ocr_par' dir='ltr' id='par_1_38' title="bbox 1142 3120 3716 3265">
     <span class='ocr_line' id='line_1_38' title="bbox 1142 3120 3716 3265; baseline -0.001 -33"><span class='ocrx_word' id='word_1_236' title='bbox 1142 3134 1577 3234; x_wconf 65' lang='lat' dir='ltr'>Aac/ere</span> <span class='ocrx_word' id='word_1_237' title='bbox 1685 3120 2227 3233; x_wconf 51' lang='lat' dir='ltr'>Odoranno</span> <span class='ocrx_word' id='word_1_238' title='bbox 2298 3131 2459 3232; x_wconf 58' lang='grc' dir='ltr'>τιξμ</span> <span class='ocrx_word' id='word_1_239' title='bbox 2508 3134 2800 3265; x_wconf 16' lang='grc' dir='ltr'>,χρηιιὶ</span> <span class='ocrx_word' id='word_1_240' title='bbox 2890 3130 3126 3230; x_wconf 70' lang='lat' dir='ltr'>Vz&#39;r&#39;i</span> <span class='ocrx_word' id='word_1_241' title='bbox 3224 3127 3716 3231; x_wconf 77' lang='lat' dir='ltr'>monac/lo</span> 
     </span>
    </p>
   </div>
   <div class='ocr_carea' id='block_1_39' title="bbox 2584 3294 2615 3317">
    <p class='ocr_par' dir='ltr' id='par_1_39' title="bbox 2584 3294 2615 3317">
     <span class='ocr_line' id='line_1_39' title="bbox 2584 3294 2615 3317; baseline 0 0"><span class='ocrx_word' id='word_1_242' title='bbox 2584 3294 2615 3317; x_wconf 57' lang='grc' dir='ltr'><strong>ἢ</strong></span> 
     </span>
    </p>
   </div>
   <div class='ocr_carea' id='block_1_40' title="bbox 976 3325 3857 3435">
    <p class='ocr_par' dir='ltr' id='par_1_40' title="bbox 976 3325 3857 3435">
     <span class='ocr_line' id='line_1_40' title="bbox 976 3325 3857 3435; baseline -0.003 -18"><span class='ocrx_word' id='word_1_243' title='bbox 976 3355 1095 3435; x_wconf 70' lang='grc' dir='ltr'>(Αι</span> <span class='ocrx_word' id='word_1_244' title='bbox 1119 3354 1204 3415; x_wconf 84' lang='lat' dir='ltr'>ud</span> <span class='ocrx_word' id='word_1_245' title='bbox 1232 3354 1499 3429; x_wconf 83' lang='lat' dir='ltr'>Mabill.,</span> <span class='ocrx_word' id='word_1_246' title='bbox 1536 3355 1689 3416; x_wconf 80' lang='lat' dir='ltr'>Acta</span> <span class='ocrx_word' id='word_1_247' title='bbox 1721 3352 1846 3415; x_wconf 87' lang='lat' dir='ltr'>SS.</span> <span class='ocrx_word' id='word_1_248' title='bbox 1878 3352 2008 3414; x_wconf 81' lang='lat' dir='ltr'>ard.</span> <span class='ocrx_word' id='word_1_249' title='bbox 2044 3353 2116 3415; x_wconf 91' lang='lat' dir='ltr'>S.</span> <span class='ocrx_word' id='word_1_250' title='bbox 2154 3351 2395 3426; x_wconf 79' lang='lat' dir='ltr'>Bened.,</span> <span class='ocrx_word' id='word_1_251' title='bbox 2429 3371 2502 3413; x_wconf 71' lang='lat' dir='ltr'>em</span> <span class='ocrx_word' id='word_1_252' title='bbox 2528 3372 2632 3412; x_wconf 89' lang='lat' dir='ltr'>ms.</span> <span class='ocrx_word' id='word_1_253' title='bbox 2666 3325 2859 3412; x_wconf 61' lang='lat' dir='ltr'>codice</span> <span class='ocrx_word' id='word_1_254' title='bbox 2891 3351 2954 3413; x_wconf 89' lang='lat' dir='ltr'>S.</span> <span class='ocrx_word' id='word_1_255' title='bbox 2993 3352 3264 3413; x_wconf 77' lang='lat' dir='ltr'>Marz&#39;ani</span> <span class='ocrx_word' id='word_1_256' title='bbox 3288 3349 3857 3430; x_wconf 53' lang='lat' dir='ltr'>Autissidorensis.)</span> 
     </span>
    </p>
   </div>
   <div class='ocr_carea' id='block_1_41' title="bbox 2218 3519 2611 3532">
    <p class='ocr_par' dir='ltr' id='par_1_41' title="bbox 2218 3519 2611 3532">
     <span class='ocr_line' id='line_1_41' title="bbox 2218 3519 2611 3532; baseline 0.003 -3"><span class='ocrx_word' id='word_1_257' title='bbox 2218 3519 2611 3532; x_wconf 49' lang='lat' dir='ltr'>III—*—</span> 
     </span>
    </p>
   </div>
   <div class='ocr_carea' id='block_1_42' title="bbox 1853 3625 3002 3722">
    <p class='ocr_par' dir='ltr' id='par_1_42' title="bbox 1853 3625 3002 3722">
     <span class='ocr_line' id='line_1_42' title="bbox 1853 3625 3002 3722; baseline -0.003 0"><span class='ocrx_word' id='word_1_258' title='bbox 1853 3625 2552 3722; x_wconf 82' lang='lat' dir='ltr'>OBSERVATIONES</span> <span class='ocrx_word' id='word_1_259' title='bbox 2620 3648 3002 3719; x_wconf 64' lang='lat' dir='ltr'>Pii/avus.</span> 
     </span>
    </p>
   </div>
   <div class='ocr_carea' id='block_1_43' title="bbox 744 3848 4133 3922">
    <p class='ocr_par' dir='ltr' id='par_1_43' title="bbox 744 3848 4133 3922">
     <span class='ocr_line' id='line_1_43' title="bbox 744 3848 4133 3922; baseline 0 -14"><span class='ocrx_word' id='word_1_260' title='bbox 744 3853 802 3909; x_wconf 86' lang='grc'><strong>1.</strong></span> <span class='ocrx_word' id='word_1_261' title='bbox 844 3851 1266 3910; x_wconf 87' lang='lat' dir='ltr'>Savinianum</span> <span class='ocrx_word' id='word_1_262' title='bbox 1299 3867 1433 3906; x_wconf 90' lang='lat' dir='ltr'>cum</span> <span class='ocrx_word' id='word_1_263' title='bbox 1477 3850 1813 3905; x_wconf 87' lang='lat' dir='ltr'>Potentiano</span> <span class='ocrx_word' id='word_1_264' title='bbox 1864 3850 2153 3922; x_wconf 89' lang='lat' dir='ltr'>sociisque</span> <span class='ocrx_word' id='word_1_265' title='bbox 2206 3851 2375 3905; x_wconf 82' lang='lat' dir='ltr'>fidem</span> <span class='ocrx_word' id='word_1_266' title='bbox 2407 3851 2455 3916; x_wconf 90' lang='lat' dir='ltr'><strong>B</strong></span> <span class='ocrx_word' id='word_1_267' title='bbox 2484 3854 2737 3921; x_wconf 89' lang='lat' dir='ltr'>accepto,</span> <span class='ocrx_word' id='word_1_268' title='bbox 2762 3848 3096 3905; x_wconf 88' lang='lat' dir='ltr'>detulerunt</span> <span class='ocrx_word' id='word_1_269' title='bbox 3125 3865 3362 3921; x_wconf 85' lang='lat' dir='ltr'>corpora</span> <span class='ocrx_word' id='word_1_270' title='bbox 3388 3852 3722 3905; x_wconf 87' lang='lat' dir='ltr'>sanctorum</span> <span class='ocrx_word' id='word_1_271' title='bbox 3749 3850 4043 3908; x_wconf 83' lang='lat' dir='ltr'>Saviniani</span> <span class='ocrx_word' id='word_1_272' title='bbox 4074 3856 4133 3909; x_wconf 90' lang='lat' dir='ltr'>et</span> 
     </span>
    </p>
   </div>
   <div class='ocr_carea' id='block_1_44' title="bbox 661 3936 2381 4010">
    <p class='ocr_par' dir='ltr' id='par_1_44' title="bbox 661 3936 2381 4010">
     <span class='ocr_line' id='line_1_44' title="bbox 661 3936 2381 4010; baseline -0.002 -16"><span class='ocrx_word' id='word_1_273' title='bbox 661 3940 1119 3996; x_wconf 79' lang='lat' dir='ltr'>Christianam</span> <span class='ocrx_word' id='word_1_274' title='bbox 1160 3939 1491 3995; x_wconf 88' lang='lat' dir='ltr'>Senonibus</span> <span class='ocrx_word' id='word_1_275' title='bbox 1538 3936 1828 4005; x_wconf 88' lang='lat' dir='ltr'>intulisse,</span> <span class='ocrx_word' id='word_1_276' title='bbox 1862 3937 2057 4009; x_wconf 87' lang='lat' dir='ltr'>ibique</span> <span class='ocrx_word' id='word_1_277' title='bbox 2106 3937 2381 4010; x_wconf 75' lang='lat' dir='ltr'>martyrio</span> 
     </span>
    </p>
   </div>
   <div class='ocr_carea' id='block_1_45' title="bbox 658 4025 2380 4100">
    <p class='ocr_par' dir='ltr' id='par_1_45' title="bbox 658 4025 2380 4100">
     <span class='ocr_line' id='line_1_45' title="bbox 658 4025 2380 4100; baseline -0.002 -17"><span class='ocrx_word' id='word_1_278' title='bbox 658 4029 935 4086; x_wconf 68' lang='lat' dir='ltr'>affectos</span> <span class='ocrx_word' id='word_1_279' title='bbox 957 4025 1346 4100; x_wconf 86' lang='lat' dir='ltr'>sepulturam</span> <span class='ocrx_word' id='word_1_280' title='bbox 1369 4026 1858 4098; x_wconf 86' lang='lat' dir='ltr'>accepisse,nemo</span> <span class='ocrx_word' id='word_1_281' title='bbox 1875 4032 1963 4081; x_wconf 90' lang='lat' dir='ltr'>est</span> <span class='ocrx_word' id='word_1_282' title='bbox 1983 4026 2081 4097; x_wconf 88' lang='lat' dir='ltr'>qui</span> <span class='ocrx_word' id='word_1_283' title='bbox 2104 4026 2380 4098; x_wconf 87' lang='lat' dir='ltr'>ambigat.</span> 
     </span>
    </p>
   </div>
   <div class='ocr_carea' id='block_1_46' title="bbox 662 4114 2383 4188">
    <p class='ocr_par' dir='ltr' id='par_1_46' title="bbox 662 4114 2383 4188">
     <span class='ocr_line' id='line_1_46' title="bbox 662 4114 2383 4188; baseline -0.003 -15"><span class='ocrx_word' id='word_1_284' title='bbox 662 4119 903 4173; x_wconf 86' lang='lat' dir='ltr'>Eorum</span> <span class='ocrx_word' id='word_1_285' title='bbox 934 4115 1211 4174; x_wconf 85' lang='lat' dir='ltr'>tumulis</span> <span class='ocrx_word' id='word_1_286' title='bbox 1233 4115 1507 4188; x_wconf 90' lang='lat' dir='ltr'>imposita</span> <span class='ocrx_word' id='word_1_287' title='bbox 1523 4118 1611 4170; x_wconf 88' lang='lat' dir='ltr'>est</span> <span class='ocrx_word' id='word_1_288' title='bbox 1632 4114 1967 4181; x_wconf 86' lang='lat' dir='ltr'>ecclesia,ex</span> <span class='ocrx_word' id='word_1_289' title='bbox 1985 4115 2154 4186; x_wconf 89' lang='lat' dir='ltr'>cujus</span> <span class='ocrx_word' id='word_1_290' title='bbox 2172 4114 2383 4185; x_wconf 83' lang='lat' dir='ltr'>adytis,</span> 
     </span>
    </p>
   </div>
   <div class='ocr_carea' id='block_1_47' title="bbox 660 4202 2383 4269">
    <p class='ocr_par' dir='ltr' id='par_1_47' title="bbox 660 4202 2383 4269">
     <span class='ocr_line' id='line_1_47' title="bbox 660 4202 2383 4269; baseline -0.001 -10"><span class='ocrx_word' id='word_1_291' title='bbox 660 4206 992 4262; x_wconf 74' lang='lat' dir='ltr'>referente</span> <span class='ocrx_word' id='word_1_292' title='bbox 1033 4203 1358 4259; x_wconf 90' lang='lat' dir='ltr'>Odoranno</span> <span class='ocrx_word' id='word_1_293' title='bbox 1399 4204 1457 4258; x_wconf 93' lang='lat' dir='ltr'>S.</span> <span class='ocrx_word' id='word_1_294' title='bbox 1492 4203 1641 4258; x_wconf 86' lang='lat' dir='ltr'>Petri</span> <span class='ocrx_word' id='word_1_295' title='bbox 1673 4202 1795 4256; x_wconf 85' lang='lat' dir='ltr'>Vivi</span> <span class='ocrx_word' id='word_1_296' title='bbox 1846 4202 2152 4269; x_wconf 89' lang='lat' dir='ltr'>monacho,</span> <span class='ocrx_word' id='word_1_297' title='bbox 2180 4218 2383 4257; x_wconf 79' lang='lat' dir='ltr'>«anno</span> 
     </span>
    </p>
   </div>
   <div class='ocr_carea' id='block_1_48' title="bbox 655 4290 2387 4363">
    <p class='ocr_par' dir='ltr' id='par_1_48' title="bbox 655 4290 2387 4363">
     <span class='ocr_line' id='line_1_48' title="bbox 655 4290 2387 4363; baseline -0.002 -15"><span class='ocrx_word' id='word_1_298' title='bbox 655 4297 776 4349; x_wconf 78' lang='grc'>847</span> <span class='ocrx_word' id='word_1_299' title='bbox 806 4293 1144 4351; x_wconf 84' lang='lat' dir='ltr'>translata</span> <span class='ocrx_word' id='word_1_300' title='bbox 1163 4296 1304 4347; x_wconf 90' lang='lat' dir='ltr'>sunt</span> <span class='ocrx_word' id='word_1_301' title='bbox 1325 4296 1660 4347; x_wconf 83' lang='lat' dir='ltr'>sanctorum</span> <span class='ocrx_word' id='word_1_302' title='bbox 1684 4294 2006 4363; x_wconf 81' lang='lat' dir='ltr'>martyrum</span> <span class='ocrx_word' id='word_1_303' title='bbox 2032 4307 2273 4362; x_wconf 89' lang='lat' dir='ltr'>corpora</span> <span class='ocrx_word' id='word_1_304' title='bbox 2288 4290 2387 4345; x_wconf 90' lang='lat' dir='ltr'>Sa-</span> 
     </span>
    </p>
   </div>
   <div class='ocr_carea' id='block_1_49' title="bbox 651 4377 2388 4451">
    <p class='ocr_par' dir='ltr' id='par_1_49' title="bbox 651 4377 2388 4451">
     <span class='ocr_line' id='line_1_49' title="bbox 651 4377 2388 4451; baseline -0.002 -14"><span class='ocrx_word' id='word_1_305' title='bbox 651 4383 939 4449; x_wconf 65' lang='lat' dir='ltr'>viniani,</span> <span class='ocrx_word' id='word_1_306' title='bbox 973 4380 1351 4446; x_wconf 88' lang='lat' dir='ltr'>Potentiani,</span> <span class='ocrx_word' id='word_1_307' title='bbox 1372 4379 1569 4448; x_wconf 87' lang='lat' dir='ltr'>Altini,</span> <span class='ocrx_word' id='word_1_308' title='bbox 1596 4385 1770 4451; x_wconf 87' lang='lat' dir='ltr'>atque</span> <span class='ocrx_word' id='word_1_309' title='bbox 1797 4378 2035 4435; x_wconf 87' lang='lat' dir='ltr'>Eodaldi</span> <span class='ocrx_word' id='word_1_310' title='bbox 2058 4379 2116 4434; x_wconf 92' lang='lat' dir='ltr'>in</span> <span class='ocrx_word' id='word_1_311' title='bbox 2144 4377 2388 4434; x_wconf 88' lang='lat' dir='ltr'>basilica</span> 
     </span>
    </p>
   </div>
   <div class='ocr_carea' id='block_1_50' title="bbox 653 4464 2382 4539">
    <p class='ocr_par' dir='ltr' id='par_1_50' title="bbox 653 4464 2382 4539">
     <span class='ocr_line' id='line_1_50' title="bbox 653 4464 2382 4539; baseline -0.003 -12"><span class='ocrx_word' id='word_1_312' title='bbox 653 4472 869 4527; x_wconf 85' lang='lat' dir='ltr'>sancti</span> <span class='ocrx_word' id='word_1_313' title='bbox 942 4469 1130 4526; x_wconf 84' lang='lat' dir='ltr'>Petri</span> <span class='ocrx_word' id='word_1_314' title='bbox 1180 4486 1215 4523; x_wconf 91' lang='lat' dir='ltr'>a</span> <span class='ocrx_word' id='word_1_315' title='bbox 1260 4468 1562 4524; x_wconf 89' lang='lat' dir='ltr'>Wenilone</span> <span class='ocrx_word' id='word_1_316' title='bbox 1619 4464 2053 4539; x_wconf 81' lang='lat' dir='ltr'>archiepiscopo</span> <span class='ocrx_word' id='word_1_317' title='bbox 2099 4484 2198 4521; x_wconf 83' lang='lat' dir='ltr'>vm</span> <span class='ocrx_word' id='word_1_318' title='bbox 2256 4466 2382 4521; x_wconf 86' lang='lat' dir='ltr'>Kal.</span> 
     </span>
    </p>
   </div>
   <div class='ocr_carea' id='block_1_51' title="bbox 652 4555 2385 4634">
    <p class='ocr_par' dir='ltr' id='par_1_51' title="bbox 652 4555 2385 4634">
     <span class='ocr_line' id='line_1_51' title="bbox 652 4555 2385 4634; baseline -0.005 -17"><span class='ocrx_word' id='word_1_319' title='bbox 652 4560 1009 4634; x_wconf 85' lang='lat' dir='ltr'>Septemb.</span> <span class='ocrx_word' id='word_1_320' title='bbox 1044 4580 1082 4609; x_wconf 86' lang='grc'><strong>››</strong></span> <span class='ocrx_word' id='word_1_321' title='bbox 1109 4557 1420 4613; x_wconf 88' lang='lat' dir='ltr'>Odoranno</span> <span class='ocrx_word' id='word_1_322' title='bbox 1451 4556 1675 4611; x_wconf 85' lang='lat' dir='ltr'>Clarius</span> <span class='ocrx_word' id='word_1_323' title='bbox 1717 4556 1775 4610; x_wconf 92' lang='lat' dir='ltr'>in</span> <span class='ocrx_word' id='word_1_324' title='bbox 1815 4555 2098 4610; x_wconf 88' lang='lat' dir='ltr'>Chronico</span> <span class='ocrx_word' id='word_1_325' title='bbox 2131 4555 2385 4609; x_wconf 91' lang='lat' dir='ltr'>subscri-</span> 
     </span>
    </p>
   </div>
   <div class='ocr_carea' id='block_1_52' title="bbox 652 4642 2386 4714">
    <p class='ocr_par' dir='ltr' id='par_1_52' title="bbox 652 4642 2386 4714">
     <span class='ocr_line' id='line_1_52' title="bbox 652 4642 2386 4714; baseline -0.003 -11"><span class='ocrx_word' id='word_1_326' title='bbox 652 4650 771 4714; x_wconf 89' lang='lat' dir='ltr'>bit,</span> <span class='ocrx_word' id='word_1_327' title='bbox 794 4648 910 4703; x_wconf 88' lang='lat' dir='ltr'>his</span> <span class='ocrx_word' id='word_1_328' title='bbox 936 4645 1165 4702; x_wconf 79' lang='lat' dir='ltr'>verbis</span> <span class='ocrx_word' id='word_1_329' title='bbox 1186 4662 1235 4699; x_wconf 84' lang='lat'>:«</span> <span class='ocrx_word' id='word_1_330' title='bbox 1257 4644 1675 4700; x_wconf 86' lang='lat' dir='ltr'>Revelaverunt</span> <span class='ocrx_word' id='word_1_331' title='bbox 1696 4661 1756 4698; x_wconf 91' lang='lat' dir='ltr'>se</span> <span class='ocrx_word' id='word_1_332' title='bbox 1780 4643 1963 4698; x_wconf 87' lang='lat' dir='ltr'>sancti</span> <span class='ocrx_word' id='word_1_333' title='bbox 1987 4642 2198 4698; x_wconf 86' lang='lat' dir='ltr'>Christi</span> <span class='ocrx_word' id='word_1_334' title='bbox 2235 4660 2386 4698; x_wconf 90' lang='lat' dir='ltr'>mar-</span> 
     </span>
    </p>
   </div>
   <div class='ocr_carea' id='block_1_53' title="bbox 650 4730 2385 4811">
    <p class='ocr_par' dir='ltr' id='par_1_53' title="bbox 650 4730 2385 4811">
     <span class='ocr_line' id='line_1_53' title="bbox 650 4730 2385 4811; baseline -0.004 -20"><span class='ocrx_word' id='word_1_335' title='bbox 650 4741 829 4811; x_wconf 52' lang='lat' dir='ltr'>tyres</span> <span class='ocrx_word' id='word_1_336' title='bbox 868 4733 1292 4800; x_wconf 87' lang='lat' dir='ltr'>Savinianus,</span> <span class='ocrx_word' id='word_1_337' title='bbox 1335 4732 1736 4799; x_wconf 88' lang='lat' dir='ltr'>Potentianus,</span> <span class='ocrx_word' id='word_1_338' title='bbox 1776 4732 2027 4800; x_wconf 87' lang='lat' dir='ltr'>Altinus,</span> <span class='ocrx_word' id='word_1_339' title='bbox 2073 4730 2385 4797; x_wconf 85' lang='lat' dir='ltr'>Eodaldus,</span> 
     </span>
    </p>
   </div>
   <div class='ocr_carea' id='block_1_54' title="bbox 644 4820 2388 4895">
    <p class='ocr_par' dir='ltr' id='par_1_54' title="bbox 644 4820 2388 4895">
     <span class='ocr_line' id='line_1_54' title="bbox 644 4820 2388 4895; baseline -0.006 -12"><span class='ocrx_word' id='word_1_340' title='bbox 644 4833 711 4883; x_wconf 87' lang='lat' dir='ltr'>et</span> <span class='ocrx_word' id='word_1_341' title='bbox 740 4826 1120 4881; x_wconf 86' lang='lat' dir='ltr'>Serotinus</span> <span class='ocrx_word' id='word_1_342' title='bbox 1149 4821 1441 4895; x_wconf 83' lang='lat' dir='ltr'>Weniloni</span> <span class='ocrx_word' id='word_1_343' title='bbox 1495 4821 1928 4892; x_wconf 85' lang='lat' dir='ltr'>archiepiscopo</span> <span class='ocrx_word' id='word_1_344' title='bbox 1977 4824 2035 4875; x_wconf 88' lang='lat' dir='ltr'>et</span> <span class='ocrx_word' id='word_1_345' title='bbox 2082 4820 2388 4874; x_wconf 84' lang='lat' dir='ltr'>Anastasio</span> 
     </span>
    </p>
   </div>
   <div class='ocr_carea' id='block_1_55' title="bbox 645 4908 2387 4983">
    <p class='ocr_par' dir='ltr' id='par_1_55' title="bbox 645 4908 2387 4983">
     <span class='ocr_line' id='line_1_55' title="bbox 645 4908 2387 4983; baseline -0.005 -13"><span class='ocrx_word' id='word_1_346' title='bbox 645 4913 914 4983; x_wconf 85' lang='lat' dir='ltr'>abbati;</span> <span class='ocrx_word' id='word_1_347' title='bbox 960 4910 1091 4983; x_wconf 81' lang='lat' dir='ltr'>qui</span> <span class='ocrx_word' id='word_1_348' title='bbox 1130 4908 1388 4965; x_wconf 77' lang='lat' dir='ltr'>levantes</span> <span class='ocrx_word' id='word_1_349' title='bbox 1418 4926 1517 4964; x_wconf 90' lang='lat' dir='ltr'>eos</span> <span class='ocrx_word' id='word_1_350' title='bbox 1548 4926 1681 4965; x_wconf 90' lang='lat' dir='ltr'>cum</span> <span class='ocrx_word' id='word_1_351' title='bbox 1711 4925 1922 4980; x_wconf 88' lang='lat' dir='ltr'>magno</span> <span class='ocrx_word' id='word_1_352' title='bbox 1945 4908 2163 4963; x_wconf 88' lang='lat' dir='ltr'>honore</span> <span class='ocrx_word' id='word_1_353' title='bbox 2191 4909 2261 4963; x_wconf 90' lang='lat' dir='ltr'>de</span> <span class='ocrx_word' id='word_1_354' title='bbox 2293 4925 2387 4963; x_wconf 91' lang='lat' dir='ltr'>ec-</span> 
     </span>
    </p>
   </div>
   <div class='ocr_carea' id='block_1_56' title="bbox 642 4996 2393 5068">
    <p class='ocr_par' dir='ltr' id='par_1_56' title="bbox 642 4996 2393 5068">
     <span class='ocr_line' id='line_1_56' title="bbox 642 4996 2393 5068; baseline -0.005 -10"><span class='ocrx_word' id='word_1_355' title='bbox 642 5003 849 5059; x_wconf 75' lang='lat' dir='ltr'>clesia</span> <span class='ocrx_word' id='word_1_356' title='bbox 891 5001 1013 5056; x_wconf 87' lang='lat' dir='ltr'>ubi</span> <span class='ocrx_word' id='word_1_357' title='bbox 1060 4996 1287 5068; x_wconf 78' lang='lat' dir='ltr'>sepulti</span> <span class='ocrx_word' id='word_1_358' title='bbox 1322 5002 1505 5059; x_wconf 83' lang='lat' dir='ltr'>erant,</span> <span class='ocrx_word' id='word_1_359' title='bbox 1528 4996 1955 5052; x_wconf 84' lang='lat' dir='ltr'>transtulerunt</span> <span class='ocrx_word' id='word_1_360' title='bbox 1983 5013 2081 5050; x_wconf 87' lang='lat' dir='ltr'>eos</span> <span class='ocrx_word' id='word_1_361' title='bbox 2113 4996 2167 5050; x_wconf 91' lang='lat' dir='ltr'>in</span> <span class='ocrx_word' id='word_1_362' title='bbox 2198 4996 2393 5068; x_wconf 88' lang='lat' dir='ltr'>basili-</span> 
     </span>
    </p>
   </div>
   <div class='ocr_carea' id='block_1_57' title="bbox 645 5066 2390 5156">
    <p class='ocr_par' dir='ltr' id='par_1_57' title="bbox 645 5066 2390 5156">
     <span class='ocr_line' id='line_1_57' title="bbox 645 5066 2390 5156; baseline -0.004 -10"><span class='ocrx_word' id='word_1_363' title='bbox 645 5108 793 5146; x_wconf 87' lang='lat' dir='ltr'>cam</span> <span class='ocrx_word' id='word_1_364' title='bbox 833 5088 1027 5145; x_wconf 80' lang='lat' dir='ltr'>beati</span> <span class='ocrx_word' id='word_1_365' title='bbox 1070 5066 1229 5141; x_wconf 84' lang='lat' dir='ltr'>Petri</span> <span class='ocrx_word' id='word_1_366' title='bbox 1256 5090 1454 5142; x_wconf 89' lang='lat' dir='ltr'>octavo</span> <span class='ocrx_word' id='word_1_367' title='bbox 1476 5085 1765 5141; x_wconf 86' lang='lat' dir='ltr'>Kalendas</span> <span class='ocrx_word' id='word_1_368' title='bbox 1789 5084 2202 5156; x_wconf 85' lang='lat' dir='ltr'>Septembris,»</span> <span class='ocrx_word' id='word_1_369' title='bbox 2218 5066 2250 5134; x_wconf 72' lang='grc' dir='ltr'>ι‹‹</span> <span class='ocrx_word' id='word_1_370' title='bbox 2276 5102 2390 5156; x_wconf 90' lang='lat' dir='ltr'>quo</span> 
     </span>
    </p>
   </div>
   <div class='ocr_carea' id='block_1_58' title="bbox 644 5172 2245 5253">
    <p class='ocr_par' dir='ltr' id='par_1_58' title="bbox 644 5172 2245 5253">
     <span class='ocr_line' id='line_1_58' title="bbox 644 5172 2245 5253; baseline -0.007 -17"><span class='ocrx_word' id='word_1_371' title='bbox 644 5186 961 5253; x_wconf 85' lang='lat' dir='ltr'>tempore</span> <span class='ocrx_word' id='word_1_372' title='bbox 1002 5174 1243 5231; x_wconf 77' lang='lat' dir='ltr'>auditae</span> <span class='ocrx_word' id='word_1_373' title='bbox 1276 5178 1417 5230; x_wconf 90' lang='lat' dir='ltr'>sunt</span> <span class='ocrx_word' id='word_1_374' title='bbox 1443 5191 1611 5231; x_wconf 88' lang='lat' dir='ltr'>voces</span> <span class='ocrx_word' id='word_1_375' title='bbox 1641 5173 1911 5245; x_wconf 71' lang='lat' dir='ltr'>angelica:</span> <span class='ocrx_word' id='word_1_376' title='bbox 1942 5172 1999 5227; x_wconf 90' lang='lat' dir='ltr'>in</span> <span class='ocrx_word' id='word_1_377' title='bbox 2033 5172 2192 5227; x_wconf 66' lang='lat' dir='ltr'>coalo.</span> <span class='ocrx_word' id='word_1_378' title='bbox 2218 5194 2245 5223; x_wconf 82' lang='lat'>»</span> 
     </span>
    </p>
   </div>
   <div class='ocr_carea' id='block_1_59' title="bbox 721 5260 2392 5334">
    <p class='ocr_par' dir='ltr' id='par_1_59' title="bbox 721 5260 2392 5334">
     <span class='ocr_line' id='line_1_59' title="bbox 721 5260 2392 5334; baseline -0.005 -11"><span class='ocrx_word' id='word_1_379' title='bbox 721 5273 786 5325; x_wconf 88' lang='lat'>2.</span> <span class='ocrx_word' id='word_1_380' title='bbox 828 5266 1105 5323; x_wconf 85' lang='lat' dir='ltr'>Eodem</span> <span class='ocrx_word' id='word_1_381' title='bbox 1159 5279 1312 5318; x_wconf 89' lang='lat' dir='ltr'>anno</span> <span class='ocrx_word' id='word_1_382' title='bbox 1367 5279 1482 5334; x_wconf 91' lang='lat' dir='ltr'>quo</span> <span class='ocrx_word' id='word_1_383' title='bbox 1527 5286 1555 5313; x_wconf 90' lang='grc'><em>‹‹</em></span> <span class='ocrx_word' id='word_1_384' title='bbox 1613 5262 1961 5325; x_wconf 89' lang='lat' dir='ltr'>Ludovicus,</span> <span class='ocrx_word' id='word_1_385' title='bbox 1996 5260 2152 5316; x_wconf 82' lang='lat' dir='ltr'>filius</span> <span class='ocrx_word' id='word_1_386' title='bbox 2205 5260 2392 5316; x_wconf 87' lang='lat' dir='ltr'>Caroli</span> 
     </span>
    </p>
   </div>
   <div class='ocr_carea' id='block_1_60' title="bbox 642 5349 2393 5429">
    <p class='ocr_par' dir='ltr' id='par_1_60' title="bbox 642 5349 2393 5429">
     <span class='ocr_line' id='line_1_60' title="bbox 642 5349 2393 5429; baseline -0.009 -15"><span class='ocrx_word' id='word_1_387' title='bbox 642 5354 1036 5429; x_wconf 82' lang='lat' dir='ltr'>Simplicis,</span> <span class='ocrx_word' id='word_1_388' title='bbox 1082 5349 1248 5421; x_wconf 86' lang='lat' dir='ltr'>apud</span> <span class='ocrx_word' id='word_1_389' title='bbox 1282 5350 1630 5406; x_wconf 89' lang='lat' dir='ltr'>Laudunum</span> <span class='ocrx_word' id='word_1_390' title='bbox 1672 5354 1883 5406; x_wconf 85' lang='lat' dir='ltr'>unctus</span> <span class='ocrx_word' id='word_1_391' title='bbox 1914 5353 2002 5405; x_wconf 90' lang='lat' dir='ltr'>est</span> <span class='ocrx_word' id='word_1_392' title='bbox 2031 5349 2088 5403; x_wconf 89' lang='lat' dir='ltr'>in</span> <span class='ocrx_word' id='word_1_393' title='bbox 2122 5364 2338 5420; x_wconf 82' lang='lat' dir='ltr'>regem,</span> <span class='ocrx_word' id='word_1_394' title='bbox 2366 5371 2393 5398; x_wconf 83' lang='lat'>»</span> 
     </span>
    </p>
   </div>
   <div class='ocr_carea' id='block_1_61' title="bbox 2489 3937 4134 4010">
    <p class='ocr_par' dir='ltr' id='par_1_61' title="bbox 2489 3937 4134 4010">
     <span class='ocr_line' id='line_1_61' title="bbox 2489 3937 4134 4010; baseline 0.002 -18"><span class='ocrx_word' id='word_1_395' title='bbox 2489 3937 2831 4005; x_wconf 90' lang='lat' dir='ltr'>Potentiani,</span> <span class='ocrx_word' id='word_1_396' title='bbox 2866 3954 2997 3992; x_wconf 90' lang='lat' dir='ltr'>cum</span> <span class='ocrx_word' id='word_1_397' title='bbox 3048 3937 3269 3993; x_wconf 75' lang='lat' dir='ltr'>cmteris</span> <span class='ocrx_word' id='word_1_398' title='bbox 3318 3942 3652 3993; x_wconf 89' lang='lat' dir='ltr'>sanctorum</span> <span class='ocrx_word' id='word_1_399' title='bbox 3686 3939 4044 4010; x_wconf 89' lang='lat' dir='ltr'>corporibus,</span> <span class='ocrx_word' id='word_1_400' title='bbox 4076 3946 4134 3996; x_wconf 89' lang='lat' dir='ltr'>et</span> 
     </span>
    </p>
   </div>
   <div class='ocr_carea' id='block_1_62' title="bbox 2490 4025 4132 4099">
    <p class='ocr_par' dir='ltr' id='par_1_62' title="bbox 2490 4025 4132 4099">
     <span class='ocr_line' id='line_1_62' title="bbox 2490 4025 4132 4099; baseline 0.002 -18"><span class='ocrx_word' id='word_1_401' title='bbox 2490 4026 2870 4099; x_wconf 89' lang='lat' dir='ltr'>reliquiarum</span> <span class='ocrx_word' id='word_1_402' title='bbox 2902 4025 3267 4098; x_wconf 88' lang='lat' dir='ltr'>pignoribus,</span> <span class='ocrx_word' id='word_1_403' title='bbox 3295 4042 3427 4081; x_wconf 91' lang='lat' dir='ltr'>cum</span> <span class='ocrx_word' id='word_1_404' title='bbox 3460 4042 3670 4098; x_wconf 86' lang='lat' dir='ltr'>magno</span> <span class='ocrx_word' id='word_1_405' title='bbox 3704 4025 3919 4081; x_wconf 90' lang='lat' dir='ltr'>honore</span> <span class='ocrx_word' id='word_1_406' title='bbox 3950 4027 4008 4083; x_wconf 89' lang='lat' dir='ltr'>in</span> <span class='ocrx_word' id='word_1_407' title='bbox 4039 4044 4132 4085; x_wconf 90' lang='lat' dir='ltr'>ec-</span> 
     </span>
    </p>
   </div>
   <div class='ocr_carea' id='block_1_63' title="bbox 2492 4112 4131 4186">
    <p class='ocr_par' dir='ltr' id='par_1_63' title="bbox 2492 4112 4131 4186">
     <span class='ocr_line' id='line_1_63' title="bbox 2492 4112 4131 4186; baseline 0.001 -17"><span class='ocrx_word' id='word_1_408' title='bbox 2492 4114 2727 4170; x_wconf 87' lang='lat' dir='ltr'>clesiam</span> <span class='ocrx_word' id='word_1_409' title='bbox 2758 4114 3018 4186; x_wconf 87' lang='lat' dir='ltr'>ejusdem</span> <span class='ocrx_word' id='word_1_410' title='bbox 3052 4112 3316 4179; x_wconf 65' lang='lat' dir='ltr'>abbatis},</span> <span class='ocrx_word' id='word_1_411' title='bbox 3351 4114 3501 4168; x_wconf 81' lang='lat' dir='ltr'>infra</span> <span class='ocrx_word' id='word_1_412' title='bbox 3553 4131 3750 4168; x_wconf 89' lang='lat' dir='ltr'>muros</span> <span class='ocrx_word' id='word_1_413' title='bbox 3799 4115 3962 4170; x_wconf 87' lang='lat' dir='ltr'>urbis</span> <span class='ocrx_word' id='word_1_414' title='bbox 3993 4133 4131 4171; x_wconf 86' lang='lat' dir='ltr'>con-</span> 
     </span>
    </p>
   </div>
   <div class='ocr_carea' id='block_1_64' title="bbox 2493 4200 4134 4261">
    <p class='ocr_par' dir='ltr' id='par_1_64' title="bbox 2493 4200 4134 4261">
     <span class='ocr_line' id='line_1_64' title="bbox 2493 4200 4134 4261; baseline 0.001 -4"><span class='ocrx_word' id='word_1_415' title='bbox 2493 4206 2776 4257; x_wconf 85' lang='lat' dir='ltr'>structam</span> <span class='ocrx_word' id='word_1_416' title='bbox 2808 4203 2865 4257; x_wconf 92' lang='lat' dir='ltr'>in</span> <span class='ocrx_word' id='word_1_417' title='bbox 2897 4201 3114 4257; x_wconf 87' lang='lat' dir='ltr'>honore</span> <span class='ocrx_word' id='word_1_418' title='bbox 3145 4200 3328 4256; x_wconf 88' lang='lat' dir='ltr'>sancti</span> <span class='ocrx_word' id='word_1_419' title='bbox 3362 4201 3533 4257; x_wconf 89' lang='lat' dir='ltr'>Petri.</span> <span class='ocrx_word' id='word_1_420' title='bbox 3570 4201 3852 4257; x_wconf 84' lang='lat' dir='ltr'>Relictum</span> <span class='ocrx_word' id='word_1_421' title='bbox 3883 4221 4013 4260; x_wconf 88' lang='lat' dir='ltr'>vero</span> <span class='ocrx_word' id='word_1_422' title='bbox 4043 4208 4134 4261; x_wconf 90' lang='lat' dir='ltr'>est</span> 
     </span>
    </p>
   </div>
   <div class='ocr_carea' id='block_1_65' title="bbox 2493 4288 4131 4361">
    <p class='ocr_par' dir='ltr' id='par_1_65' title="bbox 2493 4288 4131 4361">
     <span class='ocr_line' id='line_1_65' title="bbox 2493 4288 4131 4361; baseline 0.001 -17"><span class='ocrx_word' id='word_1_423' title='bbox 2493 4306 2702 4361; x_wconf 89' lang='lat' dir='ltr'>corpus</span> <span class='ocrx_word' id='word_1_424' title='bbox 2734 4289 2916 4345; x_wconf 88' lang='lat' dir='ltr'>sancti</span> <span class='ocrx_word' id='word_1_425' title='bbox 2947 4289 3192 4345; x_wconf 89' lang='lat' dir='ltr'>Serotini</span> <span class='ocrx_word' id='word_1_426' title='bbox 3229 4288 3286 4344; x_wconf 91' lang='lat' dir='ltr'>in</span> <span class='ocrx_word' id='word_1_427' title='bbox 3320 4294 3518 4361; x_wconf 81' lang='lat' dir='ltr'>crypta</span> <span class='ocrx_word' id='word_1_428' title='bbox 3548 4293 3699 4345; x_wconf 87' lang='lat' dir='ltr'>retro</span> <span class='ocrx_word' id='word_1_429' title='bbox 3733 4289 3913 4346; x_wconf 89' lang='lat' dir='ltr'>altare</span> <span class='ocrx_word' id='word_1_430' title='bbox 3942 4292 4131 4347; x_wconf 88' lang='lat' dir='ltr'>sancti</span> 
     </span>
    </p>
   </div>
   <div class='ocr_carea' id='block_1_66' title="bbox 2493 4376 4131 4450">
    <p class='ocr_par' dir='ltr' id='par_1_66' title="bbox 2493 4376 4131 4450">
     <span class='ocr_line' id='line_1_66' title="bbox 2493 4376 4131 4450; baseline 0.002 -18"><span class='ocrx_word' id='word_1_431' title='bbox 2493 4376 2662 4433; x_wconf 89' lang='lat' dir='ltr'>Petri.</span> <span class='ocrx_word' id='word_1_432' title='bbox 2683 4378 2989 4433; x_wconf 78' lang='lat' dir='ltr'>Vastantes</span> <span class='ocrx_word' id='word_1_433' title='bbox 3008 4377 3191 4449; x_wconf 80' lang='lat' dir='ltr'>igitur</span> <span class='ocrx_word' id='word_1_434' title='bbox 3218 4377 3425 4449; x_wconf 85' lang='lat' dir='ltr'>pagani</span> <span class='ocrx_word' id='word_1_435' title='bbox 3451 4382 3719 4433; x_wconf 90' lang='lat' dir='ltr'>cunctam</span> <span class='ocrx_word' id='word_1_436' title='bbox 3750 4378 4131 4450; x_wconf 88' lang='lat' dir='ltr'>provinciam,</span> 
     </span>
    </p>
   </div>
   <div class='ocr_carea' id='block_1_67' title="bbox 2495 4465 4131 4537">
    <p class='ocr_par' dir='ltr' id='par_1_67' title="bbox 2495 4465 4131 4537">
     <span class='ocr_line' id='line_1_67' title="bbox 2495 4465 4131 4537; baseline 0.001 -16"><span class='ocrx_word' id='word_1_437' title='bbox 2495 4466 2789 4521; x_wconf 88' lang='lat' dir='ltr'>redierunt</span> <span class='ocrx_word' id='word_1_438' title='bbox 2818 4465 2887 4520; x_wconf 89' lang='lat' dir='ltr'>ad</span> <span class='ocrx_word' id='word_1_439' title='bbox 2921 4465 3174 4537; x_wconf 91' lang='lat' dir='ltr'>propria,</span> <span class='ocrx_word' id='word_1_440' title='bbox 3198 4465 3436 4520; x_wconf 90' lang='lat' dir='ltr'>incenso</span> <span class='ocrx_word' id='word_1_441' title='bbox 3458 4466 3719 4520; x_wconf 77' lang='lat' dir='ltr'>cmnobio</span> <span class='ocrx_word' id='word_1_442' title='bbox 3742 4465 3927 4521; x_wconf 89' lang='lat' dir='ltr'>sancti</span> <span class='ocrx_word' id='word_1_443' title='bbox 3959 4468 4131 4536; x_wconf 86' lang='lat' dir='ltr'>Petri,</span> 
     </span>
    </p>
   </div>
   <div class='ocr_carea' id='block_1_68' title="bbox 2494 4553 4136 4624">
    <p class='ocr_par' dir='ltr' id='par_1_68' title="bbox 2494 4553 4136 4624">
     <span class='ocr_line' id='line_1_68' title="bbox 2494 4553 4136 4624; baseline 0.001 -15"><span class='ocrx_word' id='word_1_444' title='bbox 2494 4558 2831 4609; x_wconf 88' lang='lat' dir='ltr'>remanente</span> <span class='ocrx_word' id='word_1_445' title='bbox 2862 4553 2940 4608; x_wconf 91' lang='lat' dir='ltr'>ibi</span> <span class='ocrx_word' id='word_1_446' title='bbox 2973 4553 3339 4609; x_wconf 86' lang='lat' dir='ltr'>solummodo</span> <span class='ocrx_word' id='word_1_447' title='bbox 3371 4553 3622 4609; x_wconf 88' lang='lat' dir='ltr'>oratorio</span> <span class='ocrx_word' id='word_1_448' title='bbox 3652 4554 3832 4610; x_wconf 88' lang='lat' dir='ltr'>sancti</span> <span class='ocrx_word' id='word_1_449' title='bbox 3863 4555 4136 4624; x_wconf 88' lang='lat' dir='ltr'>Serotini,</span> 
     </span>
    </p>
   </div>
   <div class='ocr_carea' id='block_1_69' title="bbox 2497 4642 4135 4714">
    <p class='ocr_par' dir='ltr' id='par_1_69' title="bbox 2497 4642 4135 4714">
     <span class='ocr_line' id='line_1_69' title="bbox 2497 4642 4135 4714; baseline 0.002 -17"><span class='ocrx_word' id='word_1_450' title='bbox 2497 4643 2650 4714; x_wconf 91' lang='lat' dir='ltr'>quod</span> <span class='ocrx_word' id='word_1_451' title='bbox 2685 4642 2924 4697; x_wconf 90' lang='lat' dir='ltr'>minime</span> <span class='ocrx_word' id='word_1_452' title='bbox 2956 4646 3272 4714; x_wconf 90' lang='lat' dir='ltr'>potuerunt</span> <span class='ocrx_word' id='word_1_453' title='bbox 3302 4642 3628 4698; x_wconf 87' lang='lat' dir='ltr'>incendere.</span> <span class='ocrx_word' id='word_1_454' title='bbox 3653 4642 3909 4709; x_wconf 86' lang='lat' dir='ltr'>Qualiter</span> <span class='ocrx_word' id='word_1_455' title='bbox 3941 4649 4135 4700; x_wconf 87' lang='lat' dir='ltr'>autem</span> 
     </span>
    </p>
   </div>
   <div class='ocr_carea' id='block_1_70' title="bbox 2494 4729 4136 4801">
    <p class='ocr_par' dir='ltr' id='par_1_70' title="bbox 2494 4729 4136 4801">
     <span class='ocr_line' id='line_1_70' title="bbox 2494 4729 4136 4801; baseline 0.002 -17"><span class='ocrx_word' id='word_1_456' title='bbox 2494 4730 2827 4801; x_wconf 81' lang='lat' dir='ltr'>Willelmus</span> <span class='ocrx_word' id='word_1_457' title='bbox 2858 4729 3329 4801; x_wconf 84' lang='lat' dir='ltr'>archiepiscopus</span> <span class='ocrx_word' id='word_1_458' title='bbox 3360 4746 3604 4801; x_wconf 88' lang='lat' dir='ltr'>corpora</span> <span class='ocrx_word' id='word_1_459' title='bbox 3650 4730 3861 4786; x_wconf 89' lang='lat' dir='ltr'>horum</span> <span class='ocrx_word' id='word_1_460' title='bbox 3905 4736 4136 4789; x_wconf 87' lang='lat' dir='ltr'>sancto-</span> 
     </span>
    </p>
   </div>
   <div class='ocr_carea' id='block_1_71' title="bbox 2498 4816 4136 4889">
    <p class='ocr_par' dir='ltr' id='par_1_71' title="bbox 2498 4816 4136 4889">
     <span class='ocr_line' id='line_1_71' title="bbox 2498 4816 4136 4889; baseline 0.001 -16"><span class='ocrx_word' id='word_1_461' title='bbox 2498 4836 2628 4874; x_wconf 90' lang='lat' dir='ltr'>rum</span> <span class='ocrx_word' id='word_1_462' title='bbox 2658 4818 2905 4874; x_wconf 84' lang='lat' dir='ltr'>voluerit</span> <span class='ocrx_word' id='word_1_463' title='bbox 2951 4818 3215 4884; x_wconf 88' lang='lat' dir='ltr'>retinere,</span> <span class='ocrx_word' id='word_1_464' title='bbox 3247 4816 3333 4873; x_wconf 85' lang='lat' dir='ltr'>vel</span> <span class='ocrx_word' id='word_1_465' title='bbox 3365 4817 3615 4889; x_wconf 87' lang='lat' dir='ltr'>qualiter</span> <span class='ocrx_word' id='word_1_466' title='bbox 3643 4818 3773 4875; x_wconf 90' lang='lat' dir='ltr'>illos</span> <span class='ocrx_word' id='word_1_467' title='bbox 3802 4819 4136 4889; x_wconf 88' lang='lat' dir='ltr'>reddiderit,</span> 
     </span>
    </p>
   </div>
   <div class='ocr_carea' id='block_1_72' title="bbox 2497 4902 4141 4980">
    <p class='ocr_par' dir='ltr' id='par_1_72' title="bbox 2497 4902 4141 4980">
     <span class='ocr_line' id='line_1_72' title="bbox 2497 4902 4141 4980; baseline 0.002 -20"><span class='ocrx_word' id='word_1_468' title='bbox 2497 4902 2555 4960; x_wconf 85' lang='lat' dir='ltr'>in</span> <span class='ocrx_word' id='word_1_469' title='bbox 2588 4905 2783 4961; x_wconf 89' lang='lat' dir='ltr'>libello</span> <span class='ocrx_word' id='word_1_470' title='bbox 2813 4906 2883 4960; x_wconf 89' lang='lat' dir='ltr'>de</span> <span class='ocrx_word' id='word_1_471' title='bbox 2912 4906 3226 4961; x_wconf 86' lang='lat' dir='ltr'>virtutibus</span> <span class='ocrx_word' id='word_1_472' title='bbox 3258 4906 3442 4961; x_wconf 84' lang='lat' dir='ltr'>sancti</span> <span class='ocrx_word' id='word_1_473' title='bbox 3472 4905 3766 4962; x_wconf 87' lang='lat' dir='ltr'>Saviniani</span> <span class='ocrx_word' id='word_1_474' title='bbox 3794 4907 4026 4980; x_wconf 88' lang='lat' dir='ltr'>plenius</span> <span class='ocrx_word' id='word_1_475' title='bbox 4057 4908 4141 4963; x_wconf 86' lang='lat' dir='ltr'>in-</span> 
     </span>
    </p>
   </div>
   <div class='ocr_carea' id='block_1_73' title="bbox 2496 4993 4141 5070">
    <p class='ocr_par' dir='ltr' id='par_1_73' title="bbox 2496 4993 4141 5070">
     <span class='ocr_line' id='line_1_73' title="bbox 2496 4993 4141 5070; baseline 0.002 -21"><span class='ocrx_word' id='word_1_476' title='bbox 2496 4995 2709 5050; x_wconf 86' lang='lat' dir='ltr'>venies.</span> <span class='ocrx_word' id='word_1_477' title='bbox 2738 5017 2765 5044; x_wconf 85' lang='grc'><strong>››</strong></span> <span class='ocrx_word' id='word_1_478' title='bbox 2784 4993 3045 5049; x_wconf 77' lang='lat' dir='ltr'>Libellus</span> <span class='ocrx_word' id='word_1_479' title='bbox 3073 4995 3181 5049; x_wconf 87' lang='lat' dir='ltr'>iste</span> <span class='ocrx_word' id='word_1_480' title='bbox 3214 4994 3513 5067; x_wconf 89' lang='lat' dir='ltr'>ipsissima</span> <span class='ocrx_word' id='word_1_481' title='bbox 3557 4998 3646 5051; x_wconf 87' lang='lat' dir='ltr'>est</span> <span class='ocrx_word' id='word_1_482' title='bbox 3690 4995 3933 5052; x_wconf 88' lang='lat' dir='ltr'>historia</span> <span class='ocrx_word' id='word_1_483' title='bbox 3964 5014 4141 5070; x_wconf 91' lang='lat' dir='ltr'>quam</span> 
     </span>
    </p>
   </div>
   <div class='ocr_carea' id='block_1_74' title="bbox 2497 5082 3441 5154">
    <p class='ocr_par' dir='ltr' id='par_1_74' title="bbox 2497 5082 3441 5154">
     <span class='ocr_line' id='line_1_74' title="bbox 2497 5082 3441 5154; baseline -0.004 -16"><span class='ocrx_word' id='word_1_484' title='bbox 2497 5082 2592 5138; x_wconf 90' lang='lat' dir='ltr'>hic</span> <span class='ocrx_word' id='word_1_485' title='bbox 2624 5082 2991 5154; x_wconf 88' lang='lat' dir='ltr'>subjicimus.</span> <span class='ocrx_word' id='word_1_486' title='bbox 3436 5142 3441 5148; x_wconf 35' lang='grc'>,</span> 
     </span>
    </p>
   </div>
   <div class='ocr_carea' id='block_1_75' title="bbox 2573 5171 4143 5230">
    <p class='ocr_par' dir='ltr' id='par_1_75' title="bbox 2573 5171 4143 5230">
     <span class='ocr_line' id='line_1_75' title="bbox 2573 5171 4143 5230; baseline 0.002 -3"><span class='ocrx_word' id='word_1_487' title='bbox 2573 5173 2625 5227; x_wconf 88' lang='grc'>3.</span> <span class='ocrx_word' id='word_1_488' title='bbox 2660 5172 2779 5227; x_wconf 89' lang='lat' dir='ltr'>Sub</span> <span class='ocrx_word' id='word_1_489' title='bbox 2811 5188 3030 5226; x_wconf 87' lang='lat' dir='ltr'>annum</span> <span class='ocrx_word' id='word_1_490' title='bbox 3067 5172 3205 5226; x_wconf 88' lang='grc'><strong>1015</strong></span> <span class='ocrx_word' id='word_1_491' title='bbox 3253 5171 3627 5229; x_wconf 89' lang='lat' dir='ltr'>Leothericus</span> <span class='ocrx_word' id='word_1_492' title='bbox 3672 5174 4023 5230; x_wconf 90' lang='lat' dir='ltr'>Senonensis</span> <span class='ocrx_word' id='word_1_493' title='bbox 4051 5191 4143 5230; x_wconf 87' lang='lat' dir='ltr'>ar-</span> 
     </span>
    </p>
   </div>
   <div class='ocr_carea' id='block_1_76' title="bbox 2504 5260 4147 5336">
    <p class='ocr_par' dir='ltr' id='par_1_76' title="bbox 2504 5260 4147 5336">
     <span class='ocr_line' id='line_1_76' title="bbox 2504 5260 4147 5336; baseline 0.002 -21"><span class='ocrx_word' id='word_1_494' title='bbox 2504 5260 2909 5332; x_wconf 86' lang='lat' dir='ltr'>chiepiscopus</span> <span class='ocrx_word' id='word_1_495' title='bbox 2930 5277 3046 5314; x_wconf 90' lang='lat' dir='ltr'>una</span> <span class='ocrx_word' id='word_1_496' title='bbox 3062 5276 3195 5315; x_wconf 88' lang='lat' dir='ltr'>cum</span> <span class='ocrx_word' id='word_1_497' title='bbox 3214 5281 3240 5310; x_wconf 87' lang='grc'>‹‹</span> <span class='ocrx_word' id='word_1_498' title='bbox 3259 5261 3465 5315; x_wconf 87' lang='lat' dir='ltr'>abbate</span> <span class='ocrx_word' id='word_1_499' title='bbox 3488 5261 3778 5317; x_wconf 82' lang='lat' dir='ltr'>Rainardo</span> <span class='ocrx_word' id='word_1_500' title='bbox 3800 5262 4147 5336; x_wconf 87' lang='lat' dir='ltr'>investigare</span> 
     </span>
    </p>
   </div>
   <div class='ocr_carea' id='block_1_77' title="bbox 2506 5348 4143 5423">
    <p class='ocr_par' dir='ltr' id='par_1_77' title="bbox 2506 5348 4143 5423">
     <span class='ocr_line' id='line_1_77' title="bbox 2506 5348 4143 5423; baseline 0.001 -21"><span class='ocrx_word' id='word_1_501' title='bbox 2506 5349 2677 5420; x_wconf 85' lang='lat' dir='ltr'>coepit</span> <span class='ocrx_word' id='word_1_502' title='bbox 2706 5348 2945 5403; x_wconf 89' lang='lat' dir='ltr'>ubinam</span> <span class='ocrx_word' id='word_1_503' title='bbox 2989 5352 3185 5403; x_wconf 88' lang='lat' dir='ltr'>essent</span> <span class='ocrx_word' id='word_1_504' title='bbox 3217 5348 3512 5404; x_wconf 87' lang='lat' dir='ltr'>recondita</span> <span class='ocrx_word' id='word_1_505' title='bbox 3542 5366 3783 5423; x_wconf 91' lang='lat' dir='ltr'>corpora</span> <span class='ocrx_word' id='word_1_506' title='bbox 3811 5356 4143 5407; x_wconf 85' lang='lat' dir='ltr'>sanctorum</span> 
     </span>
    </p>
   </div>
   <div class='ocr_carea' id='block_1_78' title="bbox 644 5434 4142 5519">
    <p class='ocr_par' dir='ltr' id='par_1_78' title="bbox 644 5434 4142 5519">
     <span class='ocr_line' id='line_1_78' title="bbox 644 5434 4142 5519; baseline -0.002 -20"><span class='ocrx_word' id='word_1_507' title='bbox 644 5445 872 5519; x_wconf 85' lang='lat' dir='ltr'>pergit</span> <span class='ocrx_word' id='word_1_508' title='bbox 918 5437 1219 5503; x_wconf 85' lang='lat' dir='ltr'>Clarius,</span> <span class='ocrx_word' id='word_1_509' title='bbox 1250 5460 1277 5488; x_wconf 89' lang='grc'>‹‹</span> <span class='ocrx_word' id='word_1_510' title='bbox 1306 5437 1658 5511; x_wconf 86' lang='lat' dir='ltr'>Hungari....</span> <span class='ocrx_word' id='word_1_511' title='bbox 1693 5436 2094 5509; x_wconf 89' lang='lat' dir='ltr'>pervenientes</span> <span class='ocrx_word' id='word_1_512' title='bbox 2141 5438 2397 5492; x_wconf 86' lang='lat' dir='ltr'>Senones</span> <span class='ocrx_word' id='word_1_513' title='bbox 2506 5434 2800 5491; x_wconf 86' lang='lat' dir='ltr'>Saviniani</span> <span class='ocrx_word' id='word_1_514' title='bbox 2831 5439 2888 5490; x_wconf 88' lang='lat' dir='ltr'>et</span> <span class='ocrx_word' id='word_1_515' title='bbox 2935 5436 3278 5491; x_wconf 88' lang='lat' dir='ltr'>Potentiani.</span> <span class='ocrx_word' id='word_1_516' title='bbox 3310 5439 3356 5491; x_wconf 93' lang='lat' dir='ltr'><strong>A</strong></span> <span class='ocrx_word' id='word_1_517' title='bbox 3402 5441 3657 5509; x_wconf 89' lang='lat' dir='ltr'>tempore</span> <span class='ocrx_word' id='word_1_518' title='bbox 3705 5438 3861 5494; x_wconf 89' lang='lat' dir='ltr'>enim</span> <span class='ocrx_word' id='word_1_519' title='bbox 3890 5438 4142 5494; x_wconf 84' lang='lat' dir='ltr'>Willelm</span> 
     </span>
    </p>
   </div>
   <div class='ocr_carea' id='block_1_79' title="bbox 644 5524 2393 5598">
    <p class='ocr_par' dir='ltr' id='par_1_79' title="bbox 644 5524 2393 5598">
     <span class='ocr_line' id='line_1_79' title="bbox 644 5524 2393 5598; baseline -0.009 -6"><span class='ocrx_word' id='word_1_520' title='bbox 644 5536 1032 5598; x_wconf 83' lang='lat' dir='ltr'>civitatem,</span> <span class='ocrx_word' id='word_1_521' title='bbox 1068 5527 1476 5581; x_wconf 86' lang='lat' dir='ltr'>incenderunt</span> <span class='ocrx_word' id='word_1_522' title='bbox 1509 5526 1831 5582; x_wconf 80' lang='lat' dir='ltr'>ccenobium</span> <span class='ocrx_word' id='word_1_523' title='bbox 1880 5524 2061 5579; x_wconf 86' lang='lat' dir='ltr'>sancti</span> <span class='ocrx_word' id='word_1_524' title='bbox 2096 5524 2271 5590; x_wconf 88' lang='lat' dir='ltr'>Petri,</span> <span class='ocrx_word' id='word_1_525' title='bbox 2298 5542 2393 5578; x_wconf 88' lang='lat' dir='ltr'>va-</span> 
     </span>
    </p>
   </div>
   <div class='ocr_carea' id='block_1_80' title="bbox 644 5612 2393 5685">
    <p class='ocr_par' dir='ltr' id='par_1_80' title="bbox 644 5612 2393 5685">
     <span class='ocr_line' id='line_1_80' title="bbox 644 5612 2393 5685; baseline -0.008 -6"><span class='ocrx_word' id='word_1_526' title='bbox 644 5626 915 5681; x_wconf 80' lang='lat' dir='ltr'>stantes</span> <span class='ocrx_word' id='word_1_527' title='bbox 954 5630 1235 5674; x_wconf 85' lang='lat' dir='ltr'>omnem</span> <span class='ocrx_word' id='word_1_528' title='bbox 1264 5614 1640 5685; x_wconf 89' lang='lat' dir='ltr'>provinciam.</span> <span class='ocrx_word' id='word_1_529' title='bbox 1666 5616 1916 5669; x_wconf 81' lang='lat' dir='ltr'>Cernens</span> <span class='ocrx_word' id='word_1_530' title='bbox 1949 5612 2145 5683; x_wconf 88' lang='lat' dir='ltr'>itaque</span> <span class='ocrx_word' id='word_1_531' title='bbox 2170 5612 2393 5667; x_wconf 83' lang='lat' dir='ltr'>Sanson</span> 
     </span>
    </p>
   </div>
   <div class='ocr_carea' id='block_1_81' title="bbox 643 5699 2393 5777">
    <p class='ocr_par' dir='ltr' id='par_1_81' title="bbox 643 5699 2393 5777">
     <span class='ocr_line' id='line_1_81' title="bbox 643 5699 2393 5777; baseline -0.008 -5"><span class='ocrx_word' id='word_1_532' title='bbox 643 5714 863 5772; x_wconf 78' lang='lat' dir='ltr'>abbas</span> <span class='ocrx_word' id='word_1_533' title='bbox 921 5711 999 5765; x_wconf 85' lang='lat' dir='ltr'>et</span> <span class='ocrx_word' id='word_1_534' title='bbox 1062 5701 1360 5759; x_wconf 83' lang='lat' dir='ltr'>monachi</span> <span class='ocrx_word' id='word_1_535' title='bbox 1416 5702 1639 5759; x_wconf 86' lang='lat' dir='ltr'>malum</span> <span class='ocrx_word' id='word_1_536' title='bbox 1698 5701 1804 5756; x_wconf 89' lang='lat' dir='ltr'>hoc</span> <span class='ocrx_word' id='word_1_537' title='bbox 1855 5699 2094 5777; x_wconf 85' lang='lat' dir='ltr'>grande,</span> <span class='ocrx_word' id='word_1_538' title='bbox 2155 5699 2393 5758; x_wconf 87' lang='lat' dir='ltr'>consilio</span> 
     </span>
    </p>
   </div>
   <div class='ocr_carea' id='block_1_82' title="bbox 1041 5827 1612 5894">
    <p class='ocr_par' dir='ltr' id='par_1_82' title="bbox 1041 5827 1612 5894">
     <span class='ocr_line' id='line_1_82' title="bbox 1041 5827 1612 5894; baseline -0.007 -1"><span class='ocrx_word' id='word_1_539' title='bbox 1041 5830 1338 5894; x_wconf 71' lang='lat' dir='ltr'>PATROL.</span> <span class='ocrx_word' id='word_1_540' title='bbox 1383 5827 1612 5890; x_wconf 83' lang='lat' dir='ltr'>CXLII.</span> 
     </span>
    </p>
   </div>
   <div class='ocr_carea' id='block_1_83' title="bbox 2507 5523 4143 5597">
    <p class='ocr_par' dir='ltr' id='par_1_83' title="bbox 2507 5523 4143 5597">
     <span class='ocr_line' id='line_1_83' title="bbox 2507 5523 4143 5597; baseline -0.004 -16"><span class='ocrx_word' id='word_1_541' title='bbox 2507 5523 2927 5595; x_wconf 88' lang='lat' dir='ltr'>archiepiscopi</span> <span class='ocrx_word' id='word_1_542' title='bbox 2949 5525 3022 5577; x_wconf 92' lang='lat' dir='ltr'>ob</span> <span class='ocrx_word' id='word_1_543' title='bbox 3048 5524 3314 5580; x_wconf 88' lang='lat' dir='ltr'>timorem</span> <span class='ocrx_word' id='word_1_544' title='bbox 3336 5540 3694 5597; x_wconf 87' lang='lat' dir='ltr'>paganorum</span> <span class='ocrx_word' id='word_1_545' title='bbox 3723 5532 3889 5581; x_wconf 87' lang='lat' dir='ltr'>erant</span> <span class='ocrx_word' id='word_1_546' title='bbox 3909 5527 4143 5581; x_wconf 87' lang='lat' dir='ltr'>abscon-</span> 
     </span>
    </p>
   </div>
   <div class='ocr_carea' id='block_1_84' title="bbox 2505 5612 4140 5685">
    <p class='ocr_par' dir='ltr' id='par_1_84' title="bbox 2505 5612 4140 5685">
     <span class='ocr_line' id='line_1_84' title="bbox 2505 5612 4140 5685; baseline -0.006 -17"><span class='ocrx_word' id='word_1_547' title='bbox 2505 5613 2627 5668; x_wconf 90' lang='lat' dir='ltr'>dita</span> <span class='ocrx_word' id='word_1_548' title='bbox 2654 5612 2713 5667; x_wconf 91' lang='lat' dir='ltr'>in</span> <span class='ocrx_word' id='word_1_549' title='bbox 2745 5612 2950 5667; x_wconf 86' lang='lat' dir='ltr'>antris.</span> <span class='ocrx_word' id='word_1_550' title='bbox 2986 5613 3250 5684; x_wconf 83' lang='lat' dir='ltr'>Repertis</span> <span class='ocrx_word' id='word_1_551' title='bbox 3281 5618 3477 5668; x_wconf 89' lang='lat' dir='ltr'>autem</span> <span class='ocrx_word' id='word_1_552' title='bbox 3510 5615 3593 5668; x_wconf 84' lang='lat' dir='ltr'>eis</span> <span class='ocrx_word' id='word_1_553' title='bbox 3622 5630 3726 5685; x_wconf 88' lang='lat' dir='ltr'>per</span> <span class='ocrx_word' id='word_1_554' title='bbox 3753 5613 4013 5668; x_wconf 88' lang='lat' dir='ltr'>notitiam</span> <span class='ocrx_word' id='word_1_555' title='bbox 4042 5624 4140 5662; x_wconf 83' lang='lat' dir='ltr'>cu-</span> 
     </span>
    </p>
   </div>
   <div class='ocr_carea' id='block_1_85' title="bbox 2497 5694 4135 5775">
    <p class='ocr_par' dir='ltr' id='par_1_85' title="bbox 2497 5694 4135 5775">
     <span class='ocr_line' id='line_1_85' title="bbox 2497 5694 4135 5775; baseline -0.008 -18"><span class='ocrx_word' id='word_1_556' title='bbox 2497 5701 2739 5775; x_wconf 85' lang='lat' dir='ltr'>jusdam</span> <span class='ocrx_word' id='word_1_557' title='bbox 2779 5699 3058 5771; x_wconf 86' lang='lat' dir='ltr'>veterani,</span> <span class='ocrx_word' id='word_1_558' title='bbox 3092 5700 3324 5759; x_wconf 88' lang='lat' dir='ltr'>Martini</span> <span class='ocrx_word' id='word_1_559' title='bbox 3385 5701 3617 5759; x_wconf 88' lang='lat' dir='ltr'>nomine</span> <span class='ocrx_word' id='word_1_560' title='bbox 3674 5700 3827 5757; x_wconf 86' lang='lat' dir='ltr'>servi</span> <span class='ocrx_word' id='word_1_561' title='bbox 3883 5694 4135 5771; x_wconf 83' lang='lat' dir='ltr'>ejusdem</span> 
     </span>
    </p>
   </div>
   <div class='ocr_carea' id='block_1_86' title="bbox 3745 5821 3827 5879">
    <p class='ocr_par' dir='ltr' id='par_1_86' title="bbox 3745 5821 3827 5879">
     <span class='ocr_line' id='line_1_86' title="bbox 3745 5821 3827 5879; baseline 0.024 -2"><span class='ocrx_word' id='word_1_562' title='bbox 3745 5821 3827 5879; x_wconf 74' lang='grc'><strong>25</strong></span> 
     </span>
    </p>
   </div>
  </div>
