4954 6408
732 438 855 505 ’185

1474 447 1578 511 DE
1617 450 2051 517 TRANSLAT.
2101 454 2211 517 SS.
2256 450 2685 531 SAVINIANI,
2719 458 3221 540 POTENTIANI,
3262 464 3435 531 ETC.

4009 465 4127 535 786

728 590 873 631 rens
899 589 1000 648 per
1018 572 1286 647 ejusdem
1309 579 1516 652 capitis
1543 598 1969 655 percussuram.
1982 587 2154 643 Porro
2181 586 2375 643 inven—
2403 587 2455 654 Α
2485 588 2647 643 curia
2679 590 2874 649 fratris
2905 594 3324 670 exstinguenda
3356 599 3884 679 difﬁnierat,magis
3913 604 4127 664 illumi-

727 662 814 719 tio
845 681 1154 736 corporum
1185 670 1520 727 sanctorum
1554 675 1873 745 martyrum
1896 674 2150 731 Gervasii
2172 679 2228 731 et
2248 676 2375 731 Pro-

722 752 1023 825 tasii.qua3
1057 754 1209 809 facta
1237 759 1326 811 est
1353 773 1388 811 a
1416 763 1616 814 sancto
1638 763 1946 818 Ambrosio
1973 765 2242 837 episcopo
2264 765 2376 820 Me-

723 840 975 907 diolani,
1012 844 1079 896 ut
1107 841 1233 914 ipse
1264 844 1471 900 beatus
1503 863 1610 902 sua
1635 849 1866 921 propria
1897 868 2074 906 manu
2119 853 2371 924 scripsit,

719 932 927 984 narrat
952 930 1156 985 eodem
1188 932 1360 987 modo
1382 932 1440 987 in
1459 936 1833 1009 sarcophagis
1853 940 2194 995 marmoreis
2218 941 2373 1011 ipsos

717 1022 987 1088 repertos
1036 1019 1253 1074 recenti
1305 1021 1589 1095 sanguine
1636 1026 1919 1095 perfusos,
1955 1029 2120 1099 quasi
2168 1046 2232 1085 eo
2281 1030 2373 1085 die

718 1105 991 1176 ipsorum
1021 1106 1213 1179 capita
1241 1108 1433 1181 gladio
1465 1108 1711 1168 fuissent
1740 1130 1905 1171 caesa.
1948 1116 2159 1172 Verum
2199 1123 2372 1190 caput

716 1194 911 1249 nostri
946 1196 1220 1267 martyris
1239 1197 1430 1253 tribus
1455 1200 1930 1271 percussionibus
1950 1203 2127 1276 gladii
2149 1205 2328 1261 ictum
2353 1224 2365 1261 :

718 1282 857 1337 duae
891 1299 1078 1354 usque
1106 1285 1177 1339 ad
1210 1301 1464 1356 praesens
1495 1292 1735 1344 manent
1759 1307 1961 1347 cruore
1998 1293 2327 1365 sanguineae
2354 1311 2366 1362 ;

714 1370 920 1437 tertia,
952 1388 1102 1443 quae,
1136 1376 1202 1428 ut
1229 1377 1490 1445 putatur,
1523 1375 1833 1449 gloriosam
1861 1384 2105 1436 mortem
2150 1381 2365 1451 intulit,

720 1457 871 1514 nihil
898 1459 1075 1516 habet
1104 1462 1412 1535 sanguinei
1441 1465 1684 1521 cruoris.

1046 1578 1179 1631 CAP.
1204 1576 1297 1632 IV.
1330 1583 1410 1633 De
1438 1594 1577 1636 caeco
1606 1580 1688 1635 ibi
1717 1581 2046 1640 itluminato.

780 1681 878 1736 Ad
911 1684 1135 1736 tantam
1168 1680 1593 1741 solemnitatem
1616 1702 1749 1741 cum
1772 1692 1975 1744 czetera
1997 1689 2371 1788 plebecaecus

712 1769 966 1842 quidam
996 1769 1278 1841 venit,qui
1310 1771 1582 1829 virtutem
1616 1776 1887 1847 martyris
1921 1777 1979 1832 in
2013 1796 2120 1833 sua
2149 1769 2363 1834 illumil

708 1857 955 1913 natione
986 1859 1448 1929 persensitzorat
1479 1878 1731 1934 namque
1753 1868 1817 1919 ut
1845 1864 2108 1921 Christus
2131 1868 2200 1923 de
2222 1873 2366 1924 teste

706 1945 1051 2003 ostenderet
1081 1946 1284 2017 quanti
1314 1949 1467 2018 apud
1503 1966 1565 2004 se
1595 1950 1783 2005 meriti
1817 1957 1987 2020 esset,
2008 1959 2064 2010 et
2096 1957 2144 2010 si
2177 1973 2242 2011 ea
2274 1974 2366 2012 res
2396 1949 2442 2013 Β

704 2051 831 2106 quae
875 2034 1053 2089 fiebat
1077 2032 1163 2089 illi
1197 2034 1468 2106 placeret,
1503 2037 1715 2108 quibus
1747 2056 1976 2113 semper
2006 2043 2214 2098 enituit
2253 2046 2361 2100 mi-

702 2120 933 2191 raculis
965 2121 1305 2183 declararet.
1340 2124 1499 2179 Oculi
1533 2126 1661 2181 caeci
1694 2126 1980 2202 lacrymas
2024 2132 2277 2188 fundunt
2306 2139 2364 2189 et

700 2210 759 2265 in
790 2208 1016 2264 mentis
1038 2210 1160 2265 acie
1183 2211 1316 2266 fidei
1341 2210 1566 2268 lumina
1587 2217 2208 2287 surgunt,humilitatis
2230 2239 2364 2293 sup-

700 2298 947 2374 plicatio
991 2298 1204 2353 coelum
1255 2304 1519 2381 penetrat
1566 2306 1622 2357 et
1667 2303 1986 2362 divinitatis
2033 2307 2238 2363 faciem
2287 2311 2359 2365 ad

704 2385 1177 2443 misericordiam
1210 2386 1481 2455 inclinat;
1517 2389 1682 2445 miles
1719 2390 1965 2448 invictus
2013 2395 2217 2451 ducem
2244 2397 2361 2452 im-

700 2473 986 2547 plorat,et
1012 2474 1136 2544 agit
1167 2478 1230 2529 ut
1258 2479 1314 2529 et
1344 2492 1497 2531 nunc
1529 2477 1750 2533 militiae
1780 2482 2103 2537 mercedem
2135 2485 2356 2553 reddat;

701 2563 973 2619 ostendit
1002 2561 1265 2630 Vulnera,
1299 2562 1525 2619 labores
1557 2572 1880 2634 enumerat,
1916 2587 2226 2627 numerum
2261 2590 2359 2628 su-

698 2653 918 2707 dorum
957 2655 1239 2715 recenset,
1273 2656 1329 2705 et
1354 2658 1638 2723 quantum
1672 2655 1781 2710 sibi
1817 2673 1918 2726 pro
1950 2658 2042 2713 his
2083 2660 2360 2716 debeatur

696 2741 889 2795 docet.
929 2737 1185 2794 Proximi
1219 2756 1364 2794 cmco
1396 2740 1455 2794 in
1487 2742 1745 2797 oratione
1767 2745 2182 2816 junguntur,et
2202 2751 2355 2820 quod

690 2846 798 2902 per
828 2844 895 2885 se
929 2826 1156 2899 nequit,
1188 2826 1575 2900 lacrymarum
1608 2830 1913 2887 collatione
1971 2839 2252 2904 meretur;
2287 2838 2356 2892 de

686 2916 832 2973 caelo
862 2915 1063 2971 latens
1095 2915 1383 2971 medicina
1399 2917 1717 2973 dimittitur
1735 2924 1791 2975 et
1806 2921 2105 2977 oculorum
2130 2926 2353 2982 scabies

688 3021 873 3059 manu
910 3002 1154 3076 pietatis
1187 3003 1775 3075 abstergitur,videns
1806 3025 1989 3064 caacus
2014 3010 2202 3067 socios
2225 3029 2356 3068 con-

682 3096 911 3162 tuetur,
949 3095 1009 3147 et
1058 3092 1214 3163 quod
1265 3092 1490 3148 dudum
1538 3093 1940 3165 desperaverat
1979 3115 2105 3154 sese
2139 3099 2352 3157 habere

684 3180 1291 3236 miratur.Salvatoris
1315 3179 1622 3237 clementia
1652 3183 2033 3254 collaudatur,
2050 3186 2214 3259 plebs
2244 3188 2348 3244 viri

681 3254 890 3324 saluti~
916 3267 1383 3339 congratulatur,
1413 3270 1684 3341 martyris
1734 3274 2052 3329 reverentia
2100 3275 2154 3329 in
2207 3293 2344 3349 aug-
2378 3302 2420 3368 α

680 3360 966 3413 mentum
1001 3355 1299 3411 dilatatur.
1333 3355 1571 3412 Talibus
1602 3357 1721 3413 haec
1751 3359 1875 3415 dies
1906 3360 2155 3434 insignis
2187 3365 2345 3435 adja-

680 3445 840 3501 centi
870 3444 1098 3518 populo
1130 3447 1359 3500 constat
1388 3461 1515 3501 esse
1540 3445 1838 3503 solemnis.

772 3568 921 3625 CAP.
956 3566 1030 3622 V.
1066 3568 1139 3623 De
1162 3567 1412 3639 lampade
1440 3583 1567 3646 qua?
1593 3578 1718 3625 ante
1744 3587 1935 3646 corpus
1957 3573 2074 3644 ejus
2100 3578 2261 3646 quasi

1093 3638 1285 3711 sponte
1305 3655 1408 3695 sua
1436 3638 1629 3696 ardere
1657 3638 1953 3697 consuevit.

756 3755 838 3809 De
867 3751 1154 3825 lampade
1182 3768 1337 3819 vero,
1369 3769 1496 3824 quae
1525 3757 1659 3809 ante
1688 3770 1921 3811 sacrum
1960 3759 2089 3828 ejus
2136 3777 2345 3832 corpus

673 3842 893 3897 ardere
926 3840 1237 3897 consuevit
1266 3844 1463 3897 noctes
1514 3844 1572 3897 et
1618 3842 1763 3910 dies,
1815 3847 1871 3898 et
1916 3850 2049 3901 ante
2095 3847 2343 3905 aliorum

672 3927 1404 3985 nobisinnumerabilium
1425 3933 1760 3985 sanctorum
1776 3934 2107 3990 membrain
2123 3942 2340 4009 crypta,

668 4035 802 4090 qua:
850 4015 1133 4089 lapidum
1186 4015 1550 4072 volubilitate
1597 4022 1930 4075 constructa
1972 4024 2256 4091 consistit,
2289 4030 2345 4081 et

668 4108 940 4162 arcubus
973 4108 1310 4160 sustentata
1333 4105 1605 4161 decenter
1634 4106 1949 4177 stabilitur,
1970 4109 2189 4181 aliquid
2210 4130 2341 4168 nar-

666 4212 799 4250 rare
824 4198 895 4250 ut
922 4211 1043 4249 vox
1064 4192 1389 4249 videntium
1418 4195 2011 4263 testatur,absurdum
2036 4216 2149 4253 non
2174 4201 2344 4257 debet

666 4283 884 4338 videri.
917 4283 1343 4353 Sepenumero
1373 4282 1633 4337 accidere
1680 4281 1826 4337 solet
1874 4288 1937 4338 ut
1984 4285 2218 4357 pigritia
2243 4304 2340 4342 cu-

576 4374 582 4379 ’
666 4372 861 4427 stodis
893 4370 1113 4426 lumen
1144 4370 1435 4441 lampadis
1461 4370 1780 4425 deﬁciendo
1803 4371 2114 4441 decidat,et
2134 4375 2343 4431 deinde

668 4464 917 4531 repente
952 4457 1295 4513 illuminata
1325 4457 1608 4514 clariﬁcos
1642 4459 1805 4530 ignes
1847 4456 2099 4529 emittat;
2142 4468 2197 4517 et
2226 4481 2340 4520 non

666 4547 1108 4605 tantummodo
1135 4563 1256 4602 una
1287 4546 1432 4601 hora
1456 4545 1542 4602 vel
1596 4546 1689 4602 die
1732 4546 1921 4603 lucem
1952 4548 2340 4608 clarissimam

664 4638 951 4693 emittere
985 4634 1336 4701 dicitur,sed
1359 4635 1538 4690 trium
1570 4635 1794 4691 dierum
1819 4637 2004 4725 spatio
2030 4643 2084 4693 et
2106 4639 2341 4697 totidem
2373 4660 2419 4725 Β

664 4726 941 4782 noctium
979 4725 1260 4780 tenebras
1290 4723 1656 4796 pcllere.Ha:c
1677 4723 1854 4796 igitur
1873 4724 2099 4798 lampas
2122 4734 2345 4785 sancto-

663 4831 797 4869 rum
835 4812 1145 4869 divinitus
1176 4811 1521 4884 plerumque
1553 4812 1926 4868 succenditur
1954 4819 2009 4870 et
2039 4816 2161 4872 sine
2188 4818 2341 4873 infu-

661 4902 831 4959 sione
866 4901 1171 4966 olei,tunc
1197 4901 1426 4973 scirpus
1459 4900 1850 4957 clarissimum
1885 4901 2079 4958 lumen
2107 4906 2337 4974 emittit,

658 4992 740 5046 ita
771 4997 842 5046 ut
874 4989 1153 5045 lucidius
1183 4988 1490 5061 splendeat
1537 5005 1711 5060 quam
1761 4994 1973 5045 caztera:
2016 4990 2337 5065 lampades,

658 5097 810 5153 quas
841 5093 1086 5135 manus
1118 5076 1378 5132 humana
1395 5076 1521 5133 oleo
1544 5078 1852 5148 superfuso
1875 5077 2339 5150 illuminat,libro

656 5168 893 5240 liquore
926 5163 1272 5221 madefacto
1310 5165 1560 5236 igneque
1605 5166 1928 5237 supposito,
1963 5171 2067 5224 etc.
2105 5168 2338 5226 Nostro-

660 5274 792 5315 rum
826 5255 1102 5330 quidam
1133 5253 1381 5308 fratrum
1412 5255 1582 5325 cujus
1606 5253 1809 5309 faciem
1833 5271 1966 5309 cum
1991 5256 2223 5313 nomine
2246 5275 2341 5313 no-

657 5347 1116 5412 vimus,verum
1149 5340 1241 5396 hic
1267 5341 1506 5397 obtentu
1532 5343 1659 5413 ejus
1691 5342 2032 5398 nominatim
2058 5362 2171 5400 non
2196 5346 2336 5402 desi-

660 5434 1009 5508 guavimus,
1048 5446 1238 5485 causa
1262 5429 1643 5498 necessitatis,
1681 5434 1741 5485 ut
1774 5430 2045 5498 diximus,
2077 5434 2338 5504 ejusdem

661 5524 916 5580 lucernae
952 5518 1351 5590 cxstinguens
1378 5518 1698 5574 insufflavit
1728 5518 2041 5577 luminaria
2083 5525 2335 5593 quadam

660 5612 752 5670 die
785 5613 990 5669 tribus
1024 5605 1301 5663 vicibus:
1335 5625 1461 5678 qua:
1493 5607 1575 5662 sic
1607 5607 1883 5663 divinitus
1910 5626 2025 5662 suae
2057 5610 2337 5669 claritatis

658 5720 761 5774 per
791 5698 1085 5773 singulas
1119 5694 1275 5749 vices
1307 5695 1519 5767 recepit
1550 5695 1793 5763 lumina,
1831 5702 1891 5750 ut
1942 5702 2223 5767 quantum
2249 5699 2333 5754 in-

2484 692 2632 731 nans
2662 680 3137 742 subministraret
3166 687 3415 744 caelestis
3445 689 3739 761 divinitas,
3768 697 3872 749 ctc.

2482 776 2616 837 CAP.
2766 787 3106 867 De_siccz'_tate
3135 800 3186 847 et
3211 794 3421 867 pluvia:
3451 796 3745 867 infusione,
3780 803 3833 854 et
3855 800 3919 856 de
3946 803 4126 858 διιαυί-

2639 858 2768 911 tatis
2796 859 2955 915 odore
2985 862 3040 915 in
3071 858 3251 919 sancti
3278 858 3575 923 Saviniani
3603 858 3967 927 translatione

2552 941 2940 1003 Miserationis
2970 949 3069 1004 Dei
3101 950 3617 1012 clementissimam
3641 958 4120 1031 misericordiam,

2482 1045 2659 1100 quam
2693 1048 2868 1102 penes
2900 1037 3153 1108 regionis
3188 1045 3395 1097 nostrae
3421 1044 3601 1101 situm
3633 1062 3736 1117 pro
3758 1047 3963 1104 merito
3994 1065 4124 1105 san-

2480 1117 2727 1173 ctissimi
2761 1124 3034 1195 martyris
3061 1128 3354 1185 Saviniani
3383 1132 3554 1188 nobis
3581 1133 3734 1190 Deus
3765 1134 4019 1193 clemens
4041 1153 4124 1193 re-

2479 1209 2602 1261 ctor
2625 1212 3251 1279 concesserit,arbitror
3274 1220 3540 1290 pauculis
3567 1222 3758 1278 verbis
3788 1223 4119 1283 futurorum

2477 1296 2770 1353 memoriae
2801 1304 3279 1360 commendare.A
3301 1309 3519 1379 pascha
3547 1310 3702 1367 enim
3731 1311 4118 1385 Domini,qua3

2477 1385 2565 1470 est
2594 1383 2933 1444 solemnitas
2962 1389 3399 1451 solemnitatum
3447 1401 3503 1453 et
3545 1397 3740 1470 gloriae
3783 1400 3961 1457 decus
3990 1383 4118 1458 om-

2477 1467 2639 1526 nium
2692 1472 3177 1547 Christianorum,
3228 1499 3345 1537 non
3398 1467 3716 1542 stillaverat
3768 1488 4002 1561 penitus
4048 1490 4121 1546 de

2480 1557 2623 1613 cmlo
2652 1558 2865 1631 pluvia,
2899 1568 2955 1619 et
2986 1571 3376 1625 marcescebat
3403 1571 3621 1628 humus
3646 1557 3864 1632 crebris
3892 1577 4121 1634 scissio-

2475 1642 2650 1701 nibus
2670 1646 2810 1703 ﬁssa
2826 1666 3012 1722 usque
3030 1651 3088 1707 in
3108 1654 3262 1711 diem
3280 1657 3679 1716 translationis
3701 1662 3751 1732 ej
3761 1663 3959 1719 us.Die
3979 1680 4114 1736 ergo

2475 1748 2590 1803 quo
2622 1734 2987 1792 sublevatum
3019 1743 3109 1795 est
3137 1758 3348 1814 corpus
3379 1748 3696 1817 supradicti
3727 1750 3997 1821 martyris
4043 1734 4117 1807 de

2474 1818 2598 1875 loco
2629 1823 2869 1895 antiquo
2899 1829 3143 1899 propria:
3175 1835 3621 1905 repausationis,
3656 1818 3953 1894 descendit
3986 1839 4113 1910 plu-

2471 1908 2697 1965 viarum
2725 1912 2958 1984 copiosa
2987 1917 3346 1975 abundantia
3377 1926 3432 1977 et
3462 1927 3617 1980 terra
3643 1926 3868 1997 privata
3894 1931 3983 1983 est
4010 1926 4117 1984 sic-

2469 1996 2641 2054 citate
2672 2016 2795 2055 sua.
2833 2006 3010 2057 Datur
3052 2023 3206 2062 nunc
3239 2013 3501 2080 patenter
3545 1996 3788 2087 intelligi
3820 2016 3973 2088 quod
4017 2031 4111 2073 re-

2471 2086 2723 2157 spexerit
2751 2089 2904 2145 Deus
2936 2091 3327 2152 humilitatem
3381 2116 3699 2173 pauperum
3742 2086 3983 2159 suorum
4015 2121 4117 2175 per

2473 2178 2785 2248 martyrem
2816 2179 3215 2251 Savinianum,
3251 2188 3458 2243 merito
3488 2189 3599 2244 sibi
3631 2194 3947 2263 gratum,et
3974 2193 4118 2249 afﬂi-

2470 2267 2620 2319 ctam
2653 2266 2898 2335 patriam
2927 2271 3172 2338 penuria
3200 2271 3406 2344 pluviae
3436 2275 3605 2347 plene
3636 2277 3970 2335 relevaverit
3988 2284 4114 2352 gut-

2466 2351 2660 2405 tarum
2690 2353 3068 2411 detluentium
3106 2359 3507 2429 inundatione,
3541 2369 3646 2421 etc.

2511 2437 2643 2493 ΟΜ).
2675 2439 2796 2495 VII.
2832 2443 2903 2497 De
2929 2447 3215 2501 suavitatis
3244 2448 3402 2504 odore
3436 2452 3495 2505 in
3525 2452 3642 2523 ejus
3670 2455 4048 2511 translatione.

2540 2527 2721 2597 Igitur
2750 2528 2899 2584 sicut
2928 2536 2982 2586 et
3009 2532 3256 2606 insignis
3286 2537 3485 2593 doctor
3515 2539 3727 2597 Paulus
3757 2541 3925 2599 dicit:
3944 2544 4107 2605 Chri-

2465 2614 2537 2667 sti
2559 2614 2729 2668 bonus
2752 2616 2882 2671 odor
2909 2635 3093 2675 sumus
3119 2623 3224 2677 Deo
3254 2625 3313 2678 in
3339 2628 3489 2680 omni
3519 2627 3667 2683 loco:
3701 2631 3779 2684 ita
3821 2631 3925 2688 iste
3969 2652 4104 2707 pre-

2466 2701 2653 2757 tiosus
2684 2708 2898 2777 martyr
2931 2706 3048 2763 vita
3070 2708 3292 2779 vivens,
3324 2729 3440 2767 non
3488 2713 3681 2772 solum
3728 2718 3879 2774 bono
3928 2723 4103 2783 odore

2466 2789 2720 2860 repletus
2752 2791 2877 2859 fuit,
2912 2795 3117 2866 sapida
3146 2797 3362 2855 scilicet
3394 2801 3657 2859 doctrina
3683 2806 4109 2877 praedicationis

2462 2882 2519 2932 et
2549 2878 2850 2937 miraculis
2880 2882 3122 2939 miriﬁce
3153 2887 3414 2944 famosus
3446 2891 3910 2964 fragraverit,sed
3933 2898 4107 2957 etiam

2462 2965 2520 3019 in
2553 2965 2661 3021 hac
2691 2967 2783 3023 sui
2814 2970 3193 3028 translatione
3240 2977 3500 3048 corporis
3549 2980 3698 3037 miro
3729 2983 3903 3041 odore
3929 2988 4105 3044 redo-

2460 3052 2587 3108 luit.
2622 3054 2804 3113 Omne
2846 3058 3059 3114 etenim
3092 3060 3199 3116 hoc
3232 3060 3653 3123 menesterium
3678 3068 3757 3125 ita
3787 3071 3930 3128 odor
3956 3092 4093 3132 sua.

2458 3141 2734 3199 vissimus
2765 3145 2835 3199 ad
2868 3144 3104 3215 plenum
3138 3150 3563 3220 perfuderat,ac
3593 3155 3644 3211 si
3675 3155 3925 3214 fuissent
3952 3161 4012 3217 in
4036 3180 4103 3219 eo

2459 3230 2650 3284 omnis
2682 3232 2911 3303 generis
2943 3240 3202 3292 aromata
3251 3242 3309 3293 et
3356 3240 3627 3297 universa
3672 3245 4051 3315 opobalsama
4084 3267 4097 3306 :

2460 3334 2596 3371 nam
2627 3321 2683 3373 et
2709 3319 2857 3375 infra
2905 3321 3236 3391 quindecim
3286 3326 3513 3383 dierum
3562 3330 3751 3401 spatia
3809 3334 4096 3406 omnium,

2457 3404 2906 3477 ingredientium
2938 3409 3092 3466 intra
3124 3415 3461 3470 monasterii
3494 3420 3660 3489 septa
3688 3435 3860 3476 nares
3902 3404 4097 3497 opple;

2456 3493 2595 3548 bant
2626 3494 2903 3550 redolenti
2928 3499 3388 3566 suavitate,sicut
3410 3508 3467 3559 et
3483 3504 3542 3559 in
3558 3505 3746 3576 primo
3765 3509 3894 3579 ejus
3914 3493 4101 3570 trans-

2456 3581 2798 3639 mutationis
2849 3585 2961 3651 die,
3017 3592 3125 3643 etc.
3178 3590 3407 3646 Etenim
3452 3592 3702 3649 duorum
3734 3598 4099 3656 sacerdotum

2456 3669 2873 3727 monachorum
2907 3691 3147 3746 corpora
3177 3681 3233 3731 et
3261 3681 3577 3753 vestes,qui
3599 3686 3867 3742 sanctum
3890 3703 4099 3760 corpus

2456 3757 2526 3812 de
2545 3757 2669 3814 loco
2694 3758 2968 3830 plumbeo
2990 3762 3232 3820 levando
3254 3783 3467 3837 ponere
3489 3776 3828 3829 meruerunt
3848 3773 3909 3830 in
3925 3757 4099 3848 capsa

2456 3845 2554 3900 ubi
2585 3865 2742 3903 nunc
2767 3848 3313 3923 habetur,plurimis
3343 3856 3550 3915 diebus
3568 3858 3649 3914 ita
3669 3845 4099 3934 fragrabant,ut

2454 3936 2706 3991 nectario
2738 3937 2912 3993 odore
2942 3940 3161 4010 perfusi
3195 3946 3557 4014 putarentur,
3589 3950 3697 4002 etc.

2451 4042 2583 4094 Cxp.
2616 4040 2762 4095 VIII.
2794 4044 2869 4096 De
2893 4045 3169 4115 frequenti
3208 4048 3416 4103 visione
3458 4050 3739 4106 custodum
3768 4052 4095 4111 interiorum

3062 4124 3111 4170 et
3139 4119 3490 4173 exteriorum.

2524 4199 2817 4269 Frequens
2847 4199 3120 4269 visitatio,
3141 4208 3199 4259 et
3227 4206 3466 4261 assidua
3495 4210 3794 4278 protectio,
3827 4215 3884 4267 et
3910 4214 4097 4270 mani-

2452 4286 2601 4341 festa
2629 4286 2896 4343 revelatio
2930 4288 3065 4345 huic
3098 4296 3294 4348 nostro
3338 4292 3463 4350 loco
3502 4295 3804 4366 accidisse,
3838 4316 3874 4354 a
3902 4305 4097 4359 custoo

2452 4374 2626 4429 dibus
2656 4375 2755 4445 qui
2788 4376 3059 4433 excubias
3090 4378 3269 4449 hujus
3301 4381 3554 4438 ecclesia:
3584 4384 3902 4443 'observare
3941 4388 4097 4460 jussi

2452 4467 2608 4529 sunt,
2642 4468 2909 4519 enarrata
2940 4472 3280 4523 noscuntur.
3311 4468 3603 4527 Multoties
3644 4473 3858 4529 etenim
3890 4475 4097 4534 intem-

2451 4554 2625 4620 pestae
2658 4550 2844 4606 noctis
2891 4551 3051 4620 hora,
3107 4555 3338 4624 quando
3388 4556 3762 4627 gratissimus
3818 4576 3992 4633 sopor
4032 4562 4092 4620 in

2452 4637 2790 4693 dormiendo
2822 4639 2964 4694 solet
2994 4657 3275 4712 occupare
3304 4642 3592 4711 homines,
3607 4646 3859 4703 exterriti
3893 4653 4094 4708 custo-

2452 4726 2555 4781 des
2584 4730 2639 4780 et
2656 4726 2834 4780 nimio
2855 4727 3056 4783 timore
3073 4730 3702 4803 excitati,vigilantibus
3723 4734 3907 4793 oculis
3932 4738 4097 4811 digni

2449 4812 2635 4869 habiti
2650 4819 2787 4869 sunt
2799 4832 3029 4871 eernere
3042 4834 3108 4871 ea
3121 4834 3250 4889 quae
3262 4819 3606 4876 mortalibus
3620 4827 4096 4882 suntmutuenda

2450 4901 3149 4976 perspicere.Plerumque
3165 4905 3319 4961 enim
3336 4923 3684 4980 conspexere
3704 4909 4095 4972 luminaribus

2451 4990 2914 5062 praeclarissimis
2947 4997 3125 5048 totam
3159 4994 3461 5052 ecclesiam
3491 4998 3879 5071 reaplenderc,
3908 5007 3966 5058 et
4004 5004 4096 5060 in-

2450 5096 2527 5134 nu
2538 5079 2872 5135 merabilem
2888 5082 3327 5139 candidatorum
3345 5086 3576 5142 turbam
3590 5088 3897 5162 utriusque
3919 5107 4095 5149 sexus

2449 5168 2875 5239 episcOporum,
2905 5169 3270 5242 clericorum,
3319 5170 3622 5243 laicorum,
3672 5193 3989 5249 puerorum
4037 5185 4097 5238 et

2449 5255 2775 5327 puellarum
2800 5258 2977 5313 totius
2995 5258 3247 5315 ecclesiae
3266 5261 3489 5317 ambitu
3512 5264 4095 5325 contineri.Pluribus

2449 5362 2703 5416 namque
2732 5344 2954 5401 vicibus
2984 5347 3205 5419 vigiles,
3230 5350 3328 5421 qui
3362 5355 3596 5408 strenue
3627 5370 3769 5411 cura
3798 5356 3908 5412 sibi
3930 5374 4092 5412 com-

2448 5434 2629 5489 missa
2659 5434 2717 5488 in
2749 5434 3040 5507 vigilando
3071 5438 3443 5509 excubantes,
3476 5441 3585 5497 hoc
3616 5443 3962 5499 suburbium
3993 5462 4092 5499 no-

2446 5527 2633 5579 strum
2669 5523 2972 5579 observare
3003 5524 3074 5579 ab
3105 5526 3330 5598 ignium
3365 5529 3636 5601 periculis
3659 5534 3714 5587 et
3735 5549 3768 5586 a
3795 5530 4084 5587 latronum

2448 5610 2678 5665 insidiis
2694 5610 2866 5682 positi
2889 5619 3231 5682 noscuntur,
3247 5633 3376 5671 cum
3412 5616 3860 5673 clamorevalido
3882 5617 4083 5671 limina

2446 5699 2695 5754 ecclesize
2729 5700 3053 5771 pulsarc,ct
3084 5702 3431 5775 increpative
3479 5704 3715 5759 mdituos
3741 5701 4077 5772 perterrefa-
