3910 6396
295 440 410 505 787

1139 434 1541 501 ODORANNI
1586 429 1945 495 MONACHI
1987 428 2052 490 S.
2097 425 2332 488 PETRI
2375 425 2540 488 ’νινι
2583 423 2888 484 8ΕΝΟΝ.·

3607 414 3728 476 ’ΖῈ

293 592 424 634 cere
455 574 537 632 ita
566 572 813 631 dicendo
838 570 944 629 visi
976 574 1114 629 sunt
1139 570 1488 626 accurrisse:
1510 565 1725 639 thuid
1740 579 1947 620 somno
1977 563 2031 630 Α
2061 576 2174 633 que
2200 559 2464 614 omnium
2489 559 2765 630 personat
2789 553 3033 620 clamor,
3048 550 3273 626 gratias
3294 552 3572 606 reterens
3590 547 3726 616 Deo,

293 665 546 721 nimium
570 662 907 736 praegravati
925 661 1192 716 dormitis
1208 659 1338 714 vino
1354 663 1410 714 et
1425 673 1630 730 sopore
1652 651 1947 727 oppressi?

295 752 977 827 surgite,surgite,quam
1008 749 1262 804 velocius
1293 764 1460 820 Opem
1497 747 1636 801 ferte
1660 743 1842 799 sacris
1865 741 1948 796 lu-

295 843 626 900 minaribus
657 846 712 896 et
739 840 922 896 sacris
955 844 1289 894 sanctorum
1315 836 1658 910 pignoribus
1683 850 1696 887 :
1723 849 1858 887 nam
1883 834 1949 885 ut

294 932 465 989 nobis
496 929 972 986 manifestissime
1003 927 1248 994 videtur,
1275 931 1394 980 tota
1423 923 1665 980 ecclesia
1686 938 1720 977 a
1739 937 1945 975 somno

296 1038 485 1094 usque
505 1020 710 1076 adima
723 1017 1086 1074 fundamenti
1112 1014 1328 1072 cmlesti
1349 1016 1479 1085 igne
1511 1011 1772 1067 comburi
1799 1009 1948 1064 vide-

297 1115 562 1167 tur.Cum
596 1107 838 1180 strepitu
864 1124 998 1179 ergo
1024 1105 1250 1179 pavoris
1283 1102 1560 1157 fratribus
1581 1119 1614 1156 a
1637 1104 1818 1154 strato
1840 1115 1946 1152 suo

298 1199 698 1273 surgentibus,
722 1197 973 1251 visiones
1005 1211 1182 1267 quam
1233 1193 1432 1248 crebre
1478 1191 1839 1261 disparuere,
1892 1192 1948 1240 et

299 1291 524 1362 ignium
559 1287 835 1360 splendor
864 1282 1299 1356 quodammodo
1340 1281 1433 1335 his
1482 1279 1857 1342 intrinsecus,
1891 1279 1947 1328 et

297 1379 413 1436 illis
444 1377 720 1452 vigilibus
749 1373 1004 1431 exterius
1027 1371 1308 1444 paulatim
1333 1371 1576 1424 deficere
1596 1371 1653 1421 et
1673 1363 1946 1420 imminui

296 1467 683 1524 decrescendo
714 1466 856 1520 dum
888 1463 1318 1528 consideratur;
1353 1459 1530 1513 timor
1576 1458 1648 1511 ab
1682 1455 1948 1525 utrisque

297 1556 502 1630 aequali
561 1558 718 1610 sorte
763 1557 1114 1608 removetur.
1171 1549 1386 1604 Verum
1438 1548 1645 1602 fratres
1677 1543 1949 1599 custodes

297 1662 473 1700 sacrze
512 1641 765 1697 basilicae
813 1639 963 1695 lenis
1010 1638 1158 1692 visio
1200 1640 1538 1691 sanctorum
1589 1631 1949 1705 frequentius

296 1730 644 1788 laetificando
677 1729 838 1784 laetos
863 1727 1072 1794 reddit,
1106 1731 1164 1780 et
1193 1725 1322 1780 illos
1355 1724 1678 1779 forinsecus
1730 1721 1949 1794 positos

298 1819 453 1894 ignis
483 1817 652 1890 quasi
681 1817 849 1873 vivus
878 1814 1183 1883 exterruit;
1217 1815 1316 1870 sed
1351 1817 1500 1885 post,
1534 1813 1673 1866 dum
1727 1810 1946 1865 incom-

298 1911 540 1966 bustum
571 1905 856 1978 templum
889 1903 1282 1968 considerant,
1314 1901 1563 1957 laetiores
1615 1900 1951 1956 efﬁciuntur
1985 1935 2030 2000 Β

300 1998 408 2054 hac
429 1997 652 2052 visione
678 1994 998 2051 mira.Nam
1017 1992 1168 2048 sicut
1187 1991 1426 2063 antiquo
1444 1995 1702 2061 tempore
1727 1989 1953 2058 Moyses

300 2088 469 2143 dator
497 2083 706 2141 veteris
736 2083 886 2154 legis
913 2081 1127 2137 rubum
1160 2081 1361 2136 ardere
1411 2077 1712 2150 conspexit
1749 2081 1806 2132 et
1837 2093 1951 2130 non

301 2173 588 2241 comburi,
621 2173 701 2228 ita
729 2177 785 2228 et
814 2171 852 2226 ii
886 2170 994 2226 hoc
1025 2168 1447 2226 monasterium
1479 2165 1710 2222 incendi
1732 2169 1952 2220 metue-

301 2265 444 2320 bant
475 2279 488 2318 :
525 2262 625 2318 sed
660 2277 774 2317 non
807 2262 930 2315 erat
961 2259 1201 2314 nocivus
1233 2257 1407 2329 ignis,
1431 2257 1531 2312 scd
1563 2255 1819 2311 visitatio
1849 2270 1952 2306 an-

300 2352 495 2426 gelicae
526 2350 760 2407 virtutis
790 2353 847 2404 et
876 2351 1214 2403 sanctorum
1249 2363 1500 2418 quorum
1551 2345 1766 2399 ibidem
1819 2343 1953 2398 reti-

299 2447 472 2499 netur
501 2439 806 2512 multiplex
834 2435 1150 2492 multitudo
1177 2434 1512 2490 indicibilis.

300 2549 435 2604 CAP.
473 2549 560 2603 IX.
593 2548 668 2602 De
716 2545 951 2600 muliere
999 2542 1296 2597 incessibus
1335 2541 1535 2612 pedum
1582 2543 1796 2602 exacta,
1843 2545 1894 2593 et
1923 2555 1957 2592 a

728 2617 935 2670 sanctis
956 2615 1296 2684 martyribus
1320 2621 1528 2666 curata.

377 2708 656 2761 Prmterea
685 2721 754 2759 ex
784 2700 1158 2758 Milidunensi
1194 2699 1417 2771 (Melan)
1449 2698 1660 2770 oppido
1691 2697 1957 2769 quaedam

306 2792 664 2868 paupercula
688 2788 1146 2865 puella,nomine
1173 2787 1522 2859 lngelberta,
1548 2805 1666 2842 una
1693 2803 1828 2841 cum
1861 2802 1957 2857 ge-

307 2883 516 2940 nit’rice
544 2880 778 2954 propria
804 2882 1140 2934 sanctorum
1164 2875 1400 2948 expetiit
1424 2873 1962 2931 liminazcurrieulo

309 2970 605 3045 siquidem
637 2967 980 3040 vecta,quod
1011 2965 1142 3021 vilis
1175 2965 1352 3021 robur
1376 2963 1540 3020 aselli
1573 2963 1962 3036 przrducebat,

316 3064 515 3134 utpote
544 3057 702 3116 omni
734 3071 1084 3130 compagum
1118 3053 1402 3110 solamine
1448 3052 1732 3109 desolata.
1763 3051 1967 3108 Victus

315 3150 472 3208 enim
493 3147 944 3218 vestimentique
970 3142 1378 3218 supplemento
1395 3143 1651 3199 ostiatim
1675 3146 1965 3198 sustenta-

313 3241 507 3311 batur,
547 3239 681 3295 tabe
731 3240 1046 3308 centesque
1095 3231 1396 3289 doloribus
1445 3230 1754 3304 inediaque
1802 3234 1969 3286 artus

2055 650 2285 722 vigente
2318 655 2656 703 sanctorum
2691 648 3017 717 martyrum
3053 641 3410 716 patrocinio.

2055 756 2190 813 CAP.
2224 756 2292 812 Χ.
2329 757 2404 811 Dc
2429 750 3225 836 prociocatauOSenanusibus
3254 749 3733 803 Nortmannorum

2263 880 2270 885 .
2721 832 2776 878 in
2786 832 3028 877 immuta
3041 862 3054 877 .

2126 918 2410 987 Tempore
2437 931 2552 986 quo
2583 911 3010 967 Senonensium
3035 906 3572 980 archiprzesulatus
3594 905 3732 962 Wil-

2054 1005 2266 1060 lelmus
2298 1003 2602 1058 fruebatur
2633 1001 2816 1073 apice,
2849 999 2938 1054 vir
2964 998 3203 1070 ingenio
3234 1002 3292 1053 et
3323 997 3552 1052 astutia
3582 999 3732 1050 stre-

2055 1111 2231 1159 nuus,
2259 1111 2403 1164 gens
2421 1093 2918 1147 Nortmannorum
2933 1087 3380 1144 exacerbatione
3411 1085 3546 1140 dira
3581 1087 3732 1156 ejus-

2056 1185 2188 1238 dem
2222 1181 2437 1238 civium
2471 1181 2636 1235 urbis
2668 1182 2999 1251 provocata,
3045 1175 3302 1232 confinia
3350 1180 3410 1230 et
3462 1173 3732 1247 proxima

2056 1289 2300 1344 qumque
2332 1271 2518 1342 ipsius
2551 1268 2806 1340 regionis
2837 1266 3046 1322 acerba
3075 1263 3458 1336 depopulavit
3481 1279 3730 1334 exagge-

2056 1361 2279 1416 ratione
2311 1358 2678 1415 hostilitatis.
2721 1361 2852 1411 Ilzec
2883 1354 3099 1411 etenim
3131 1370 3277 1426 gens
3308 1351 3601 1407 vulniﬁca
3631 1367 3735 1405 ne-

2058 1450 2204 1505 faria
2233 1455 2427 1520 strage
2459 1446 2710 1520 pepnlus
2742 1444 3019 1500 laniabat.
3048 1442 3261 1499 Territi
3293 1446 3496 1496 autem
3530 1441 3732 1495 nimiae

2056 1539 2448 1594 obstinatione
2471 1533 2836 1592 crudelitatis
2861 1531 3352 1603 immanitateque
3371 1530 3736 1603 persecutio-

2058 1629 2149 1683 nis
2182 1626 2450 1682 concitati
2484 1625 2946 1696 circumquaquc
2990 1620 3213 1694 populi,
3247 1619 3612 1692 confugiunt
3659 1619 3731 1673 ad

2057 1718 2368 1774 tuitionem
2405 1715 2593 1771 urbis.

2057 1825 2186 1880 Οιι).
2221 1823 2313 1878 XI.
2349 1825 2420 1878 Dc
2452 1823 2698 1876 illulionc
2726 1829 3041 1874 sanctorum
3068 1833 3361 1888 corporum
3387 1816 3545 1887 infra
3575 1815 3736 1870 urbis

2785 1906 2991 1945 muros.

2132 1985 2252 2039 Sub
2287 1983 2413 2056 ipso
2443 1987 2703 2054 tempore
2737 1979 3018 2052 regnabat
3049 1975 3292 2032 Carolus
3331 1973 3638 2048 Simplex;
3673 1975 3733 2030 in

2061 2073 2401 2144 Burgundia
2429 2077 2625 2126 autem
2659 2070 2938 2124 ducatum
2973 2066 3208 2123 tenebat
3239 2064 3597 2131 Richardus,
3624 2081 3732 2137 pa-

2060 2167 2149 2218 ter
2175 2161 2405 2217 Rodulﬁ
2439 2160 2611 2230 regis.
2646 2159 2812 2214 Tunc
2845 2154 3128 2228 temporis
3181 2157 3432 2226 prmerat
3461 2153 3734 2208 cmnobio

2063 2253 2367 2308 beatorum
2393 2247 2792 2322 apostolorum
2811 2245 2959 2301 Petri
2980 2250 3036 2300 et
3055 2243 3219 2298 Pauli
3243 2243 3430 2299 abbas
3452 2242 3731 2309 Samson,

2063 2344 2330 2412 comptor
2359 2339 2566 2394 divinae
2599 2335 2927 2391 honestatis
2951 2338 3010 2389 et
3031 2337 3258 2389 amator
3285 2347 3466 2387 sacra:
3498 2331 3734 2403 religio-

2066 2429 2240 2486 nis.ls
2271 2445 2412 2483 sane
2442 2427 2828 2483 conturbatus
2859 2423 3098 2494 objecta:
3118 2437 3398 2494 pressura
3426 2419 3734 2476 calamita-

2065 2517 2162 2584 tis,
2198 2515 2596 2571 humillimam
2631 2514 2879 2568 fratrum
2934 2515 3214 2566 convocat
3261 2510 3634 2577 concionem,
3669 2514 3736 2564 ut

2069 2610 2245 2678 queat
2273 2605 2344 2659 ab
2377 2603 2461 2658 eis
2510 2601 2745 2658 salubre
2793 2599 3104 2656 consilium
3154 2596 3424 2670 experiri.
3479 2597 3731 2652 Demum

2068 2695 2280 2750 horum
2311 2693 2576 2747 omnium
2609 2707 2923 2746 commune
2953 2686 3262 2743 consilium
3295 2686 3617 2758 visumque
3647 2691 3736 2741 est

2069 2783 2211 2840 utile
2238 2781 2487 2845 cunctis,
2522 2783 2814 2852 quatenus
2862 2783 3197 2834 sanctorum
3240 2780 3569 2848 martyrum
3601 2792 3732 2831 cor-

2071 2889 2234 2944 pora,
2265 2869 2560 2925 Saviniani
2594 2867 2860 2924 videlicet
2890 2871 2947 2922 et
2978 2863 3526 2931 Potentiani,Altini
3559 2868 3735 2937 atque

2071 2958 2334 3024 Eodaldi,
2367 2975 2501 3014 cum
2535 2955 2756 3013 czeteris
2786 2960 3124 3012 sanctorum
3149 2951 3494 3025 corporibus
3526 2957 3586 3007 et
3609 2951 3736 3008 reli-

2074 3049 2345 3122 quiarum
2366 3047 2873 3120 pignoribus,cum
2890 3045 3145 3100 maxime
3162 3043 3402 3100 honoris
3415 3048 3737 3116 augmento

2075 3137 2134 3192 in
2161 3137 2408 3192 ecclesia
2447 3136 2711 3207 ejusdem
2745 3134 2991 3190 abbatis:
3041 3131 3277 3206 propria
3329 3131 3484 3187 infra
3533 3149 3737 3188 muros

2079 3226 2242 3281 urbis
2272 3228 2610 3280 constructa
2638 3222 3114 3278 transferrentur.
3151 3220 3442 3276 Relictum
3469 3237 3606 3276 vero
3649 3225 3738 3277 est

314 3327 722 3385 miserantium
768 3323 1064 3380 alimoniis
1115 3321 1428 3377 refovebat.
1462 3300 1677 3375 Tanta'
1706 3333 1962 3390 namque
1993 3300 2036 3366 C
2073 3319 2129 3370 et
2155 3315 2426 3370 decenter
2449 3311 2809 3367 tumulatum
2840 3327 3052 3383 corpus
3083 3308 3269 3366 sancti
3299 3309 3552 3366 Serotini
3587 3325 3740 3364 mar-

309 3414 704 3490 suggestionis
733 3411 1174 3485 importunitate
1186 3409 1413 3465 cunctis
1433 3413 1559 3464 crat
1580 3411 1966 3478 nota,quanto

313 3507 535 3576 absque
565 3502 888 3558 multorum
911 3498 1237 3571 juvaminis
1284 3514 1393 3569 ope
1443 3495 1724 3567 nequibat
1750 3495 1957 3550 vivere.

313 3597 490 3648 Porro
533 3591 670 3646 data
722 3589 976 3660 cptione,
1019 3585 1193 3658 cmpit
1237 3585 1510 3640 anhelare
1557 3585 1628 3639 de
1677 3582 1966 3638 industria

311 3683 650 3736 sanctorum
683 3679 1006 3747 martyrum
1039 3672 1445 3745 subsidia,quo
1497 3671 1812 3728 debilitatis
1843 3690 1963 3728 suze

311 3769 594 3824 inferrent
624 3763 1136 3820 medelam.Accita
1167 3762 1364 3834 itaque
1397 3766 1582 3816 matre
1607 3761 1960 3828 :-Desidero,

310 3856 524 3928 inquit,
557 3852 792 3928 propitii
824 3852 1099 3924 martyris
1144 3851 1328 3907 sancti
1375 3849 1694 3915 Saviniani,
1726 3854 1962 3906 caetero-

311 3961 560 4017 rumque
591 3945 930 4000 sanctorum
949 3940 1108 3996 adire
1123 3938 1420 4011 sepulcra;
1457 3955 1562 3994 nec
1591 3938 1963 4007 demorabor,

310 4035 574 4107 inquam,
605 4029 853 4104 adipisci
905 4046 1007 4102 per
1055 4027 1186 4084 illos
1238 4028 1350 4083 mei
1407 4027 1587 4082 animi
1611 4031 1764 4083 vota.
1795 4047 1820 4078 ι
1855 4029 1959 4082 Ac-

309 4139 486 4179 censa
541 4121 703 4178 illius
750 4123 936 4175 mater
982 4117 1175 4174 verbis
1233 4121 1458 4172 tantam
1516 4132 1679 4188 spem
1739 4117 1964 4189 peragit

310 4207 1066 4284 promptius,subillataque
1097 4206 1400 4263 obtutibus
1423 4205 1960 4279 ipsorum,supplex

307 4299 526 4356 cervice
555 4300 759 4356 adorat
804 4313 1019 4354 cernuo
1058 4301 1125 4351 ut
1169 4296 1367 4351 adsint
1417 4296 1467 4351 ei
1518 4295 1958 4366 patrocinando.

307 4389 641 4446 Pavimento
670 4386 866 4460 itaque
896 4384 1189 4441 inhaerens
1219 4382 1460 4448 diutius,
1494 4382 1675 4439 Deum
1728 4383 1962 4456 pietatis
1987 4401 1996 4408 '

307 4479 506 4534 adfore
535 4475 722 4533 sensit
751 4479 1086 4531 sanctorum
1123 4471 1618 4528 interventu.Mox
1649 4472 1828 4545 igitur
1849 4472 1964 4528 cita

306 4566 467 4624 salus
493 4568 754 4638 praeunte
786 4562 1154 4618 immanitate
1202 4560 1442 4626 doloris,
1487 4565 1661 4632 atque
1703 4559 1960 4616 innovati

2073 3403 2218 3477 tyris
2247 3402 2304 3456 in
2329 3402 2585 3474 quodam
2619 3400 2881 3471 ejusdem
2906 3399 3015 3454 loci
3040 3397 3242 3454 tutiori
3265 3398 3589 3462 antro.0uo
3609 3415 3738 3470 per—

2074 3498 2224 3558 acto,
2248 3493 2375 3562 jam
2422 3490 2698 3563 przefatus
2748 3487 2962 3562 przesul
3011 3487 3210 3544 dolose
3256 3487 3738 3544 machinamenta

2073 3580 2465 3637 mmulationis
2496 3578 2799 3635 monachis
2828 3576 3424 3649 injecit,commodius
3457 3575 3737 3648 inquiens

2073 3688 2202 3727 esse
2233 3675 2297 3726 ut
2327 3669 2843 3726 transveherentur
2890 3671 3227 3722 sanctorum
3281 3664 3542 3738 reliquias
3583 3665 3740 3721 intra

2075 3759 2290 3816 mmnia
2321 3763 2533 3813 sanctae
2568 3756 2776 3812 matris
2804 3753 3074 3812 Ecclesiae
3107 3756 3408 3811 Senonum
3431 3754 3489 3809 in
3514 3753 3739 3810 honore

2073 3847 2260 3904 sancti
2289 3846 2571 3919 Stephani
2606 3843 3050 3918 protomartyris
3071 3841 3741 3916 constructaeﬁogitavit

2073 3941 2286 3992 autemr
2311 3941 2440 3991 tum
2479 3935 2710 4006 piorum
2737 3935 2984 3988 fratrum
3007 3930 3353 4004 simplicitas
3375 3932 3450 3986 ob
3475 3936 3737 3988 tenorem

2073 4023 2403 4083 sanctitatis
2429 4023 2547 4078 haec
2571 4020 2766 4096 peragi
2785 4019 3090 4088 exercitia;
3113 4019 3213 4076 sed
3237 4023 3558 4092 patuerunt
3582 4025 3742 4092 post-

2074 4115 2318 4170 modum
2351 4111 2473 4168 hac
2505 4109 2859 4168 adulationis
2880 4109 3124 4165 famina.

2072 4221 2202 4277 CAP.
2254 4219 2370 4275 XII.
2422 4223 2500 4276 De
2543 4218 2696 4274 urbis
2748 4215 3049 4342 obsidipne,
3099 4223 3151 4271 ct
3192 4215 3434 4271 oratorio
3479 4215 3549 4269 ab
3609 4215 3740 4285 igne

2799 4305 2926 4342 ercn
2949 4304 2998 4342 ο.

2799 4305 2889 4343 ero
2895 4304 2998 4343 υιο.

2799 4305 2998 4360 erepto.

2141 4382 2395 4438 Obsessa
2426 4378 2605 4452 igitur
2629 4377 2793 4444 urbe,
2828 4379 3052 4448 quanta
3099 4373 3256 4430 crede
3303 4373 3588 4431 ecclesias
3633 4390 3733 4430 ea-

2071 4485 2322 4542 rumque
2351 4466 2753 4540 possessiones
2801 4464 2887 4520 vel
2939 4462 3158 4538 praedia
3185 4462 3503 4530 subruerit,
3537 4467 3733 4519 vasta-

2069 4561 2235 4626 vcrit,
2268 4554 2710 4628 depOpulaverit
2740 4553 2985 4626 longum
3038 4557 3130 4608 est
3169 4551 3401 4625 paginis
3433 4551 3728 4619 intimare,

304 4655 515 4712 anhelo
543 4653 774 4728 spiritui
808 4652 1027 4726 gaudet
1065 4649 1382 4717 auxilium;
1437 4649 1702 4705 vibratur
1747 4651 1961 4707 ardens
1993 4669 2037 4733 υ
2074 4647 2396 4722 praesertim
2430 4662 2562 4700 cum
2613 4649 2668 4698 et
2712 4643 3016 4699 basilicam
3065 4642 3253 4698 sancti
3283 4641 3438 4697 Petri
3485 4639 3730 4696 miriﬁco

302 4744 539 4802 animus
571 4744 643 4799 ad
675 4742 1324 4816 plurima,matremque
1352 4742 1520 4793 vocat
1551 4739 1790 4795 dicens:
1840 4740 1952 4795 Ad-

303 4831 707 4905 esto,genitrix
735 4829 1088 4894 laetabunda,
1123 4845 1250 4900 quae
1281 4843 1376 4883 me
1414 4832 1614 4883 tacens
1661 4828 1732 4883 ab
1775 4827 1960 4884 humo

303 4919 596 4976 sustulisti
629 4917 1032 4974 terrulentam.
1083 4915 1402 4987 Postquam
1450 4930 1586 4986 ergo
1638 4913 1959 4970 fmditatem

303 5007 704 5062 membrorum
733 5005 969 5062 virtutis
989 5005 1193 5060 decore
1221 5001 1468 5058 mutavit
1487 5001 1959 5068 Deus,illustrata

304 5097 642 5148 sanctorum
667 5093 990 5164 juvamine,
1022 5092 1279 5146 cucurrit
1308 5092 1591 5147 inoffenso
1632 5092 1796 5163 pede,
1831 5110 1960 5148 ma-

301 5183 572 5248 tremque
599 5178 920 5252 reciprocat
949 5180 1229 5236 continua
1255 5182 1487 5235 voce.At
1510 5178 1609 5233 illa
1631 5180 1960 5237 accelerans

301 5267 578 5338 properat
606 5263 860 5336 factique
887 5267 1114 5339 ignara,
1146 5283 1292 5338 quos
1325 5267 1674 5323 scabellulos
1701 5269 1958 5340 perdidit

299 5349 548 5422 inquirit
577 5351 844 5407 tremula.
877 5353 1024 5419 Uno,
1075 5353 1268 5424 inquit
1317 5354 1434 5422 illa,
1487 5357 1598 5411 sub
1649 5357 1764 5412 ictu
1807 5359 1952 5414 mibi

301 5437 584 5495 divinitus
615 5438 826 5496 collata
855 5446 940 5498 est
973 5439 1164 5506 salus;
1200 5458 1432 5513 sepsere
1461 5443 1621 5500 illam
1645 5447 1954 5520 quamplu-

303 5526 806 5597 rimi,spectatque
837 5528 1062 5600 plebem
1097 5534 1286 5583 erecta
1317 5529 1535 5586 circum
1579 5533 1852 5590 fluentem
1888 5555 1952 5592 ac

299 5613 411 5670 sibi
438 5613 937 5684 congratulantem
975 5633 986 5670 :
1023 5616 1288 5671 omnium
1329 5619 1485 5674 enim
1537 5637 1794 5677 connexa
1825 5627 1948 5698 opi-

299 5703 471 5758 nione
501 5703 756 5757 subitam
788 5706 995 5778 adepta
1025 5710 1113 5760 est
1140 5705 1469 5762 sanitatem.
1505 5708 1830 5768 Publicitus
1854 5715 1956 5770 ita-

2068 4754 2239 4810 opere
2266 4739 2664 4791 constructam
2699 4733 3000 4788 atrocibus
3053 4730 3314 4786 ﬂammis
3360 4727 3728 4796 cremaverit,

2067 4826 2409 4896 variamque
2440 4821 2867 4895 supellcctilem
2915 4837 3054 4876 cum
3081 4819 3359 4876 omnibus
3381 4817 3732 4874 utensilibus

2072 4912 2380 4988 diripuerit
2431 4917 2489 4968 et
2535 4929 2777 4985 prorsus
2823 4910 3208 4982 pessumdare
3262 4907 3578 4964 studuerit.
3611 4907 3730 4962 Heu

2071 5003 2216 5078 proh
2249 5001 2441 5056 dolor!
2471 5017 2576 5056 nec
2607 4999 2733 5055 sine
2763 4999 2983 5072 gemitu
3031 4995 3379 5053 dicendum!
3417 4996 3731 5052 Remanse-

2076 5097 2170 5149 rat
2226 5091 2444 5148 ibidem
2496 5091 2800 5162 praefatum
2852 5087 3176 5144 oratorium
3234 5085 3422 5143 sancti
3483 5084 3728 5141 Serotini

2075 5182 2353 5254 martyris
2385 5179 2666 5235 divinitus
2688 5179 2760 5234 ab
2786 5177 2917 5251 igne
2938 5181 3235 5249 ereptum;
3265 5175 3420 5248 quod
3447 5173 3730 5238 dolentes,

2071 5271 2244 5345 plura
2275 5268 2529 5325 flammis
2554 5268 2811 5322 fomenta
2832 5267 3108 5340 ingerunt
3130 5263 3436 5321 molimine
3457 5267 3608 5329 toto;
3631 5262 3728 5316 sed

2069 5361 2316 5415 illaesum
2361 5363 2627 5412 servatur
2675 5356 2746 5411 ad
2796 5354 3220 5428 vegetationem
3276 5352 3590 5408 hominum
3634 5349 3730 5406 Dei

2069 5453 2218 5506 nutu
2278 5448 2466 5503 vivido
2493 5452 2549 5502 et
2581 5445 2809 5500 merito.
2851 5443 3165 5500 Salutifero
3216 5441 3510 5514 siquidem
3547 5441 3729 5495 inter-

2058 5543 2239 5595 ventu
2293 5541 2632 5593 sanctorum
2686 5533 2911 5588 scilicet
2955 5537 3280 5605 martyrum
3326 5528 3630 5587 Saviniani
3679 5532 3732 5584 et

2065 5626 2416 5691 Putentiani,
2443 5624 2618 5680 Altini
2653 5629 2829 5694 atque
2863 5621 3324 5693 Eodaldi,ipsius
3351 5620 3540 5675 sancti
3567 5621 3730 5674 Sero-

2067 5717 2172 5771 tini
2226 5713 2498 5788 martyris
2549 5713 2965 5768 intemeratum
3018 5709 3388 5766 mausoleum
3419 5711 3730 5775 servatur;
