3910 6406
254 443 377 506 789

973 447 1084 511 DE
1123 447 1562 512 TRANSLAT.
1609 448 1719 511 SS.
1761 445 2185 524 SAVINIANI,
2229 449 2730 526 POTENTIANI,
2774 451 2945 516 ETC.

3528 454 3648 517 790

250 576 398 650 quia
423 575 787 650 obligaverat
814 595 913 635 eos
944 596 1116 636 amor
1144 579 1378 636 sinceras
1421 579 1768 647 dilectionis,
1802 597 1906 636 nec
1933 579 1989 648 Α
2018 579 2183 638 naria
2211 581 2512 639 immensis
2544 581 2825 639 claritatis
2855 580 3170 654 pervolant.
3197 581 3330 646 Quae
3359 586 3645 657 supersti-

246 667 480 740 patitur
509 672 849 724 sanctorum
880 671 1120 724 artuum
1151 669 1417 725 absentia
1437 669 1610 725 citato
1635 669 1904 725 frustrari

245 754 541 811 solamine
574 773 753 829 quem
786 755 1012 811 dudum
1043 756 1362 813 sociaverat
1382 756 1492 813 sibi
1513 758 1626 813 ﬁde
1650 757 1906 814 chaaita-

243 843 320 900 tis
353 843 567 900 unicae.

315 932 457 988 CAP.
489 933 644 988 XIII.
682 935 755 989 Dc
782 933 1254 988 Nortmannorum
1295 933 1469 989 reditu
1497 934 1567 988 ad
1587 936 1830 1005 propria.

315 1021 574 1076 Demum
598 1022 798 1093 itaque
821 1021 1104 1077 convictis
1123 1026 1178 1076 et
1201 1021 1438 1078 necibus
1459 1022 1701 1078 diversis
1725 1023 1904 1094 pluri-

243 1110 357 1166 bUs
416 1109 926 1166 Nortmannorum
983 1110 1260 1177 enecatis,
1295 1108 1501 1182 reliqui
1549 1111 1622 1166 ad
1673 1112 1908 1184 propria

243 1202 385 1254 sunt
417 1198 678 1265 reversi;
711 1197 1098 1254 accelerantes
1129 1203 1324 1254 autem
1357 1199 1624 1255 monachi
1658 1200 1906 1271 expetie-

244 1289 385 1342 runt
407 1286 483 1340 ab
508 1286 790 1357 episcopo
817 1285 1098 1357 reportari
1123 1290 1458 1342 sanctorum
1481 1289 1907 1360 corpora,igno-

243 1379 444 1430 rantes
477 1373 642 1445 quod
678 1389 781 1445 per
827 1375 1265 1446 subreptionem
1315 1374 1432 1430 illic
1479 1377 1669 1432 forent
1721 1377 1902 1433 illata.

241 1465 314 1518 At
340 1463 467 1535 ipse
501 1462 689 1517 torvis
715 1478 812 1517 eos
855 1461 1151 1534 aspiciens
1200 1461 1404 1528 oculis,
1436 1465 1781 1536 priusquam
1809 1483 1905 1521 eo-

243 1567 376 1607 rum
411 1550 862 1622 suggestionem
917 1550 1203 1617 audisset,
1237 1551 1429 1623 inquit
1462 1569 1474 1607 :
1504 1551 1758 1610 Ultronei
1797 1554 1905 1609 hoc

234 1639 360 1710 jus,
394 1639 538 1694 licet
589 1637 930 1694 nolentibus
977 1639 1165 1706 vobis,
1203 1643 1394 1695 tamen
1445 1642 1767 1712 profluente
1791 1642 1904 1698 cle-

243 1729 470 1783 mentia
500 1727 632 1794 Dei,
663 1727 888 1782 cunctis
917 1726 1282 1784 innotescere
1312 1728 1662 1796 volumus,et
1691 1731 1904 1786 consti-

241 1816 602 1872 tunionibus
630 1814 1200 1887 obligari,quatenus
1231 1817 1525 1888 possideat
1549 1817 1728 1889 hujus
1749 1820 1904 1875 sedis

241 1905 508 1978 dignitas
529 1903 744 1958 horum
763 1909 1097 1999 sanctorum
1117 1920 1359 1976 corpora
1375 1921 1625 1977 quorum
1647 1908 1904 1980 martyrii
1934 1933 1982 1999 Β

241 1992 515 2049 tirocinio
550 1995 818 2064 vegetata
839 1991 1178 2048 luculenter
1204 1995 1579 2050 coruscat.Ad
1603 1995 1781 2066 hujus
1807 2013 1904 2051 ca-

241 2081 610 2138 lumniosam
644 2096 783 2151 ergo
815 2081 1158 2135 assertionis
1188 2082 1397 2137 seriem
1420 2082 1682 2138 nonnulli
1705 2101 1904 2156 provo-

241 2175 453 2227 cantur
510 2168 835 2224 astutiores
882 2167 1099 2232 clerici,
1134 2173 1190 2223 et
1237 2171 1588 2241 potentiores
1637 2189 1902 2243 proceres

243 2259 614 2316 unanimiter
666 2262 1012 2324 asserentes,
1047 2263 1339 2329 quatenus
1389 2259 1504 2314 illic
1551 2260 1905 2317 haberentur

243 2349 398 2404 unde
428 2347 756 2420 viguerunt
785 2346 1000 2400 summi
1029 2346 1331 2418 praesules.
1352 2348 1434 2403 Ad
1469 2347 1588 2403 haec
1620 2367 1770 2420 saepe
1801 2350 1900 2405 fati

240 2435 528 2493 antistitis
561 2433 770 2490 feralia
799 2434 1099 2489 adduntur
1118 2435 1326 2490 verba:
1353 2436 1570 2508 Legum
1593 2438 1902 2507 enimjura

241 2524 503 2598 pontifici
538 2521 774 2578 cunctis
807 2522 1398 2586 decernenti,clericis
1431 2541 1662 2595 quoque
1694 2525 1899 2581 divina:

240 2612 578 2683 majestatis
611 2609 959 2677 cultoribus,
993 2615 1050 2666 et
1079 2610 1508 2667 venerabilibus
1539 2613 1901 2684 quibuscun-

243 2718 357 2774 que
388 2700 568 2756 terris
599 2703 659 2754 et
692 2698 1027 2769 regionibus
1065 2702 1362 2754 tantorum
1413 2706 1733 2773 martyrum
1765 2719 1900 2757 con-

238 2790 397 2863 gruit
427 2787 724 2844 inservire
753 2787 1044 2854 excubiis;
1079 2804 1182 2842 vos
1213 2805 1419 2858 agmen
1453 2788 1681 2860 vulgale
1703 2791 1773 2846 ad
1799 2808 1902 2844 ca:-

238 2877 500 2934 nobitale
519 2874 892 2949 propositum
914 2893 1029 2930 una
1043 2892 1177 2929 cum
1199 2875 1372 2930 rebus
1391 2877 1664 2933 omnibus
1685 2896 1900 2934 resum-

237 2968 354 3040 ptis
385 2961 1039 3030 revertimini,scientes
1062 2962 1337 3034 deinceps
1371 2981 1476 3020 nos
1505 2963 1712 3019 horum
1738 2983 1901 3020 sanc-

234 3060 428 3111 torum
453 3049 765 3109 venustari
805 3051 1132 3122 praesentia.
1158 3051 1526 3106 Gementium
1565 3069 1701 3125 ergo
1723 3059 1781 3108 et
1813 3071 1900 3108 ro-

234 3144 507 3218 gantiam
543 3139 972 3197 monachorum
1006 3140 1202 3210 fragor
1231 3140 1536 3205 attollitur,
1553 3159 1899 3213 pauperum-

235 3249 350 3304 que
367 3229 707 3287 terrulenta
727 3244 968 3300 corpora
985 3228 1342 3298 gestantium
1367 3227 1695 3300 plebiumve
1719 3229 1898 3285 utriu-

235 3291 382 3393 sque
401 3336 586 3375 sexus
609 3315 782 3372 dolor
798 3291 1070 3387 personat
1090 3291 1410 3371 dicentium
1431 3316 1526 3372 :Ut
1545 3317 1684 3387 quid
1709 3317 1899 3372 taliter
1927 3291 1971 3358 (ἶ

233 3407 610 3481 affligimur?
633 3405 854 3476 quibus
878 3403 1048 3459 malis
1070 3404 1301 3458 obnoxii
1325 3404 1438 3458 ista
1461 3405 1835 3477 perpetimur,
1851 3407 1900 3461 si

235 3499 306 3553 ad
341 3493 697 3552 communis
729 3493 1057 3547 munimina
1083 3493 1289 3563 refugii
1324 3493 1903 3566 confugimus,quare

234 3584 664 3641 traducimur?
699 3597 879 3653 quare
897 3579 1154 3652 patronis
1173 3581 1526 3636 frustramur
1545 3583 1713 3638 nobis
1729 3600 1764 3637 a
1793 3588 1902 3638 Deo

233 3673 433 3729 datis?
467 3672 550 3728 Ad
619 3670 748 3724 haec
800 3669 1058 3740 pontifex
1118 3673 1319 3740 raptus
1367 3671 1690 3726 temeritate
1741 3671 1902 3743 pravi

231 3761 470 3818 consilii
504 3757 661 3816 foris
693 3757 1092 3828 murosjussit
1119 3772 1219 3812 eos
1248 3756 1511 3830 propelli.

231 3867 369 3923 CAP.
403 3866 557 3922 XIV.
594 3866 674 3920 De
703 3863 1092 3935 monachorum
1124 3863 1358 3917 instanti
1384 3865 1582 3931 gemitu
1613 3874 1663 3918 et
1690 3880 1902 3935 pra’su-

424 3939 497 3993 its
527 3934 855 3992 custodibus
886 3941 1200 4004 estcumque
1221 3935 1462 3988 terribili
1490 3934 1714 3990 visione.

303 4021 728 4082 Memorabilis
759 4020 954 4092 itaque
986 4021 1167 4075 abbas
1185 4025 1430 4075 Samson
1452 4021 1788 4082 continuato
1809 4023 1906 4078 do-

229 4113 351 4170 lore
383 4119 442 4169 et
475 4109 858 4168 abstinentia
891 4125 1036 4180 pene
1065 4109 1379 4163 emoritur:
1405 4109 1505 4164 sed
1531 4115 1591 4165 et
1622 4116 1741 4166 tota
1769 4128 1904 4166 con-

228 4201 612 4274 gregationis
649 4195 1258 4268 unanimitas,vigiliis
1289 4201 1345 4252 et
1375 4198 1734 4253 orationibus
1759 4201 1909 4270 jeju-

230 4291 471 4363 niisque
528 4289 925 4362 prmgravata,
976 4284 1176 4340 eadem
1239 4286 1457 4357 patitur
1513 4285 1903 4342 incommoda.

227 4379 509 4434 Christus
531 4373 1022 4450 igitur,omnium
1051 4389 1245 4428 rerum
1279 4390 1484 4428 censor
1511 4374 1904 4445 aequissimus,

228 4467 614 4540 compatiens
648 4461 1374 4533 afﬂictis,sufl'ragantibus
1404 4468 1738 4518 sanctorum
1769 4479 1909 4534 quo-

227 4571 343 4627 que
377 4559 731 4626 martyrum
764 4549 1181 4622 precibus,non
1203 4549 1424 4606 diutius
1444 4549 1684 4605 sustulit
1713 4567 1906 4607 carere

2013 669 2115 736 tio,
2149 670 2343 742 inquit
2371 670 2701 743 episcOpus,
2733 675 2962 726 vestros
2991 675 3248 742 agrestes
3293 675 3649 743 perturbavit

2014 758 2241 814 animos
2257 759 2286 813 ‘I
2313 776 2442 814 vere
2474 758 2777 815 fallacibus
2808 759 3230 814 monachorum
3261 761 3647 832 suggestioni-

2013 847 2126 902 bus
2156 847 2376 918 decepti
2403 847 2685 919 vanisque
2712 846 3197 919 pollicitationum
3227 847 3442 920 spebus
3473 850 3646 905 sedu-

2014 934 2089 990 cti
2119 935 2279 990 estis.
2313 935 2423 990 Sed
2455 953 2564 991 vox
2591 936 2756 990 testis
2802 933 3061 990 veritatis
3109 934 3313 1006 nequit
3357 936 3647 1010 exstingui

2013 1022 2280 1078 atrociori
2307 1023 2714 1079 commotionis
2750 1023 3002 1078 turbine.
3031 1023 3309 1094 Sequenti
3336 1027 3502 1080 nocte
3528 1028 3649 1080 tur-

2015 1111 2151 1166 bata
2182 1111 2363 1167 missa
2391 1112 2699 1167 custodum
2732 1111 2803 1166 ab
2834 1110 3104 1183 episcopo
3131 1111 3648 1184 solertia,fugiens-

2014 1216 2126 1272 que
2157 1217 2270 1272 prae
2302 1199 2559 1254 horroris
2589 1197 3268 1271 magnitudine,denegat
3289 1199 3504 1255 ibidem
3529 1215 3651 1256 am-

2015 1287 2170 1360 plius
2201 1305 2261 1343 se
2311 1304 2564 1344 manere.
2599 1287 2845 1342 Jubente
2893 1287 3186 1359 episcopo,
3219 1303 3353 1343 mox
3400 1291 3648 1361 utraque

2013 1393 2148 1448 pars
2179 1376 2486 1432 custodum
2519 1376 2794 1431 custodia:
2824 1374 3280 1447 mancipatur.In
3312 1375 3420 1431 bac
3446 1377 3647 1448 perni-

2012 1464 2097 1520 cie
2129 1465 2447 1536 persistens
2469 1465 2798 1536 episcopus,
2823 1467 3019 1535 utpote
3043 1455 3316 1520 versutus
3361 1465 3644 1534 moribus,

2013 1553 2187 1607 tertia
2216 1557 2381 1607 nocte
2425 1552 2804 1622 semetipsum
2847 1549 3100 1606 ecclesiae
3148 1551 3448 1608 custodem
3480 1551 3646 1608 adhi-

2013 1640 2161 1706 buit,
2196 1639 2454 1695 militum
2501 1655 2685 1694 cuneo
2735 1638 2982 1694 vallatus
3028 1637 3250 1711 ingenti
3297 1657 3475 1696 causa
3502 1657 3646 1697 verae

2013 1729 2460 1784 examinationis
2479 1747 2491 1795 ;
2511 1727 2736 1783 corusci
2770 1731 2962 1781 autem
2986 1726 3227 1782 luminis
3247 1727 3533 1785 densitate
3551 1729 3650 1784 ob-

2012 1821 2281 1882 caecatus,
2313 1816 2487 1888 coepit
2516 1815 2888 1870 vehementer
2913 1815 3322 1871 debacchando
3361 1816 3645 1883 frendere,

2011 1909 2069 1960 et
2098 1905 2305 1960 obnixe
2335 1909 2400 1960 ut
2429 1907 2866 1976 asportarentur
2893 1905 3230 1960 sanctorum
3251 1920 3493 1976 corpora
3515 1922 3647 1978 pro-

2011 1992 2284 2049 clamare.

2045 2081 2179 2136 CAP.
2213 2081 2326 2136 XV.
2363 2085 2439 2137 Dc
2463 2082 2685 2138 revectis
2733 2085 3046 2137 sanctorum
3090 2082 3318 2138 artubus
3357 2081 3426 2137 ab
3455 2084 3609 2140 urbe.

2081 2170 2402 2225 Convocata
2450 2169 2700 2241 denique
2741 2171 2907 2224 adest
2949 2170 3132 2226 sancti
3185 2169 3330 2226 Petri
3383 2172 3647 2227 modesta

2013 2258 2429 2314 monachorum
2480 2257 2732 2330 phalanx
2779 2263 2835 2313 et
2883 2257 3130 2330 receptis
3175 2259 3460 2330 patronis,
3494 2259 3647 2316 ultra

2011 2364 2188 2418 quam
2221 2347 2374 2402 credi
2401 2351 2589 2419 potest
2609 2346 3070 2413 lretissima,cum
3093 2363 3306 2419 magno
3327 2346 3647 2420 tripudian-

2010 2436 2156 2490 tium
2185 2435 2724 2507 exsultantiumque
2755 2435 2930 2490 choro
2959 2435 3029 2490 ad
3070 2433 3365 2507 propriam
3413 2440 3644 2492 sanctos

2009 2524 2275 2578 deferunt
2291 2523 3007 2589 basilicam.Quamobrem
3024 2523 3364 2579 archiclavis
3382 2525 3645 2594 ejusdem

2009 2612 2166 2667 sedis
2197 2613 2429 2667 nomine
2462 2612 2792 2666 Bernardus
2823 2613 2924 2682 (5),
2956 2611 3228 2682 pestifero
3267 2611 3494 2666 invidia:
3525 2612 3646 2668 zelo

2009 2718 2347 2770 succensus,
2381 2699 2668 2755 abstrahit
2723 2699 2965 2772 pallium
3022 2717 3137 2771 quo
3187 2699 3541 2756 sanctissimi
3589 2705 3647 2756 et

2004 2787 2303 2860 apostolici
2337 2788 2560 2860 patroni
2589 2787 2881 2843 Saviniani
2916 2789 3219 2860 tegebatur
3239 2788 3470 2857 tumba;
3491 2806 3643 2845 arre-

2008 2884 2222 2950 ptoque
2253 2882 2450 2945 imave
2482 2876 2558 2947 (6)
2591 2875 2648 2930 in
2683 2877 2867 2931 frusta
2897 2875 3155 2931 medium
3189 2892 3396 2933 secans
3423 2877 3507 2933 ait
3537 2894 3550 2932 :
3585 2877 3643 2933 Si

2006 2964 2215 3020 horum
2242 2965 2478 3020 Patrum
2511 2981 2778 3020 caremus
2811 2964 3172 3035 pignoribus,
3186 2963 3274 3019 vel
3303 2963 3482 3036 hujus
3511 2983 3646 3037 por-

2006 3053 2331 3109 tiunculam
2365 3046 3085 3122 retinebimusfPalliique
3123 3067 3258 3123 pars
3283 3052 3356 3108 ad
3387 3057 3646 3124 postero-

2007 3158 2138 3197 rum
2190 3141 2531 3196 memoriam
2581 3140 2770 3194 adhuc
2817 3141 2876 3194 in
2925 3139 3126 3194 eadem
3176 3140 3312 3195 sede
3359 3145 3641 3196 servatur.

2007 3232 2233 3296 Quanto
2259 3228 2577 3284 sanctionis
2608 3230 2923 3297 augmento
2946 3225 3040 3282 hic
3061 3225 3275 3299 quippe
3296 3243 3461 3284 sacer
3479 3226 3646 3285 locus

2008 3321 2084 3388 (7)
2117 3318 2378 3389 viguerat
2433 3316 2707 3372 omnibus
2757 3315 2980 3387 liquido
3032 3318 3279 3383 constat,
3321 3315 3639 3388 praesertim

2009 3423 2141 3462 cum
2164 3403 2376 3478 proprii
2395 3404 2674 3460 effusione
2693 3401 2998 3475 sanguinis
3017 3402 3212 3475 ipsum
3231 3403 3644 3472 dedicaverint,

2010 3499 2067 3550 et
2122 3493 2488 3548 creberrimis
2548 3491 2967 3547 monachorum
3034 3491 3249 3546 ibidem
3307 3491 3646 3564 degentium

2011 3581 2302 3652 exsequiis
2328 3580 2612 3636 habeatur
2641 3579 3073 3636 celeberrimus.

2011 3671 2142 3726 CAP.
2173 3668 2312 3724 XVI.
2345 3671 2418 3724 De
2445 3670 2620 3724 antris
2648 3670 2717 3723 ab
2763 3668 2956 3724 abbate
3003 3667 3265 3725 Samsone
3307 3673 3647 3726 constructis.

2083 3759 2366 3814 Praeterea
2420 3755 2766 3812 venerabilis
2821 3757 3004 3812 abbas
3048 3757 3318 3824 Samson,
3361 3756 3649 3814 solertiori

2015 3864 2121 3903 suo
2154 3847 2515 3916 fratrumque
2537 3845 2814 3916 praeditus
2835 3843 3530 3916 consilio,posterioribus
3549 3863 3650 3900 cu-

2014 3934 2181 4006 piens
2211 3933 2435 3988 sancire
2459 3932 3026 3998 salutem,abditiora
3045 3935 3382 3988 sanctorum
3403 3933 3652 3988 artubus

2014 4022 2338 4078 construxit
2367 4025 2552 4076 antra.
2587 4021 2630 4076 0
2663 4019 2951 4075 laudabile
2983 4020 3070 4075 fas
3098 4019 3330 4092 piorum
3379 4018 3645 4075 Patrum!

2015 4111 2320 4165 Inventum
2355 4107 2702 4180 populorum
2732 4124 2833 4178 pro
2864 4105 3051 4163 salute
3083 4105 3336 4178 publica,
3370 4107 3505 4178 quis
3536 4124 3652 4163 non

2015 4198 2278 4268 disputat
2299 4195 2404 4250 bos
2427 4195 2721 4266 sophistas
2742 4213 2869 4250 esse
2890 4211 3129 4267 sagaces
3150 4199 3208 4250 et
3234 4194 3507 4251 colendos
3529 4194 3656 4268 plu-

2016 4286 2350 4355 rimumque
2379 4282 2588 4350 valere,
2621 4299 2754 4337 cum
2787 4282 3070 4338 memoria
3099 4288 3435 4338 sanctorum
3469 4283 3651 4338 inter-

2018 4379 2189 4430 ventu
2231 4372 2402 4444 longa
2450 4377 2682 4427 maneat
2731 4386 2834 4442 per
2876 4371 3183 4442 tempora?
3209 4372 3284 4426 At
3313 4387 3652 4442 quanquam

2015 4466 2350 4534 tegerentur
2397 4464 2731 4515 sanctorum
2783 4458 3046 4513 membra
3090 4457 3289 4514 densis
3337 4459 3653 4530 specubus,

2016 4555 2211 4606 tamen
2271 4547 2647 4620 opinantibus
2705 4545 2822 4601 illic
2877 4545 3076 4602 adfore
3123 4545 3418 4618 plurimis,
3449 4563 3654 4602 eorum

227 4643 579 4700 coenobium
615 4645 741 4696 tam
775 4637 1042 4710 pretiosze
1073 4637 1368 4694 facultatis
1391 4638 1686 4694 thesauro.
1721 4639 1906 4696 Medio
1938 4653 1982 4718 ο
2014 4639 2108 4712 pio
2131 4635 2431 4709 juvamine
2471 4636 2832 4691 sanabantur
2879 4633 2952 4690 ab
3000 4632 3276 4690 omnibus
3325 4633 3656 4690 morbiferis

227 4747 497 4803 namque
540 4728 744 4784 noctis
794 4724 1050 4781 confinio
1097 4726 1370 4781 custodes
1417 4725 1669 4782 ecclesia:
1717 4727 1903 4782 sancti

228 4818 524 4891 Stephani
560 4814 1038 4886 conquatiuntur
1065 4813 1302 4869 horrore
1333 4814 1628 4872 acerrima
1656 4832 1905 4872 concus-

229 4907 457 4973 sionis;
491 4907 687 4963 citato
719 4919 855 4958 vero
895 4917 1093 4970 cursu,
1127 4904 1416 4973 pontificis
1465 4921 1636 4960 aures
1684 4903 1909 4976 replent

227 4994 510 5051 tremulis
540 4991 916 5048 clamoribus
950 5005 964 5043 :
997 4989 1042 5044 Ο
1068 4990 1656 5062 pmsul,inquientes,
1686 4992 1770 5048 fer
1800 5009 1907 5048 no-

230 5082 324 5140 bis
356 5082 660 5140 desolatis
695 5077 1027 5151 opem.Hmc
1053 5078 1206 5132 enim
1238 5079 1481 5136 basilica
1501 5080 1557 5134 in
1581 5098 1696 5153 qua
1718 5097 1910 5135 mane-

2013 4725 2332 4782 doloribus.
2355 4777 2362 4782 .

2359 4813 2496 4868 CAP.
2521 4811 2690 4867 XVII.
2722 4811 2796 4867 De
2825 4811 3108 4868 Guillelmi
3132 4809 3306 4866 obitu.

2085 4902 2405 4958 Decedente
2435 4900 2744 4958 Guillelmo
2775 4897 3375 4972 praasule,Gerlannus
3399 4898 3657 4972 pontifex

2015 4989 2400 5054 collaudatur,
2437 4987 2766 5044 monachile
2808 4986 3174 5060 propositum
3205 5004 3239 5043 a
3267 4985 3539 5060 primawo
3565 4987 3658 5043 in-

2018 5077 2208 5132 tantis:
2239 5093 2358 5130 (evo
2387 5081 2757 5143 consecutus,
2791 5080 2848 5129 et
2877 5074 3251 5148 dogmatibus
3273 5074 3654 5148 philosophias

233 5187 369 5227 mus
433 5169 782 5226 timendum
829 5169 922 5220 est
967 5180 1038 5218 ne
1083 5165 1345 5222 funditus
1405 5171 1681 5223 corruat:
1717 5169 1911 5240 fragor
2016 5165 2334 5220 admodum
2365 5162 2624 5231 l'ulcitus,
2657 5167 2962 5234 parentum
3003 5164 3276 5235 prosapia
3324 5164 3654 5231 mediocris,

235 5275 450 5332 nempe
475 5255 776 5315 terribilis
809 5255 972 5308 intus
1003 5260 1299 5322 personat,
1328 5260 1385 5310 et
1410 5256 1695 5312 vibrantia
1731 5255 1904 5310 lumi-

306 5420 384 5488 (5)
417 5417 500 5473 De
526 5433 601 5472 eo
635 5413 871 5488 Clarius
898 5409 957 5462 in
975 5406 1454 5488 chronieo,quem
1479 5412 1904 5488 sanctzeMaria:

243 5480 624 5544 archiclavim
661 5483 825 5546 dicit,
855 5480 1060 5548 contra
1085 5496 1265 5548 quam
1297 5480 1391 5536 hic
1421 5488 1640 5536 ειυς-ιον,
1676 5484 1756 5535 An
1810 5499 1906 5534 ar-

239 5559 519 5613 chiclavis
551 5548 920 5612 cathedralis
952 5547 1208 5604 ecclesia:
1257 5553 1610 5607 Senonensts
1659 5552 1903 5605 abbatire

239 5629 300 5683 S.
329 5629 530 5685 Maria:
557 5624 736 5682 titulo
765 5617 1145 5675 donabatur?

311 5701 389 5771 (6)
417 5702 681 5755 Artavus
711 5691 1184 5748 instrumentum
1218 5710 1411 5764 panno
1459 5692 1775 5748 scindendo
1805 5709 1905 5764 ap-

2015 5253 2115 5308 sed
2147 5250 2475 5307 liberalium
2507 5251 2721 5306 artium
2750 5268 2865 5306 non
2896 5251 3093 5322 segnis
3124 5255 3377 5308 sectator
3421 5253 3652 5308 enituit.

2012 5415 2161 5477 tum,
2195 5412 2312 5466 sive
2362 5410 2599 5481 forcipis
2647 5427 2748 5465 seu
2799 5409 3225 5481 cultrigenus.
3274 5411 3392 5481 Hoc
3437 5426 3649 5481 nomen

2014 5429 2161 5477 tum,
2195 5429 2312 5466 sxve
2362 5429 2499 5464 IOI‘CI
2551 5429 2599 5466 is
2647 5429 2748 5465 seu
2799 5429 2971 5465 CUILI‘I
3019 5429 3225 5481 genus.
3274 5429 3392 5466 uoc
3437 5429 3649 5466 nomen

2014 5483 2287 5552 exprimit
2316 5498 2426 5552 ms.
2460 5429 2608 5536 lilier
2637 5479 2874 5552 Regula}
2897 5480 3122 5535 ordinis
3151 5482 3208 5536 S.
3242 5480 3492 5536 Victoris
3515 5481 3650 5535 cit-a-

2014 5551 2111 5606 tus
2141 5553 2194 5606 in
2229 5551 2424 5623 (Iangii
2454 5551 2745 5605 Glossario
2781 5567 2793 5603 :
2828 5551 2932 5606 Nec
2959 5552 3271 5622 scriptorio,
3303 5566 3401 5605 nec
3434 5555 3650 5604 artare:

2013 5639 2110 5677 nec
2137 5623 2381 5676 cultellos
2407 5625 2686 5677 suscipiat.

2088 5696 2166 5763 (7)
2196 5694 2411 5764 Nempe
2444 5693 2501 5747 S.
2536 5689 2686 5748 Petri
2717 5689 3066 5746 cwnobium.
