3910 6412
150 440 288 502 Ἷ93
915 434 1018 505 DE
1059 441 1494 506 TRANSLAT.
1540 441 1650 504 SS.
1697 441 2115 504 SAVINIANI.
2165 442 2879 522 POTENTIANI,-ETG.
3465 453 3601 517 τοι.

155 572 308 629 CAP.
348 571 523 630 XXII.
562 573 640 630 De
670 572 906 656 homine
930 578 1239 656 periuran
1265 590 1440 646 super
1467 575 1651 631 sancit
1675 574 1837 631 Savi-
1864 575 1920 643 Α
1950 591 2166 632 maenas
2198 576 2437 648 paribus
2468 576 2813 651 hymnizans
2851 579 3041 636 modis
3083 597 3276 638 rerum
3307 581 3580 656 Creatori,

812 645 987 702 τιίαὶιί
1013 645 1229 702 altare.
1338 645 1341 646 ⁷

2016 664 2111 736 jus
2160 665 2310 720 dono
2360 665 2509 721 fiunt
2555 671 2767 724 cuncta
2808 686 2936 741 quas
2988 668 3254 725 miranda
3291 645 3580 739 videntur;

230 751 348 808 Illo
384 768 627 823 quoque
660 751 719 806 in
752 756 1012 823 tempore
1044 751 1254 807 accidit
1286 753 1345 807 in
1367 753 1602 824 praefato
1625 751 1835 824 saepius
1941 755 2050 807 etc.

154 840 447 896 coenobio
465 839 704 894 evidens
723 839 1258 911 miraculum,quod
1281 839 1523 895 minime
1540 840 1799 895 credimu

2023 875 2075 936 ρἶ
2104 859 2299 936 ᾸΧῌΙ.
2337 864 2413 914 De
2445 862 2571 932 ipso
2599 861 2894 936 ίιοηιίβὶεε,
2925 864 3211 936 quomodo
3247 874 3384 920 ante
3413 866 3586 935 pedes

154 928 412 984 silentio
448 928 790 999 tegendum.
817 928 1101 983 Profanus
1126 927 1381 983 bonitate
1413 928 1649 999 quidam
1678 943 1837 982 nam-
2013 930 2245 984 abba/is
2293 936 2345 983 et
2378 927 2803 1007 monacham/it
2839 927 3171 1007 prdslralua
3220 927 3498 1007 iacuerit,
3528 942 3586 993 et

154 1033 277 1089 que
328 1016 540 1084 homo,
572 1016 812 1072 nomine
872 1016 1291 1086 Rotbbertlius,
1325 1016 1382 1070 in
1439 1015 1631 1071 vicina
1672 1021 1834 1071 ortus
2012 1017 2103 1054 νειτ
2128 1017 2274 1071 quas
2309 1002 2505 1058 adhuc
2533 1004 2760 1058 τεηεὺατ
2795 1002 3077 1061 νέίίάίάὶιο

156 1104 449 1171 villa,cui
471 1120 688 1159 nomen
714 1103 1470 1174 Masiiacus—Majorindidit
1491 1104 1831 1175 antiquitas,
2012 1104 2293 1162 Providus
2331 1107 2549 1163 interea
2597 1109 2851 1180 pontifex
2889 1110 3183 1181 Sewinus,
3212 1110 3585 1171 luculenticri

156 1192 501 1266 cupiditate
534 1193 788 1248 foedatus
820 1190 1368 1258 obscena,illicitum
1402 1197 1832 1247 sacramentum
1942 1194 2228 1263 praeconio
2258 1194 2563 1250 decoratus
2605 1196 2904 1265 virtutum,
2936 1197 3124 1254 eidem
3173 1200 3588 1273 congratularis

160 1281 358 1338 sancti
417 1280 724 1337 Saviniani
773 1280 1011 1353 perfecit
1040 1280 1098 1335 in
1130 1279 1372 1335 ecclesia
1404 1297 1418 1335 :
1452 1281 1832 1351 quamobrem
1942 1280 2202 1336 cmnobio
2233 1281 2511 1337 diffundit
2538 1282 2736 1339 vultus
2768 1284 3026 1341 laetitiam
3080 1286 3152 1341 ab
3201 1304 3300 1343 ore
3329 1286 3501 1343 hilari
3528 1293 3591 1345 et

159 1370 364 1426 rabies
402 1367 566 1424 illico
598 1369 784 1440 sepsit
809 1369 1168 1424 daemoniaca
1216 1368 1545 1441 miseroque
1575 1366 1832 1423 cruciatu
1942 1367 2059 1423 fida
2087 1370 2299 1440 gaudia
2322 1370 2510 1441 gerit:
2539 1376 2677 1426 tunc
2707 1390 2876 1428 omne
2908 1374 3099 1429 cordis
3146 1374 3334 1447 ipsius
3364 1375 3436 1432 ab
3467 1375 3586 1433 imo

163 1458 224 1514 in
255 1456 541 1514 omnium
573 1456 893 1511 vexabatur
920 1455 1247 1527 prmsentia.
1285 1456 1512 1511 Adsunt
1547 1454 1833 1527 extemplo

164 1544 473 1601 nonnullii
507 1547 567 1600 et
596 1543 697 1599 alii
729 1544 1009 1600 teterrimi
1041 1544 1410 1616 spiritus,sed
1445 1543 1708 1615 magistri
1729 1544 1835 1599 cri-

165 1633 404 1690 minam
440 1632 841 1703 humanaeque
871 1631 1078 1687 salutis
1124 1632 1412 1703 auspices,
1446 1631 1544 1705 qui
1588 1631 1836 1688 latenter

162 1722 491 1778 incitantes
514 1718 686 1775 illum
721 1720 780 1774 in
808 1719 1103 1775 diversum
1135 1718 1489 1791 compellunt
1512 1720 1835 1776 nefas.Vin-

164 1810 273 1867 etis
297 1807 568 1881 denique
593 1807 950 1864 conviciator
978 1807 1255 1874 brachiis,
1290 1824 1528 1863 suorum
1560 1808 1832 1881 propitia-

162 1899 321 1955 tione
353 1895 912 1971 parentum,scelus
942 1896 1204 1968 ejusdem
1226 1894 1493 1951 videlicet
1514 1912 1799 1969 agnoscen
1818 1928 1831 1937 -

160 1985 699 2059 tiam,perducitur
727 1990 1065 2040 sanctorum
1099 1985 1169 2039 ad
1204 1988 1374 2040 antra
1404 1990 1835 2057 martyrum,nc

165 2074 529 2148 profundius
575 2078 812 2146 caperet
866 2072 1116 2128 tremula
1145 2089 1426 2145 compago
1455 2078 1689 2128 artuum
1724 2074 1836 2128 dce-

169 2163 588 2219 moniacarum
607 2160 909 2234 querelam
932 2160 1346 2216 debacchation
1359 2178 1477 2215 um.
1493 2160 1595 2216 Hie
1619 2162 1839 2217 nudata

170 2268 381 2325 gerens
411 2251 710 2316 membra,
742 2248 945 2305 multis
976 2248 1186 2305 ictibus
1218 2250 1735 2316 sauciata,vastare
1773 2267 1838 2306 ac

170 2340 395 2397 laniare
426 2356 704 2412 quosque
734 2342 996 2393 tenentes
1022 2354 1085 2393 se
1117 2342 1181 2391 ut
1211 2337 1415 2409 quibat
1445 2338 1834 2394 desiderabat.

176 2429 282 2484 Per
311 2427 566 2483 lacunas
601 2426 896 2498 siquidem
928 2426 1266 2481 cicatricum
1298 2426 1667 2481 eviscerando
1700 2426 1838 2497 reji-

182 2517 373 2573 ciebat
403 2516 790 2589 sanguinem,
812 2520 868 2571 et
896 2519 1168 2570 cruentas
1200 2532 1409 2569 manus
1441 2513 1694 2586 lorisque
1728 2515 1838 2571 fes-

186 2623 249 2662 sa
280 2624 294 2661 :
329 2604 718 2671 dilacerabat,
739 2601 1077 2658 terribiliter
1105 2601 1377 2675 inquiens
1410 2620 1423 2658 :
1457 2603 1499 2658 Ο
1530 2604 1839 2660 Saviniane

183 2698 516 2767 praepotens
541 2695 907 2764 martyr,cur
931 2706 1023 2746 me
1048 2707 1253 2745 enecas
1277 2691 1631 2747 cruciatibus
1654 2692 1838 2748 diris?

183 2781 287 2838 Pro
308 2786 468 2838 certo
485 2796 630 2853 ergo
653 2778 963 2851 propinqui
985 2779 1330 2851 profitentur
1358 2777 1652 2851 piaculum
1671 2780 1834 2850 victi;

181 2871 251 2926 ob
284 2870 516 2943 hocque
551 2866 906 2939 multiplicia
926 2866 1118 2922 cordis
1141 2868 1211 2921 ab
1243 2866 1359 2921 imo
1384 2867 1622 2923 trahunt
1644 2868 1837 2940 suspi-

183 2959 293 3027 ria;
326 2958 605 3031 quinimo
664 2955 1093 3011 auxiliatricem
1143 2954 1355 3009 Christi
1405 2956 1676 3011 virtutem
1738 2972 1840 3027 per

180 3052 519 3103 sanctorum
541 3045 852 3101 obtentum
870 3044 1208 3099 earumdem
1229 3041 1340 3097 sibi
1358 3042 1624 3113 flagitant
1639 3043 1837 3098 adfore

183 3135 525 3207 prepitiam;
560 3138 858 3205 quatenus
905 3148 975 3187 ex
1021 3129 1259 3187 latebris
1308 3130 1555 3200 hujusce
1612 3132 1836 3186 obsessi

1882 1524 1889 1533 ι
1942 1455 2232 1512 ludicrum
2265 1458 2598 1525 aboffertur,
2633 1459 2891 1534 olimque
2921 1462 3160 1519 animus
3185 1468 3438 1535 nugator
3455 1465 3587 1522 Dei-

1943 1545 2079 1600 tatis
2111 1545 2360 1601 cfficitur
2389 1547 2700 1619 indigator,
2724 1566 2790 1605 ac
2821 1567 2930 1607 sua
2960 1551 3158 1622 inepta
3196 1550 3361 1608 vultu
3393 1552 3586 1625 probi-

1942 1633 2078 1688 tatis
2102 1634 2251 1689 serio
2275 1635 2511 1691 colorat.
2546 1636 2921 1694 Enucleatius
2952 1638 3170 1711 quippe
3224 1640 3587 1712 copiosiusve

1941 1721 2204 1791 effundit,
2239 1740 2365 1794 quae
2398 1723 2643 1780 manicis
2671 1726 2972 1782 tenacibus
3024 1727 3276 1796 foverat;
3309 1729 3587 1800 quoniam

1942 1810 2237 1866 munerari
2287 1810 2405 1866 divi
2454 1812 2650 1868 fenore
2693 1829 2822 1869 sese
2872 1831 2988 1870 non
3029 1814 3352 1871 dubitabat.
3382 1816 3590 1875 Horret

1943 1898 2118 1954 ferale
2167 1898 2500 1970 cupiditatis
2550 1906 2906 1970 monstrum,
2937 1907 2996 1958 et
3040 1902 3209 1975 inops
3249 1920 3589 1979 egenueque

1949 2003 2141 2042 rerum
2171 1987 2391 2043 mavult
2420 1988 2661 2061 obsequi
2694 1989 3134 2062 Christo,quam
3159 1990 3423 2051 laataliter
3452 2010 3587 2051 sau-

1944 2072 2132 2129 ciatus
2163 2075 2436 2131 ohczeeari
2478 2074 2768 2132 illecebris
2797 2093 3095 2150 gazarum,
3127 2081 3449 2152 pressertim
3498 2099 3590 2138 ur-

1944 2167 2114 2234 gente
2148 2179 2399 2234 superna
2450 2163 2848 2221 admonitione
2894 2169 3233 2225 sanctorum
3265 2172 3588 2241 martyrum

1946 2250 2237 2305 Saviniani
2270 2256 2326 2306 et
2356 2251 2700 2318 Potentiani,
2726 2252 2783 2307 in
2817 2252 3184 2310 solemnitate
3215 2255 3590 2317 celeberrima

1943 2338 2185 2393 Joannis
2228 2342 2285 2393 et
2330 2338 2487 2395 Pauli
2526 2356 2683 2411 :qua
2738 2342 3098 2412 stupefactus
3155 2341 3318 2399 ocius
3366 2343 3588 2401 mtherii

1946 2426 2214 2498 clavigeri
2239 2426 2389 2482 Petri
2420 2427 2563 2483 adiit
2593 2428 2938 2494 claustrum,
2963 2447 3088 2485 sese
3120 2433 3444 2502 profitendo
3470 2432 3590 2490 cul-

1946 2515 2199 2588 pabilem
2230 2531 2296 2569 ac
2324 2515 2734 2571 facinosorum.
2767 2517 3099 2573 Prostratus
3149 2518 3345 2592 itaque
3381 2522 3587 2593 jacens

1946 2619 2140 2658 coram
2172 2604 2434 2659 omnium
2470 2605 2712 2659 fratrum
2740 2605 3063 2671 obtutibus,
3088 2622 3225 2663 voce
3254 2607 3590 2667 humillima

1947 2690 2373 2763 indulgentiam
2407 2692 2685 2766 efflagitat
2714 2710 2994 2762 cernuus;
3027 2699 3236 2752 cuncta
3266 2695 3460 2769 itaque
3481 2715 3589 2754 sua

1947 2781 2196 2852 praefatae
2223 2780 2467 2836 abbatis:
2500 2780 2717 2853 prmdia
2737 2780 3009 2849 reddidit,
3039 2787 3096 2838 et
3126 2784 3198 2839 ad
3229 2768 3587 2843 suosbcces-

1946 2868 2131 2924 sarios
2184 2885 2326 2925 usus
2367 2868 2454 2924 vel
2510 2868 2819 2941 pauculam
2868 2871 3296 2942 portiunculam
3327 2873 3584 2931 retinuit.

1947 2954 2239 3012 Favoralis
2269 2973 2414 3011 aura
2443 2957 2576 3012 inde
2606 2958 3028 3013 monachorum
3061 2959 3369 3030 attollitur,
3400 2962 3501 3019 sed
3533 2966 3588 3019 et

1944 3047 2125 3099 totam
2158 3044 2404 3116 perculit
2425 3045 2628 3100 urbem
2647 3045 2942 3101 Ch.-istum
2968 3046 3425 3106 cellaudantium
3448 3067 3585 3107 con-

1944 3131 2255 3203 gratulatio
2285 3131 2618 3198 vehemens,
2650 3137 2760 3189 etc.

183 3222 542 3280 dmmoniaca
576 3219 861 3294 pestilens
910 3219 1000 3274 vis
1045 3222 1227 3285 exeat,
1253 3222 1310 3273 et
1356 3217 1606 3274 recidiva
1651 3219 1802 3275 virtu

2016 3254 2078 3312 Ρ,
2110 3236 2295 3292 XXIV.
2330 3242 2463 3293 Post
2494 3242 2740 3312 mortem
2770 3239 2986 3294 Sewini
3012 3240 3294 3312 quomodo
3340 3242 3584 3298 Leuthe-

184 3309 393 3367 Christi
423 3309 664 3383 polleat.
687 3307 975 3363 Irretitum
1008 3323 1142 3362 eum
1174 3306 1371 3377 utique
1402 3307 1643 3363 funibus
1664 3307 1836 3364 anhe-
1864 3294 1907 3362 (Ζ
2014 3310 2173 3394 ciet}:
2200 3307 2782 3394 εαςεε-ςεθζὶινσίειίεηι
2815 3294 3586 3394 εςπονᾶιῃιιιίάδὺαῗὲιίιᾶἇε

187 3396 276 3454 lus
304 3400 655 3455 eorumdem
682 3395 758 3450 ibi
783 3394 1009 3450 dimisit
1039 3394 1204 3449 nisus
1222 3394 1291 3449 de
1313 3398 1649 3450 sanctorum
1673 3397 1838 3467 juva-

187 3486 337 3542 mine
358 3483 726 3542 omnimodis
752 3483 917 3538 fisus.
938 3482 1187 3538 Furebat
1205 3499 1339 3537 vero
1361 3483 1572 3555 spiritu
1593 3483 1831 3551 fervido,

186 3575 511 3648 efflagitans
542 3588 764 3630 nomen
795 3570 981 3627 sancti
1013 3571 1286 3645 martyris
1333 3570 1627 3626 Saviniani
1675 3572 1833 3628 dictu

188 3663 511 3720 temerario.
546 3660 709 3719 Nihil
742 3676 882 3715 sane
931 3657 1090 3713 illius
1137 3658 1442 3714 severitate
1482 3659 1829 3730 jucundius,

188 3750 325 3806 nihil
348 3748 732 3823 jucunditate
776 3747 1054 3803 severius.
1086 3745 1216 3801 Jam
1259 3762 1393 3802 vero
1442 3763 1612 3803 omne
1657 3749 1835 3804 robur

185 3838 388 3895 virium
417 3841 704 3905 cesserat,
719 3840 776 3892 et
805 3833 1064 3891 divulsus
1088 3834 1435 3890 lacertorum
1458 3834 1831 3908 compagines

187 3940 352 3997 sopor
370 3930 692 3999 presserat.
726 3924 874 3995 Ergo
904 3922 987 3977 illi
1020 3926 1290 3994 soporato
1338 3922 1503 3977 adest
1551 3923 1830 3996 prepitia-

188 4012 314 4069 bilis
342 4015 509 4071 visio.
531 4014 701 4069 Vidit
720 4013 793 4067 ab
825 4010 1000 4067 astris
1030 4026 1170 4066 sane
1202 4009 1548 4065 descendere
1570 4009 1830 4083 insignes

187 4100 350 4169 viros,
380 4101 674 4159 claritatis
703 4100 888 4155 nimia
912 4098 1041 4154 luce
1061 4114 1387 4169 respersos;
1411 4097 1833 4170 aggrediuntur

190 4186 346 4245 illum
375 4191 665 4247 modestis
696 4188 868 4260 plane
888 4186 1318 4259 gressibus,sed
1350 4186 1830 4241 minanturduris

192 4274 685 4349 increpationibus
718 4275 873 4331 :Cur
913 4279 1201 4340 nostrum,
1233 4272 1588 4345 inquientes,
1618 4274 1830 4331 efferus

192 4371 573 4439 praesumptor
602 4364 842 4421 intrasti
875 4367 1131 4429 antrum,
1165 4360 1266 4433 qui
1297 4376 1500 4416 recens
1530 4362 1711 4417 nostri
1754 4361 1831 4418 lo-

191 4465 317 4507 cum
345 4453 631 4510 effusione
680 4450 988 4523 sanguinis
1030 4451 1323 4504 sacratum
1374 4446 1601 4503 violasti
1647 4448 1826 4505 ultro-

192 4552 326 4595 neus
355 4539 752 4597 conviciator?
770 4540 990 4594 Horum
1013 4553 1151 4607 ergo
1172 4536 1313 4591 dum
1338 4535 1562 4607 fugeret
1578 4536 1828 4593 intuitus

2014 3381 2382 3435 Raz'nardum
2413 3385 2468 3433 et
2499 3380 2804 3436 monachos
2827 3380 3132 3437 dilexerit.

2016 3485 2151 3540 Post
2180 3484 2337 3540 hunc
2368 3485 2616 3540 ascitum
2648 3501 2993 3559 superorum
3046 3504 3229 3545 cuneo
3278 3493 3421 3545 nutu
3461 3490 3585 3547 Dei-

1943 3573 2080 3629 tatis
2125 3573 2472 3642 cunctivido,
2524 3573 2895 3631 Leotbericus
2952 3575 3238 3632 infulatur
3292 3577 3585 3649 pontificis

1942 3660 2109 3728 solio,
2135 3662 2364 3718 actibus
2386 3661 2658 3732 eximius,
2678 3664 2852 3734 cujus
2882 3662 3176 3721 laudabile
3205 3665 3436 3723 culmen
3482 3665 3584 3725 bo-

1941 3751 2102 3805 noris
2131 3767 2330 3806 amore
2370 3765 2512 3806 sane
2562 3754 2760 3822 parate
2798 3750 3205 3823 compellimur
3249 3753 3583 3827 propalare;

1941 3839 2041 3894 sed
2086 3838 2359 3895 facundia
2386 3838 2551 3894 abest
2597 3839 2953 3913 sagacitatis.
2989 3839 3189 3897 Merito
3235 3842 3585 3901 sinceritatis

1938 3926 2097 3983 ililus
2128 3927 2304 3984 crevit
2343 3927 2514 3999 plane
2563 3926 2939 3984 sacerdotalis
2988 3929 3228 4001 gradus,
3261 3931 3583 4003 eodemque

1939 4014 2223 4071 monitore
2252 4014 2566 4088 praecelluit
2596 4015 2855 4072 normale
2884 4016 3061 4072 decus
3091 4021 3303 4073 sanctae
3332 4017 3433 4074 Dei
3480 4023 3580 4074 Eoo

1937 4102 2146 4170 clesize,
2178 4107 2285 4158 etc.
2333 4102 2610 4157 Prmterea
2657 4102 3075 4159 miraculorum
3124 4098 3398 4178 insignia,
3451 4122 3578 4179 quas

1938 4187 2099 4243 illius
2128 4186 2463 4243 enituerunt
2491 4185 2548 4243 in
2583 4187 3114 4261 tempore,longum
3147 4190 3425 4248 duximus
3443 4191 3582 4250 huic

1937 4274 2218 4348 opusculo
2246 4275 2554 4331 inuestem.
2588 4275 2870 4333 Cmterum
2924 4278 3125 4332 crebro
3178 4278 3279 4334 fati
3332 4281 3578 4337 ccenobii

1938 4364 2247 4437 contiguus
2301 4368 2530 4418 amator
2579 4364 2867 4432 efferbuit,
2928 4365 3256 4423 animosius
3313 4367 3581 4427 videlicet

1938 4452 2168 4508 solertis
2200 4450 2437 4507 rectoris
2468 4451 2695 4507 abbatis
2729 4451 3023 4521 Rainardi,
3049 4454 3381 4513 communis
3410 4455 3578 4514 utilia

1937 4540 2210 4598 sectando
2259 4540 2562 4595 commode
2595 4558 2607 4595 :
2639 4542 3043 4613 congaudebat
3098 4559 3352 4615 namque
3409 4545 3577 4616 probi

190 4621 410 4696 heriles,
442 4629 709 4694 territus,
740 4642 849 4681 nec
881 4624 1051 4691 celer,
1083 4629 1140 4679 et
1169 4622 1507 4696 praemissus
1555 4624 1830 4696 splendor
1860 4653 1907 4720 Β
1938 4627 2304 4701 ρτωοεεεοτὶε
2335 4627 2552 4683 Sewini
2587 4627 2743 4683 hunc
2785 4628 3044 4684 bonitate
3093 4631 3487 4702 superstitem,
3519 4638 3578 4691 et

189 4712 446 4780 avolaret,
470 4721 532 4772 et
548 4716 673 4773 sibi
708 4714 877 4770 anxio
906 4714 1083 4768 finem
1105 4712 1285 4768 subiti
1308 4712 1544 4768 inferret
1559 4713 1823 4784 periculi,

188 4814 280 4854 seu
310 4807 582 4862 mortuus
608 4802 866 4877 perstitit
885 4802 957 4857 ad
976 4800 1095 4856 haec
1118 4800 1565 4866 mitior,reddita
1593 4801 1820 4873 piorum

188 4894 493 4962 martyrum
526 4890 842 4949 clementia
868 4889 1124 4962 stupenti
1155 4894 1211 4944 et
1241 4903 1386 4961 pene
1417 4894 1683 4945 emortuo
1729 4906 1826 4962 pe-

187 4977 375 5043 percit.
409 4980 494 5037 Ob
526 4986 790 5047 tuorum,
823 4978 1044 5043 dicens,
1078 4977 1255 5032 fidem
1286 4981 1593 5049 parentum
1625 4978 1723 5047 qui
1766 4986 1821 5035 te
1862 5028 1865 5033 ,

189 5062 346 5120 nobis
356 5066 725 5141 reliquerunt
735 5067 979 5124 medcnd
988 5065 1390 5136 um,jubemus
1406 5064 1563 5121 abire
1585 5082 1818 5123 sanum.

189 5145 437 5211 Mirabile
464 5156 661 5213 dictu!
698 5172 834 5213 mox
861 5154 1113 5225 denique
1144 5169 1329 5209 nexus
1361 5152 1576 5225 quibus
1607 5170 1821 5211 manus

189 5232 459 5298 habuerat
504 5244 734 5302 vinctas
784 5243 1081 5309 decidunt,
1114 5244 1491 5314 semotusque
1536 5258 1572 5296 a
1610 5241 1818 5313 pilario

190 5324 273 5377 cui
301 5324 513 5401 ligatus
544 5333 1134 5404 inhaeserat,prorsus
1166 5329 1382 5400 recepit
1430 5328 1605 5384 totius
1656 5346 1818 5402 vege-

189 5409 451 5493 tationem
506 5421 791 5493 corporis.
839 5421 911 5474 At
961 5418 1057 5473 ille
1113 5422 1331 5490 quanto
1386 5417 1603 5485 sanior,
1654 5422 1815 5473 tanto

182 5492 454 5562 jucundat
482 5492 733 5564 frontem
765 5514 1063 5562 vacantem
1094 5504 1252 5560 omni
1284 5503 1506 5569 nubilo,
1539 5508 1596 5557 et
1644 5505 1702 5559 in
1752 5524 1814 5562 se

189 5589 409 5649 Patratae
440 5595 674 5653 virtutis
705 5593 995 5650 veridicus
1042 5609 1225 5664 praeco
1272 5591 1522 5646 efficitur
1562 5595 1807 5649 cunctis.

190 5666 519 5737 Circumstat
569 5701 707 5756 ergo
758 5680 1207 5753 persultantium
1256 5683 1458 5742 coctus.
1494 5698 1662 5753 pares
1714 5699 1806 5738 ca-

1938 4733 2167 4774 morum
2191 4715 2531 4771 salubritate
2553 4715 2860 4772 hmredem.
2879 4717 3139 4789 Denique
3162 4718 3339 4775 laude
3359 4720 3578 4794 dignis-

1933 4807 2120 4864 simus
2169 4803 2496 4858 Rainardus
2543 4804 2725 4861 abbas
2772 4804 3006 4876 praelata
3033 4805 3335 4864 charitatis
3363 4808 3576 4867 virtute

1930 4893 2201 4959 rutilans,
2224 4908 2350 4947 sese
2380 4908 2636 4964 suosque
2665 4891 2823 4948 omni
2856 4892 3133 4966 voluptati
3186 4888 3571 4965 abdicaverat",

1929 4988 1985 5038 et
2012 4979 2378 5037 continentia:
2406 4979 2530 5053 lege
2550 4981 2909 5048 actitaverat,
2939 4982 3265 5054 apostolica:
3297 4984 3571 5041 assertio-

1929 5070 2020 5126 nis
2037 5069 2338 5125 ultroneus
2356 5069 2607 5137 auditor,
2623 5070 2748 5125 sine
2767 5069 3117 5127 castimonia
3134 5070 3452 5143 inquientis
3470 5073 3575 5131 im-

1928 5156 2226 5231 possibilie
2246 5173 2372 5214 esse
2391 5156 2617 5229 placere
2645 5157 2780 5225 Deo,
2801 5157 3077 5231 illiusque
3098 5159 3429 5234 philosophi
3471 5162 3571 5234 qui

1928 5245 2006 5303 nil
2033 5245 2114 5301 ait
2140 5260 2267 5299 esse
2296 5244 2461 5316 prius
2494 5243 2771 5302 meliusve
2797 5244 2993 5302 caelibe
3018 5246 3159 5303 vita.
3193 5248 3263 5304 Et
3308 5247 3402 5306 hic
3439 5266 3569 5322 spc-

1925 5333 2114 5389 cimen
2136 5331 2434 5403 religionis
2466 5349 2578 5387 non
2600 5333 2868 5406 segniter
2899 5335 3108 5401 tenuit,
3133 5336 3233 5391 sed
3263 5335 3568 5409 reliquisse

1924 5436 2158 5494 quoque
2202 5420 2489 5475 bonorum
2533 5438 2775 5492 operum
2825 5422 3129 5493 speculum
3180 5426 3564 5496 praetendens,

1922 5508 2212 5581 aaquitatis
2224 5508 2364 5579 jura
2386 5525 2810 5580 procerumque
2834 5510 3157 5581 priscorum
3182 5510 3446 5567 instituta
3464 5511 3562 5565 fla-

1919 5596 2109 5669 granti
2143 5594 2501 5667 amplectens
2537 5597 2691 5658 nisu.
2725 5596 3039 5668 spectabile
3071 5595 3270 5653 multis
3312 5595 3561 5665 resplen-

1918 5685 2048 5741 duit
2066 5685 2263 5749 decus,
2280 5689 2390 5739 etc.
2407 5684 2785 5742 Officinarum
2804 5702 3046 5756 quaeque
3071 5684 3264 5739 diruta
3282 5681 3406 5738 suis
3424 5693 3557 5733 cum
