1955 3205
142 233 203 267 ’195

562 231 766 266 ODORANNI
788 229 968 263 MONACHI
990 229 1022 262 s.
1045 229 1163 261 pars]
1185 229 1268 261 vm
1289 228 1432 261 ssnon.
1464 215 1474 225 '

1800 224 1863 255 1%

143 302 322 332 utensilibus
342 299 524 330 nobilitando
549 299 693 336 reparavit
717 297 866 327 attentius.
882 297 970 325 Nisus
984 297 1011 331 Α
1025 306 1059 325 ex
1074 297 1116 325 eis
1132 296 1181 333 qui
1196 297 1225 324 in
1242 295 1419 324 monasterio
1434 293 1529 323 sancti
1548 293 1625 322 Petri
1643 293 1745 321 fuerat
1766 291 1861 320 nutri-

144 348 255 376 interea
268 345 429 375 affectionis
444 345 577 382 ejusdem
591 344 730 381 panditur
753 343 830 370 circa
853 344 970 370 sancto-

144 400 210 420 rum
226 390 352 419 celebria
366 390 440 418 festa
455 391 627 425 martyrum,
644 388 694 416 sed
719 387 850 415 crebrius
874 386 969 413 tabcs-

144 436 385 472 cebat,ignorans
400 443 458 470 qua
472 436 637 469 tegerentur
652 432 756 460 tumba
781 430 873 458 sancti
896 430 971 457 scili-

144 484 190 509 cet
206 479 354 508 Saviniani
372 480 513 506 membra.

144 535 211 562 CAP.
229 533 308 561 XXV.
327 534 362 560 De
378 532 503 559 Iumula’x
518 535 683 558 snnrlormn
700 530 859 557 Silvia/nui
877 529 970 554 serio-

180 578 299 605 rumr/ue
314 571 377 604 ejus
402 571 436 595 ul)
451 569 556 595 ulele
586 568 735 594 liuiuurr/u
761 571 786 592 ιιι
806 565 970 591 LeoI/wriro

180 605 399 639 archiepiscopo
415 605 564 631 uerrutis.

180 660 333 686 liealorum
352 658 440 692 igitur
457 660 617 692 martyrum
633 654 793 685 Saviniani,
808 653 970 680 l‘ntcntinni

143 703 347 738 sociorumque
371 711 471 728 eorum
497 710 628 736 corpora,
646 700 682 726 ab
705 699 809 725 abbate
831 699 970 724 Sammne

143 747 348 775 venerabiliter
363 746 506 771 tilnn‘l'Ilﬂ
524 746 600 772 intro
618 745 644 771 in
662 743 754 770 antris
775 743 811 768 ob
836 742 969 768 timorm-in

144 800 336 828 paganorum.
355 800 446 824 usque
463 792 497 816 ad
516 789 614 816 domui
631 787 788 815 LCOIIlCt‘lt'l
813 785 971 820 archiepis-

144 836 207 872 copi
223 839 252 863 et
267 835 365 862 domni
387 834 522 861 ltainardi
539 833 654 860 abbatis
667 834 798 866 tempora
814 830 918 856 ibidem
934 830 971 856 la-

144 882 264 908 tuerunt
281 888 287 906 π
306 888 394 915 quam
411 879 447 905 ob
464 887 523 905 rem
549 876 670 913 experiri
688 876 809 911 cupiens
833 875 910 901 dictu
926 883 971 900 se-

145 925 261 953 niorum
277 923 414 951 solertius
426 923 574 949 indicabat
585 922 804 956 seria,pr:vsago
817 918 971 954 prmscicns

145 969 316 1005 spiritu,per
331 970 499 995 sanctorum
516 966 655 1000 sutl‘ragia
673 963 970 1001 pluruzulipiscisani-

144 1016 236 1041 tatum
248 1013 384 1040 remedia.
398 1014 559 1047 Capessunt
569 1011 665 1045 itaque
674 1008 828 1036 consilium
842 1007 968 1038 salubre,

145 1067 202 1094 quo
219 1058 420 1084 rescrarcntur
435 1058 601 1082 sanctorum
624 1053 786 1085 inausolea,
803 1053 852 1088 qui
879 1051 970 1079 antris

144 1102 371 1130 continebantur
381 1101 407 1127 in
418 1099 684 1127 abditioribuleoc
698 1096 970 1134 perarto,extemplo

145 1148 210 1175 miri
226 1146 323 1174 odoris
339 1144 505 1172 exuberavit
521 1142 893 1179 fragrat:lial,certioresque
907 1141 969 1167 red-

144 1192 218 1219 didit
233 1191 268 1217 de
283 1190 452 1218 eorumdem
471 1188 638 1224 prmsentia;
651 1186 850 1214 eollaudantes
868 1185 969 1218 Deum,

145 1235 370 1264 recondiderunt
386 1233 492 1260 ibidem
517 1232 669 1259 decentius
692 1231 786 1266 posita
802 1239 849 1257 xm
866 1229 971 1256 Kalen-

144 1281 196 1308 das
211 1279 400 1315 Septembris.
418 1278 647 1312 QuibUscunquo
663 1278 760 1302 autem
778 1274 903 1301 intirmis
928 1273 969 1300 vel

145 1323 385 1352 imbecillioribus
401 1322 505 1349 collata
522 1324 566 1348 est
583 1320 710 1356 potio,de
727 1328 783 1354 qua
801 1322 970 1345 sanctorum

144 1369 203 1396 lota
227 1370 298 1395 sunt
322 1375 400 1398 ossa,
416 1367 527 1400 absque
544 1373 625 1391 mora
641 1363 775 1390 sanitatis
803 1365 972 1389 meruerunt

141 1411 304 1448 juvamina.
320 1411 360 1438 Ad
380 1410 458 1437 illius
475 1409 603 1444 profecto
620 1408 735 1435 laudem
749 1407 974 1442 inagniticantur

145 1455 302 1492 magnalia,
320 1454 369 1490 qui
395 1454 517 1481 tuitione
543 1452 708 1480 runctivida
732 1452 805 1487 regit
827 1451 970 1486 quidquid

144 1503 274 1529 creatum
292 1502 415 1535 vegetat.

143 1555 210 1582 CAP.
236 1553 329 1580 XXVI.
355 1552 483 1586 Qualiter
511 1551 612 1585 regine
640 1550 811 1577 Constantia
840 1553 969 1576 sanctum

375 1588 563 1615 Savinianum
579 1587 739 1621 agnoverit.

179 1634 285 1662 Eodem
303 1635 432 1669 tempore
448 1632 588 1668 regnabat
602 1631 757 1659 Rothertus
781 1637 881 1665 regum
906 1628 973 1664 piis-

1024 343 1083 375 tus,
1092 342 1230 369 redeunte
1242 349 1306 377 rege
1318 339 1541 368 Aurelianorum
1555 339 1675 366 futurus
1688 337 1862 373 episcopus,

1025 386 1143 414 nomine
1159 385 1355 414 Theodericus
1372 385 1421 420 (8),
1438 383 1591 420 respondit
1614 391 1667 419 pro
1693 382 1840 409 omnibus
1854 389 1861 407 :

1025 433 1084 462 Est.
1099 430 1229 463 domina,
1253 430 1283 458 in
1308 429 1487 457 monasterio
1512 428 1607 456 sancti
1633 426 1713 455 Petri
1737 428 1863 454 sanctus

1026 475 1210 507 Savinianus,
1229 475 1341 510 primus
1357 473 1585 509 metropolitana:
1602 472 1686 499 urbis
1707 472 1862 499 Senonum

1025 520 1274 555 archiepiscopus,
1291 518 1340 554 qui
1360 526 1410 554 per
1434 516 1565 553 martyrii
1588 515 1780 552 triumphum
1802 522 1863 542 una

1026 573 1091 591 cum
1109 564 1196 591 sociis
1208 563 1334 599 pervenit
1347 563 1380 589 ad
1392 562 1519 589 cmlestis
1535 561 1615 597 regni
1635 559 1787 587 bravium.
1801 559 1862 586 Ilu-

1021 609 1072 643 jus
1090 608 1224 644 martyris
1240 608 1262 634 si
1281 608 1384 634 devota
1409 608 1504 633 mente
1529 605 1638 632 adieris
1657 604 1862 640 presentiam.

1026 652 1052 679 id
1071 653 1146 688 quod
1167 652 1299 688 promisit
1316 652 1426 686 absque
1440 650 1578 677 dilatione
1593 648 1709 677 noveris
1734 650 1765 676 te
1787 655 1863 676 oon-

1026 700 1203 725 scruluram.
1223 699 1252 723 At
1275 696 1324 723 illa
1338 696 1373 723 de
1398 695 1469 722 tanti
1494 695 1548 721 viri
1573 693 1699 721 consilio
1723 692 1863 729 gaudens

1026 743 1136 775 ctl‘vcta,
1154 742 1294 769 citissime
1308 749 1365 768 una
1376 748 1442 767 cum
1460 739 1519 766 tilio
1536 738 1656 774 expetiit
1671 737 1768 766 sancti
1781 736 1862 765 Petri

1025 787 1176 819 liniina,et
1193 785 1358 813 diutissime
1375 785 1518 820 lacrymas
1532 783 1659 811 fundens
1670 784 1739 810 ante
1749 789 1863 818 corpus

1027 832 1100 859 beati
1119 831 1254 866 martyris
1272 830 1398 865 totisque
1413 829 1523 856 viribus
1535 836 1566 855 se
1581 827 1774 855 committens
1793 826 1862 862 ejus

1028 877 1103 904 ῙίιΙι-ί.
1121 876 1251 909 gaudens
1269 874 1407 901 remeavit
1430 873 1464 900 ad
1483 872 1610 908 propria,
1627 872 1663 899 de
1686 870 1862 899 visitatione

1027 921 1097 947 tanti
1125 920 1237 956 patroni
1261 920 1432 946 confortata.
1449 917 1585 944 Nondum
1610 916 1771 943 transierat
1795 915 1862 943 dies

1026 965 1120 997 tertia,
1139 973 1203 991 cum
1222 963 1319 991 subito
1335 963 1417 990 adest
1438 962 1613 997 intempesta
1634 963 1720 988 nocte
1740 960 1861 997 legatus

1026 1010 1123 1043 regius
1135 1007 1487 1042 antejanuam,nuntians
1500 1006 1528 1032 in
1539 1005 1670 1041 proximo
1681 1003 1859 1032 adfuturam

1025 1054 1089 1088 ejus
1105 1053 1301 1088 pra'scntiam.
1313 1052 1361 1087 qui
1379 1051 1436 1078 Deo
1446 1051 1570 1078 ducente
1587 1049 1715 1086 propriis
1729 1048 1858 1077 sedibus

1026 1098 1188 1129 restitutus,
1207 1099 1238 1124 ut
1258 1095 1445 1123 voracissima
1466 1094 1678 1130 approbaretur
1697 1092 1860 1129 promissio

1026 1142 1315 1177 niartyrisﬁeinceps
1330 1140 1478 1176 propriam
1489 1139 1644 1174 conjugem
1656 1138 1754 1174 magis
1763 1145 1858 1174 quam

1025 1190 1146 1214 eatenus
1162 1186 1271 1218 dilexit,
1289 1188 1315 1212 et
1328 1185 1382 1212 sub
1397 1184 1461 1219 ejus
1473 1186 1545 1210 nutu
1557 1182 1736 1218 omniajura
1747 1181 1859 1218 regalia

1026 1235 1051 1259 et
1071 1240 1253 1267 qumcunque
1270 1230 1418 1266 possidere
1433 1228 1586 1255 videbatur
1611 1235 1731 1254 manere
1753 1225 1858 1262 dispo-

1027 1277 1094 1303 suit.
1113 1277 1168 1302 Sed
1187 1275 1234 1302 illa
1261 1274 1382 1302 minime
1403 1273 1493 1300 oblita
1517 1270 1724 1307 promissionis
1747 1270 1858 1304 sancti,

1027 1325 1158 1356 satagere
1182 1320 1268 1355 cmpit
1292 1318 1417 1354 qualiter
1445 1318 1634 1344 exornaretur
1658 1323 1768 1351 corpus
1790 1315 1859 1350 ejus

1027 1366 1152 1401 gemmis
1178 1367 1204 1391 et
1231 1372 1311 1396 auro,
1326 1363 1402 1398 quod
1429 1362 1479 1389 diu
1508 1360 1656 1388 inclusum
1670 1358 1858 1396 plumbo,ab

1027 1410 1157 1445 antiquis
1174 1409 1306 1445 patribus
1322 1407 1527 1435 absconditum
1545 1405 1639 1432 fuerat
1653 1404 1710 1432 sub
1725 1403 1814 1437 atrio,
1830 1406 1860 1431 et

1028 1454 1085 1490 regi
1101 1462 1261 1489 suggerens
1277 1461 1331 1480 sua
1346 1454 1421 1484 vota,
1438 1451 1495 1478 Deo
1510 1449 1679 1483 auxiliante,
1696 1448 1733 1476 ad
1746 1456 1782 1476 ea
1800 1447 1860 1476 im-

1028 1500 1133 1536 plenda
1149 1500 1281 1534 paratum
1298 1496 1382 1523 illum
1398 1495 1508 1523 invenit
1522 1502 1574 1531 per
1596 1493 1706 1522 omnia.
1724 1492 1780 1526 Qui
1807 1500 1860 1521 Ic—

1027 1544 1154 1571 cersiens
1171 1543 1359 1569 Odorannum
1374 1540 1506 1575 ejusdem
1523 1539 1577 1567 loci
1597 1537 1789 1570 monachum,
1804 1537 1858 1573 qui

1027 1589 1063 1616 ad
1076 1588 1129 1615 hoc
1145 1596 1219 1623 opus
1235 1585 1444 1622 perficiendum
1461 1583 1614 1611 videbatur
1629 1582 1764 1614 idoneus,
1775 1589 1861 1610 com-

1029 1633 1110 1660 misit
1126 1641 1184 1659 una
1195 1640 1262 1658 cum
1279 1630 1379 1666 regina
1389 1630 1413 1664 cj
1420 1637 1454 1656 us
1466 1628 1533 1656 ﬁdei
1544 1629 1631 1655 tanta!
1640 1626 1759 1663 pietatis
1768 1634 1858 1663 opus.

144 1678 318 1711 simus.Hic,
331 1677 456 1714 peractis
471 1677 594 1703 diversis
610 1674 873 1703 reslaurutionibus
883 1673 970 1700 eccle-
987 1668 1008 1701 C
1029 1677 1176 1705 Dederunt
1204 1675 1294 1710 igitur
1322 1673 1446 1702 Senonis
1475 1673 1503 1700 in
1534 1671 1638 1708 primis
1657 1679 1710 1707 per
1729 1679 1858 1698 manum

145 1724 267 1755 siarum,
283 1730 335 1750 nec
351 1730 408 1749 non
425 1720 606 1748 ornamentis
623 1722 792 1746 sanctorum
805 1725 971 1753 corporum,

145 1775 253 1802 corpus
268 1765 361 1792 sancti
370 1764 519 1792 Saviniani
537 1772 608 1791 auro
619 1766 648 1790 ct
658 1762 783 1798 gemmis
794 1764 973 1798 argentoque

146 1810 259 1839 ornavit
275 1817 282 1836 :
300 1809 377 1845 quod
395 1808 520 1844 qualiter
536 1810 633 1834 actum
650 1807 687 1834 sit
704 1806 805 1842 paucis
820 1808 865 1833 est
879 1805 972 1833 disse-

146 1855 282 1883 rendum.
294 1853 398 1880 Factus
409 1852 530 1879 estdum
539 1851 666 1887 quodam
680 1853 809 1885 tempore
819 1850 973 1877 ltotbortus

147 1908 195 1927 rex
212 1898 333 1925 Romam
351 1898 470 1932 peteret,
482 1895 695 1923 utConstantia
711 1894 820 1930 regina,
837 1903 895 1921 una
906 1902 973 1921 cum

148 1942 206 1970 lilio
220 1942 340 1977 Hugone
352 1940 472 1977 parvulo
483 1940 559 1967 Tillo
571 1941 744 1967 remaneret.
757 1939 838 1970 Quod
851 1941 882 1965 ut
892 1941 974 1966 Berta

148 1987 256 2023 regina,
269 1986 381 2013 dudum
397 1994 487 2013 causa
502 1983 766 2020 consanguinitatis
783 1992 798 2010 τι
815 1991 880 2019 rege
892 1991 974 2018 repu-

147 2032 235 2065 diata,
252 2031 402 2067 comperit,
420 2032 573 2066 prosecuta
589 2032 632 2056 est
647 2038 726 2061 eum,
741 2037 862 2064 sperans
878 2037 908 2055 se
930 2028 973 2054 fa-

147 2076 282 2104 ventibus
311 2076 345 2103 ad
377 2075 430 2102 hoc
460 2074 638 2110 quibusdam
665 2073 768 2101 aulicis
794 2073 870 2109 regis
886 2073 973 2108 jussu

147 2120 305 2157 apostolico
326 2119 445 2147 restitui
477 2122 539 2146 toro
569 2118 647 2154 regio
675 2126 681 2145 :
704 2118 780 2145 unde
806 2117 975 2145 Constantia

147 2165 248 2202 regina
261 2165 368 2193 timens
384 2173 414 2192 se
430 2163 558 2191 amoveri
574 2172 589 2190 a
607 2162 684 2198 regio
708 2162 807 2195 latere,
823 2162 974 2189 inenarra-

147 2210 197 2238 bili
213 2210 400 2238 detinebatur
416 2217 547 2236 mmrore.
565 2209 631 2241 Qua)
647 2208 716 2234 dum
739 2209 822 2234 nocte
848 2207 974 2242 quadam

147 2256 183 2283 ad
207 2255 261 2282 hoc
285 2254 385 2282 nimiis
410 2253 621 2289 cogitationum
650 2251 829 2279 tumultibus
861 2251 977 2287 pulsata

146 2297 481 2334 obdormiret,apparuit
497 2297 523 2325 ei
540 2305 591 2333 per
604 2296 700 2324 visum
715 2294 903 2323 inenarrabili
915 2295 975 2322 cla-

147 2344 232 2372 ritate
247 2343 447 2371 circumdatus
463 2341 583 2378 quidam
603 2340 743 2377 angelicis
759 2340 912 2367 decoratus
925 2348 974 2367 ca—
991 2354 1014 2386 D

147 2389 204 2423 nis,
220 2388 249 2416 in
266 2387 438 2416 sacerdotali
454 2387 566 2419 habitu,
584 2386 695 2422 virgam
712 2384 889 2421 pastoralem
910 2392 974 2420 ges-

146 2436 212 2461 tans
228 2441 329 2461 manu.
345 2432 435 2464 Quem
452 2431 543 2459 nimio
557 2430 661 2458 timore
676 2430 828 2466 perterrita
843 2429 913 2457 dum
933 2437 975 2456 re-

147 2477 276 2514 quireret
285 2476 422 2513 quisnam
433 2477 521 2509 esset,
533 2475 662 2503 intonuit
676 2482 707 2502 se
718 2474 777 2501 fore
792 2473 973 2510 episcopum,

146 2524 175 2549 et
203 2520 343 2557 appellari
365 2519 566 2554 Savinianum,
590 2519 636 2547 cui
666 2521 694 2546 et
715 2518 788 2546 dixit
805 2527 811 2545 :
827 2520 974 2546 Constans

147 2567 210 2593 esto
225 2563 410 2597 Constantia;
427 2563 498 2599 quia
512 2566 568 2592 Deo
594 2563 721 2600 propitia
742 2563 865 2591 liberata
887 2571 918 2590 es
937 2563 973 2591 ab

148 2607 315 2636 imminenti
329 2608 459 2635 tristitia.
477 2607 519 2636 Illi
535 2616 600 2636 vero
625 2609 660 2636 de
685 2610 745 2635 tam
769 2607 907 2643 przeclara
930 2608 973 2635 vi-

148 2653 230 2680 sione
246 2651 410 2688 perterrita,
426 2651 501 2679 facto
516 2660 612 2686 mane,
627 2651 714 2688 cmpit
731 2652 878 2688 inquirere
894 2651 974 2680 solli-

148 2696 205 2724 cite
229 2704 247 2724 a
269 2694 531 2722 circumstantibus
553 2695 667 2723 clericis
690 2696 713 2723 si
739 2695 798 2724 illis
826 2696 855 2723 in
885 2697 977 2733 regio-

149 2741 237 2768 nibus
252 2739 412 2767 haberetur
426 2738 581 2774 episcopus
597 2741 647 2775 qui
672 2740 846 2768 Savinianns
869 2741 975 2769 dicere—

149 2786 208 2812 tur.
224 2783 338 2816 Quibus
355 2782 549 2817 ignorantiam
565 2792 648 2811 suam
666 2784 882 2820 proﬁtentibus,
900 2794 976 2813 unus

185 2838 224 2872 (Β)
240 2837 312 2872 Ejus
327 2837 411 2871 gesta
427 2835 580 2864 retulimus
596 2838 632 2865 ad
645 2846 757 2864 annum
772 2838 850 2865 1021.

186 2873 224 2909 (9)
243 2873 371 2900 Druense
389 2873 529 2907 castrum,
546 2873 651 2902 melius
667 2874 821 2907 Drocense,
838 2873 881 2901 vel
902 2875 976 2902 enti-

1027 1720 1165 1748 Waldrici
1183 1718 1327 1755 prwpositi
1352 1717 1463 1753 argenti
1487 1716 1558 1744 meri
1580 1716 1672 1744 libras
1687 1723 1729 1749 Iv;
1748 1715 1859 1743 deinde

1027 1768 1155 1793 Senones
1172 1772 1222 1800 per
1239 1771 1359 1790 manum
1383 1761 1521 1790 Willelmi
1546 1759 1720 1788 cubicularii
1742 1759 1859 1796 argenti

1028 1810 1100 1837 meri
1112 1809 1221 1836 solidos
1234 1816 1275 1834 LV.
1294 1807 1395 1834 Postea
1412 1806 1556 1833 miserunt
1573 1813 1626 1841 per
1639 1812 1764 1832 manum
1779 1803 1858 1831 Odo-

1029 1854 1075 1881 nis
1092 1853 1215 1888 Paratgii
1233 1851 1344 1888 argenti
1362 1850 1433 1878 meri
1450 1849 1558 1877 solidos
1572 1857 1694 1882 xxxvm;
1711 1848 1863 1876 miserunt

1028 1899 1116 1926 etiam
1134 1898 1169 1924 ad
1187 1897 1316 1924 Parisius
1334 1903 1384 1932 per
1401 1902 1522 1922 manum
1547 1893 1695 1922 Odoranni
1719 1891 1861 1921 monachi

1029 1943 1091 1971 auri
1107 1942 1216 1970 solidos
1232 1949 1300 1973 xvn,
1314 1943 1342 1967 et
1357 1938 1493 1967 denarios
1508 1947 1569 1972 vni,
1583 1940 1612 1966 et
1635 1945 1771 1974 gemmas
1795 1945 1862 1973 pre-

1029 1986 1216 2015 tiosissimas.
1234 1985 1284 2013 His
1308 1984 1349 2012 ita
1374 1982 1508 2020 patratis,
1525 1984 1616 2010 restat
1644 1981 1687 2010 uti
1709 1980 1863 2010 mirabilia

1030 2031 1161 2067 Dei,qme
1179 2030 1207 2057 in
1225 2029 1342 2057 fabricis
1358 2028 1446 2064 hujus
1462 2027 1558 2063 operis
1571 2025 1724 2062 oculisque
1747 2025 1863 2055 nostris

1028 2075 1167 2108 vidimus,
1196 2076 1224 2101 et
1251 2082 1284 2101 ex
1315 2075 1397 2108 parte
1430 2071 1567 2099 manibus
1601 2069 1861 2103 contrectavimus,

1029 2119 1137 2148 Christi
1163 2118 1300 2146 ﬁdelibus
1325 2116 1497 2144 intimemus
1515 2124 1521 2144 :
1536 2124 1599 2151 qua:
1623 2114 1741 2144 silentio
1762 2116 1863 2152 tegere

1030 2165 1141 2193 crimen
1157 2165 1201 2191 est
1216 2161 1380 2190 admittere.

1030 2218 1097 2245 Car.
1114 2216 1222 2244 XXVII.
1239 2216 1276 2243 De
1293 2214 1445 2243 Odoramu
1470 2213 1604 2242 monachi
1623 2212 1802 2248 profectione
1816 2212 1862 2241 ad

1064 2252 1227 2288 palatium,
1243 2255 1270 2279 et
1285 2259 1358 2278 auro
1380 2251 1418 2278 ab
1440 2250 1550 2286 regina
1571 2253 1690 2285 accepto
1711 2248 1743 2276 in
1764 2255 1861 2283 capta

1065 2288 1226 2326 fabricam.
1530 2299 1535 2303 -

1066 2342 1158 2378 Igitur
1169 2341 1328 2376 occupatus
1344 2347 1393 2367 rex
1402 2338 1491 2366 variis
1501 2337 1600 2367 saeculi
1609 2336 1862 2372 curisﬁntermisit

1031 2385 1246 2422 aliquantulum
1256 2385 1292 2412 ad
1304 2383 1514 2412 monasterium
1527 2382 1642 2411 mittere
1657 2383 1798 2419 sumptus
1807 2390 1862 2411 eua-

1029 2432 1070 2468 pti
1086 2430 1193 2467 operis.
1210 2428 1432 2465 Tranquillitate
1455 2435 1522 2455 vero
1543 2429 1690 2464 percepta,
1711 2426 1862 2455 mandavit

1029 2484 1081 2513 per
1097 2473 1302 2504 Francolinum
1314 2474 1377 2510 jam
1393 2473 1472 2501 dicto
1489 2472 1570 2500 fratri
1586 2474 1619 2500 ut
1633 2470 1747 2500 concito
1755 2471 1859 2508 gradu

1029 2519 1140 2547 veniret
1155 2517 1242 2546 Drnis
1258 2517 1293 2545 ad
1304 2516 1526 2553 suscipiendum
1537 2523 1646 2544 munus
1654 2514 1802 2553 opeﬁs.At
1810 2514 1859 2544 ille

1028 2561 1193 2599 vespertina
1208 2561 1310 2597 synaxi
1325 2560 1535 2597 expleta,et,ut
1549 2567 1614 2588 rnos
1633 2562 1679 2588 est
1692 2559 1856 2594 monachis,

1028 2608 1165 2644 percepta
1179 2606 1380 2633 benedictione
1396 2605 1521 2639 abbatis,
1538 2605 1580 2633 ire
1603 2604 1731 2641 perrexit
1753 2603 1791 2633 ad
1810 2612 1857 2632 ca-

1029 2652 1148 2680 cumina
1162 2650 1304 2678 Druensis
1314 2650 1352 2686 (9)
1369 2649 1472 2678 Castri.
1487 2648 1614 2677 Veniens
1626 2657 1693 2677 vero
1705 2650 1774 2686 post
1787 2647 1858 2677 solis

1029 2704 1165 2725 occasum
1183 2695 1218 2723 ad
1235 2696 1342 2722 sanctae
1355 2693 1504 2722 Columba:
1517 2695 1645 2730 portum,
1658 2693 1860 2722 transfretavit

1030 2751 1097 2770 cum
1109 2741 1172 2769 suis
1183 2741 1320 2768 Icaunam
1331 2738 1453 2767 ﬂuvium
1462 2747 1471 2765 :
1485 2746 1613 2774 cumque
1623 2737 1780 2775 paululum
1791 2738 1860 2766 sub-

1031 2787 1157 2815 stitisset
1171 2786 1200 2812 in
1214 2784 1322 2817 littore,
1339 2784 1415 2811 inter
1429 2784 1549 2811 caeteras
1563 2782 1666 2811 stellas
1677 2782 1790 2819 quibus
1804 2791 1860 2811 nox

1032 2840 1102 2903 qluis’
1113 2840 1340 2881 Dnrocassense,
1356 2837 1442 2873 vulgo
1459 2839 1569 2871 Dreux,
1582 2836 1628 2866 vel
1650 2836 1716 2873 ipso
1741 2836 1860 2865 nomine

1033 2885 1048 2903 C
1061 2883 1243 2903 arisslmum.

1033 2883 1243 2904 clarissimum.
