3910 6392
152 452 273 515 ’19⁷1

891 453 994 514 DE
1037 452 1473 515 TRANSLAT.
1520 451 1631 514 SS.
1679 449 2098 524 SAVINIANI,
2147 451 2645 516 POTENTIANI.
2690 454 2858 517 ETC.

3443 458 3565 521 798

154 584 583 641 illustrabatur
606 583 752 642 vidit
776 585 1070 658 quoddam
1107 584 1272 641 sidus
1310 601 1619 656 exsurgere
1662 582 1720 638 in
1750 599 1817 638 eo
1846 581 1898 649 Α
1928 586 2060 639 CAP.
2093 583 2332 659 XXVIII.
2365 589 2451 659 pe
2476 588 2669 643 sancti
2717 550 3040 645 Saviniani
3072 587 3486 659 translatione,
3515 599 3569 649 et

153 672 285 731 loco
316 691 443 747 quo
472 673 677 729 (estivo
707 678 966 746 tempore
996 672 1142 729 solet
1165 673 1367 728 horam
1418 672 1532 728 diei
1570 672 1819 744 primam

154 762 244 819 sol
273 763 721 829 demonstrare;
752 763 905 835 quod
938 760 1210 817 exsiliens
1238 762 1309 816 de
1338 760 1430 817 sui
1470 766 1633 816 ortus
1674 760 1819 829 loco,

152 851 377 906 virtute
408 849 612 905 divina
635 851 806 921 cmpit
848 849 981 905 ferri
1007 848 1279 905 velociter
1307 867 1409 921 per
1435 866 1588 916 aera,
1622 853 1823 921 petens

154 938 285 996 cmli
319 938 722 995 eminentiora
750 937 879 994 loca
899 954 1045 1011 pene
1072 954 1260 1009 usque
1282 938 1352 992 ad
1379 936 1521 992 illud
1538 942 1822 1008 punctum

154 1044 274 1101 quo
307 1044 379 1083 ea
410 1030 761 1099 tempestate
797 1025 944 1081 solet
964 1026 1085 1081 fieri
1111 1025 1254 1081 hora
1274 1029 1455 1081 sexta.
1477 1027 1658 1089 Quem
1687 1042 1822 1080 cum

155 1115 608 1187 famulus,equo
641 1119 962 1187 praeparato
993 1114 1087 1169 cui
1114 1114 1379 1169 insedere
1409 1113 1824 1181 debebat,hor-

155 1203 563 1275 taretur,quia
592 1220 707 1259 nox
731 1203 1172 1267 imminebat,ut
1191 1201 1529 1258 ascenderet
1552 1219 1564 1255 :
1591 1201 1826 1257 Sustine

158 1310 251 1348 me
281 1290 628 1364 paululum,
659 1290 875 1362 inquit,
907 1295 964 1346 et
995 1290 1221 1345 intuere
1254 1306 1388 1345 cum
1414 1294 1515 1345 tuo
1546 1289 1701 1345 socio
1725 1289 1829 1344 mi-

158 1379 373 1435 rabilia
420 1380 526 1435 Dei
575 1396 706 1451 quae
760 1379 1044 1434 hactenus
1072 1395 1185 1434 non
1215 1378 1354 1433 vidi.
1392 1378 1514 1441 Quo
1545 1376 1827 1433 miraculo

159 1468 367 1524 famuli
401 1468 1024 1540 attoniti,ignorantes
1054 1465 1192 1536 quid
1225 1465 1489 1537 praesagii
1511 1467 1824 1538 praeferret,

159 1555 474 1629 signaculo
508 1555 700 1612 crucis
731 1572 794 1611 se
821 1555 1184 1621 muniunt,et
1206 1554 1321 1608 Deo
1344 1553 1832 1626 sanctoqueSavi-

161 1645 335 1702 niano
367 1644 663 1717 pavefacti
696 1644 869 1698 corde
892 1659 954 1698 se
987 1659 1113 1698 com
1129 1641 1391 1696 mittunt.
1411 1641 1589 1697 Stella
1616 1658 1749 1697 vero
1771 1642 1830 1696 in

156 1734 280 1791 loco
313 1750 434 1807 quo
462 1737 710 1790 venerat
741 1730 1048 1805 paululum
1084 1729 1372 1796 substitit,
1411 1734 1469 1785 et
1499 1730 1830 1802 retrogrado

156 1840 332 1880 cursu
362 1822 442 1878 ad
476 1821 679 1877 locum
715 1821 870 1876 unde
896 1822 1133 1875 venerat
1166 1818 1225 1873 in
1259 1819 1439 1874 unius
1469 1817 1624 1875 horae
1643 1818 1831 1890 spatio

2127 656 2429 711 miraculis
2460 674 2659 713 coram
2694 659 2960 715 Rolberlo
2991 676 3127 732 rege
3157 660 3357 735 factis.

2000 760 2297 833 Descripta
2328 762 2524 835 itaque
2556 769 2837 835 apparatu
2861 765 2976 821 Deo
2996 765 3327 838 dignissimi
3353 768 3563 839 operis,

1930 865 2115 921 operte
2147 850 2396 921 pretium
2429 856 2516 907 est
2535 853 2755 908 exarari
2778 852 3125 909 miraculum
3150 854 3451 927 scripturas
3475 872 3569 911 vo-

1932 954 2088 992 mere
2109 940 2264 1009 quod
2296 939 2392 994 Dei
2426 939 2846 1012 omnipotentia
2876 943 3261 1014 praesentibus
3292 942 3459 999 nobis
3479 943 3565 999 di-

1931 1028 2146 1097 gnatus
2176 1030 2263 1081 est
2282 1043 2452 1099 agere
2473 1028 2528 1082 in
2554 1030 2739 1084 sancti
2763 1031 3035 1102 martyris
3055 1031 3565 1105 translatione.0p-

1930 1117 2052 1168 tata
2081 1113 2409 1170 festivitatis
2434 1116 2559 1187 ejus
2592 1117 2738 1187 dies,
2768 1136 2885 1189 qua
2913 1119 2986 1174 ab
3018 1120 3277 1192 antiquis
3300 1121 3570 1176 Patribus

1932 1202 2060 1272 ejus
2091 1203 2416 1259 venerabile
2445 1221 2657 1277 corpus
2687 1223 2805 1261 una
2828 1223 2961 1262 eum
3001 1208 3179 1263 sociis
3226 1208 3286 1263 in
3328 1208 3573 1265 basilica

1933 1291 2117 1345 sancti
2152 1290 2298 1346 Petri
2332 1292 2683 1348 translatum
2714 1298 2820 1364 est,
2841 1295 3455 1368 appropinquabatzet
3475 1314 3574 1353 rex

1934 1376 2363 1453 aliquantulum
2395 1380 2641 1435 Senonis
2669 1387 3061 1438 commoratus
3092 1384 3279 1440 redire
3308 1384 3575 1457 dispone-

1935 1465 2035 1521 bat
2058 1466 2351 1534 Parisius;
2385 1468 2538 1523 unde
2567 1486 2777 1524 vocans
2807 1469 3309 1543 archiepiscopum
3341 1473 3576 1529 Leothe-

1939 1553 2144 1621 ricum,
2178 1554 2477 1610 humiliter
2505 1556 2820 1627 postulavit
2850 1561 2914 1612 ut
2938 1559 3357 1615 monasterium
3389 1560 3576 1617 adiret

1937 1646 1993 1697 et
2022 1641 2207 1697 sancti
2234 1642 2508 1714 martyris
2550 1660 2761 1715 corpus
2809 1644 2880 1699 de
2928 1643 3134 1701 locello
3187 1646 3480 1717 plumbeo,
3513 1648 3572 1703 in

1937 1745 2053 1800 quo
2086 1730 2156 1784 ab
2188 1730 2448 1801 antiquis
2480 1731 2748 1786 Patribus
2780 1732 3035 1804 positum
3068 1733 3276 1803 fuerat,
3309 1734 3368 1790 in
3399 1750 3578 1792 aurea

1938 1833 2113 1888 capsa
2132 1833 2307 1888 quam
2333 1816 2414 1872 illi
2438 1824 2741 1890 paraverat
2760 1824 3180 1893 transponeret.
3205 1824 3278 1877 At
3302 1822 3399 1878 ille
3418 1828 3578 1879 sexta

158 1912 372 1967 iterum
406 1909 606 1967 rediit.
632 1909 818 1973 Quam
838 1924 983 1980 pene
1014 1924 1202 2006 usque
1223 1907 1294 1962 ad
1319 1906 1829 2006 tertiam‘vigiliOam
1862 1943 1907 2006 Β
1942 1904 2103 2006 feria,
2127 1904 2218 2006 cui
2240 1907 2587 2006 succedente
2608 1906 2700 1962 die
2721 1907 3022 2006 Dominica
3062 1910 3258 2006 futura
3277 1911 3577 1983 prszstola-

161 1998 349 2056 noctis
375 1996 873 2069 contemplantes,
908 2012 1037 2051 eam
1070 1995 1222 2050 inter
1249 1999 1457 2050 caetera
1488 1993 1679 2049 sidera
1720 1993 1828 2048 im-

161 2087 317 2161 plere
348 2102 599 2142 cursum
634 2084 874 2140 solitum
906 2084 1179 2139 viderunt
1208 2088 1466 2149 ovantes,
1496 2086 1551 2137 et
1590 2080 1741 2136 inter
1771 2099 1832 2137 se

163 2176 301 2247 quid
321 2176 765 2230 demonstraret
783 2172 1146 2227 conferentes
1162 2189 1176 2238 ;
1192 2171 1409 2242 quibus
1427 2170 1621 2225 animo
1638 2187 1835 2225 occur.

164 2263 236 2319 rit
267 2264 427 2335 quod
459 2266 722 2334 emptum
753 2260 862 2315 iter
883 2276 1160 2332 prospero
1176 2276 1384 2332 gressu
1410 2262 1835 2330 peragerent,et

164 2352 403 2407 demum
436 2350 562 2406 voti
593 2353 893 2421 compotes
924 2349 1149 2403 concite
1181 2348 1253 2403 ad
1285 2348 1530 2402 domum
1555 2346 1830 2402 redirent.

166 2440 381 2497 Dantes
404 2443 724 2511 propterea
741 2454 868 2493 sese
883 2437 1172 2492 maturius
1196 2434 1381 2491 labori
1396 2435 1566 2506 coepti
1582 2434 1642 2489 iti
1654 2435 1829 2493 neris,

171 2545 271 2602 per
299 2526 644 2600 squalidam
672 2524 925 2592 Belsam,
948 2542 1014 2580 eo
1046 2528 1322 2595 surgente
1352 2540 1387 2579 a
1413 2540 1837 2594 mensa,pcrve-

171 2620 381 2674 nerunt
402 2617 475 2671 ad
496 2613 788 2688 palatium
816 2614 985 2685 regis.
1002 2613 1309 2667 Prarmissa
1327 2629 1457 2666 vero
1482 2610 1833 2666 salutatione

169 2705 319 2777 regis
343 2708 402 2761 et
432 2703 678 2776 reginae,
714 2705 779 2756 ut
802 2700 1178 2757 voracissima
1225 2702 1573 2771 apparerent
1622 2698 1833 2754 sideris

171 2792 451 2867 praesagia
484 2809 497 2847 :
528 2790 894 2862 Suscipiens,
928 2788 1120 2860 inquit
1147 2787 1430 2843 monacho
1461 2787 1678 2859 regina,
1704 2804 1830 2858 quae

170 2885 364 2937 sancto
387 2879 712 2937 Saviniano
740 2894 843 2950 pro
868 2893 1037 2949 posse
1059 2876 1464 2947 disposuimus
1485 2875 1555 2930 ad
1576 2891 1831 2947 priesens

171 2961 396 3025 mittere
430 2983 709 3032 munera,
734 2966 984 3021 festinus
1003 2969 1286 3020 revertere
1308 2963 1380 3018 ad
1409 2963 1670 3035 propria;
1694 2962 1833 3034 quia

171 3075 274 3114 nos
305 3073 547 3113 summo
577 3071 752 3111 mane
787 3053 1193 3126 disposuimus
1226 3052 1389 3106 abire
1418 3050 1583 3106 alias.
1617 3051 1683 3106 Et
1714 3055 1832 3106 sta-

172 3146 275 3202 tim
305 3146 616 3218 proferens
647 3143 775 3200 auri
823 3142 1099 3199 tredecim
1155 3140 1376 3197 solidos
1421 3140 1491 3195 ad
1533 3138 1828 3211 publicam

175 3239 465 3291 monetam
495 3231 984 3289 Aurelianensem
1016 3245 1308 3302 appensos
1342 3228 1471 3293 :.Si,
1494 3228 1703 3299 inquit,
1723 3226 1827 3282 tibi

1942 1992 2114 2049 batur
2149 1993 2451 2063 festivitas,
2484 1995 2556 2050 ad
2614 1996 3033 2053 monasterium
3054 1998 3311 2069 veniens,
3345 2016 3579 2055 summa

1941 2096 2075 2136 eum
2091 2082 2457 2137 veneratione
2474 2100 2592 2138 una
2607 2100 2741 2139 cum
2761 2084 3039 2141 fratribus
3061 2087 3283 2143 monita
3304 2088 3456 2160 regis
3472 2088 3581 2144 im-

1939 2168 2486 2241 plevit;eorpusque
2506 2171 2690 2227 sancti
2712 2172 2949 2229 Eodaldi
2982 2175 3135 2245 quod
3167 2191 3301 2230 cum
3329 2191 3396 2231 eo
3417 2192 3579 2248 repe-

1942 2256 2017 2311 rit
2044 2273 2177 2312 cum
2206 2274 2445 2330 corpore
2472 2259 2967 2315 sanctiSaviniani
2988 2279 3230 2350 ponens,
3249 2281 3383 2319 ossa
3412 2264 3578 2336 pueri

1942 2346 2162 2419 parvuli
2185 2364 2317 2402 cum
2335 2364 2401 2403 eo
2418 2347 2640 2403 humati
2665 2350 2921 2421 reposuit
2944 2356 3158 2417 una.et,
3173 2346 3414 2424 expletis
3436 2352 3579 2408 mis-

1942 2453 2138 2491 sarum
2163 2434 2784 2503 solemniis,edendum
2808 2437 3173 2494 abiit.Fratre
3192 2440 3462 2505 vero,sub
3479 2458 3579 2496 eu-

1933 2524 2037 2594 jus
2069 2524 2308 2579 arbitrio
2330 2529 2386 2579 et
2416 2524 2775 2595 providentia
2797 2526 2975 2581 totius
2997 2527 3189 2598 operis
3212 2528 3429 2583 fabrica
3448 2546 3581 2585 con-

1940 2613 2154 2677 stabat,
2182 2612 2240 2667 in
2272 2613 2448 2667 choro
2481 2613 2815 2669 monasterii
2848 2614 3156 2683 residente,
3189 2620 3247 2670 et
3292 2616 3580 2688 imagines

1940 2701 2345 2772 argenti,quod
2370 2701 2639 2773 operculo
2657 2719 2844 2774 capsae
2862 2703 3172 2775 superponi
3193 2703 3578 2776 disposuerat,

1940 2805 2071 2845 cera
2104 2788 2261 2844 molli
2289 2790 2598 2855 refovente,
2623 2791 2957 2863 supervenit
2985 2809 3048 2847 ex
3086 2792 3418 2864 improviso,
3439 2794 3578 2849 duc-

1937 2880 2062 2932 tore
2094 2893 2271 2948 puero
2301 2877 2563 2949 parvulo,
2593 2878 2833 2951 quidam
2865 2896 3053 2936 caecus
3085 2879 3390 2952 postulans
3409 2897 3472 2937 se
3500 2881 3581 2936 in-

1939 2964 2184 3020 tromitti
2236 2964 2293 3019 in
2341 2969 2543 3037 crypta
2590 2966 2690 3021 ubi
2722 2967 2907 3022 sancti
2932 2967 3223 3023 Saviniani
3266 2967 3583 3041 repositum

1938 3056 2060 3108 erat
2090 3069 2321 3124 corpus.
2357 3052 2463 3117 Qui
2496 3054 2830 3111 sciscitatus
2859 3075 2894 3110 a
2923 3055 3212 3111 monacho
3244 3056 3377 3129 quis
3407 3063 3583 3124 esset,

1936 3145 1995 3196 et
2028 3141 2179 3195 unde
2202 3145 2375 3209 esset,
2402 3140 2495 3200 vel
2526 3143 2697 3213 cujus
2727 3143 2808 3198 rei
2840 3143 3027 3215 gratia
3065 3143 3413 3211 advenisset,
3445 3162 3585 3216 pro-

1939 3228 2129 3283 fessus
2162 3233 2249 3285 est
2280 3246 2341 3284 se
2372 3246 2501 3285 esse
2532 3230 2909 3296 rusticum,et
2936 3231 2994 3286 in
3019 3247 3168 3303 pago
3191 3231 3582 3298 Wastinense,

177 3340 289 3380 non
316 3321 538 3379 sufficit
575 3337 706 3376 mea
729 3296 1361 3392 ponderatio,_prezbeat
1394 3296 1832 3387 ﬁdem'pmprio
1863 3296 1905 3362 (ἶ
1941 3316 2001 3372 in
2032 3316 2170 3371 villa
2197 3333 2323 3388 qua;
2359 3318 2648 3373 Fontanas
2679 3318 2914 3386 dicitur,
2940 3296 3153 3375 habere
3181 3296 3582 3376 habitaculum

178 3410 573 3467 oculoiterata
600 3408 913 3481 propensio
931 3424 943 3461 :
961 3424 1077 3479 quo
1100 3405 1480 3477 ponderatore
1506 3402 1649 3458 nihil
1674 3402 1834 3457 aliud

179 3516 352 3572 quam
380 3498 541 3571 quod
563 3497 773 3570 regina
796 3495 1137 3568 praedixerat
1159 3493 1266 3548 fuit
1297 3491 1573 3549 invenire.
1600 3491 1837 3564 Regres-

180 3604 279 3643 sus
308 3587 505 3659 itaque
536 3584 872 3642 monachus
888 3583 1002 3639 voti
1024 3599 1263 3654 compos
1288 3582 1359 3636 ad
1386 3579 1830 3646 monasterium,

178 3679 483 3748 postquam
516 3673 681 3745 regis
712 3689 781 3728 ex
812 3675 971 3743 parte
1014 3676 1070 3725 et
1118 3670 1327 3742 reginae
1371 3667 1518 3723 dixit
1546 3666 1743 3722 abbati
1776 3671 1834 3721 et

179 3763 454 3819 fratribus
488 3780 620 3830 ave,
654 3759 900 3833 protulit
940 3758 1067 3816 auri
1116 3758 1253 3814 fulvi
1286 3760 1489 3813 sancto
1519 3755 1830 3811 Saviniano

182 3851 597 3908 transmissum
626 3866 849 3905 munus
879 3849 951 3903 de
990 3847 1279 3904 cassilide.
1313 3848 1649 3917 Appensum
1695 3860 1831 3915 ergo

183 3940 369 4011 palam
400 3939 689 3996 omnibus
723 3954 824 4010 per
853 3951 1094 3991 manum
1143 3931 1467 3989 Francolini
1514 3930 1732 3987 ostiarii
1775 3933 1833 3986 et

183 4026 494 4084 Raimberti
524 4024 750 4083 cellarii
781 4023 953 4095 regis,
974 4021 1194 4078 trutina
1222 4024 1511 4092 vergente,
1532 4018 1829 4073 inventum

185 4119 269 4171 est
295 4120 520 4188 septem
551 4112 831 4170 denarios
862 4111 992 4184 plus
1021 4107 1442 4166 habens.Unde
1472 4106 1832 4177 stupefactus

187 4202 353 4259 frater
372 4203 474 4275 qui
503 4200 823 4268 detulerat,
857 4204 914 4255 et
937 4198 1123 4253 caeteri
1155 4194 1535 4259 admirantes,
1556 4210 1832 4265 cognove-

186 4295 316 4347 runt
344 4310 449 4365 pro
473 4295 638 4348 certo
671 4288 812 4361 quia
836 4288 938 4360 qui
970 4284 1180 4342 sideris
1212 4283 1532 4339 mutatione
1561 4282 1619 4337 in
1640 4282 1830 4337 eundo

187 4377 454 4451 dignatus
485 4382 580 4435 est
609 4377 919 4434 ostendere
950 4372 1320 4439 miraculum,
1348 4375 1405 4426 et
1428 4369 1528 4442 qui
1561 4368 1831 4425 exnihilo

185 4464 312 4522 fecit
338 4472 529 4523 totum
556 4465 877 4533 mundum,
910 4464 969 4519 in
999 4459 1209 4518 saeculo
1260 4458 1391 4515 fidei
1441 4458 1513 4513 ob
1557 4457 1831 4513 meritum

188 4556 454 4629 martyris
474 4553 772 4611 concessit
801 4553 1116 4608 exuberare
1146 4548 1367 4604 fulvum
1399 4547 1510 4603 sub
1558 4545 1831 4617 septifor-

1942 3405 2015 3460 ad
2036 3405 2390 3460 manendum
2409 3410 2465 3461 et
2486 3406 2718 3478 proprio
2741 3407 2974 3463 nomine
2991 3408 3176 3463 vocari
3192 3408 3583 3480 Mainardum,

1942 3496 2001 3548 et
2016 3491 2382 3548 admonitum
2406 3498 2573 3550 nocte
2597 3494 2887 3566 praeterita
2908 3495 2965 3550 in
2990 3495 3213 3551 somnis
3231 3500 3295 3550 ut
3310 3497 3379 3552 ad
3400 3498 3585 3553 sancti

1941 3579 2235 3635 Saviniani
2268 3581 2636 3651 prmsentiam
2667 3583 2888 3638 veniret
2930 3587 2987 3638 et
3038 3583 3237 3639 lumen
3283 3583 3585 3641 oculorum

1940 3667 2019 3723 ibi
2056 3669 2355 3739 reciperet.
2389 3671 2526 3725 Erat
2556 3670 2711 3725 enim
2759 3671 3079 3728 triennium
3124 3688 3193 3727 ex
3223 3688 3338 3745 quo
3386 3672 3584 3729 lumen

1942 3756 2219 3812 amiserat
2239 3756 2563 3813 oculorum.
2584 3758 2962 3815 Intromissus
2983 3758 3179 3832 itaque
3200 3762 3270 3816 ad
3292 3764 3583 3829 sanctum,

1939 3843 2163 3901 diutius
2193 3846 2405 3912 oravit;
2438 3846 2539 3902 sed
2571 3845 2716 3901 nihil
2745 3846 2986 3903 luminis
3010 3848 3136 3920 ipsa
3164 3849 3257 3903 die
3290 3848 3587 3921 percipere

1941 3932 2172 3987 meruit.
2198 3932 2386 3988 Nimio
2417 3951 2549 3989 vero
2577 3934 2879 3991 suavitatis
2923 3937 3122 4003 odore,
3154 3939 3219 3991 ut
3266 3936 3390 4007 ipse
3419 3937 3583 4004 dixit,

1942 4019 2215 4092 repletus,
2234 4021 2305 4076 ad
2338 4021 2570 4094 prepria
2599 4025 2689 4076 est
2719 4038 3000 4079 reverens.
3028 4023 3376 4079 Adveniente
3406 4023 3586 4095 igitur

1940 4105 2033 4160 die
2065 4105 2387 4171 Dominiea,
2411 4108 2577 4164 adest
2605 4125 2702 4163 rex
2731 4125 2865 4164 cum
2896 4108 3023 4165 suis
3052 4109 3341 4182 episcOpis
3369 4116 3427 4166 et
3448 4127 3582 4184 pro-

1939 4192 2189 4261 ceribus,
2223 4194 2536 4250 abbatibus
2566 4213 2801 4270 quoque
2831 4201 2888 4252 et
2933 4196 3181 4265 clericis,
3216 4215 3322 4253 nec
3371 4216 3490 4255 non
3527 4204 3586 4255 et

1940 4281 2154 4354 populo
2175 4281 2581 4338 innumerabili
2602 4285 2673 4339 ad
2697 4283 3189 4341 transvehendum
3207 4301 3420 4358 corpus
3437 4304 3585 4344 mar-

1940 4368 2104 4442 tyris.
2139 4374 2319 4436 Cuem
2342 4371 2673 4444 suscipiens
2704 4391 2823 4429 una
2851 4390 2984 4429 eum
3018 4374 3137 4430 ﬁlio
3167 4390 3274 4429 suo
3307 4374 3584 4433 Rotberto

1941 4458 2193 4530 propriis
2225 4458 2767 4532 seapulis,reposuit
2794 4478 2933 4516 cum
2965 4462 3241 4518 manibus
3260 4462 3388 4519 suis
3409 4463 3585 4521 inillo

1942 4544 2069 4602 loco
2102 4546 2201 4601 ubi
2233 4547 2291 4601 in
2326 4548 2595 4618 praesenti
2626 4553 2935 4605 veneratur
2962 4567 2997 4605 a
3024 4549 3299 4607 fidelibus
3327 4552 3583 4624 populis.

189 4641 297 4698 mis
315 4660 564 4701 numero
595 4641 845 4715 spiritus
866 4656 1098 4696 aurum.
1116 4638 1184 4693 Et
1208 4637 1307 4709 qui
1330 4636 1400 4691 ad
1425 4634 1831 4691 redimendum
1866 4647 1912 4711 ι)
1943 4633 2183 4690 Peracto
2216 4635 2423 4691 deinde
2450 4635 2696 4692 solemni
2723 4637 2933 4706 officio,
2966 4642 3025 4693 et
3049 4654 3182 4711 rege
3211 4639 3586 4697 recumbente

189 4730 332 4787 filios
359 4730 767 4800 vidum,Elisei
797 4726 1292 4795 intercessu,fecit
1328 4738 1834 4797 superexcrescere

188 4817 394 4888 oleum,
418 4819 620 4893 exigui
650 4817 779 4874 auri
814 4815 1230 4873 munusculum
1262 4813 1564 4870 devotione
1594 4809 1747 4884 regis
1776 4813 1834 4865 et

189 4906 393 4979 regina:
424 4908 563 4965 fecit
594 4905 920 4963 maximum
949 4922 963 4960 :
995 4909 1054 4961 et
1083 4908 1261 4976 caput
1288 4902 1499 4959 Christi
1534 4901 1708 4966 Deus,
1732 4897 1833 4970 qui

189 5008 285 5065 per
308 4996 659 5070 prophetam
706 5012 883 5051 suum
928 4993 1117 5048 dixit:
1149 4994 1470 5065 Argentum
1520 4992 1577 5044 et
1623 5002 1832 5043 aurum

190 5098 399 5154 meum,
434 5083 728 5159 quidquid
760 5081 1042 5138 membris
1072 5080 1215 5148 suis,
1231 5080 1287 5136 id
1318 5083 1407 5136 est
1434 5076 1653 5132 sanctis
1684 5091 1833 5129 mar-

189 5171 427 5241 tyribus,
459 5173 712 5240 confert,
746 5170 989 5227 alterius
1022 5186 1134 5225 non
1166 5173 1276 5225 est.
1310 5169 1514 5223 Postea
1550 5164 1709 5219 dedit
1734 5179 1834 5217 rex

188 5273 286 5329 per
313 5278 556 5317 manum
590 5259 887 5317 Odorauni
922 5256 1194 5313 monachi
1248 5254 1494 5313 Senonis
1541 5250 1667 5307 auri
1717 5267 1832 5305 un~

190 5345 303 5403 cies
332 5366 431 5405 vm
461 5354 518 5406 et
549 5348 783 5422 argenti
816 5347 959 5402 meri
994 5346 1213 5402 solidos
1254 5362 1345 5399 xv.
1371 5344 1430 5398 Id
1482 5337 1832 5413 perficiendo

190 5450 314 5492 vero
341 5455 533 5511 opere,
571 5455 647 5494 ne
702 5438 868 5493 fieret
924 5435 1041 5508 regi
1095 5434 1254 5489 oneri
1308 5434 1578 5503 frequens
1638 5425 1830 5497 requi-

193 5522 317 5580 sitio
346 5527 472 5583 auri
504 5531 562 5583 et
593 5524 845 5597 argenti,
879 5523 1086 5579 additae
1130 5526 1269 5578 sunt
1316 5522 1387 5576 de
1436 5519 1708 5573 thesauro
1739 5530 1829 5568 cc-

192 5609 367 5667 élesiae
417 5614 684 5688 quinque
734 5612 921 5669 unciae
966 5610 1113 5678 auri,
1146 5615 1203 5666 et
1235 5613 1350 5664 tres
1399 5607 1557 5662 libra:
1608 5601 1831 5675 argenti

193 5714 325 5755 meri
336 5745 347 5757 .

1940 4722 2014 4778 ad
2065 4739 2329 4778 mensam
2378 4724 2798 4797 monachisque
2841 4726 3170 4794 edentibus,
3206 4727 3449 4784 sedebat
3504 4728 3583 4785 ibi

1939 4825 2092 4881 saepe
2121 4810 2313 4866 dictus
2344 4812 2667 4867 monachus
2697 4812 2797 4868 ubi
2826 4831 2961 4870 eum
3000 4815 3240 4887 perinde
3284 4815 3585 4872 sedentem

1939 4914 2119 4970 supra
2146 4899 2401 4971 scriptus
2430 4898 2727 4957 invenerat
2756 4919 2972 4971 caecus;
3002 4904 3104 4976 qui
3136 4907 3281 4959 nutu
3325 4903 3426 4960 Dei
3474 4905 3585 4961 du-

1940 4990 2105 5041 cente
2134 5002 2196 5042 se
2226 5004 2403 5058 puero
2424 4990 3012 5063 superveniens,dixit
3031 5008 3093 5048 se
3114 4993 3325 5048 iterum
3353 4992 3412 5049 in
3434 5010 3585 5050 som-

1942 5071 2034 5128 nis
2064 5073 2427 5131 admonitum
2465 5081 2527 5133 ut
2555 5079 2901 5151 quantocius
2922 5084 3212 5153 expeteret
3229 5081 3414 5136 sancti
3427 5080 3583 5137 Savi-

1942 5160 2100 5217 niani
2134 5162 2438 5231 auxilium,
2457 5170 2513 5220 et
2535 5167 2847 5238 projieiens
2876 5185 2939 5224 se
2970 5168 3267 5225 solotenus
3292 5172 3425 5225 ante
3446 5186 3586 5241 prae-

1941 5251 2188 5308 sentiam
2222 5254 2427 5322 sancti,
2460 5257 2590 5327 ejus
2621 5258 3078 5331 suffragantibus
3117 5257 3363 5326 meritis,
3394 5258 3585 5313 visum

1942 5339 2177 5410 recepit,
2206 5344 2261 5395 et
2295 5344 2394 5412 qui
2420 5360 2489 5397 co
2518 5362 2703 5415 usque
2732 5362 2764 5400 a
2797 5345 3034 5417 parvulo
3058 5344 3301 5418 puerulo
3332 5343 3582 5398 duceba-

1940 5429 2129 5493 tur,eo
2150 5428 2574 5501 ducente,puer
2603 5432 2674 5487 ad
2705 5433 2946 5489 domum
2973 5434 3294 5489 revertitur.
3320 5432 3439 5486 Rex
3452 5444 3584 5483 vero

1942 5530 2188 5585 surgens
2220 5533 2254 5569 a
2285 5534 2487 5573 mensa
2516 5519 2793 5575 orationis
2824 5537 3021 5585 causa,
3056 5525 3119 5574 ut
3150 5536 3275 5574 mos
3307 5515 3387 5571 illi
3439 5517 3580 5579 erat,

1941 5600 2103 5658 solus
2136 5604 2418 5660 remansit
2450 5605 2507 5661 in
2537 5607 2780 5663 ecclesia
2803 5626 2815 5663 :
2841 5608 2938 5679 qui
2964 5608 3104 5662 dum
3128 5598 3582 5668 oraret,contigit

1944 5694 2009 5742 ut
2040 5707 2189 5762 saepe
2215 5693 2407 5749 dictus
2436 5695 2612 5752 frater
2631 5694 2936 5751 ecclesiam
2980 5694 3221 5748 intraret
3244 5707 3257 5744 :
3281 5699 3455 5757 quem
3486 5697 3578 5735 εε-
