3910 6440
140 444 288 510 801

1712 454 2141 519 OPUSCULA.

3503 464 3624 526 802

720 636 1117 699 INCIPIUNT
1163 638 1543 701 CAPITULA
1587 638 1733 700 SEU
1778 641 2039 702 TI'I‘UU
2089 642 2659 703 (JPUSCULORUM
2711 643 3129 705 0Dtt-IIANNI.

150 797 319 849 CAP.
364 793 420 849 Ι.
466 793 664 867 Origo,
694 798 881 863 actus,
914 801 970 851 et
1001 795 1135 851 finis
1165 794 1392 851 domnae
1421 795 1874 853 Theudechildis
1900 808 1955 872 Α

288 882 565 954 reginae,
598 887 657 938 et
688 884 1044 939 constructio
1085 884 1426 939 monasterii
1475 886 1658 940 sancti
1699 885 1871 941 Petri.

154 970 244 1025 II.
297 972 888 1042 Demonstratioper
899 988 1083 1027 annos
1100 971 1348 1039 Domini,
1363 972 1580 1044 quibus
1598 972 1871 1045 tempori-

286 1058 431 1114 bus
470 1058 561 1113 vel
593 1075 629 1113 a
659 1058 875 1131 quibus
925 1060 1187 1131 personis
1219 1061 1641 1116 monasterium
1686 1061 1871 1116 sancti

288 1146 479 1202 Petri
514 1146 822 1219 praeceptis
856 1146 1173 1220 regalibus,
1197 1164 1299 1204 seu
1317 1147 1635 1221 privilegiis
1655 1150 1873 1221 episco-

289 1232 590 1306 palibus,
623 1251 730 1290 nec
761 1252 876 1290 non
898 1235 1243 1307 pignoribus
1264 1242 1604 1292 sanctorum
1636 1237 1875 1294 dotatus

290 1323 420 1391 sit;
461 1326 529 1379 et
559 1323 715 1395 quod
739 1322 1047 1395 episcopus
1068 1324 1385 1381 Sennensis
1406 1324 1721 1396 primatum
1737 1325 1874 1381 Gal-

287 1410 399 1467 liae
437 1414 507 1467 et
537 1410 860 1468 Germania:
874 1411 1480 1480 habeat,etsecundus
1501 1430 1650 1486 papa
1676 1412 1871 1485 appel-

291 1499 516 1567 letur;
543 1504 601 1555 et
623 1500 881 1556 ostensio
895 1499 1311 1558 miraculorum
1340 1501 1524 1557 sancti
1555 1502 1869 1559 Saviniani.

168 1588 274 1644 III.
314 1588 416 1644 Ad
445 1587 824 1644 Willelmum
840 1589 1109 1644 abbatem
1124 1589 1233 1644 sub
1246 1590 1730 1646 charitatislaude
1742 1606 1872 1663 gra-

290 1676 546 1732 tiarum
573 1676 745 1732 actio.
779 1679 849 1733 Et
878 1677 950 1731 de
978 1677 1421 1733 accusatoribus
1452 1682 1509 1732 et
1556 1680 1869 1747 accusatis,

287 1782 411 1821 seu
453 1765 540 1820 de
572 1764 738 1821 falsis
769 1766 1039 1821 testibus.
1074 1766 1152 1821 De
1182 1765 1715 1838 conspirationibus
1737 1784 1875 1839 quo-

289 1870 420 1926 que
457 1853 556 1908 vel
582 1852 1062 1924 inscriptionibus
1090 1854 1441 1908 adtitulatio.
1471 1854 1620 1908 Etde
1644 1871 1872 1926 repara-

290 1943 473 1997 tione
510 1942 838 1996 sacerdotis
871 1942 1089 2013 scripta
1116 1942 1373 2012 Gregorii
1405 1946 1459 1997 et
1492 1942 1718 1997 lsidori.

170 2024 272 2088 IV.
311 2031 406 2085 Ad
470 2029 808 2084 Eurardum
847 2030 1198 2085 monachum
1247 2030 1319 2086 de
1348 2030 1537 2085 tribus
1599 2030 1872 2102 quaestio-

290 2118 523 2174 nibus.

175 2210 250 2261 ν.
292 2207 385 2262 Ad
425 2205 789 2262 Rotbcrtum
822 2206 1175 2262 monachum
1206 2207 1276 2262 de
1307 2207 1463 2262 tonis
1495 2208 1752 2270 musirm,

177 2295 280 2351 VI.
312 2300 397 2350 De
432 2294 737 2350 divisione
768 2295 1146 2351 monochordi
1195 2295 1265 2350 ad
1317 2294 1637 2351 monachos
1680 2296 1867 2349 sancti

296 2382 602 2439 Germa’ni
643 2382 1192 2451 Antissiodorensis,
1241 2384 1341 2455 qui
1390 2384 1544 2456 apud
1599 2389 1866 2439 sanctum

300 2470 753 2544 Leodegarium
787 2471 1186 2527 morabantur.

183 2560 314 2616 VII.
360 2560 454 2616 Ad
509 2560 924 2615 Arembertum
980 2559 1329 2615 monachum
1381 2560 1452 2615 de
1502 2560 1871 2631 responsorio

305 2649 632 2718 .lspiciem
661 2666 701 2706 a
734 2649 917 2719 longe,
950 2652 1150 2704 contra
1179 2646 1536 2704 Amalarium
1568 2654 1624 2704 et
1645 2649 1874 2704 drama-

1902 2170 1949 2234 B

2096 799 2172 855 tis
2205 796 2503 865 resolutio,
2539 801 2897 873 mysticaque
2927 801 3307 859 Sunamitidis
3341 803 3623 877 interpre-

2092 886 2257 942 tatio.

1981 975 2129 1029 VIII.
2167 976 2377 1032 Electio
2408 976 2757 1049 episcopalis
2789 977 2860 1032 ab
2889 977 3194 1033 Odoranno
3226 979 3399 1035 edita.

1982 1062 2070 1118 IX.
2104 1062 2303 1119 Sermo
2334 1065 2596 1136 ejusdem
2620 1065 2679 1119 in
2702 1066 3000 1123 ordatione
3023 1067 3276 1140 episcopi
3309 1067 3626 1141 vulgariter

2088 1153 2577 1223 pronuntiandus.

1980 1239 2045 1295 X.
2088 1238 2167 1296 De
2214 1240 2449 1313 injuriis
2498 1242 2862 1300 sacerdotum
2911 1248 2969 1300 et
3023 1244 3625 1302 excommunicatione

2086 1328 2513 1400 episcoporum.

1981 1414 2073 1471 ΧΙ.
2097 1416 2427 1473 Exhortatio
2459 1417 2750 1475 Odoranni
2782 1414 3273 1477 Masciacensibus
3295 1421 3620 1487 monachis,

2087 1504 2159 1559 ab
2192 1506 2404 1578 Ingone
2438 1507 2647 1563 abbate
2678 1507 2916 1564 directa.

1984 1592 2108 1648 XII.
2142 1593 2581 1650 Testamentum
2613 1595 2878 1652 fraterna:
2912 1595 3322 1652 unanimitatis
3371 1598 3443 1654 ab
3472 1596 3623 1653 Odo-

2088 1696 2272 1736 ranno
2297 1682 2539 1738 editum.

1982 1768 2124 1823 Xlll.
2158 1769 2449 1824 Odoranni
2481 1770 2726 1841 epistola
2756 1773 2826 1827 ad
2872 1772 3214 1845 Ayrfredum
3260 1773 3622 1829 didascalum

2089 1861 2302 1912 sancta:
2347 1857 2782 1915 Aurelianensis
2846 1860 3135 1916 Ecclesia}.
3188 1866 3245 1916 et
3286 1861 3623 1917 monasterii

2088 1945 2271 1999 sancti
2303 1945 2447 2000 Aviti
2500 1946 2990 2014 archimandritas,
3041 1953 3099 2003 et
3133 1949 3360 2021 Hugoni
3408 1954 3622 2005 sanctas

2089 2033 2296 2088 matris
2324 2032 2579 2089 ecclesia:
2608 2036 2965 2092 Senonensis
2998 2035 3429 2093 archidiacono.

2048 2119 2469 2178 Convalescens
2501 2122 2934 2194 aliquantulum
2966 2141 3001 2179 a
3040 2124 3266 2180 diutino
3315 2128 3373 2181 et
3398 2124 3622 2197 gravis-

1981 2207 2129 2262 simo
2163 2210 2376 2280 pedum
2406 2208 2775 2266 incommodo
2805 2211 3174 2280 Odorannus,
3203 2212 3622 2268 incarnationis

1978 2296 2290 2352 Dominica:
2323 2314 2476 2353 anno
2508 2298 2737 2366 MXLV,
2768 2300 2954 2354 aetatis
2999 2316 3133 2355 vero
3178 2317 3297 2355 suae
3347 2300 3467 2356 fere
3511 2300 3620 2369 LX,

1980 2402 2050 2440 ne
2082 2385 2225 2441 forte
2257 2385 2583 2441 invidorum
2615 2390 2744 2441 astu
2778 2388 3086 2458 prmsentia
3107 2386 3625 2460 opusculadeperi-

1981 2478 2130 2539 rent,
2164 2490 2231 2528 ea
2262 2473 2320 2528 in
2353 2490 2468 2528 uno
2490 2490 2729 2546 corpore
2759 2472 3011 2547 collegit,
3031 2479 3301 2531 etamore
3319 2474 3625 2532 charitatis

1981 2562 2263 2617 studiosis
2310 2562 2608 2630 fratribus,
2643 2565 2708 2618 ut
2753 2562 2810 2618 in
2865 2564 2950 2619 eis
3002 2563 3473 2630 exercitarentur,
3526 2579 3621 2618 re-

1980 2647 2173 2720 liquit.

1580 2790 1830 2829 EXPLICI‘I’
1867 2786 2276 2829 ARGUMENTUM.

1233 3064 1364 3153 IN
1456 3062 2005 3156 CHRISTI
2099 3063 2630 3154 NOMINE

1776 3243 2067 3304 INCIPIT

674 3403 1014 3511 LIBER
1083 3399 1923 3539 OPUSCULORUM
1988 3397 2574 3511 000mm
2648 3400 3160 3513 MONACIII

1289 3732 2012 3821 OPITSCULUM
2068 3728 2546 3820 PRIMUM.

272 3936 604 4007 Postquam
652 3951 687 3989 a
737 3932 1141 3989 Valentiniano
1190 3932 1537 4004 imperatore
1584 3934 1785 3990 Franci
1830 3950 1863 3990 a
1893 3950 1937 4016 ρ
1976 3938 2312 3991 sanctorum
2346 3935 2742 4005 apostolorum
2764 3932 2914 3989 Petri
2932 3938 2991 3988 et
3007 3931 3167 3988 Pauli
3193 3933 3617 3990 monasterium

206 4022 542 4080 Sicambria
569 4021 824 4095 expulsi,
858 4022 915 4077 in
946 4022 1221 4077 extremis
1253 4022 1516 4093 partibus
1548 4022 1732 4077 Rheni
1765 4023 1867 4079 ﬂu-

206 4112 382 4167 minis
415 4112 695 4167 habitare
728 4115 1048 4182 coaperunt,
1083 4110 1379 4164 communi
1414 4110 1654 4165 consilio
1685 4111 1866 4183 elege-

206 4207 339 4257 runt
362 4203 476 4257 sibi
514 4216 717 4274 regem
752 4199 1187 4256 Faramundum
1225 4200 1475 4266 nomine,
1512 4201 1696 4255 tilium
1720 4201 1865 4255 Mar»

207 4287 508 4356 chomiris,
553 4289 659 4361 qui
712 4287 821 4342 fuit
867 4288 937 4343 de
985 4288 1166 4359 stirpe
1217 4286 1429 4341 Priami
1475 4288 1861 4358 Trojanorum

208 4377 379 4447 regis.
408 4377 648 4434 Mortuo
690 4393 824 4431 vero
867 4376 1256 4438 Faramundo,
1294 4374 1629 4431 Clodionem
1673 4375 1861 4431 filium

206 4464 330 4542 ejus
373 4483 573 4538 regem
610 4464 725 4523 sibi
770 4466 1057 4530 fecerunt;
1092 4479 1207 4535 quo
1237 4463 1530 4528 defuncto,
1563 4464 1860 4520 Meroveus

211 4550 362 4607 filius
392 4555 526 4626 ejus
576 4554 637 4609 in
687 4570 865 4625 regno
911 4552 1267 4607 sublimatus
1315 4555 1424 4607 est.
1479 4551 1583 4607 Illo
1629 4569 1859 4625 quoque

205 4639 475 4709 obeunte,
509 4642 674 4697 filius
717 4642 847 4711 ejus
890 4639 1255 4695 Cbildericus
1300 4656 1545 4713 regnum
1579 4641 1853 4712 suscepit.

207 4723 337 4783 Post
391 4731 567 4802 cujus
618 4729 973 4793 discessum,
1026 4728 1213 4782 ﬁlium
1262 4726 1420 4782 illius
1463 4727 1855 4783 Chlodoveum

209 4812 437 4886 ingenio
486 4817 796 4884 callidum,
828 4817 1009 4871 armis
1036 4815 1376 4871 bellatorem
1426 4821 1755 4887 strenuum,
1802 4822 1858 4872 et

209 4904 443 4961 consilio
478 4906 861 4980 prudentem,
916 4904 1116 4959 Franci
1163 4905 1274 4959 sibi
1327 4922 1519 4976 regem
1564 4910 1852 4960 staluunt.

207 4986 305 5044 Hic
334 4992 527 5050 adhuc
560 5011 829 5067 paganus
859 4992 1027 5048 duxit
1057 5009 1293 5047 uxorem
1312 4993 1729 5059 Christianam,
1752 5010 1852 5048 no-

211 5072 359 5131 mine
388 5079 823 5147 Chrochildem,
857 5078 1038 5133 filiam
1068 5077 1375 5150 Chilperici
1399 5079 1556 5151 regis
1586 5084 1855 5150 Burgun-

210 5160 467 5237 dionum,
499 5168 703 5224 fratris
761 5165 1103 5222 Gundebodi
1145 5165 1332 5231 ducis,
1393 5183 1643 5238 quorum
1691 5172 1855 5240 pater

211 5246 556 5310 Gundoveus
586 5272 686 5311 rex
712 5254 1195 5326 Burgundionum
1226 5253 1352 5308 fuit.
1382 5258 1698 5325 Postquam
1718 5272 1851 5310 vero

209 5332 564 5398 Chlodoveus
594 5360 720 5411 rex,
768 5359 945 5399 uxore
989 5358 1099 5397 sua
1144 5341 1503 5407 exhortante,
1552 5347 1611 5398 et
1648 5348 1848 5399 sancto

212 5419 462 5500 Remigio
525 5432 905 5488 Remensium
963 5431 1236 5502 episcopo
1294 5430 1663 5500 pradicantc,
1735 5432 1846 5486 sub

212 5516 412 5571 Sanctae
442 5518 753 5574 Trinitatis
770 5518 1005 5573 nomine
1021 5518 1350 5589 baptizatus
1372 5520 1478 5583 est,
1498 5534 1564 5571 eo
1577 5518 1843 5587 jubente,

209 5594 561 5664 Chroch'rldis
610 5607 817 5679 regina
862 5606 934 5661 ad
966 5604 1350 5660 meridianam
1401 5602 1633 5677 plagam
1682 5607 1847 5662 urbis

213 5680 518 5765 Parisiacaa,
551 5693 898 5771 interposito
927 5693 1196 5767 Sequana
1225 5691 1486 5765 ﬂumine,
1533 5692 1591 5747 in
1625 5693 1844 5750 honore

1976 4024 2222 4078 miriﬁco
2253 4038 2424 4093 opere
2454 4021 2796 4076 construxit.
2842 4019 3156 4076 Debellatis
3205 4024 3400 4075 autem
3448 4021 3615 4077 Chio-

1975 4110 2191 4166 doveus
2223 4108 2427 4164 multis
2456 4113 2512 4164 et
2543 4109 2772 4180 magnis
2812 4108 3067 4179 regibus,
3123 4113 3391 4163 mortuus
3436 4112 3527 4164 est
3556 4109 3615 4164 in

1973 4215 2135 4273 pace,
2164 4202 2220 4252 et
2250 4196 2514 4268 sepultus
2543 4202 2632 4252 est
2682 4197 2738 4250 in
2765 4197 2888 4267 jam
2936 4196 3091 4250 dicta
3138 4195 3379 4251 basilica
3425 4197 3615 4253 sancti

1972 4286 2147 4350 Petri,
2199 4286 2295 4340 ubi
2348 4290 2405 4339 et
2451 4285 2619 4340 beata
2650 4284 2938 4339 Gcnovefa
2996 4282 3337 4355 consepulta
3394 4290 3610 4340 manet.

1971 4374 2238 4430 Mortuus
2265 4378 2353 4428 est
2374 4378 2570 4428 autem
2603 4389 2755 4428 anno
2777 4372 2983 4444 quinto
2994 4376 3303 4443 postquam
3316 4371 3611 4429 Alaricum

1970 4478 2165 4535 regem
2197 4462 2514 4516 Gothorum
2560 4459 2869 4526 interfecit,
2904 4476 3056 4515 anno
3101 4460 3402 4531 trigesimo
3446 4461 3609 4535 regni

1968 4551 2081 4605 sui.
2115 4552 2159 4605 A
2190 4549 2440 4604 transitu
2469 4565 2602 4603 vero
2632 4546 2815 4603 sancti
2849 4547 3080 4602 Martini
3114 4563 3301 4619 usque
3331 4547 3403 4602 ad
3428 4553 3613 4604 trans-

1914 4669 1922 4678 -
1968 4638 2115 4694 itum
2148 4637 2455 4693 Chlodovei
2488 4636 2663 4708 regis,
2698 4636 2932 4691 fuernnt
2956 4635 3092 4690 anni
3115 4634 3280 4692 CXII.
3304 4636 3439 4691 Post
3460 4650 3611 4693 mor-

1968 4733 2082 4781 tem
2116 4741 2348 4797 quoque
2377 4726 2527 4795 ejus,
2561 4729 2813 4796 quatuor
2844 4723 2945 4778 filii
2980 4723 3186 4795 ipsius,
3210 4722 3607 4781 Theodericus

1965 4814 2251 4877 videlicet,
2283 4818 2341 4869 et
2370 4811 2775 4879 Chlodomiris,
2823 4812 3248 4878 Childebertus,
3297 4818 3355 4867 et
3381 4812 3608 4869 Chlota—

1966 4903 2109 4965 rius,
2144 4918 2385 4974 regnum
2420 4902 2715 4971 ejusintcr
2744 4916 2806 4956 se
2824 4901 3169 4955 diviserunt.
3187 4899 3390 4956 Adhuc
3412 4907 3605 4957 autem

1962 4990 2255 5047 Clilotario
2278 4989 2531 5059 juniore,
2564 4990 2755 5045 tribus
2782 4990 3057 5044 fratribus
3089 4988 3381 5046 defunctis
3409 5005 3608 5063 super-

1962 5077 2119 5144 stite,
2152 5092 2315 5132 soror
2347 5079 2476 5148 ejus
2505 5076 2958 5133 Theudecbildis
2977 5077 3232 5144 nomine,
3255 5091 3321 5131 eo
3354 5076 3603 5145 favente,

1961 5166 2020 5220 in
2052 5170 2366 5236 conspectu
2401 5164 2720 5220 Sennensis
2745 5167 2928 5233 urbis,
2963 5166 3034 5221 ad
3063 5164 3431 5223 instarillius
3447 5167 3603 5238 quod

1960 5253 2254 5325 genitores
2310 5254 2438 5323 ejus
2484 5252 2722 5308 Parisiis
2767 5258 3233 5320 construxerant,
3283 5254 3341 5309 in
3387 5254 3605 5310 honore

1958 5339 2427 5413 supradictorum
2488 5340 2883 5411 apostolorum
2952 5341 3372 5398 monasterium
3421 5341 3599 5397 (ediﬁ-

1957 5429 2134 5495 cavit;
2168 5432 2224 5483 et
2254 5433 2317 5482 ut
2338 5427 2447 5482 sub
2478 5433 2681 5483 sancta
2711 5428 2991 5501 religione
3020 5435 3077 5484 et
3100 5429 3330 5485 abbatis
3355 5428 3599 5500 imperio

1956 5517 2173 5572 ibidem
2208 5514 2477 5571 monachi
2528 5520 2643 5571 Deo
2687 5516 2913 5571 cunctis
2961 5517 3171 5573 diebus
3218 5516 3596 5579 deservirent,

1954 5604 2236 5669 instituit;
2259 5618 2587 5674 corpusque
2605 5620 2778 5659 suum
2797 5603 3011 5659 ibidem
3036 5602 3346 5675 sepulturae
3368 5599 3595 5655 tradere

1953 5692 2271 5750 mandavit.
2305 5689 2590 5766 Quicquid
2623 5708 2754 5748 vero
2804 5691 2948 5748 citra
2987 5690 3260 5763 Ligerim,
3309 5686 3367 5741 id
3396 5689 3485 5741 est
3529 5684 3588 5738 in
