1955 3203
161 210 221 243 803

584 210 785 242 ODORANNI
809 210 987 242 MONACHI
1009 211 1042 242 S.
1064 211 1181 242 PETRI
1203 212 1283 243 νιν]
1307 211 1448 243 SENON.

1819 215 1879 246 804

166 280 198 306 1ἰν
210 278 345 312 -nrio,\'el
362 277 438 305 ultra
454 277 591 312 Ligerim,
605 278 630 305 ἱιῖ
648 281 692 305 est
709 279 736 305 in
750 278 917 314 Aquitania,
930 277 989 306 sive
1006 280 1027 312 Α
1046 279 1274 312 vitam-duxerit,
1293 279 1368 307 idem
1386 280 1564 308 Fortunatus
1580 280 1716 310 scribens
1731 282 1767 310 ad
1787 282 1877 317 illam,

163 324 198 350 de
216 331 350 359 possesso
365 331 415 350 seu
432 322 467 350 de
482 322 631 358 adquisito
647 323 753 350 habere
767 323 871 358 potuit,
893 322 988 350 eidem

165 376 239 395 rasa:
261 367 310 395 Dei
326 368 381 394 sub
397 366 482 394 titulo
507 367 674 395 testamenti
700 367 840 394 condidit.
866 367 947 399 Quod
963 367 988 394 si

164 412 231 448 quis
247 412 282 439 ad
295 411 417 447 plenum
433 420 518 439 nosse
527 412 618 448 cupit,
632 412 655 439 si
664 411 756 447 ipsius
768 411 946 445 monasterii,
958 413 990 439 ut

163 459 243 489 sunt,
260 459 387 484 reserata
403 456 445 483 illi
462 456 579 484 archiva
595 456 714 488 fuerint,
732 464 783 492 pro
804 458 883 483 certo
904 464 990 483 nosse

164 500 278 537 poterit.
292 503 372 529 Tunc
388 501 527 537 temporis
543 509 615 536 pone
623 509 674 536 per
682 500 848 528 universam
865 500 989 528 Galliam

164 545 340 573 Fortunatus
357 546 519 582 presbyter,
535 545 652 573 natione
669 545 769 577 Italus,
788 545 831 572 vir
854 545 989 572 disertis-

164 590 268 622 simus,
285 590 381 617 (larus
399 590 569 617 habebatur.
588 590 639 617 llic
657 592 811 625 postquam
825 589 990 617 Chlotarius

163 644 211 662 rex
223 634 369 662 hominem
380 635 468 669 exuit,
477 635 598 670 ejusque
607 634 858 669 liliusSigcbm-tns
867 642 988 668 regnum

163 681 300 716 suscepit,
318 681 449 715 qumdam
461 688 524 716 qua:
532 679 608 715 apud
624 688 675 706 nos
687 679 841 710 habentur,
852 679 878 705 in
897 678 990 714 ipsius

162 725 302 760 Sigeborti
329 724 413 751 laudo
433 726 460 751 et
486 723 689 751 Brunecliilllis
721 723 825 757 regina?
850 722 990 758 opuscula

162 769 510 803 odiditﬂﬁiDomnavm-o
524 767 753 795 Thenderhildis
762 768 870 802 regina,
880 770 990 803 quanto

164 813 279 848 pictatis
297 814 374 840 fonte
398 813 612 842 renlnmlavcrit,
637 821 785 847 quamque
812 811 989 839 laudabilem

1043 322 1207 351 luculenter
1222 324 1354 352 versibus
1370 325 1550 360 exsequitur.

1084 367 1186 399 Inclyta
1196 369 1348 400 progenies,
1364 371 1415 398 etc,
1430 370 1457 393 ut
1472 370 1499 394 in
1514 369 1652 395 Fortunali
1665 370 1835 396 εᾱίιὼπιὸω.

1044 407 1116 435 Item
1133 408 1316 444 epitaphium
1331 408 1571 438 Theudechildis.

1223 471 1352 500 Quamvis
1367 472 1476 502 auratis,
1487 474 1538 497 etc.
1554 475 1582 497 ul
1598 474 1626 499 in
1641 474 1703 498 edd.

1045 534 1160 571 (Postea
1168 533 1301 571 sequitur
1308 534 1338 561 in
1350 535 1449 562 codice
1460 534 1546 563 aliud
1551 536 1741 571 epigramma
1748 538 1788 565 de
1797 538 1885 565 Thel-

1080 569 1217 600 dechilde,
1227 570 1303 605 quod
1308 578 1363 597 non
1376 571 1554 598 inveniebant
1566 569 1643 600 inior
1648 574 1813 602 Fortunali
1819 582 1883 601 cur-

1045 606 1133 633 minu.
1149 606 1194 633 Sic
1210 610 1308 633 autem
1324 614 1354 633 se
1369 607 1453 634 habet
1465 608 1486 642 :)

1079 659 1153 682 Iluuc
1169 659 1259 688 regina
1274 659 1363 683 locum
1379 660 1518 684 monachis
1533 663 1686 687 construit
1700 662 1738 688 ab
1754 663 1811 688 imo

1107 690 1275 714 Tlu-m-lnldis
1291 691 1371 715 rebus
1388 691 1554 716 nobilitando
1569 692 1634 717 suis.

1076 721 1157 754 Cujus
1172 729 1243 745 nunc
1257 722 1319 745 licet
1335 722 1382 746 hoc
1397 729 1495 753 corpus
1509 723 1653 749 claudatur
1667 724 1696 749 in
1712 726 1806 754 anno.

1108 753 1221 783 Spiritus
1235 753 1363 779 astrim-m
1378 754 1444 778 vivit
1459 754 1485 778 in
1501 762 1550 779 axe
1565 755 1630 780 Deo.

1078 784 1223 814 nuptm-nus
1240 785 1317 808 rectis
1333 785 1484 815 pastoribus
1501 793 1568 815 euge
1580 786 1701 811 beatum.

1109 817 1156 839 Det
1172 816 1335 846 rapientibus
1351 816 1413 840 hinc
1428 816 1480 841 heu
1496 816 1567 842 mula
1581 818 1665 850 digna
1678 818 1768 843 Deus?

802 905 1169 949 OPUSCULUM
1200 905 1235 947 Il

162 988 341 1018 Conlinelur
350 986 475 1017 secundo
485 986 626 1027 opusculo
643 986 809 1017 Clu‘onicon
818 985 977 1020 Odoranni,
987 984 1067 1024 quod
1079 995 1116 1014 er
1131 984 1184 1014 hoc
1200 985 1261 1053 7230
1273 985 1370 1015 codice
1381 985 1474 1016 edidi!
1483 985 1880 1029 Chesniusinterscriplom

502 1036 599 1053 rPrnm
618 1026 815 1053 Iv'ranrinrum
845 1031 914 1053 (om.
934 1025 973 1053 ΙΙ.
993 1025 1114 1053 ideoque
1126 1034 1143 1053 α
1159 1035 1196 1053 no
1205 1036 1241 1053 us
1257 1026 1507 1053 nrmlm‘mitlitur.

502 1025 599 1056 rerum
618 1026 827 1062 Franciarum,
845 1031 914 1055 (om.
933 1025 973 1062 ll,
993 1025 1114 1065 ideoque
1126 1034 1143 1055 α
1159 1025 1241 1055 ηοὸιε
1251 1026 1507 1066 prwlermitlitur.

792 1123 1149 1169 OPUSCULUM
1182 1126 1237 1166 IlI

160 1214 285 1245 nom-3m
301 1216 502 1243 sacro-sancto
517 1217 544 1241 et
557 1212 607 1252 pio
622 1220 734 1251 semper
751 1211 779 1239 in
798 1209 914 1252 Christi
927 1209 1011 1252 visre!
1021 1208 1085 1252 ibas
1100 1208 1262 1252 ret-alendo,
1276 1210 1449 1240 monasterii
1459 1211 1789 1252 sanctissz'ml'marlyri,
1802 1210 1874 1242 Dio-

197 1255 277 1294 ni,in
290 1253 395 1283 abbati
408 1249 590 1294 “VltLELMb,
603 1252 666 1290 ejus
681 1249 804 1280 nimium
821 1249 946 1290 cupidus
961 1249 1080 1278 honoris
1094 1249 1203 1288 frater,
1220 1251 1407 1280 Unoaansus
1421 1251 1578 1290 prmsenlis
1593 1251 1653 1281 cui
1663 1249 1827 1292 prospera,
1844 1256 1873 1282 et

197 1293 313 1324 atteram
329 1293 482 1333 [elicitam
496 1293 619 1331 gaudia.

193 1375 264 1401 Cum
281 1372 413 1400 omnium
438 1371 549 1399 Veteris
565 1374 590 1398 et
612 1371 678 1398 Novi
705 1370 882 1398 Testamenli
907 1370 981 1397 Scri-
998 1377 1021 1408 Β
1038 1369 1110 1405 nysii
1129 1370 1279 1405 adtingere
1305 1370 1408 1402 merui,
1435 1369 1645 1399 honorabiliter
1669 1370 1749 1399 ultra
1776 1380 1869 1408 quam

158 1421 310 1455 ptnrarnm
326 1416 425 1447 series,
443 1416 509 1447 iide,
532 1424 592 1451 spe,
609 1419 636 1442 ot
661 1415 801 1442 charitate
827 1414 981 1441 colendum

157 1464 247 1490 Deum
265 1461 403 1491 insinuet,
412 1463 498 1496 atque
506 1461 646 1494 majorem
656 1459 830 1487 horumosse
843 1458 983 1486 chaarita-

156 1511 213 1535 tom
230 1506 386 1542 Apostolus
402 1508 499 1541 aperto
516 1505 705 1536 demonstret,
722 1504 875 1531 dilectione
889 1503 937 1530 Dei
954 1505 982 1530 et

155 1551 278 1588 proximi
297 1551 358 1587 ipsa
370 1550 497 1577 Charitas
514 1549 667 1585 arlimpleri
684 1549 832 1576 evidenter
854 1548 981 1575 dinosci-

156 1600 212 1630 tur,
229 1596 252 1623 si
271 1596 433 1623 secundum
442 1594 662 1630 prmeeptionem
672 1594 760 1621 divini
773 1593 880 1629 eloquii
890 1593 980 1620 Deum

156 1644 214 1669 toto
231 1640 326 1673 corde,
343 1642 403 1668 tota
419 1639 527 1673 anima,
554 1641 614 1666 tota
637 1639 751 1673 virtute,
771 1640 799 1665 et
814 1638 980 1674 proximum

156 1689 306 1721 tamquam
323 1694 375 1712 nos
392 1684 472 1720 ipsos
495 1692 641 1711 amamus.
668 1683 741 1710 Nam
766 1682 902 1718 quamvis
927 1681 980 1709 hoc

155 1730 232 1765 quod
247 1729 287 1756 ait
303 1728 454 1764 apostolus
468 1728 608 1759 Jacobus,
633 1727 659 1753 si
675 1727 742 1762 quis
766 1729 857 1754 totam
885 1726 979 1762 legem

156 1772 323 1805 servaverit,
331 1772 458 1799 oll‘endat
466 1774 563 1799 autem
577 1772 605 1798 in
614 1780 681 1803 uno,
693 1772 787 1798 factus
793 1773 838 1798 est
847 1770 979 1797 omnium

156 1825 233 1849 reus,
250 1817 349 1844 minus
364 1816 512 1843 studiosos
528 1815 625 1846 lateat,
642 1818 737 1842 tamen
755 1815 809 1842 hoc
831 1823 921 1841 unum
944 1814 979 1841 de

156 1861 307 1894 charitate,
327 1868 390 1895 qua:
415 1859 492 1886 Deus
515 1862 569 1891 est,
596 1859 678 1886 illum
704 1859 822 1893 dixisse,
849 1858 979 1894 pervigili

156 1905 253 1932 lectori
270 1904 390 1940 patebit,
406 1904 430 1931 si
447 1903 527 1930 Pauli
540 1903 662 1939 apostoli
679 1903 714 1930 ad
737 1904 883 1930 Romanos
906 1903 978 1930 scri-

156 1950 250 1977 bentis
263 1948 459 1976 subtilissime
476 1948 582 1975 mentis
595 1947 679 1974 oculo
689 1948 775 1974 verba
788 1948 977 1983 prospexerit,

156 1994 202 2022 ubi
220 1993 274 2021 ait:
290 1993 404 2020 Nemini
422 1993 579 2029 quisquam
596 1993 726 2020 debeatis
743 1992 797 2019 nisi
811 1995 843 2019 ut
855 1991 976 2019 invicem

154 2038 297 2075 diligatis:
315 2038 365 2074 qui
382 2038 459 2065 enim
475 2037 570 2073 diligit
587 2037 763 2073 proximum,
775 2036 866 2072 legem
880 2035 979 2072 imple-

153 2083 202 2111 vit.
217 2083 289 2111 Nam
304 2091 361 2110 non
377 2082 568 2116 adulterabis,
586 2090 642 2109 non
655 2082 780 2114 occides,
793 2090 850 2109 non
867 2081 979 2108 furabo-

153 2128 270 2162 ris,non
282 2127 388 2155 falsum
402 2126 604 2155 testimonium
619 2126 707 2159 dices,
717 2135 774 2153 non
787 2125 977 2161 concupisces

152 2181 213 2200 rem
230 2172 352 2208 proximi
370 2172 424 2204 tui,
441 2175 468 2199 ot
484 2172 508 2199 si
525 2172 601 2207 quod
614 2170 743 2199 estaliud
754 2170 976 2206 mandatum,iu

152 2217 206 2245 hoc
222 2216 283 2245 solo
299 2217 489 2251 instauratur,
507 2216 615 2252 Diliges
628 2216 793 2252 proximum
804 2217 889 2243 tuum
901 2214 978 2242 sicut

152 2264 178 2289 te
195 2261 301 2298 ipsum.
318 2261 409 2295 Cujus
422 2260 574 2288 charitatis
589 2261 691 2288 ardore
702 2268 862 2287 succensus
876 2259 905 2286 in
915 2261 977 2286 tan-

151 2309 224 2339 tum,
241 2305 474 2334 reverentissime
499 2305 593 2337 Pater,
617 2305 725 2332 fervere
749 2303 922 2335 dinosccris,
944 2306 976 2330 ut

150 2359 208 2378 non
224 2349 321 2379 solum
339 2350 490 2382 benivolis,
506 2357 604 2377 verum
622 2349 710 2376 etiam
738 2348 861 2384 proprias
886 2347 974 2375 saluti

150 2395 315 2428 contrariis,
332 2394 515 2422 admirabilis
527 2393 660 2421 videaris.
674 2392 975 2428 Prmlationisquoque

150 2439 259 2467 honore
274 2439 350 2466 inter
365 2439 540 2466 domesticos
554 2438 703 2471 sull‘ultus,
720 2445 908 2477 nequaquam
927 2444 974 2463 ex-

150 2483 271 2517 tolleris,
288 2484 338 2511 sed
355 2483 396 2510 sic
413 2483 488 2511 inter
503 2492 551 2510 eos
577 2483 660 2519 quasi
689 2491 765 2510 unus
780 2490 813 2510 ex
838 2481 926 2517 ipsis;
947 2482 976 2508 et

151 2522 341 2560 intercutibus
356 2529 443 2563 atque
457 2527 487 2555 in
503 2527 699 2555 amaritudine
715 2526 830 2563 positis,
843 2526 920 2553 haud
933 2534 975 2553 se-

150 2571 246 2607 gniter
255 2571 580 2607 compatieudo,similis
595 2580 662 2599 cum
673 2571 811 2607 Apostolo
823 2570 900 2598 efﬁci
916 2579 975 2598 non

149 2615 267 2643 vereris.
284 2615 364 2648 Quod
381 2623 450 2651 erga
462 2616 635 2652 parvitatem
651 2624 746 2644 meam
758 2618 785 2643 te
801 2615 904 2643 fecisse
915 2623 973 2642 non

151 2658 275 2695 ambigit
289 2658 467 2695 quicumque
483 2667 529 2687 me
544 2659 615 2688 facie
629 2661 717 2688 novit.
733 2660 805 2688 Nam
817 2668 884 2688 cum
901 2659 974 2687 invi-

150 2703 255 2731 dorum
271 2703 379 2730 astutia
392 2703 547 2732 universus
561 2712 642 2739 pinno
657 2704 844 2732 orbiscontra
854 2712 900 2732 me
907 2712 973 2732 con-

150 2747 292 2783 spirasset
306 2747 336 2774 in
352 2749 466 2775 tantum
482 2749 526 2780 ut,
545 2748 704 2784 cupiditate
719 2749 902 2784 prsevalente,
921 2757 973 2776 au-
989 2749 1011 2782 D

150 2791 259 2819 dientia
273 2791 346 2819 mihi
362 2791 566 2828 denegaretur,
579 2800 646 2819 mox
659 2794 691 2820 ut
707 2792 811 2820 limina
825 2793 894 2820 almi
905 2792 972 2821 Dio-

186 2862 240 2904 (l6)
257 2863 379 2893 Exstant
394 2863 493 2892 hacin
510 2862 660 2892 Fortunati
675 2863 863 2893 editionibus.

1038 1414 1227 1450 pusillitalem
1245 1423 1339 1442 meum
1350 1415 1636 1451 decebatsuscipere,
1646 1418 1675 1443 et
1691 1415 1871 1452 inipsacon—

1037 1458 1204 1494 gregatione
1222 1467 1279 1486 una
1295 1467 1361 1486 cum
1374 1459 1523 1487 voluntate
1537 1459 1670 1488 omnium
1682 1460 1810 1488 fratrum
1820 1469 1869 1490 me

1038 1512 1093 1530 non
1110 1506 1141 1530 ut
1156 1503 1335 1539 inquilinum
1360 1506 1387 1531 et
1404 1503 1561 1539 hospitem,
1588 1505 1638 1532 sed
1663 1506 1697 1532 ut
1721 1505 1818 1533 civem
1840 1508 1871 1534 et

1036 1547 1230 1575 domesticum
1247 1548 1386 1584 dignatus
1402 1556 1433 1576 es
1444 1547 1593 1584 deputare.
1604 1549 1766 1585 Postquam
1773 1557 1870 1578 veros

1037 1592 1145 1619 domno
1163 1593 1269 1628 Ingone
1286 1593 1401 1626 abbate,
1418 1592 1569 1621 divinitate
1579 1593 1718 1630 propitia,
1728 1594 1868 1622 arcessiri

1037 1636 1140 1670 merui,
1158 1639 1345 1664 muneratum
1361 1645 1407 1665 me
1423 1637 1725 1671 diversisdonis,cum
1734 1638 1868 1667 maximo

1037 1681 1145 1708 honore
1162 1681 1288 1717 propriis
1300 1681 1371 1708 locis
1386 1680 1548 1710 reddidisti.

1071 1725 1152 1753 Unde
1168 1725 1237 1761 quid
1255 1726 1343 1761 digne
1358 1726 1578 1754 tibiretribnam
1587 1734 1644 1754 non
1657 1725 1785 1761 invenio;
1794 1727 1867 1764 quia

1035 1770 1059 1797 si
1077 1778 1179 1797 omnes
1194 1769 1289 1805 capilli
1300 1770 1355 1797 mei
1365 1769 1868 1807 verterenturinlinguae,nonvale-

1036 1823 1064 1842 re
1069 1823 1095 1841 m
1103 1814 1198 1842 verbis
1204 1814 1347 1850 explicare
1354 1815 1406 1843 tibi
1414 1815 1528 1843 debitas
1535 1815 1717 1851 gratias.8ed
1724 1824 1761 1843 ne
1768 1815 1867 1853 ingra~

1034 1861 1082 1886 tus
1089 1859 1268 1887 examussim
1277 1859 1418 1893 inveniar,
1426 1868 1519 1887 unum
1527 1859 1668 1896 quiddam
1675 1860 1762 1896 cujus
1772 1859 1865 1889 homo

1034 1903 1148 1939 ignorat
1161 1903 1286 1939 pretium
1299 1904 1351 1932 tibi
1366 1904 1513 1940 impendo,
1524 1904 1594 1932 dum
1609 1904 1778 1940 frequenter
1791 1905 1865 1933 cali-

1033 1956 1095 1975 cem
1104 1948 1242 1976 salutaris
1253 1948 1409 1985 accipiens,
1422 1951 1450 1976 et
1463 1957 1566 1976 nomen
1580 1948 1696 1976 Domini
1708 1948 1863 1983 invocans,

1034 2001 1085 2028 pro
1093 1992 1186 2020 salute
1194 1995 1243 2020 tua
1256 1992 1383 2020 hostiam
1397 1993 1556 2021 salutarem
1568 2001 1701 2030 superna:
1711 1993 1863 2030 maiestati

1034 2037 1131 2064 oll‘cro.
1150 2037 1290 2064 Prmterea
1306 2037 1377 2073 quia
1392 2037 1569 2074 negligentia
1578 2038 1763 2066 sacerdotum
1771 2039 1802 2066 et
1809 2046 1863 2066 cu-

1035 2081 1155 2117 piditate
1171 2082 1211 2109 rei
1228 2081 1350 2117 publica:
1366 2090 1468 2110 curam
1485 2082 1660 2118 gerentium.
1676 2082 1795 2111 curiosa
1813 2091 1862 2111 se-

1032 2128 1146 2153 ctantes
1162 2134 1236 2162 quos
1250 2126 1408 2162 Apostolus
1421 2126 1550 2160 denotat,
1569 2129 1598 2154 et
1621 2125 1767 2156 delatores
1783 2135 1862 2164 quos

1032 2171 1189 2198 mundana:
1201 2170 1279 2206 leges
1291 2173 1411 2198 omnino
1417 2170 1586 2204 excludunt,
1593 2170 1714 2207 impune
1722 2171 1861 2206 saeviunt,

1031 2217 1059 2242 et
1075 2215 1111 2242 ob
1127 2215 1181 2243 hoc
1196 2215 1362 2251 frequentes
1378 2215 1610 2251 conspirationes
1625 2217 1654 2243 et
1669 2212 1862 2252 perint-iactr-

1031 2267 1227 2295 cumquaque,
1244 2262 1273 2287 et
1281 2260 1359 2295 quod
1366 2259 1389 2287 si
1394 2268 1428 2288 ne
1436 2260 1563 2288 maximo
1570 2259 1667 2289 cordis
1673 2260 1860 2302 marroredioi

1031 2313 1088 2331 non
1105 2306 1211 2340 potest,
1227 2304 1255 2332 in
1270 2304 1372 2332 ordine
1387 2304 1584 2333 ecclesiastico
1609 2304 1766 2340 ebulliuit,
1788 2305 1860 2334 huic

1031 2348 1122 2376 errori
1137 2348 1285 2376 contraria
1302 2349 1337 2376 de
1362 2348 1471 2385 regulis
1495 2348 1701 2378 ecclesiasticis
1725 2352 1858 2387 sumpta,

1030 2392 1154 2429 dignum
1174 2393 1272 2428 putavi
1289 2392 1341 2420 tibi
1359 2393 1474 2421 mittere
1490 2401 1592 2429 pauca.
1609 2393 1649 2422 De
1673 2394 1860 2430 reparatione

1031 2445 1147 2472 quoque
1162 2437 1324 2465 sacerdotis
1339 2437 1488 2465 mibibuic
1502 2437 1582 2474 operi
1591 2441 1705 2466 certum
1715 2437 1858 2475 quiddam

1030 2481 1136 2508 addere
1152 2481 1272 2517 placuit,
1290 2482 1431 2518 quatinus
1446 2481 1471 2510 si
1482 2481 1573 2518 hujus
1588 2482 1628 2510 rei
1644 2481 1770 2520 quicstio
1784 2483 1858 2512 forte

1030 2526 1066 2553 ab
1082 2525 1206 2554 eruditis
1217 2526 1357 2554 ventilata
1364 2527 1460 2560 fuerit,
1468 2526 1538 2563 quid
1545 2534 1634 2564 super
1641 2527 1696 2556 hoc
1704 2527 1856 2556 sanctitati

1030 2572 1085 2598 tua:
1102 2571 1317 2599 decernendum
1335 2571 1383 2606 sit,
1401 2571 1522 2601 noverit.
1538 2571 1618 2601 Vale.

1030 2688 1205 2724 (Sequuntur
1219 2688 1280 2716 heia
1294 2688 1324 2716 in
1335 2689 1432 2717 codice
1450 2694 1552 2718 contra
1565 2689 1677 2718 cn‘m
1697 2689 1856 2720 mla-uia

1065 2724 1094 2764 1ζ
1107 2725 1286 2764 “ageretis
1294 2725 1462 2764 ilnnorenlij
1467 2734 1477 2758 ;
1490 2727 1517 2754 2.
1529 2725 1702 2764 except-ilio
1707 2726 1857 2764 carthagi-

1062 2760 1171 2799 niemi;
1188 2761 1222 2799 3.7
1235 2769 1273 2799 es
1286 2761 1503 2799 capitularibu:
1518 2762 1622 2799 Caroli
1634 2763 1750 2799 limi:
1769 2763 1798 2792 4.
1817 2760 1856 2791 ξω

1063 2796 1186 2824 concilio
1200 2797 1442 2830 ('hatcedouemi;
1457 2798 1484 2825 5.
1507 2805 1545 2826 ea:
1566 2797 1642 2826 libro
1654 2796 1775 2836 ῐίιρσίς
1799 2801 1857 2829 Bo-

1709 3194 1902 3203 ‘.._.__a
