  <div class='ocr_page' id='page_1' title='image "/cluster/home/n/w/nwhite01/storage/ocr_20150623/142-143/uc1.31175018423130/410.png"; bbox 0 0 3910 6396; ppageno 0'>
   <div class='ocr_carea' id='block_1_1' title="bbox 193 439 318 503">
    <p class='ocr_par' dir='ltr' id='par_1_1' title="bbox 193 439 318 503">
     <span class='ocr_line' id='line_1_1' title="bbox 193 439 318 503; baseline 0 0"><span class='ocrx_word' id='word_1_1' title='bbox 193 439 318 503; x_wconf 77' lang='lat'><strong>805</strong></span> 
     </span>
    </p>
   </div>
   <div class='ocr_carea' id='block_1_2' title="bbox 1709 436 2138 505">
    <p class='ocr_par' dir='ltr' id='par_1_2' title="bbox 1709 436 2138 505">
     <span class='ocr_line' id='line_1_2' title="bbox 1709 436 2138 505; baseline 0.002 -2"><span class='ocrx_word' id='word_1_2' title='bbox 1709 436 2138 505; x_wconf 82' lang='lat' dir='ltr'><strong>OPUSCULA.</strong></span> 
     </span>
    </p>
   </div>
   <div class='ocr_carea' id='block_1_3' title="bbox 3497 450 3617 514">
    <p class='ocr_par' dir='ltr' id='par_1_3' title="bbox 3497 450 3617 514">
     <span class='ocr_line' id='line_1_3' title="bbox 3497 450 3617 514; baseline 0 0"><span class='ocrx_word' id='word_1_3' title='bbox 3497 450 3617 514; x_wconf 80' lang='lat'><strong>806</strong></span> 
     </span>
    </p>
   </div>
   <div class='ocr_carea' id='block_1_4' title="bbox 267 570 3615 657">
    <p class='ocr_par' dir='ltr' id='par_1_4' title="bbox 267 570 3615 657">
     <span class='ocr_line' id='line_1_4' title="bbox 267 570 3615 657; baseline 0.003 -30"><span class='ocrx_word' id='word_1_4' title='bbox 267 574 906 657; x_wconf 50' lang='lat' dir='ltr'><strong>mana&#39;gt‘l).Quinlum</strong></span> <span class='ocrx_word' id='word_1_5' title='bbox 937 570 1042 628; x_wconf 81' lang='lat' dir='ltr'><strong>hoc</strong></span> <span class='ocrx_word' id='word_1_6' title='bbox 1070 572 1865 630; x_wconf 83' lang='lat' dir='ltr'><strong>tantummodotestimonium</strong></span> <span class='ocrx_word' id='word_1_7' title='bbox 1900 581 1943 644; x_wconf 77' lang='grc' dir='ltr'><strong>Α</strong></span> <span class='ocrx_word' id='word_1_8' title='bbox 1979 573 2281 657; x_wconf 78' lang='lat' dir='ltr'><strong>dominum</strong></span> <span class='ocrx_word' id='word_1_9' title='bbox 2334 574 2404 627; x_wconf 84' lang='lat' dir='ltr'><strong>de</strong></span> <span class='ocrx_word' id='word_1_10' title='bbox 2454 574 2697 629; x_wconf 80' lang='lat' dir='ltr'><strong>crimine</strong></span> <span class='ocrx_word' id='word_1_11' title='bbox 2732 573 3052 643; x_wconf 82' lang='lat' dir='ltr'><strong>majostatis</strong></span> <span class='ocrx_word' id='word_1_12' title='bbox 3096 578 3374 634; x_wconf 88' lang='lat' dir='ltr'><strong>tractasse</strong></span> <span class='ocrx_word' id='word_1_13' title='bbox 3406 583 3615 653; x_wconf 84' lang='lat' dir='ltr'><strong>proba-</strong></span> 
     </span>
    </p>
   </div>
   <div class='ocr_carea' id='block_1_5' title="bbox 267 646 738 715">
    <p class='ocr_par' dir='ltr' id='par_1_5' title="bbox 267 646 738 715">
     <span class='ocr_line' id='line_1_5' title="bbox 267 646 738 715; baseline 0 -15"><span class='ocrx_word' id='word_1_14' title='bbox 267 646 666 701; x_wconf 78' lang='lat' dir='ltr'><strong>recitubimus</strong></span> <span class='ocrx_word' id='word_1_15' title='bbox 702 647 738 715; x_wconf 71' lang='grc' dir='ltr'>ξ)</span> 
     </span>
    </p>
   </div>
   <div class='ocr_carea' id='block_1_6' title="bbox 264 748 1869 821">
    <p class='ocr_par' dir='ltr' id='par_1_6' title="bbox 264 748 1869 821">
     <span class='ocr_line' id='line_1_6' title="bbox 264 748 1869 821; baseline 0.003 -20"><span class='ocrx_word' id='word_1_16' title='bbox 264 774 296 801; x_wconf 86' lang='grc'><strong>‹‹</strong></span> <span class='ocrx_word' id='word_1_17' title='bbox 331 751 397 806; x_wconf 88' lang='lat' dir='ltr'><strong>Si</strong></span> <span class='ocrx_word' id='word_1_18' title='bbox 431 750 583 821; x_wconf 89' lang='lat' dir='ltr'><strong>quid</strong></span> <span class='ocrx_word' id='word_1_19' title='bbox 618 751 799 805; x_wconf 85' lang='lat' dir='ltr'><strong>iratus</strong></span> <span class='ocrx_word' id='word_1_20' title='bbox 830 749 1050 803; x_wconf 81' lang='lat' dir='ltr'><strong>crimen</strong></span> <span class='ocrx_word' id='word_1_21' title='bbox 1082 748 1321 819; x_wconf 79' lang='lat' dir='ltr'><strong>aliquod</strong></span> <span class='ocrx_word' id='word_1_22' title='bbox 1367 754 1584 805; x_wconf 90' lang='lat' dir='ltr'><strong>temere</strong></span> <span class='ocrx_word' id='word_1_23' title='bbox 1631 751 1869 806; x_wconf 81' lang='lat' dir='ltr'><strong>cuilibet</strong></span> 
     </span>
    </p>
   </div>
   <div class='ocr_carea' id='block_1_7' title="bbox 189 837 1869 911">
    <p class='ocr_par' dir='ltr' id='par_1_7' title="bbox 189 837 1869 911">
     <span class='ocr_line' id='line_1_7' title="bbox 189 837 1869 911; baseline -0.001 -16"><span class='ocrx_word' id='word_1_24' title='bbox 189 837 845 911; x_wconf 84' lang='lat' dir='ltr'><strong>objecerit,cenvicium</strong></span> <span class='ocrx_word' id='word_1_25' title='bbox 878 854 993 893; x_wconf 90' lang='lat' dir='ltr'><strong>non</strong></span> <span class='ocrx_word' id='word_1_26' title='bbox 1019 840 1109 891; x_wconf 89' lang='lat' dir='ltr'><strong>est</strong></span> <span class='ocrx_word' id='word_1_27' title='bbox 1138 853 1243 909; x_wconf 92' lang='lat' dir='ltr'><strong>pro</strong></span> <span class='ocrx_word' id='word_1_28' title='bbox 1266 838 1634 893; x_wconf 79' lang='lat' dir='ltr'><strong>accusatione</strong></span> <span class='ocrx_word' id='word_1_29' title='bbox 1656 838 1869 894; x_wconf 89' lang='lat' dir='ltr'><strong>haben-</strong></span> 
     </span>
    </p>
   </div>
   <div class='ocr_carea' id='block_1_8' title="bbox 188 926 1869 999">
    <p class='ocr_par' dir='ltr' id='par_1_8' title="bbox 188 926 1869 999">
     <span class='ocr_line' id='line_1_8' title="bbox 188 926 1869 999; baseline -0.001 -16"><span class='ocrx_word' id='word_1_30' title='bbox 188 927 489 994; x_wconf 88' lang='lat' dir='ltr'><strong>dum;sed</strong></span> <span class='ocrx_word' id='word_1_31' title='bbox 524 927 831 999; x_wconf 68' lang='lat' dir='ltr'><strong>prtemisse</strong></span> <span class='ocrx_word' id='word_1_32' title='bbox 861 926 1148 980; x_wconf 79' lang='lat' dir='ltr'><strong>tractandi</strong></span> <span class='ocrx_word' id='word_1_33' title='bbox 1178 927 1389 997; x_wconf 88' lang='lat' dir='ltr'><strong>spatio,</strong></span> <span class='ocrx_word' id='word_1_34' title='bbox 1415 927 1469 980; x_wconf 91' lang='lat' dir='ltr'><strong>id</strong></span> <span class='ocrx_word' id='word_1_35' title='bbox 1501 928 1658 997; x_wconf 91' lang='lat' dir='ltr'><strong>quod</strong></span> <span class='ocrx_word' id='word_1_36' title='bbox 1688 927 1869 981; x_wconf 88' lang='lat' dir='ltr'><strong>iratus</strong></span> 
     </span>
    </p>
   </div>
   <div class='ocr_carea' id='block_1_9' title="bbox 187 1014 1866 1088">
    <p class='ocr_par' dir='ltr' id='par_1_9' title="bbox 187 1014 1866 1088">
     <span class='ocr_line' id='line_1_9' title="bbox 187 1014 1866 1088; baseline -0.001 -17"><span class='ocrx_word' id='word_1_37' title='bbox 187 1016 366 1083; x_wconf 84' lang='lat' dir='ltr'><strong>dixit,</strong></span> <span class='ocrx_word' id='word_1_38' title='bbox 403 1032 521 1088; x_wconf 88' lang='lat' dir='ltr'><strong>per</strong></span> <span class='ocrx_word' id='word_1_39' title='bbox 550 1015 904 1086; x_wconf 89' lang='lat' dir='ltr'><strong>scripturam</strong></span> <span class='ocrx_word' id='word_1_40' title='bbox 937 1030 999 1068; x_wconf 92' lang='lat' dir='ltr'><strong>se</strong></span> <span class='ocrx_word' id='word_1_41' title='bbox 1031 1014 1417 1085; x_wconf 81' lang='lat' dir='ltr'><strong>probaturum</strong></span> <span class='ocrx_word' id='word_1_42' title='bbox 1448 1031 1575 1070; x_wconf 89' lang='lat' dir='ltr'><strong>esse</strong></span> <span class='ocrx_word' id='word_1_43' title='bbox 1602 1015 1866 1071; x_wconf 82' lang='lat' dir='ltr'><strong>fateatur.</strong></span> 
     </span>
    </p>
   </div>
   <div class='ocr_carea' id='block_1_10' title="bbox 186 1101 1868 1174">
    <p class='ocr_par' dir='ltr' id='par_1_10' title="bbox 186 1101 1868 1174">
     <span class='ocr_line' id='line_1_10' title="bbox 186 1101 1868 1174; baseline -0.001 -15"><span class='ocrx_word' id='word_1_44' title='bbox 186 1105 359 1171; x_wconf 86' lang='lat' dir='ltr'><strong>Quod</strong></span> <span class='ocrx_word' id='word_1_45' title='bbox 390 1103 443 1159; x_wconf 91' lang='lat' dir='ltr'><strong>si</strong></span> <span class='ocrx_word' id='word_1_46' title='bbox 479 1104 736 1159; x_wconf 85' lang='lat' dir='ltr'><strong>fortasse</strong></span> <span class='ocrx_word' id='word_1_47' title='bbox 767 1101 1291 1173; x_wconf 89' lang='lat' dir='ltr'><strong>resipiscens,post</strong></span> <span class='ocrx_word' id='word_1_48' title='bbox 1318 1103 1681 1158; x_wconf 86' lang='lat' dir='ltr'><strong>iracundiam</strong></span> <span class='ocrx_word' id='word_1_49' title='bbox 1712 1103 1868 1174; x_wconf 91' lang='lat' dir='ltr'><strong>quod</strong></span> 
     </span>
    </p>
   </div>
   <div class='ocr_carea' id='block_1_11' title="bbox 188 1190 1873 1257">
    <p class='ocr_par' dir='ltr' id='par_1_11' title="bbox 188 1190 1873 1257">
     <span class='ocr_line' id='line_1_11' title="bbox 188 1190 1873 1257; baseline -0.002 -8"><span class='ocrx_word' id='word_1_50' title='bbox 188 1192 342 1249; x_wconf 82' lang='lat' dir='ltr'><strong>dixit</strong></span> <span class='ocrx_word' id='word_1_51' title='bbox 370 1192 599 1248; x_wconf 84' lang='lat' dir='ltr'><strong>iterare</strong></span> <span class='ocrx_word' id='word_1_52' title='bbox 632 1197 735 1246; x_wconf 89' lang='lat' dir='ltr'><strong>aut</strong></span> <span class='ocrx_word' id='word_1_53' title='bbox 764 1191 1017 1246; x_wconf 83' lang='lat' dir='ltr'><strong>scribere</strong></span> <span class='ocrx_word' id='word_1_54' title='bbox 1063 1192 1313 1246; x_wconf 84' lang='lat' dir='ltr'><strong>fortasse</strong></span> <span class='ocrx_word' id='word_1_55' title='bbox 1361 1190 1632 1257; x_wconf 87' lang='lat' dir='ltr'><strong>noluerit,</strong></span> <span class='ocrx_word' id='word_1_56' title='bbox 1663 1209 1778 1246; x_wconf 91' lang='lat' dir='ltr'><strong>non</strong></span> <span class='ocrx_word' id='word_1_57' title='bbox 1808 1195 1873 1246; x_wconf 89' lang='lat' dir='ltr'><strong>ut</strong></span> 
     </span>
    </p>
   </div>
   <div class='ocr_carea' id='block_1_12' title="bbox 189 1278 1871 1351">
    <p class='ocr_par' dir='ltr' id='par_1_12' title="bbox 189 1278 1871 1351">
     <span class='ocr_line' id='line_1_12' title="bbox 189 1278 1871 1351; baseline -0.001 -15"><span class='ocrx_word' id='word_1_58' title='bbox 189 1298 332 1337; x_wconf 90' lang='lat' dir='ltr'><strong>reus</strong></span> <span class='ocrx_word' id='word_1_59' title='bbox 366 1279 658 1336; x_wconf 85' lang='lat' dir='ltr'><strong>criminis</strong></span> <span class='ocrx_word' id='word_1_60' title='bbox 692 1283 976 1335; x_wconf 83' lang='lat' dir='ltr'><strong>teneatur.</strong></span> <span class='ocrx_word' id='word_1_61' title='bbox 1010 1300 1039 1326; x_wconf 83' lang='lat'>»</span> <span class='ocrx_word' id='word_1_62' title='bbox 1070 1278 1238 1334; x_wconf 91' lang='lat' dir='ltr'><strong>Item.</strong></span> <span class='ocrx_word' id='word_1_63' title='bbox 1273 1302 1300 1327; x_wconf 77' lang='grc' dir='ltr'><em>α</em></span> <span class='ocrx_word' id='word_1_64' title='bbox 1335 1280 1457 1334; x_wconf 88' lang='lat' dir='ltr'><strong>Nisi</strong></span> <span class='ocrx_word' id='word_1_65' title='bbox 1492 1279 1871 1351; x_wconf 88' lang='lat' dir='ltr'><strong>inscriptione</strong></span> 
     </span>
    </p>
   </div>
   <div class='ocr_carea' id='block_1_13' title="bbox 188 1367 1868 1439">
    <p class='ocr_par' dir='ltr' id='par_1_13' title="bbox 188 1367 1868 1439">
     <span class='ocr_line' id='line_1_13' title="bbox 188 1367 1868 1439; baseline -0.001 -16"><span class='ocrx_word' id='word_1_66' title='bbox 188 1369 529 1435; x_wconf 85' lang='lat' dir='ltr'><strong>celebrata,</strong></span> <span class='ocrx_word' id='word_1_67' title='bbox 566 1384 734 1423; x_wconf 88' lang='lat' dir='ltr'><strong>reum</strong></span> <span class='ocrx_word' id='word_1_68' title='bbox 766 1380 1122 1439; x_wconf 88' lang='lat' dir='ltr'><strong>quemquam</strong></span> <span class='ocrx_word' id='word_1_69' title='bbox 1158 1383 1273 1422; x_wconf 90' lang='lat' dir='ltr'><strong>non</strong></span> <span class='ocrx_word' id='word_1_70' title='bbox 1303 1367 1447 1433; x_wconf 83' lang='lat' dir='ltr'><strong>fieri,</strong></span> <span class='ocrx_word' id='word_1_71' title='bbox 1480 1384 1584 1422; x_wconf 91' lang='lat' dir='ltr'><strong>nec</strong></span> <span class='ocrx_word' id='word_1_72' title='bbox 1615 1369 1684 1423; x_wconf 90' lang='lat' dir='ltr'><strong>ad</strong></span> <span class='ocrx_word' id='word_1_73' title='bbox 1707 1369 1868 1436; x_wconf 86' lang='lat' dir='ltr'><strong>judi-</strong></span> 
     </span>
    </p>
   </div>
   <div class='ocr_carea' id='block_1_14' title="bbox 190 1455 1873 1527">
    <p class='ocr_par' dir='ltr' id='par_1_14' title="bbox 190 1455 1873 1527">
     <span class='ocr_line' id='line_1_14' title="bbox 190 1455 1873 1527; baseline -0.002 -14"><span class='ocrx_word' id='word_1_74' title='bbox 190 1459 355 1513; x_wconf 90' lang='lat' dir='ltr'><strong>cium</strong></span> <span class='ocrx_word' id='word_1_75' title='bbox 390 1455 837 1527; x_wconf 76' lang='lat' dir='ltr'><strong>exhiberi;quia</strong></span> <span class='ocrx_word' id='word_1_76' title='bbox 863 1455 1016 1510; x_wconf 87' lang='lat' dir='ltr'><strong>sicut</strong></span> <span class='ocrx_word' id='word_1_77' title='bbox 1047 1455 1377 1511; x_wconf 88' lang='lat' dir='ltr'><strong>convictum</strong></span> <span class='ocrx_word' id='word_1_78' title='bbox 1399 1473 1567 1527; x_wconf 76' lang='lat' dir='ltr'><strong>poma</strong></span> <span class='ocrx_word' id='word_1_79' title='bbox 1588 1457 1873 1511; x_wconf 90' lang='lat' dir='ltr'><strong>constrin-</strong></span> 
     </span>
    </p>
   </div>
   <div class='ocr_carea' id='block_1_15' title="bbox 191 1543 1873 1618">
    <p class='ocr_par' dir='ltr' id='par_1_15' title="bbox 191 1543 1873 1618">
     <span class='ocr_line' id='line_1_15' title="bbox 191 1543 1873 1618; baseline -0.001 -19"><span class='ocrx_word' id='word_1_80' title='bbox 191 1546 399 1618; x_wconf 87' lang='lat' dir='ltr'><strong>git,ita</strong></span> <span class='ocrx_word' id='word_1_81' title='bbox 429 1550 492 1601; x_wconf 86' lang='lat' dir='ltr'><strong>et</strong></span> <span class='ocrx_word' id='word_1_82' title='bbox 524 1543 1007 1607; x_wconf 87' lang='lat' dir='ltr'><strong>accusatorem,si</strong></span> <span class='ocrx_word' id='word_1_83' title='bbox 1042 1561 1156 1599; x_wconf 91' lang='lat' dir='ltr'><strong>non</strong></span> <span class='ocrx_word' id='word_1_84' title='bbox 1191 1544 1520 1615; x_wconf 83' lang='lat' dir='ltr'><strong>probaverit</strong></span> <span class='ocrx_word' id='word_1_85' title='bbox 1541 1544 1693 1615; x_wconf 90' lang='lat' dir='ltr'><strong>quod</strong></span> <span class='ocrx_word' id='word_1_86' title='bbox 1721 1545 1873 1614; x_wconf 88' lang='lat' dir='ltr'><strong>obje-</strong></span> 
     </span>
    </p>
   </div>
   <div class='ocr_carea' id='block_1_16' title="bbox 194 1630 1872 1689">
    <p class='ocr_par' dir='ltr' id='par_1_16' title="bbox 194 1630 1872 1689">
     <span class='ocr_line' id='line_1_16' title="bbox 194 1630 1872 1689; baseline -0.002 0"><span class='ocrx_word' id='word_1_87' title='bbox 194 1633 335 1689; x_wconf 79' lang='lat' dir='ltr'><strong>cit.»</strong></span> <span class='ocrx_word' id='word_1_88' title='bbox 366 1632 593 1689; x_wconf 83' lang='lat' dir='ltr'><strong>Item.«</strong></span> <span class='ocrx_word' id='word_1_89' title='bbox 628 1631 753 1686; x_wconf 91' lang='lat' dir='ltr'><strong>Non</strong></span> <span class='ocrx_word' id='word_1_90' title='bbox 784 1631 1139 1686; x_wconf 90' lang='lat' dir='ltr'><strong>credendum</strong></span> <span class='ocrx_word' id='word_1_91' title='bbox 1171 1637 1261 1686; x_wconf 90' lang='lat' dir='ltr'><strong>est</strong></span> <span class='ocrx_word' id='word_1_92' title='bbox 1289 1647 1490 1686; x_wconf 90' lang='lat' dir='ltr'><strong>eorum</strong></span> <span class='ocrx_word' id='word_1_93' title='bbox 1522 1630 1872 1687; x_wconf 80' lang='lat' dir='ltr'><strong>confessioni</strong></span> 
     </span>
    </p>
   </div>
   <div class='ocr_carea' id='block_1_17' title="bbox 194 1719 1872 1791">
    <p class='ocr_par' dir='ltr' id='par_1_17' title="bbox 194 1719 1872 1791">
     <span class='ocr_line' id='line_1_17' title="bbox 194 1719 1872 1791; baseline -0.002 -14"><span class='ocrx_word' id='word_1_94' title='bbox 194 1725 410 1777; x_wconf 88' lang='lat' dir='ltr'><strong>contra</strong></span> <span class='ocrx_word' id='word_1_95' title='bbox 440 1720 621 1789; x_wconf 89' lang='lat' dir='ltr'><strong>alios,</strong></span> <span class='ocrx_word' id='word_1_96' title='bbox 657 1720 758 1791; x_wconf 91' lang='lat' dir='ltr'><strong>qui</strong></span> <span class='ocrx_word' id='word_1_97' title='bbox 788 1720 846 1774; x_wconf 91' lang='lat' dir='ltr'><strong>in</strong></span> <span class='ocrx_word' id='word_1_98' title='bbox 878 1719 1224 1774; x_wconf 87' lang='lat' dir='ltr'><strong>criminibus</strong></span> <span class='ocrx_word' id='word_1_99' title='bbox 1266 1724 1635 1786; x_wconf 83' lang='lat' dir='ltr'><strong>accusantur,</strong></span> <span class='ocrx_word' id='word_1_100' title='bbox 1666 1720 1778 1774; x_wconf 89' lang='lat' dir='ltr'><strong>nisi</strong></span> <span class='ocrx_word' id='word_1_101' title='bbox 1811 1736 1872 1774; x_wconf 91' lang='lat' dir='ltr'><strong>se</strong></span> 
     </span>
    </p>
   </div>
   <div class='ocr_carea' id='block_1_18' title="bbox 197 1806 1873 1882">
    <p class='ocr_par' dir='ltr' id='par_1_18' title="bbox 197 1806 1873 1882">
     <span class='ocr_line' id='line_1_18' title="bbox 197 1806 1873 1882; baseline -0.001 -18"><span class='ocrx_word' id='word_1_102' title='bbox 197 1809 368 1882; x_wconf 89' lang='lat' dir='ltr'><strong>prius</strong></span> <span class='ocrx_word' id='word_1_103' title='bbox 400 1807 791 1881; x_wconf 86' lang='lat' dir='ltr'><strong>prohaverint</strong></span> <span class='ocrx_word' id='word_1_104' title='bbox 824 1807 1197 1874; x_wconf 86' lang='lat' dir='ltr'><strong>innocentes;</strong></span> <span class='ocrx_word' id='word_1_105' title='bbox 1230 1807 1371 1878; x_wconf 88' lang='lat' dir='ltr'><strong>quia</strong></span> <span class='ocrx_word' id='word_1_106' title='bbox 1410 1806 1734 1879; x_wconf 90' lang='lat' dir='ltr'><strong>periculosa</strong></span> <span class='ocrx_word' id='word_1_107' title='bbox 1784 1812 1873 1863; x_wconf 90' lang='lat' dir='ltr'><strong>est</strong></span> 
     </span>
    </p>
   </div>
   <div class='ocr_carea' id='block_1_19' title="bbox 197 1895 1867 1967">
    <p class='ocr_par' dir='ltr' id='par_1_19' title="bbox 197 1895 1867 1967">
     <span class='ocr_line' id='line_1_19' title="bbox 197 1895 1867 1967; baseline -0.002 -15"><span class='ocrx_word' id='word_1_108' title='bbox 197 1902 257 1953; x_wconf 89' lang='lat' dir='ltr'><strong>et</strong></span> <span class='ocrx_word' id='word_1_109' title='bbox 272 1897 525 1952; x_wconf 87' lang='lat' dir='ltr'><strong>admitti</strong></span> <span class='ocrx_word' id='word_1_110' title='bbox 547 1912 669 1951; x_wconf 89' lang='lat' dir='ltr'><strong>non</strong></span> <span class='ocrx_word' id='word_1_111' title='bbox 687 1896 857 1951; x_wconf 86' lang='lat' dir='ltr'><strong>debet</strong></span> <span class='ocrx_word' id='word_1_112' title='bbox 873 1895 951 1950; x_wconf 88' lang='lat' dir='ltr'><strong>rei</strong></span> <span class='ocrx_word' id='word_1_113' title='bbox 969 1895 1250 1951; x_wconf 87' lang='lat' dir='ltr'><strong>adversus</strong></span> <span class='ocrx_word' id='word_1_114' title='bbox 1285 1895 1620 1967; x_wconf 87' lang='lat' dir='ltr'><strong>quempiam</strong></span> <span class='ocrx_word' id='word_1_115' title='bbox 1643 1897 1867 1951; x_wconf 91' lang='lat' dir='ltr'><strong>confes-</strong></span> 
     </span>
    </p>
   </div>
   <div class='ocr_carea' id='block_1_20' title="bbox 198 1983 1874 2055">
    <p class='ocr_par' dir='ltr' id='par_1_20' title="bbox 198 1983 1874 2055">
     <span class='ocr_line' id='line_1_20' title="bbox 198 1983 1874 2055; baseline -0.001 -16"><span class='ocrx_word' id='word_1_116' title='bbox 198 1985 308 2041; x_wconf 88' lang='lat' dir='ltr'><strong>sio.</strong></span> <span class='ocrx_word' id='word_1_117' title='bbox 348 2007 379 2034; x_wconf 83' lang='lat'><strong>»</strong></span> <span class='ocrx_word' id='word_1_118' title='bbox 412 1985 635 2041; x_wconf 80' lang='lat' dir='ltr'><strong>Item.«</strong></span> <span class='ocrx_word' id='word_1_119' title='bbox 673 1986 817 2038; x_wconf 83' lang='lat' dir='ltr'><strong>Ante</strong></span> <span class='ocrx_word' id='word_1_120' title='bbox 842 1983 1283 2055; x_wconf 88' lang='lat' dir='ltr'><strong>inscriptionem</strong></span> <span class='ocrx_word' id='word_1_121' title='bbox 1316 2000 1485 2039; x_wconf 89' lang='lat' dir='ltr'><strong>nemo</strong></span> <span class='ocrx_word' id='word_1_122' title='bbox 1515 1983 1874 2039; x_wconf 86' lang='lat' dir='ltr'><strong>veceturcri-</strong></span> 
     </span>
    </p>
   </div>
   <div class='ocr_carea' id='block_1_21' title="bbox 202 2071 1876 2144">
    <p class='ocr_par' dir='ltr' id='par_1_21' title="bbox 202 2071 1876 2144">
     <span class='ocr_line' id='line_1_21' title="bbox 202 2071 1876 2144; baseline 0 -16"><span class='ocrx_word' id='word_1_123' title='bbox 202 2073 670 2130; x_wconf 89' lang='lat' dir='ltr'><strong>minesus.Nam</strong></span> <span class='ocrx_word' id='word_1_124' title='bbox 704 2071 1081 2144; x_wconf 87' lang='lat' dir='ltr'><strong>inscriptione</strong></span> <span class='ocrx_word' id='word_1_125' title='bbox 1113 2088 1217 2143; x_wconf 90' lang='lat' dir='ltr'><strong>per</strong></span> <span class='ocrx_word' id='word_1_126' title='bbox 1246 2072 1510 2127; x_wconf 86' lang='lat' dir='ltr'><strong>ordinem</strong></span> <span class='ocrx_word' id='word_1_127' title='bbox 1543 2072 1714 2141; x_wconf 89' lang='lat' dir='ltr'><strong>facta,</strong></span> <span class='ocrx_word' id='word_1_128' title='bbox 1736 2077 1876 2128; x_wconf 90' lang='lat' dir='ltr'><strong>tunc</strong></span> 
     </span>
    </p>
   </div>
   <div class='ocr_carea' id='block_1_22' title="bbox 203 2160 1880 2233">
    <p class='ocr_par' dir='ltr' id='par_1_22' title="bbox 203 2160 1880 2233">
     <span class='ocr_line' id='line_1_22' title="bbox 203 2160 1880 2233; baseline -0.001 -16"><span class='ocrx_word' id='word_1_129' title='bbox 203 2162 457 2233; x_wconf 87' lang='lat' dir='ltr'><strong>ajudice</strong></span> <span class='ocrx_word' id='word_1_130' title='bbox 490 2160 917 2232; x_wconf 86' lang='lat' dir='ltr'><strong>suspiciendus</strong></span> <span class='ocrx_word' id='word_1_131' title='bbox 944 2164 1035 2215; x_wconf 90' lang='lat' dir='ltr'><strong>est</strong></span> <span class='ocrx_word' id='word_1_132' title='bbox 1066 2176 1306 2226; x_wconf 87' lang='lat' dir='ltr'><strong>reus;ea</strong></span> <span class='ocrx_word' id='word_1_133' title='bbox 1333 2164 1529 2215; x_wconf 87' lang='lat' dir='ltr'><strong>tamen</strong></span> <span class='ocrx_word' id='word_1_134' title='bbox 1562 2160 1784 2215; x_wconf 87' lang='lat' dir='ltr'><strong>ratione</strong></span> <span class='ocrx_word' id='word_1_135' title='bbox 1814 2163 1880 2215; x_wconf 89' lang='lat' dir='ltr'><strong>ut</strong></span> 
     </span>
    </p>
   </div>
   <div class='ocr_carea' id='block_1_23' title="bbox 203 2247 1875 2320">
    <p class='ocr_par' dir='ltr' id='par_1_23' title="bbox 203 2247 1875 2320">
     <span class='ocr_line' id='line_1_23' title="bbox 203 2247 1875 2320; baseline -0.001 -15"><span class='ocrx_word' id='word_1_136' title='bbox 203 2256 324 2305; x_wconf 90' lang='lat' dir='ltr'><strong>tam</strong></span> <span class='ocrx_word' id='word_1_137' title='bbox 357 2249 633 2306; x_wconf 83' lang='lat' dir='ltr'><strong>accusati</strong></span> <span class='ocrx_word' id='word_1_138' title='bbox 660 2265 837 2320; x_wconf 87' lang='lat' dir='ltr'><strong>quam</strong></span> <span class='ocrx_word' id='word_1_139' title='bbox 870 2247 1227 2303; x_wconf 88' lang='lat' dir='ltr'><strong>accusatoris</strong></span> <span class='ocrx_word' id='word_1_140' title='bbox 1251 2247 1508 2320; x_wconf 86' lang='lat' dir='ltr'><strong>dignitas</strong></span> <span class='ocrx_word' id='word_1_141' title='bbox 1532 2249 1875 2316; x_wconf 68' lang='lat' dir='ltr'><strong>aestimetur;</strong></span> 
     </span>
    </p>
   </div>
   <div class='ocr_carea' id='block_1_24' title="bbox 206 2334 1880 2410">
    <p class='ocr_par' dir='ltr' id='par_1_24' title="bbox 206 2334 1880 2410">
     <span class='ocr_line' id='line_1_24' title="bbox 206 2334 1880 2410; baseline -0.002 -16"><span class='ocrx_word' id='word_1_142' title='bbox 206 2343 261 2394; x_wconf 92' lang='lat' dir='ltr'><strong>et</strong></span> <span class='ocrx_word' id='word_1_143' title='bbox 290 2352 797 2410; x_wconf 87' lang='lat' dir='ltr'><strong>unumquemque</strong></span> <span class='ocrx_word' id='word_1_144' title='bbox 810 2341 942 2392; x_wconf 87' lang='lat' dir='ltr'><strong>ante</strong></span> <span class='ocrx_word' id='word_1_145' title='bbox 968 2334 1395 2392; x_wconf 75' lang='lat' dir='ltr'><strong>discessionem</strong></span> <span class='ocrx_word' id='word_1_146' title='bbox 1420 2336 1688 2407; x_wconf 81' lang='lat' dir='ltr'><strong>itajudex</strong></span> <span class='ocrx_word' id='word_1_147' title='bbox 1708 2337 1880 2391; x_wconf 78' lang='lat' dir='ltr'><strong>faciat</strong></span> 
     </span>
    </p>
   </div>
   <div class='ocr_carea' id='block_1_25' title="bbox 207 2423 1875 2496">
    <p class='ocr_par' dir='ltr' id='par_1_25' title="bbox 207 2423 1875 2496">
     <span class='ocr_line' id='line_1_25' title="bbox 207 2423 1875 2496; baseline -0.002 -15"><span class='ocrx_word' id='word_1_148' title='bbox 207 2426 519 2494; x_wconf 86' lang='lat' dir='ltr'><strong>custodiri,</strong></span> <span class='ocrx_word' id='word_1_149' title='bbox 541 2430 612 2481; x_wconf 88' lang='lat' dir='ltr'><strong>ut</strong></span> <span class='ocrx_word' id='word_1_150' title='bbox 641 2442 843 2480; x_wconf 81' lang='lat' dir='ltr'><strong>eorum</strong></span> <span class='ocrx_word' id='word_1_151' title='bbox 875 2424 1101 2480; x_wconf 85' lang='lat' dir='ltr'><strong>natales</strong></span> <span class='ocrx_word' id='word_1_152' title='bbox 1134 2428 1236 2480; x_wconf 88' lang='lat' dir='ltr'><strong>aut</strong></span> <span class='ocrx_word' id='word_1_153' title='bbox 1264 2423 1521 2496; x_wconf 83' lang='lat' dir='ltr'><strong>dignitas</strong></span> <span class='ocrx_word' id='word_1_154' title='bbox 1545 2424 1875 2496; x_wconf 90' lang='lat' dir='ltr'><strong>patiuntur.</strong></span> 
     </span>
    </p>
   </div>
   <div class='ocr_carea' id='block_1_26' title="bbox 210 2514 1875 2587">
    <p class='ocr_par' dir='ltr' id='par_1_26' title="bbox 210 2514 1875 2587">
     <span class='ocr_line' id='line_1_26' title="bbox 210 2514 1875 2587; baseline -0.002 -16"><span class='ocrx_word' id='word_1_155' title='bbox 210 2517 361 2571; x_wconf 84' lang='lat' dir='ltr'><strong>Sane</strong></span> <span class='ocrx_word' id='word_1_156' title='bbox 393 2515 493 2571; x_wconf 92' lang='lat' dir='ltr'><strong>his</strong></span> <span class='ocrx_word' id='word_1_157' title='bbox 525 2514 632 2587; x_wconf 90' lang='lat' dir='ltr'><strong>qui</strong></span> <span class='ocrx_word' id='word_1_158' title='bbox 652 2514 901 2569; x_wconf 87' lang='lat' dir='ltr'><strong>crimina</strong></span> <span class='ocrx_word' id='word_1_159' title='bbox 918 2532 1025 2569; x_wconf 89' lang='lat' dir='ltr'><strong>sua</strong></span> <span class='ocrx_word' id='word_1_160' title='bbox 1041 2514 1099 2569; x_wconf 91' lang='lat' dir='ltr'><strong>in</strong></span> <span class='ocrx_word' id='word_1_161' title='bbox 1116 2515 1436 2586; x_wconf 72' lang='lat' dir='ltr'><strong>qumstione</strong></span> <span class='ocrx_word' id='word_1_162' title='bbox 1454 2514 1702 2570; x_wconf 79' lang='lat' dir='ltr'><strong>confessi</strong></span> <span class='ocrx_word' id='word_1_163' title='bbox 1718 2518 1875 2581; x_wconf 89' lang='lat' dir='ltr'><strong>sunt,</strong></span> 
     </span>
    </p>
   </div>
   <div class='ocr_carea' id='block_1_27' title="bbox 214 2601 1875 2672">
    <p class='ocr_par' dir='ltr' id='par_1_27' title="bbox 214 2601 1875 2672">
     <span class='ocr_line' id='line_1_27' title="bbox 214 2601 1875 2672; baseline -0.002 -13"><span class='ocrx_word' id='word_1_164' title='bbox 214 2605 284 2659; x_wconf 91' lang='lat' dir='ltr'><strong>de</strong></span> <span class='ocrx_word' id='word_1_165' title='bbox 313 2603 448 2659; x_wconf 90' lang='lat' dir='ltr'><strong>aliis</strong></span> <span class='ocrx_word' id='word_1_166' title='bbox 481 2603 531 2658; x_wconf 88' lang='lat' dir='ltr'><strong>si</strong></span> <span class='ocrx_word' id='word_1_167' title='bbox 568 2603 766 2658; x_wconf 74' lang='lat' dir='ltr'><strong>dicere</strong></span> <span class='ocrx_word' id='word_1_168' title='bbox 792 2601 1104 2670; x_wconf 84' lang='lat' dir='ltr'><strong>voluerint,</strong></span> <span class='ocrx_word' id='word_1_169' title='bbox 1128 2620 1161 2657; x_wconf 89' lang='lat' dir='ltr'><strong>a</strong></span> <span class='ocrx_word' id='word_1_170' title='bbox 1183 2601 1383 2672; x_wconf 86' lang='lat' dir='ltr'><strong>judice</strong></span> <span class='ocrx_word' id='word_1_171' title='bbox 1415 2619 1531 2657; x_wconf 90' lang='lat' dir='ltr'><strong>non</strong></span> <span class='ocrx_word' id='word_1_172' title='bbox 1560 2603 1831 2658; x_wconf 88' lang='lat' dir='ltr'><strong>credatur</strong></span> <span class='ocrx_word' id='word_1_173' title='bbox 1862 2620 1875 2657; x_wconf 93' lang='lat'><strong>:</strong></span> 
     </span>
    </p>
   </div>
   <div class='ocr_carea' id='block_1_28' title="bbox 214 2691 1879 2764">
    <p class='ocr_par' dir='ltr' id='par_1_28' title="bbox 214 2691 1879 2764">
     <span class='ocr_line' id='line_1_28' title="bbox 214 2691 1879 2764; baseline -0.001 -17"><span class='ocrx_word' id='word_1_174' title='bbox 214 2692 353 2764; x_wconf 86' lang='lat' dir='ltr'><strong>quia</strong></span> <span class='ocrx_word' id='word_1_175' title='bbox 369 2693 513 2763; x_wconf 89' lang='lat' dir='ltr'><strong>jure</strong></span> <span class='ocrx_word' id='word_1_176' title='bbox 544 2691 781 2764; x_wconf 84' lang='lat' dir='ltr'><strong>legibus</strong></span> <span class='ocrx_word' id='word_1_177' title='bbox 811 2692 1192 2747; x_wconf 89' lang='lat' dir='ltr'><strong>constitutum</strong></span> <span class='ocrx_word' id='word_1_178' title='bbox 1218 2695 1879 2763; x_wconf 86' lang='lat' dir='ltr'><strong>est,utspentaneapre-</strong></span> 
     </span>
    </p>
   </div>
   <div class='ocr_carea' id='block_1_29' title="bbox 218 2779 1878 2851">
    <p class='ocr_par' dir='ltr' id='par_1_29' title="bbox 218 2779 1878 2851">
     <span class='ocr_line' id='line_1_29' title="bbox 218 2779 1878 2851; baseline -0.001 -17"><span class='ocrx_word' id='word_1_179' title='bbox 218 2781 468 2836; x_wconf 85' lang='lat' dir='ltr'><strong>fessione</strong></span> <span class='ocrx_word' id='word_1_180' title='bbox 502 2797 646 2836; x_wconf 90' lang='lat' dir='ltr'><strong>reus</strong></span> <span class='ocrx_word' id='word_1_181' title='bbox 673 2796 835 2834; x_wconf 90' lang='lat' dir='ltr'><strong>reum</strong></span> <span class='ocrx_word' id='word_1_182' title='bbox 873 2797 984 2835; x_wconf 92' lang='lat' dir='ltr'><strong>non</strong></span> <span class='ocrx_word' id='word_1_183' title='bbox 1019 2780 1231 2847; x_wconf 83' lang='lat' dir='ltr'><strong>faciat;</strong></span> <span class='ocrx_word' id='word_1_184' title='bbox 1265 2796 1450 2851; x_wconf 91' lang='lat' dir='ltr'><strong>neque</strong></span> <span class='ocrx_word' id='word_1_185' title='bbox 1490 2779 1571 2834; x_wconf 91' lang='lat' dir='ltr'><strong>illi</strong></span> <span class='ocrx_word' id='word_1_186' title='bbox 1604 2779 1675 2834; x_wconf 92' lang='lat' dir='ltr'><strong>de</strong></span> <span class='ocrx_word' id='word_1_187' title='bbox 1700 2779 1878 2833; x_wconf 90' lang='lat' dir='ltr'><strong>altero</strong></span> 
     </span>
    </p>
   </div>
   <div class='ocr_carea' id='block_1_30' title="bbox 218 2867 1879 2941">
    <p class='ocr_par' dir='ltr' id='par_1_30' title="bbox 218 2867 1879 2941">
     <span class='ocr_line' id='line_1_30' title="bbox 218 2867 1879 2941; baseline -0.001 -18"><span class='ocrx_word' id='word_1_188' title='bbox 218 2870 511 2936; x_wconf 89' lang='lat' dir='ltr'><strong>credatur,</strong></span> <span class='ocrx_word' id='word_1_189' title='bbox 546 2868 653 2941; x_wconf 89' lang='lat' dir='ltr'><strong>qui</strong></span> <span class='ocrx_word' id='word_1_190' title='bbox 688 2884 749 2922; x_wconf 88' lang='lat' dir='ltr'><strong>se</strong></span> <span class='ocrx_word' id='word_1_191' title='bbox 779 2868 1160 2923; x_wconf 89' lang='lat' dir='ltr'><strong>criminosum</strong></span> <span class='ocrx_word' id='word_1_192' title='bbox 1191 2884 1322 2922; x_wconf 89' lang='lat' dir='ltr'><strong>esse</strong></span> <span class='ocrx_word' id='word_1_193' title='bbox 1374 2867 1676 2923; x_wconf 90' lang='lat' dir='ltr'><strong>confessus</strong></span> <span class='ocrx_word' id='word_1_194' title='bbox 1707 2870 1813 2922; x_wconf 89' lang='lat' dir='ltr'><strong>est.</strong></span> <span class='ocrx_word' id='word_1_195' title='bbox 1851 2890 1879 2916; x_wconf 88' lang='grc'><strong>››</strong></span> 
     </span>
    </p>
   </div>
   <div class='ocr_carea' id='block_1_31' title="bbox 218 2955 1877 3019">
    <p class='ocr_par' dir='ltr' id='par_1_31' title="bbox 218 2955 1877 3019">
     <span class='ocr_line' id='line_1_31' title="bbox 218 2955 1877 3019; baseline 0 -8"><span class='ocrx_word' id='word_1_196' title='bbox 218 2956 381 3012; x_wconf 89' lang='lat' dir='ltr'><strong>Item.</strong></span> <span class='ocrx_word' id='word_1_197' title='bbox 416 2981 445 3007; x_wconf 87' lang='grc'><em>‹‹</em></span> <span class='ocrx_word' id='word_1_198' title='bbox 484 2958 709 3013; x_wconf 87' lang='lat' dir='ltr'><strong>Servus</strong></span> <span class='ocrx_word' id='word_1_199' title='bbox 741 2956 1045 3011; x_wconf 91' lang='lat' dir='ltr'><strong>dominum</strong></span> <span class='ocrx_word' id='word_1_200' title='bbox 1077 2971 1383 3019; x_wconf 88' lang='lat' dir='ltr'><strong>accusans,</strong></span> <span class='ocrx_word' id='word_1_201' title='bbox 1407 2971 1522 3009; x_wconf 91' lang='lat' dir='ltr'><strong>non</strong></span> <span class='ocrx_word' id='word_1_202' title='bbox 1555 2955 1741 3011; x_wconf 89' lang='lat' dir='ltr'><strong>solum</strong></span> <span class='ocrx_word' id='word_1_203' title='bbox 1776 2973 1877 3011; x_wconf 87' lang='lat' dir='ltr'><strong>au-</strong></span> 
     </span>
    </p>
   </div>
   <div class='ocr_carea' id='block_1_32' title="bbox 218 3042 1880 3115">
    <p class='ocr_par' dir='ltr' id='par_1_32' title="bbox 218 3042 1880 3115">
     <span class='ocr_line' id='line_1_32' title="bbox 218 3042 1880 3115; baseline 0 -16"><span class='ocrx_word' id='word_1_204' title='bbox 218 3044 620 3115; x_wconf 67' lang='lat' dir='ltr'><strong>diendusnen</strong></span> <span class='ocrx_word' id='word_1_205' title='bbox 653 3048 966 3111; x_wconf 87' lang='lat' dir='ltr'><strong>est,verum</strong></span> <span class='ocrx_word' id='word_1_206' title='bbox 992 3045 1169 3101; x_wconf 89' lang='lat' dir='ltr'><strong>etiam</strong></span> <span class='ocrx_word' id='word_1_207' title='bbox 1202 3042 1560 3114; x_wconf 90' lang='lat' dir='ltr'><strong>puniendus,</strong></span> <span class='ocrx_word' id='word_1_208' title='bbox 1588 3043 1701 3099; x_wconf 87' lang='lat' dir='ltr'><strong>nisi</strong></span> <span class='ocrx_word' id='word_1_209' title='bbox 1735 3043 1880 3099; x_wconf 88' lang='lat' dir='ltr'><strong>forte</strong></span> 
     </span>
    </p>
   </div>
   <div class='ocr_carea' id='block_1_33' title="bbox 1977 662 3616 724">
    <p class='ocr_par' dir='ltr' id='par_1_33' title="bbox 1977 662 3616 724">
     <span class='ocr_line' id='line_1_33' title="bbox 1977 662 3616 724; baseline 0.005 -8"><span class='ocrx_word' id='word_1_210' title='bbox 1977 663 2140 717; x_wconf 72' lang='lat' dir='ltr'><strong>verit.</strong></span> <span class='ocrx_word' id='word_1_211' title='bbox 2175 685 2202 711; x_wconf 88' lang='grc'><strong>››</strong></span> <span class='ocrx_word' id='word_1_212' title='bbox 2239 662 2398 717; x_wconf 85' lang='lat' dir='ltr'><strong>Item.</strong></span> <span class='ocrx_word' id='word_1_213' title='bbox 2434 687 2460 711; x_wconf 71' lang='grc' dir='ltr'>α</span> <span class='ocrx_word' id='word_1_214' title='bbox 2500 664 2556 717; x_wconf 89' lang='lat' dir='ltr'><strong>Si</strong></span> <span class='ocrx_word' id='word_1_215' title='bbox 2587 682 2789 717; x_wconf 75' lang='lat' dir='ltr'><strong>servus</strong></span> <span class='ocrx_word' id='word_1_216' title='bbox 2821 665 3121 718; x_wconf 81' lang='lat' dir='ltr'><strong>dominum</strong></span> <span class='ocrx_word' id='word_1_217' title='bbox 3155 671 3254 720; x_wconf 81' lang='lat' dir='ltr'><strong>aut</strong></span> <span class='ocrx_word' id='word_1_218' title='bbox 3283 668 3508 724; x_wconf 81' lang='lat' dir='ltr'><strong>amicus</strong></span> <span class='ocrx_word' id='word_1_219' title='bbox 3530 669 3616 724; x_wconf 83' lang='lat' dir='ltr'><strong>vel</strong></span> 
     </span>
    </p>
   </div>
   <div class='ocr_carea' id='block_1_34' title="bbox 1976 749 3617 822">
    <p class='ocr_par' dir='ltr' id='par_1_34' title="bbox 1976 749 3617 822">
     <span class='ocr_line' id='line_1_34' title="bbox 1976 749 3617 822; baseline 0.005 -18"><span class='ocrx_word' id='word_1_220' title='bbox 1976 749 2334 805; x_wconf 88' lang='lat' dir='ltr'><strong>domesticus</strong></span> <span class='ocrx_word' id='word_1_221' title='bbox 2367 749 2485 805; x_wconf 90' lang='lat' dir='ltr'><strong>sive</strong></span> <span class='ocrx_word' id='word_1_222' title='bbox 2514 750 2758 806; x_wconf 91' lang='lat' dir='ltr'><strong>libertus</strong></span> <span class='ocrx_word' id='word_1_223' title='bbox 2789 754 3096 822; x_wconf 85' lang='lat' dir='ltr'><strong>patronum</strong></span> <span class='ocrx_word' id='word_1_224' title='bbox 3130 756 3504 821; x_wconf 82' lang='lat' dir='ltr'><strong>accusaverit,</strong></span> <span class='ocrx_word' id='word_1_225' title='bbox 3532 757 3617 812; x_wconf 80' lang='lat' dir='ltr'><strong>vel</strong></span> 
     </span>
    </p>
   </div>
   <div class='ocr_carea' id='block_1_35' title="bbox 1977 837 3616 913">
    <p class='ocr_par' dir='ltr' id='par_1_35' title="bbox 1977 837 3616 913">
     <span class='ocr_line' id='line_1_35' title="bbox 1977 837 3616 913; baseline 0.004 -21"><span class='ocrx_word' id='word_1_226' title='bbox 1977 837 2248 893; x_wconf 89' lang='lat' dir='ltr'><strong>detulerit</strong></span> <span class='ocrx_word' id='word_1_227' title='bbox 2272 838 2586 908; x_wconf 87' lang='lat' dir='ltr'><strong>cujuslibet</strong></span> <span class='ocrx_word' id='word_1_228' title='bbox 2617 855 2804 903; x_wconf 90' lang='lat' dir='ltr'><strong>reum,</strong></span> <span class='ocrx_word' id='word_1_229' title='bbox 2831 839 3029 895; x_wconf 89' lang='lat' dir='ltr'><strong>statim</strong></span> <span class='ocrx_word' id='word_1_230' title='bbox 3062 840 3121 894; x_wconf 91' lang='lat' dir='ltr'><strong>in</strong></span> <span class='ocrx_word' id='word_1_231' title='bbox 3170 840 3298 913; x_wconf 90' lang='lat' dir='ltr'><strong>ipso</strong></span> <span class='ocrx_word' id='word_1_232' title='bbox 3329 842 3494 899; x_wconf 91' lang='lat' dir='ltr'><strong>initio</strong></span> <span class='ocrx_word' id='word_1_233' title='bbox 3523 861 3616 899; x_wconf 88' lang='lat' dir='ltr'><strong>ac-</strong></span> 
     </span>
    </p>
   </div>
   <div class='ocr_carea' id='block_1_36' title="bbox 1977 925 3619 999">
    <p class='ocr_par' dir='ltr' id='par_1_36' title="bbox 1977 925 3619 999">
     <span class='ocr_line' id='line_1_36' title="bbox 1977 925 3619 999; baseline 0.004 -18"><span class='ocrx_word' id='word_1_234' title='bbox 1977 925 2317 992; x_wconf 85' lang='lat' dir='ltr'><strong>cusationis,</strong></span> <span class='ocrx_word' id='word_1_235' title='bbox 2347 926 2543 997; x_wconf 87' lang='lat' dir='ltr'><strong>gladio</strong></span> <span class='ocrx_word' id='word_1_236' title='bbox 2573 927 2879 999; x_wconf 87' lang='lat' dir='ltr'><strong>puniatur;</strong></span> <span class='ocrx_word' id='word_1_237' title='bbox 2915 928 3053 999; x_wconf 91' lang='lat' dir='ltr'><strong>quia</strong></span> <span class='ocrx_word' id='word_1_238' title='bbox 3081 946 3188 984; x_wconf 90' lang='lat' dir='ltr'><strong>nos</strong></span> <span class='ocrx_word' id='word_1_239' title='bbox 3218 946 3413 985; x_wconf 89' lang='lat' dir='ltr'><strong>vocem</strong></span> <span class='ocrx_word' id='word_1_240' title='bbox 3442 932 3619 989; x_wconf 88' lang='lat' dir='ltr'><strong>talem</strong></span> 
     </span>
    </p>
   </div>
   <div class='ocr_carea' id='block_1_37' title="bbox 1977 1014 3620 1086">
    <p class='ocr_par' dir='ltr' id='par_1_37' title="bbox 1977 1014 3620 1086">
     <span class='ocr_line' id='line_1_37' title="bbox 1977 1014 3620 1086; baseline 0.004 -18"><span class='ocrx_word' id='word_1_241' title='bbox 1977 1014 2269 1086; x_wconf 79' lang='lat' dir='ltr'><strong>exstingui</strong></span> <span class='ocrx_word' id='word_1_242' title='bbox 2296 1014 2709 1080; x_wconf 87' lang='lat' dir='ltr'><strong>velumus,non</strong></span> <span class='ocrx_word' id='word_1_243' title='bbox 2739 1016 2962 1083; x_wconf 87' lang='lat' dir='ltr'><strong>audiri;</strong></span> <span class='ocrx_word' id='word_1_244' title='bbox 2997 1017 3107 1072; x_wconf 90' lang='lat' dir='ltr'><strong>nisi</strong></span> <span class='ocrx_word' id='word_1_245' title='bbox 3142 1018 3287 1073; x_wconf 89' lang='lat' dir='ltr'><strong>forte</strong></span> <span class='ocrx_word' id='word_1_246' title='bbox 3316 1019 3620 1075; x_wconf 90' lang='lat' dir='ltr'><strong>dominum</strong></span> 
     </span>
    </p>
   </div>
   <div class='ocr_carea' id='block_1_38' title="bbox 1981 1103 3621 1181">
    <p class='ocr_par' dir='ltr' id='par_1_38' title="bbox 1981 1103 3621 1181">
     <span class='ocr_line' id='line_1_38' title="bbox 1981 1103 3621 1181; baseline 0.004 -23"><span class='ocrx_word' id='word_1_247' title='bbox 1981 1107 2082 1158; x_wconf 89' lang='lat' dir='ltr'><strong>aut</strong></span> <span class='ocrx_word' id='word_1_248' title='bbox 2111 1108 2421 1175; x_wconf 88' lang='lat' dir='ltr'><strong>patronum</strong></span> <span class='ocrx_word' id='word_1_249' title='bbox 2454 1104 2524 1158; x_wconf 89' lang='lat' dir='ltr'><strong>de</strong></span> <span class='ocrx_word' id='word_1_250' title='bbox 2554 1103 2796 1160; x_wconf 88' lang='lat' dir='ltr'><strong>crimine</strong></span> <span class='ocrx_word' id='word_1_251' title='bbox 2826 1105 3152 1175; x_wconf 88' lang='lat' dir='ltr'><strong>majestatis</strong></span> <span class='ocrx_word' id='word_1_252' title='bbox 3180 1108 3458 1164; x_wconf 87' lang='lat' dir='ltr'><strong>tractasse</strong></span> <span class='ocrx_word' id='word_1_253' title='bbox 3489 1124 3621 1181; x_wconf 89' lang='lat' dir='ltr'><strong>pro-</strong></span> 
     </span>
    </p>
   </div>
   <div class='ocr_carea' id='block_1_39' title="bbox 1978 1191 2292 1247">
    <p class='ocr_par' dir='ltr' id='par_1_39' title="bbox 1978 1191 2292 1247">
     <span class='ocr_line' id='line_1_39' title="bbox 1978 1191 2292 1247; baseline -0.003 0"><span class='ocrx_word' id='word_1_254' title='bbox 1978 1191 2221 1247; x_wconf 90' lang='lat' dir='ltr'><strong>baverit.</strong></span> <span class='ocrx_word' id='word_1_255' title='bbox 2264 1214 2292 1240; x_wconf 87' lang='lat'>»</span> 
     </span>
    </p>
   </div>
   <div class='ocr_carea' id='block_1_40' title="bbox 1979 1279 3625 1351">
    <p class='ocr_par' dir='ltr' id='par_1_40' title="bbox 1979 1279 3625 1351">
     <span class='ocr_line' id='line_1_40' title="bbox 1979 1279 3625 1351; baseline 0.005 -19"><span class='ocrx_word' id='word_1_256' title='bbox 1979 1281 2053 1351; x_wconf 82' lang='lat'><strong>(6.</strong></span> <span class='ocrx_word' id='word_1_257' title='bbox 2088 1281 2183 1335; x_wconf 75' lang='lat' dir='ltr'><strong>Ea:</strong></span> <span class='ocrx_word' id='word_1_258' title='bbox 2207 1280 2445 1336; x_wconf 85' lang='lat' dir='ltr'><strong>concilio</strong></span> <span class='ocrx_word' id='word_1_259' title='bbox 2472 1279 2779 1350; x_wconf 67' lang='lat' dir='ltr'><strong>Agat/tonsi</strong></span> <span class='ocrx_word' id='word_1_260' title='bbox 2799 1300 2820 1346; x_wconf 79' lang='lat'><strong>,-</strong></span> <span class='ocrx_word' id='word_1_261' title='bbox 2859 1284 2910 1337; x_wconf 92' lang='lat'><strong>7.</strong></span> <span class='ocrx_word' id='word_1_262' title='bbox 2946 1299 3022 1337; x_wconf 73' lang='lat' dir='ltr'><strong>ex</strong></span> <span class='ocrx_word' id='word_1_263' title='bbox 3067 1283 3313 1339; x_wconf 80' lang='lat' dir='ltr'><strong>decretis</strong></span> <span class='ocrx_word' id='word_1_264' title='bbox 3355 1284 3625 1341; x_wconf 80' lang='lat' dir='ltr'><strong>Silccstri</strong></span> 
     </span>
    </p>
   </div>
   <div class='ocr_carea' id='block_1_41' title="bbox 2049 1352 3624 1427">
    <p class='ocr_par' dir='ltr' id='par_1_41' title="bbox 2049 1352 3624 1427">
     <span class='ocr_line' id='line_1_41' title="bbox 2049 1352 3624 1427; baseline 0.004 -22"><span class='ocrx_word' id='word_1_265' title='bbox 2049 1366 2257 1427; x_wconf 64' lang='lat' dir='ltr'><strong>papae;</strong></span> <span class='ocrx_word' id='word_1_266' title='bbox 2286 1354 2338 1407; x_wconf 89' lang='lat'><strong>8.</strong></span> <span class='ocrx_word' id='word_1_267' title='bbox 2370 1369 2461 1427; x_wconf 23' lang='lat' dir='ltr'><strong>ex‘</strong></span> <span class='ocrx_word' id='word_1_268' title='bbox 2489 1352 2729 1427; x_wconf 74' lang='lat' dir='ltr'><strong>concilio</strong></span> <span class='ocrx_word' id='word_1_269' title='bbox 2775 1355 3232 1423; x_wconf 81' lang='lat' dir='ltr'><strong>Carthaginensi,</strong></span> <span class='ocrx_word' id='word_1_270' title='bbox 3264 1371 3390 1427; x_wconf 68' lang='lat' dir='ltr'><strong>quae</strong></span> <span class='ocrx_word' id='word_1_271' title='bbox 3426 1357 3624 1412; x_wconf 87' lang='lat' dir='ltr'><strong>omnia</strong></span> 
     </span>
    </p>
   </div>
   <div class='ocr_carea' id='block_1_42' title="bbox 2047 1422 3620 1563">
    <p class='ocr_par' dir='ltr' id='par_1_42' title="bbox 2047 1422 3620 1563">
     <span class='ocr_line' id='line_1_42' title="bbox 2047 1422 3620 1563; baseline 0.004 -88"><span class='ocrx_word' id='word_1_272' title='bbox 2047 1422 2363 1563; x_wconf 46' lang='lat' dir='ltr'><strong>gmittiigms</strong></span> <span class='ocrx_word' id='word_1_273' title='bbox 2384 1440 2402 1475; x_wconf 87' lang='lat'><strong><em>:</em></strong></span> <span class='ocrx_word' id='word_1_274' title='bbox 2434 1423 2487 1477; x_wconf 86' lang='lat'><strong>9.</strong></span> <span class='ocrx_word' id='word_1_275' title='bbox 2528 1427 2661 1479; x_wconf 66' lang='lat' dir='ltr'><strong>lla’c</strong></span> <span class='ocrx_word' id='word_1_276' title='bbox 2689 1423 2917 1478; x_wconf 78' lang='lat' dir='ltr'><strong>domum</strong></span> <span class='ocrx_word' id='word_1_277' title='bbox 2946 1422 3227 1480; x_wconf 70' lang='lat' dir='ltr'><strong>habentur</strong></span> <span class='ocrx_word' id='word_1_278' title='bbox 3266 1422 3395 1498; x_wconf 60' lang='lat' dir='ltr'><strong>duo:</strong></span> <span class='ocrx_word' id='word_1_279' title='bbox 3436 1428 3620 1484; x_wconf 85' lang='lat' dir='ltr'><strong>ascri-</strong></span> 
     </span>
     <span class='ocr_line' id='line_1_43' title="bbox 2086 1507 2254 1547; baseline -0.012 1"><span class='ocrx_word' id='word_1_280' title='bbox 2086 1507 2254 1547; x_wconf 73' lang='lat' dir='ltr'><strong>mus.</strong></span> 
     </span>
    </p>
   </div>
   <div class='ocr_carea' id='block_1_43' title="bbox 2052 1580 3621 1654">
    <p class='ocr_par' dir='ltr' id='par_1_43' title="bbox 2052 1580 3621 1654">
     <span class='ocr_line' id='line_1_44' title="bbox 2052 1580 3621 1654; baseline 0.004 -19"><span class='ocrx_word' id='word_1_281' title='bbox 2052 1580 2131 1635; x_wconf 92' lang='lat' dir='ltr'><strong>De</strong></span> <span class='ocrx_word' id='word_1_282' title='bbox 2162 1580 2629 1636; x_wconf 86' lang='lat' dir='ltr'><strong>accusationibus</strong></span> <span class='ocrx_word' id='word_1_283' title='bbox 2643 1581 2726 1636; x_wconf 88' lang='lat' dir='ltr'><strong>vel</strong></span> <span class='ocrx_word' id='word_1_284' title='bbox 2743 1581 3621 1654; x_wconf 84' lang='lat' dir='ltr'><strong>inscriptionibusconstitutum</strong></span> 
     </span>
    </p>
   </div>
   <div class='ocr_carea' id='block_1_44' title="bbox 1981 1668 3623 1741">
    <p class='ocr_par' dir='ltr' id='par_1_44' title="bbox 1981 1668 3623 1741">
     <span class='ocr_line' id='line_1_45' title="bbox 1981 1668 3623 1741; baseline 0.004 -19"><span class='ocrx_word' id='word_1_285' title='bbox 1981 1672 2069 1723; x_wconf 87' lang='lat' dir='ltr'><strong>est</strong></span> <span class='ocrx_word' id='word_1_286' title='bbox 2101 1668 2170 1723; x_wconf 78' lang='lat' dir='ltr'><strong>ab</strong></span> <span class='ocrx_word' id='word_1_287' title='bbox 2202 1669 2652 1741; x_wconf 88' lang='lat' dir='ltr'><strong>imperatoribus</strong></span> <span class='ocrx_word' id='word_1_288' title='bbox 2684 1670 3010 1725; x_wconf 88' lang='lat' dir='ltr'><strong>Theodosio</strong></span> <span class='ocrx_word' id='word_1_289' title='bbox 3028 1675 3085 1726; x_wconf 89' lang='lat' dir='ltr'><strong>et</strong></span> <span class='ocrx_word' id='word_1_290' title='bbox 3111 1672 3623 1741; x_wconf 86' lang='lat' dir='ltr'><strong>Censtantino,Ar-</strong></span> 
     </span>
    </p>
   </div>
   <div class='ocr_carea' id='block_1_45' title="bbox 1980 1757 3621 1831">
    <p class='ocr_par' dir='ltr' id='par_1_45' title="bbox 1980 1757 3621 1831">
     <span class='ocr_line' id='line_1_46' title="bbox 1980 1757 3621 1831; baseline 0.004 -20"><span class='ocrx_word' id='word_1_291' title='bbox 1980 1757 2165 1822; x_wconf 90' lang='lat' dir='ltr'><strong>cadie,</strong></span> <span class='ocrx_word' id='word_1_292' title='bbox 2198 1762 2253 1811; x_wconf 91' lang='lat' dir='ltr'><strong>et</strong></span> <span class='ocrx_word' id='word_1_293' title='bbox 2283 1757 2556 1823; x_wconf 86' lang='lat' dir='ltr'><strong>Honorio,</strong></span> <span class='ocrx_word' id='word_1_294' title='bbox 2589 1757 2675 1813; x_wconf 85' lang='lat' dir='ltr'><strong>vel</strong></span> <span class='ocrx_word' id='word_1_295' title='bbox 2705 1758 2932 1825; x_wconf 89' lang='lat' dir='ltr'><strong>ceteris,</strong></span> <span class='ocrx_word' id='word_1_296' title='bbox 2961 1764 3163 1815; x_wconf 91' lang='lat' dir='ltr'><strong>contra</strong></span> <span class='ocrx_word' id='word_1_297' title='bbox 3200 1759 3498 1831; x_wconf 89' lang='lat' dir='ltr'><strong>improbos</strong></span> <span class='ocrx_word' id='word_1_298' title='bbox 3527 1777 3621 1817; x_wconf 90' lang='lat' dir='ltr'><strong>ac-</strong></span> 
     </span>
    </p>
   </div>
   <div class='ocr_carea' id='block_1_46' title="bbox 1980 1844 3624 1910">
    <p class='ocr_par' dir='ltr' id='par_1_46' title="bbox 1980 1844 3624 1910">
     <span class='ocr_line' id='line_1_47' title="bbox 1980 1844 3624 1910; baseline 0.004 -12"><span class='ocrx_word' id='word_1_299' title='bbox 1980 1848 2299 1910; x_wconf 88' lang='lat' dir='ltr'><strong>cusatores,</strong></span> <span class='ocrx_word' id='word_1_300' title='bbox 2333 1850 2396 1899; x_wconf 90' lang='lat' dir='ltr'><strong>ut</strong></span> <span class='ocrx_word' id='word_1_301' title='bbox 2424 1844 2483 1899; x_wconf 92' lang='lat' dir='ltr'><strong>in</strong></span> <span class='ocrx_word' id='word_1_302' title='bbox 2518 1844 2679 1900; x_wconf 84' lang='lat' dir='ltr'><strong>falsis</strong></span> <span class='ocrx_word' id='word_1_303' title='bbox 2711 1845 3054 1902; x_wconf 77' lang='lat' dir='ltr'><strong>criminibus</strong></span> <span class='ocrx_word' id='word_1_304' title='bbox 3084 1864 3184 1905; x_wconf 93' lang='lat' dir='ltr'><strong>eos</strong></span> <span class='ocrx_word' id='word_1_305' title='bbox 3215 1864 3488 1905; x_wconf 90' lang='lat' dir='ltr'><strong>accusare</strong></span> <span class='ocrx_word' id='word_1_306' title='bbox 3509 1865 3624 1904; x_wconf 92' lang='lat' dir='ltr'><strong>non</strong></span> 
     </span>
    </p>
   </div>
   <div class='ocr_carea' id='block_1_47' title="bbox 1909 1931 3626 2007">
    <p class='ocr_par' dir='ltr' id='par_1_47' title="bbox 1909 1931 3626 2007">
     <span class='ocr_line' id='line_1_48' title="bbox 1909 1931 3626 2007; baseline 0.004 -20"><span class='ocrx_word' id='word_1_307' title='bbox 1909 1934 1953 2000; x_wconf 80' lang='grc' dir='ltr'><strong>Β</strong></span> <span class='ocrx_word' id='word_1_308' title='bbox 1984 1931 2244 1988; x_wconf 88' lang='lat' dir='ltr'><strong>delectet.</strong></span> <span class='ocrx_word' id='word_1_309' title='bbox 2279 1932 2462 2005; x_wconf 89' lang='lat' dir='ltr'><strong>Igitur</strong></span> <span class='ocrx_word' id='word_1_310' title='bbox 2490 1950 2595 2005; x_wconf 90' lang='lat' dir='ltr'><strong>ego</strong></span> <span class='ocrx_word' id='word_1_311' title='bbox 2626 1933 2723 1989; x_wconf 74' lang='lat' dir='ltr'><strong>ille</strong></span> <span class='ocrx_word' id='word_1_312' title='bbox 2754 1934 3064 1991; x_wconf 86' lang='lat' dir='ltr'><strong>adversum</strong></span> <span class='ocrx_word' id='word_1_313' title='bbox 3096 1941 3153 1991; x_wconf 90' lang='lat' dir='ltr'><strong>te</strong></span> <span class='ocrx_word' id='word_1_314' title='bbox 3190 1935 3249 1991; x_wconf 91' lang='lat' dir='ltr'><strong>in</strong></span> <span class='ocrx_word' id='word_1_315' title='bbox 3300 1936 3626 2007; x_wconf 84' lang='lat' dir='ltr'><strong>rationibus</strong></span> 
     </span>
    </p>
   </div>
   <div class='ocr_carea' id='block_1_48' title="bbox 1987 2020 3627 2097">
    <p class='ocr_par' dir='ltr' id='par_1_48' title="bbox 1987 2020 3627 2097">
     <span class='ocr_line' id='line_1_49' title="bbox 1987 2020 3627 2097; baseline 0.004 -22"><span class='ocrx_word' id='word_1_316' title='bbox 1987 2020 2237 2092; x_wconf 89' lang='lat' dir='ltr'><strong>publicis</strong></span> <span class='ocrx_word' id='word_1_317' title='bbox 2267 2020 2512 2076; x_wconf 88' lang='lat' dir='ltr'><strong>adsisto.</strong></span> <span class='ocrx_word' id='word_1_318' title='bbox 2545 2022 2603 2077; x_wconf 91' lang='lat' dir='ltr'><strong>Si</strong></span> <span class='ocrx_word' id='word_1_319' title='bbox 2637 2021 2854 2093; x_wconf 90' lang='lat' dir='ltr'><strong>injuste</strong></span> <span class='ocrx_word' id='word_1_320' title='bbox 2885 2022 3411 2097; x_wconf 76' lang='lat' dir='ltr'><strong>interpellavere,et</strong></span> <span class='ocrx_word' id='word_1_321' title='bbox 3438 2025 3627 2081; x_wconf 86' lang='lat' dir='ltr'><strong>victus</strong></span> 
     </span>
    </p>
   </div>
   <div class='ocr_carea' id='block_1_49' title="bbox 1988 2108 3627 2183">
    <p class='ocr_par' dir='ltr' id='par_1_49' title="bbox 1988 2108 3627 2183">
     <span class='ocr_line' id='line_1_50' title="bbox 1988 2108 3627 2183; baseline 0.003 -21"><span class='ocrx_word' id='word_1_322' title='bbox 1988 2108 2193 2163; x_wconf 80' lang='lat' dir='ltr'><strong>exinde</strong></span> <span class='ocrx_word' id='word_1_323' title='bbox 2223 2125 2569 2180; x_wconf 89' lang='lat' dir='ltr'><strong>apparuere,</strong></span> <span class='ocrx_word' id='word_1_324' title='bbox 2600 2110 2803 2164; x_wconf 88' lang='lat' dir='ltr'><strong>eadem</strong></span> <span class='ocrx_word' id='word_1_325' title='bbox 2835 2127 3023 2181; x_wconf 87' lang='lat' dir='ltr'><strong>pceua,</strong></span> <span class='ocrx_word' id='word_1_326' title='bbox 3053 2127 3229 2183; x_wconf 91' lang='lat' dir='ltr'><strong>quam</strong></span> <span class='ocrx_word' id='word_1_327' title='bbox 3260 2110 3320 2166; x_wconf 87' lang='lat' dir='ltr'><strong>in</strong></span> <span class='ocrx_word' id='word_1_328' title='bbox 3350 2116 3410 2167; x_wconf 89' lang='lat' dir='ltr'><strong>te</strong></span> <span class='ocrx_word' id='word_1_329' title='bbox 3436 2110 3627 2167; x_wconf 84' lang='lat' dir='ltr'><strong>vindi-</strong></span> 
     </span>
    </p>
   </div>
   <div class='ocr_carea' id='block_1_50' title="bbox 1986 2196 3628 2273">
    <p class='ocr_par' dir='ltr' id='par_1_50' title="bbox 1986 2196 3628 2273">
     <span class='ocr_line' id='line_1_51' title="bbox 1986 2196 3628 2273; baseline 0.003 -23"><span class='ocrx_word' id='word_1_330' title='bbox 1986 2213 2117 2251; x_wconf 89' lang='lat' dir='ltr'><strong>care</strong></span> <span class='ocrx_word' id='word_1_331' title='bbox 2146 2196 2394 2269; x_wconf 82' lang='lat' dir='ltr'><strong>pulsavi,</strong></span> <span class='ocrx_word' id='word_1_332' title='bbox 2429 2213 2520 2251; x_wconf 91' lang='lat' dir='ltr'><strong>me</strong></span> <span class='ocrx_word' id='word_1_333' title='bbox 2546 2197 2881 2269; x_wconf 89' lang='lat' dir='ltr'><strong>constringe</strong></span> <span class='ocrx_word' id='word_1_334' title='bbox 2913 2202 3085 2270; x_wconf 89' lang='lat' dir='ltr'><strong>atque</strong></span> <span class='ocrx_word' id='word_1_335' title='bbox 3115 2198 3418 2261; x_wconf 74' lang='lat' dir='ltr'><strong>conscribo</strong></span> <span class='ocrx_word' id='word_1_336' title='bbox 3446 2200 3628 2273; x_wconf 88' lang='lat' dir='ltr'><strong>parti-</strong></span> 
     </span>
    </p>
   </div>
   <div class='ocr_carea' id='block_1_51' title="bbox 1987 2284 3627 2361">
    <p class='ocr_par' dir='ltr' id='par_1_51' title="bbox 1987 2284 3627 2361">
     <span class='ocr_line' id='line_1_52' title="bbox 1987 2284 3627 2361; baseline 0.003 -22"><span class='ocrx_word' id='word_1_337' title='bbox 1987 2285 2097 2339; x_wconf 90' lang='lat' dir='ltr'><strong>bus</strong></span> <span class='ocrx_word' id='word_1_338' title='bbox 2128 2284 2245 2339; x_wconf 88' lang='lat' dir='ltr'><strong>tuis</strong></span> <span class='ocrx_word' id='word_1_339' title='bbox 2277 2301 2405 2340; x_wconf 89' lang='lat' dir='ltr'><strong>esse</strong></span> <span class='ocrx_word' id='word_1_340' title='bbox 2436 2285 2837 2340; x_wconf 88' lang='lat' dir='ltr'><strong>damnandum</strong></span> <span class='ocrx_word' id='word_1_341' title='bbox 2870 2291 3043 2358; x_wconf 87' lang='lat' dir='ltr'><strong>atque</strong></span> <span class='ocrx_word' id='word_1_342' title='bbox 3076 2287 3508 2344; x_wconf 86' lang='lat' dir='ltr'><strong>subiturum.Et</strong></span> <span class='ocrx_word' id='word_1_343' title='bbox 3524 2304 3627 2361; x_wconf 89' lang='lat' dir='ltr'><strong>pro</strong></span> 
     </span>
    </p>
   </div>
   <div class='ocr_carea' id='block_1_52' title="bbox 1988 2373 3625 2446">
    <p class='ocr_par' dir='ltr' id='par_1_52' title="bbox 1988 2373 3625 2446">
     <span class='ocr_line' id='line_1_53' title="bbox 1988 2373 3625 2446; baseline 0.002 -19"><span class='ocrx_word' id='word_1_344' title='bbox 1988 2374 2066 2427; x_wconf 86' lang='lat' dir='ltr'><strong>rei</strong></span> <span class='ocrx_word' id='word_1_345' title='bbox 2102 2373 2279 2427; x_wconf 88' lang='lat' dir='ltr'><strong>totius</strong></span> <span class='ocrx_word' id='word_1_346' title='bbox 2311 2373 2584 2428; x_wconf 81' lang='lat' dir='ltr'><strong>firmitate</strong></span> <span class='ocrx_word' id='word_1_347' title='bbox 2615 2390 2793 2428; x_wconf 90' lang='lat' dir='ltr'><strong>manu</strong></span> <span class='ocrx_word' id='word_1_348' title='bbox 2826 2374 3059 2446; x_wconf 90' lang='lat' dir='ltr'><strong>propria</strong></span> <span class='ocrx_word' id='word_1_349' title='bbox 3074 2376 3625 2442; x_wconf 83' lang='lat' dir='ltr'><strong>firmo,etbonorum</strong></span> 
     </span>
    </p>
   </div>
   <div class='ocr_carea' id='block_1_53' title="bbox 1986 2460 3137 2532">
    <p class='ocr_par' dir='ltr' id='par_1_53' title="bbox 1986 2460 3137 2532">
     <span class='ocr_line' id='line_1_54' title="bbox 1986 2460 3137 2532; baseline 0.001 -16"><span class='ocrx_word' id='word_1_350' title='bbox 1986 2461 2243 2516; x_wconf 90' lang='lat' dir='ltr'><strong>virorum</strong></span> <span class='ocrx_word' id='word_1_351' title='bbox 2276 2460 2493 2532; x_wconf 88' lang='lat' dir='ltr'><strong>judicio</strong></span> <span class='ocrx_word' id='word_1_352' title='bbox 2525 2461 2918 2517; x_wconf 87' lang='lat' dir='ltr'><strong>roborandum</strong></span> <span class='ocrx_word' id='word_1_353' title='bbox 2952 2463 3137 2518; x_wconf 90' lang='lat' dir='ltr'><strong>trado.</strong></span> 
     </span>
    </p>
   </div>
   <div class='ocr_carea' id='block_1_54' title="bbox 1989 2567 3630 2639">
    <p class='ocr_par' dir='ltr' id='par_1_54' title="bbox 1989 2567 3630 2639">
     <span class='ocr_line' id='line_1_55' title="bbox 1989 2567 3630 2639; baseline 0.004 -19"><span class='ocrx_word' id='word_1_354' title='bbox 1989 2567 2098 2638; x_wconf 90' lang='lat' dir='ltr'><strong>(tO.</strong></span> <span class='ocrx_word' id='word_1_355' title='bbox 2122 2569 2217 2621; x_wconf 69' lang='lat' dir='ltr'><strong>Ex</strong></span> <span class='ocrx_word' id='word_1_356' title='bbox 2244 2567 2522 2635; x_wconf 81' lang='lat' dir='ltr'><strong>Gregorio</strong></span> <span class='ocrx_word' id='word_1_357' title='bbox 2549 2582 2703 2636; x_wconf 83' lang='lat' dir='ltr'><strong>papa</strong></span> <span class='ocrx_word' id='word_1_358' title='bbox 2729 2569 2807 2622; x_wconf 82' lang='lat' dir='ltr'><strong>ad</strong></span> <span class='ocrx_word' id='word_1_359' title='bbox 2835 2568 3253 2639; x_wconf 80' lang='lat' dir='ltr'><strong>Sccundinum:l</strong></span> <span class='ocrx_word' id='word_1_360' title='bbox 3290 2571 3376 2625; x_wconf 92' lang='grc'><strong>11.</strong></span> <span class='ocrx_word' id='word_1_361' title='bbox 3399 2571 3486 2626; x_wconf 75' lang='lat' dir='ltr'><strong>Ea:</strong></span> <span class='ocrx_word' id='word_1_362' title='bbox 3512 2570 3630 2639; x_wconf 79' lang='lat' dir='ltr'><strong>epi-</strong></span> 
     </span>
    </p>
   </div>
   <div class='ocr_carea' id='block_1_55' title="bbox 2058 2639 3625 2710">
    <p class='ocr_par' dir='ltr' id='par_1_55' title="bbox 2058 2639 3625 2710">
     <span class='ocr_line' id='line_1_56' title="bbox 2058 2639 3625 2710; baseline 0.003 -18"><span class='ocrx_word' id='word_1_363' title='bbox 2058 2640 2206 2693; x_wconf 84' lang='lat' dir='ltr'><strong>stola</strong></span> <span class='ocrx_word' id='word_1_364' title='bbox 2241 2639 2456 2710; x_wconf 71' lang='lat' dir='ltr'><strong>[sideri</strong></span> <span class='ocrx_word' id='word_1_365' title='bbox 2501 2640 2756 2710; x_wconf 83' lang='lat' dir='ltr'><strong>episcopi</strong></span> <span class='ocrx_word' id='word_1_366' title='bbox 2800 2640 2878 2693; x_wconf 82' lang='lat' dir='ltr'><strong>ad</strong></span> <span class='ocrx_word' id='word_1_367' title='bbox 2899 2709 2903 2710; x_wconf 13' lang='grc' dir='ltr'>ί</span> <span class='ocrx_word' id='word_1_368' title='bbox 2928 2644 3241 2696; x_wconf 72' lang='lat' dir='ltr'><strong>Massam</strong></span> <span class='ocrx_word' id='word_1_369' title='bbox 3279 2642 3625 2710; x_wconf 73' lang='lat' dir='ltr'><strong>episcopum,</strong></span> 
     </span>
    </p>
   </div>
   <div class='ocr_carea' id='block_1_56' title="bbox 2058 2708 3624 2833">
    <p class='ocr_par' dir='ltr' id='par_1_56' title="bbox 2058 2708 3624 2833">
     <span class='ocr_line' id='line_1_57' title="bbox 2058 2708 3624 2833; baseline 0.004 -71"><span class='ocrx_word' id='word_1_370' title='bbox 2058 2724 2183 2833; x_wconf 54' lang='lat' dir='ltr'><strong>qua!</strong></span> <span class='ocrx_word' id='word_1_371' title='bbox 2230 2709 2473 2776; x_wconf 74' lang='lat' dir='ltr'><strong>incipit:</strong></span> <span class='ocrx_word' id='word_1_372' title='bbox 2528 2708 2792 2764; x_wconf 88' lang='lat' dir='ltr'><strong>veniente</strong></span> <span class='ocrx_word' id='word_1_373' title='bbox 2840 2709 2911 2763; x_wconf 88' lang='lat' dir='ltr'><strong>ad</strong></span> <span class='ocrx_word' id='word_1_374' title='bbox 2962 2727 3069 2766; x_wconf 91' lang='lat' dir='ltr'><strong>nos</strong></span> <span class='ocrx_word' id='word_1_375' title='bbox 3123 2708 3343 2766; x_wconf 86' lang='lat' dir='ltr'><strong>famulo</strong></span> <span class='ocrx_word' id='word_1_376' title='bbox 3394 2708 3624 2780; x_wconf 83' lang='lat' dir='ltr'><strong>vestro;</strong></span> 
     </span>
     <span class='ocr_line' id='line_1_58' title="bbox 2093 2781 3624 2833; baseline 0 0"><span class='ocrx_word' id='word_1_377' title='bbox 2093 2785 2149 2833; x_wconf 88' lang='lat'><strong>2.</strong></span> <span class='ocrx_word' id='word_1_378' title='bbox 2181 2782 2276 2833; x_wconf 67' lang='lat' dir='ltr'><strong>Ea:</strong></span> <span class='ocrx_word' id='word_1_379' title='bbox 2326 2781 2566 2833; x_wconf 89' lang='lat' dir='ltr'><strong>concilio</strong></span> <span class='ocrx_word' id='word_1_380' title='bbox 2615 2781 2932 2833; x_wconf 79' lang='lat' dir='ltr'><strong>Ancurano.</strong></span> <span class='ocrx_word' id='word_1_381' title='bbox 2980 2783 3228 2833; x_wconf 75' lang='lat' dir='ltr'><strong>Deniauc</strong></span> <span class='ocrx_word' id='word_1_382' title='bbox 3268 2784 3624 2833; x_wconf 75' lang='lat' dir='ltr'><strong>concluditur</strong></span> 
     </span>
    </p>
   </div>
   <div class='ocr_carea' id='block_1_57' title="bbox 2093 2781 3631 2855">
    <p class='ocr_par' dir='ltr' id='par_1_57' title="bbox 2093 2781 3631 2855">
     <span class='ocr_line' id='line_1_59' title="bbox 2093 2781 3631 2855; baseline 0.003 -22"><span class='ocrx_word' id='word_1_383' title='bbox 2093 2785 2149 2855; x_wconf 75' lang='lat'><strong>2.</strong></span> <span class='ocrx_word' id='word_1_384' title='bbox 2181 2782 2276 2834; x_wconf 68' lang='lat' dir='ltr'><strong>Ea:</strong></span> <span class='ocrx_word' id='word_1_385' title='bbox 2326 2781 2583 2855; x_wconf 76' lang='lat' dir='ltr'><strong>concilio</strong></span> <span class='ocrx_word' id='word_1_386' title='bbox 2615 2781 2932 2855; x_wconf 72' lang='lat' dir='ltr'><strong>Ancyrano.</strong></span> <span class='ocrx_word' id='word_1_387' title='bbox 2980 2783 3228 2855; x_wconf 79' lang='lat' dir='ltr'><strong>Denique</strong></span> <span class='ocrx_word' id='word_1_388' title='bbox 3268 2784 3631 2840; x_wconf 78' lang='lat' dir='ltr'><strong>concluditur</strong></span> 
     </span>
    </p>
   </div>
   <div class='ocr_carea' id='block_1_58' title="bbox 2058 2852 3097 2924">
    <p class='ocr_par' dir='ltr' id='par_1_58' title="bbox 2058 2852 3097 2924">
     <span class='ocr_line' id='line_1_60' title="bbox 2058 2852 3097 2924; baseline 0.001 -17"><span class='ocrx_word' id='word_1_389' title='bbox 2058 2852 2356 2907; x_wconf 80' lang='lat' dir='ltr'><strong>Odoranui</strong></span> <span class='ocrx_word' id='word_1_390' title='bbox 2383 2852 2622 2919; x_wconf 69' lang='lat' dir='ltr'><strong>epistola</strong></span> <span class='ocrx_word' id='word_1_391' title='bbox 2643 2852 2730 2907; x_wconf 85' lang='lat' dir='ltr'><strong>his</strong></span> <span class='ocrx_word' id='word_1_392' title='bbox 2760 2853 3097 2924; x_wconf 71' lang='lat' dir='ltr'><strong>versiculis.)</strong></span> 
     </span>
    </p>
   </div>
   <div class='ocr_carea' id='block_1_59' title="bbox 2062 2954 3630 3031">
    <p class='ocr_par' dir='ltr' id='par_1_59' title="bbox 2062 2954 3630 3031">
     <span class='ocr_line' id='line_1_61' title="bbox 2062 2954 3630 3031; baseline 0.004 -22"><span class='ocrx_word' id='word_1_393' title='bbox 2062 2956 2163 3011; x_wconf 88' lang='lat' dir='ltr'><strong>llic</strong></span> <span class='ocrx_word' id='word_1_394' title='bbox 2192 2954 2496 3011; x_wconf 86' lang='lat' dir='ltr'><strong>monachis</strong></span> <span class='ocrx_word' id='word_1_395' title='bbox 2526 2956 2731 3027; x_wconf 89' lang='lat' dir='ltr'><strong>longos</strong></span> <span class='ocrx_word' id='word_1_396' title='bbox 2761 2956 2986 3012; x_wconf 88' lang='lat' dir='ltr'><strong>tribuas</strong></span> <span class='ocrx_word' id='word_1_397' title='bbox 3017 2958 3111 3028; x_wconf 90' lang='lat' dir='ltr'><strong>pia</strong></span> <span class='ocrx_word' id='word_1_398' title='bbox 3139 2962 3272 3013; x_wconf 90' lang='lat' dir='ltr'><strong>veta</strong></span> <span class='ocrx_word' id='word_1_399' title='bbox 3314 2975 3418 3031; x_wconf 89' lang='lat' dir='ltr'><strong>per</strong></span> <span class='ocrx_word' id='word_1_400' title='bbox 3443 2976 3630 3016; x_wconf 85' lang='lat' dir='ltr'><strong>annos</strong></span> 
     </span>
    </p>
   </div>
   <div class='ocr_carea' id='block_1_60' title="bbox 2130 3042 3335 3115">
    <p class='ocr_par' dir='ltr' id='par_1_60' title="bbox 2130 3042 3335 3115">
     <span class='ocr_line' id='line_1_62' title="bbox 2130 3042 3335 3115; baseline 0.002 -16"><span class='ocrx_word' id='word_1_401' title='bbox 2130 3045 2199 3099; x_wconf 86' lang='lat' dir='ltr'><strong>Et</strong></span> <span class='ocrx_word' id='word_1_402' title='bbox 2229 3060 2466 3099; x_wconf 88' lang='lat' dir='ltr'><strong>maneas</strong></span> <span class='ocrx_word' id='word_1_403' title='bbox 2496 3049 2694 3115; x_wconf 88' lang='lat' dir='ltr'><strong>pastor</strong></span> <span class='ocrx_word' id='word_1_404' title='bbox 2721 3060 2793 3099; x_wconf 90' lang='lat' dir='ltr'><strong>ne</strong></span> <span class='ocrx_word' id='word_1_405' title='bbox 2824 3042 3153 3101; x_wconf 90' lang='lat' dir='ltr'><strong>lacerentur</strong></span> <span class='ocrx_word' id='word_1_406' title='bbox 3180 3063 3335 3102; x_wconf 90' lang='lat' dir='ltr'><strong>oves.</strong></span> 
     </span>
    </p>
   </div>
   <div class='ocr_carea' id='block_1_61' title="bbox 1483 3229 2395 3320">
    <p class='ocr_par' dir='ltr' id='par_1_61' title="bbox 1483 3229 2395 3320">
     <span class='ocr_line' id='line_1_63' title="bbox 1483 3229 2395 3320; baseline -0.001 -1"><span class='ocrx_word' id='word_1_407' title='bbox 1483 3229 2213 3320; x_wconf 78' lang='lat' dir='ltr'><strong>OPUSCULUM</strong></span> <span class='ocrx_word' id='word_1_408' title='bbox 2273 3232 2395 3318; x_wconf 92' lang='lat' dir='ltr'><strong>IV</strong></span> 
     </span>
    </p>
   </div>
   <div class='ocr_carea' id='block_1_62' title="bbox 320 3405 3521 3491">
    <p class='ocr_par' dir='ltr' id='par_1_62' title="bbox 320 3405 3521 3491">
     <span class='ocr_line' id='line_1_64' title="bbox 320 3405 3521 3491; baseline 0.001 -20"><span class='ocrx_word' id='word_1_409' title='bbox 320 3408 586 3471; x_wconf 83' lang='lat' dir='ltr'><strong>Domino</strong></span> <span class='ocrx_word' id='word_1_410' title='bbox 611 3409 812 3490; x_wconf 79' lang='lat' dir='ltr'><strong>fratri</strong></span> <span class='ocrx_word' id='word_1_411' title='bbox 833 3418 887 3470; x_wconf 85' lang='lat' dir='ltr'><strong>et</strong></span> <span class='ocrx_word' id='word_1_412' title='bbox 917 3405 1328 3470; x_wconf 82' lang='lat' dir='ltr'><strong>consacerdoti</strong></span> <span class='ocrx_word' id='word_1_413' title='bbox 1350 3407 1638 3470; x_wconf 69' lang='lat' dir='ltr'><strong>Eenanno</strong></span> <span class='ocrx_word' id='word_1_414' title='bbox 1667 3406 2130 3489; x_wconf 77' lang='lat' dir='ltr'><strong>syncellylarum</strong></span> <span class='ocrx_word' id='word_1_415' title='bbox 2172 3406 2410 3488; x_wconf 77' lang='lat' dir='ltr'><strong>inﬁmus</strong></span> <span class='ocrx_word' id='word_1_416' title='bbox 2437 3406 2636 3487; x_wconf 84' lang='lat' dir='ltr'><strong>frater</strong></span> <span class='ocrx_word' id='word_1_417' title='bbox 2662 3410 3032 3471; x_wconf 67' lang='lat' dir='ltr'><strong>Oeoaannus</strong></span> <span class='ocrx_word' id='word_1_418' title='bbox 3061 3407 3351 3491; x_wconf 84' lang='lat' dir='ltr'><strong>quicquid</strong></span> <span class='ocrx_word' id='word_1_419' title='bbox 3382 3410 3521 3473; x_wconf 84' lang='lat' dir='ltr'><strong>sibi.</strong></span> 
     </span>
    </p>
   </div>
   <div class='ocr_carea' id='block_1_63' title="bbox 289 3565 3631 3654">
    <p class='ocr_par' dir='ltr' id='par_1_63' title="bbox 289 3565 3631 3654">
     <span class='ocr_line' id='line_1_65' title="bbox 289 3565 3631 3654; baseline 0.001 -32"><span class='ocrx_word' id='word_1_420' title='bbox 289 3568 457 3654; x_wconf 65' lang='grc' dir='ltr'><strong>Ουρᾶ</strong></span> <span class='ocrx_word' id='word_1_421' title='bbox 489 3568 699 3626; x_wconf 90' lang='lat' dir='ltr'><strong>omnis</strong></span> <span class='ocrx_word' id='word_1_422' title='bbox 730 3568 1021 3623; x_wconf 84' lang='lat' dir='ltr'><strong>medicina</strong></span> <span class='ocrx_word' id='word_1_423' title='bbox 1059 3571 1159 3622; x_wconf 89' lang='lat' dir='ltr'><strong>aut</strong></span> <span class='ocrx_word' id='word_1_424' title='bbox 1209 3584 1277 3621; x_wconf 84' lang='lat' dir='ltr'><strong>ex</strong></span> <span class='ocrx_word' id='word_1_425' title='bbox 1326 3565 1621 3623; x_wconf 86' lang='lat' dir='ltr'><strong>similibus</strong></span> <span class='ocrx_word' id='word_1_426' title='bbox 1669 3571 1771 3622; x_wconf 90' lang='lat' dir='ltr'><strong>aut</strong></span> <span class='ocrx_word' id='word_1_427' title='bbox 1818 3582 1886 3622; x_wconf 80' lang='lat' dir='ltr'><strong>ex</strong></span> <span class='ocrx_word' id='word_1_428' title='bbox 1916 3568 1959 3635; x_wconf 74' lang='grc' dir='ltr'>α</span> <span class='ocrx_word' id='word_1_429' title='bbox 1992 3567 2116 3622; x_wconf 91' lang='lat' dir='ltr'><strong>Non</strong></span> <span class='ocrx_word' id='word_1_430' title='bbox 2143 3584 2156 3635; x_wconf 92' lang='lat'><strong>;</strong></span> <span class='ocrx_word' id='word_1_431' title='bbox 2190 3567 2290 3621; x_wconf 88' lang='lat' dir='ltr'><strong>sed</strong></span> <span class='ocrx_word' id='word_1_432' title='bbox 2323 3565 2636 3623; x_wconf 90' lang='lat' dir='ltr'><strong>mulierum</strong></span> <span class='ocrx_word' id='word_1_433' title='bbox 2667 3567 2852 3623; x_wconf 90' lang='lat' dir='ltr'><strong>amori</strong></span> <span class='ocrx_word' id='word_1_434' title='bbox 2883 3568 2954 3623; x_wconf 84' lang='lat' dir='ltr'><strong>ad</strong></span> <span class='ocrx_word' id='word_1_435' title='bbox 2986 3568 3096 3623; x_wconf 91' lang='lat' dir='ltr'><strong>hoc</strong></span> <span class='ocrx_word' id='word_1_436' title='bbox 3126 3568 3347 3625; x_wconf 90' lang='lat' dir='ltr'><strong>malum</strong></span> <span class='ocrx_word' id='word_1_437' title='bbox 3380 3569 3631 3626; x_wconf 86' lang='lat' dir='ltr'><strong>trahenti</strong></span> 
     </span>
    </p>
   </div>
   <div class='ocr_carea' id='block_1_64' title="bbox 212 3655 1878 3728">
    <p class='ocr_par' dir='ltr' id='par_1_64' title="bbox 212 3655 1878 3728">
     <span class='ocr_line' id='line_1_66' title="bbox 212 3655 1878 3728; baseline 0.002 -21"><span class='ocrx_word' id='word_1_438' title='bbox 212 3657 532 3711; x_wconf 84' lang='lat' dir='ltr'><strong>contrariis</strong></span> <span class='ocrx_word' id='word_1_439' title='bbox 562 3659 761 3725; x_wconf 87' lang='lat' dir='ltr'><strong>tiat,ut</strong></span> <span class='ocrx_word' id='word_1_440' title='bbox 792 3656 1178 3728; x_wconf 86' lang='lat' dir='ltr'><strong>cemperi,tua</strong></span> <span class='ocrx_word' id='word_1_441' title='bbox 1208 3655 1540 3711; x_wconf 80' lang='lat' dir='ltr'><strong>fraternitas</strong></span> <span class='ocrx_word' id='word_1_442' title='bbox 1571 3672 1685 3710; x_wconf 92' lang='lat' dir='ltr'><strong>non</strong></span> <span class='ocrx_word' id='word_1_443' title='bbox 1719 3655 1878 3727; x_wconf 88' lang='lat' dir='ltr'><strong>igne-</strong></span> 
     </span>
    </p>
   </div>
   <div class='ocr_carea' id='block_1_65' title="bbox 210 3741 1878 3815">
    <p class='ocr_par' dir='ltr' id='par_1_65' title="bbox 210 3741 1878 3815">
     <span class='ocr_line' id='line_1_67' title="bbox 210 3741 1878 3815; baseline 0.002 -20"><span class='ocrx_word' id='word_1_444' title='bbox 210 3744 498 3808; x_wconf 69' lang='grc' dir='ltr'><strong>ται.ουοά</strong></span> <span class='ocrx_word' id='word_1_445' title='bbox 534 3761 680 3800; x_wconf 81' lang='lat' dir='ltr'><strong>vero</strong></span> <span class='ocrx_word' id='word_1_446' title='bbox 712 3742 964 3815; x_wconf 90' lang='lat' dir='ltr'><strong>qualiter</strong></span> <span class='ocrx_word' id='word_1_447' title='bbox 992 3761 1060 3798; x_wconf 82' lang='lat' dir='ltr'><strong>ex</strong></span> <span class='ocrx_word' id='word_1_448' title='bbox 1090 3741 1878 3811; x_wconf 87' lang='lat' dir='ltr'><strong>similibusetdissimilibus,</strong></span> 
     </span>
    </p>
   </div>
   <div class='ocr_carea' id='block_1_66' title="bbox 208 3828 1883 3903">
    <p class='ocr_par' dir='ltr' id='par_1_66' title="bbox 208 3828 1883 3903">
     <span class='ocr_line' id='line_1_68' title="bbox 208 3828 1883 3903; baseline 0.001 -21"><span class='ocrx_word' id='word_1_449' title='bbox 208 3828 401 3901; x_wconf 86' lang='lat' dir='ltr'><strong>deque</strong></span> <span class='ocrx_word' id='word_1_450' title='bbox 434 3849 549 3888; x_wconf 90' lang='lat' dir='ltr'><strong>nec</strong></span> <span class='ocrx_word' id='word_1_451' title='bbox 580 3850 654 3887; x_wconf 81' lang='lat' dir='ltr'><strong>ex</strong></span> <span class='ocrx_word' id='word_1_452' title='bbox 686 3837 806 3887; x_wconf 90' lang='lat' dir='ltr'><strong>toto</strong></span> <span class='ocrx_word' id='word_1_453' title='bbox 837 3831 1351 3903; x_wconf 88' lang='lat' dir='ltr'><strong>similibus,ncque</strong></span> <span class='ocrx_word' id='word_1_454' title='bbox 1381 3849 1449 3886; x_wconf 80' lang='lat' dir='ltr'><strong>ex</strong></span> <span class='ocrx_word' id='word_1_455' title='bbox 1481 3836 1597 3886; x_wconf 93' lang='lat' dir='ltr'><strong>toto</strong></span> <span class='ocrx_word' id='word_1_456' title='bbox 1628 3830 1883 3886; x_wconf 78' lang='lat' dir='ltr'><strong>dissimi-</strong></span> 
     </span>
    </p>
   </div>
   <div class='ocr_carea' id='block_1_67' title="bbox 206 3914 1881 3991">
    <p class='ocr_par' dir='ltr' id='par_1_67' title="bbox 206 3914 1881 3991">
     <span class='ocr_line' id='line_1_69' title="bbox 206 3914 1881 3991; baseline 0.004 -24"><span class='ocrx_word' id='word_1_457' title='bbox 206 3914 363 3973; x_wconf 86' lang='lat' dir='ltr'><strong>libus</strong></span> <span class='ocrx_word' id='word_1_458' title='bbox 394 3921 608 3977; x_wconf 88' lang='lat' dir='ltr'><strong>omnis</strong></span> <span class='ocrx_word' id='word_1_459' title='bbox 640 3919 950 3975; x_wconf 85' lang='lat' dir='ltr'><strong>harmonia</strong></span> <span class='ocrx_word' id='word_1_460' title='bbox 971 3920 1277 3991; x_wconf 88' lang='lat' dir='ltr'><strong>jungatur,</strong></span> <span class='ocrx_word' id='word_1_461' title='bbox 1311 3917 1446 3973; x_wconf 91' lang='lat' dir='ltr'><strong>licet</strong></span> <span class='ocrx_word' id='word_1_462' title='bbox 1475 3923 1640 3974; x_wconf 64' lang='lat' dir='ltr'><strong>etate</strong></span> <span class='ocrx_word' id='word_1_463' title='bbox 1667 3923 1722 3974; x_wconf 89' lang='lat' dir='ltr'><strong>et</strong></span> <span class='ocrx_word' id='word_1_464' title='bbox 1761 3935 1881 3973; x_wconf 84' lang='lat' dir='ltr'><strong>me-</strong></span> 
     </span>
    </p>
   </div>
   <div class='ocr_carea' id='block_1_68' title="bbox 207 4003 1882 4079">
    <p class='ocr_par' dir='ltr' id='par_1_68' title="bbox 207 4003 1882 4079">
     <span class='ocr_line' id='line_1_70' title="bbox 207 4003 1882 4079; baseline 0.003 -23"><span class='ocrx_word' id='word_1_465' title='bbox 207 4003 318 4059; x_wconf 90' lang='lat' dir='ltr'><strong>rito</strong></span> <span class='ocrx_word' id='word_1_466' title='bbox 352 4023 450 4062; x_wconf 90' lang='lat' dir='ltr'><strong>me</strong></span> <span class='ocrx_word' id='word_1_467' title='bbox 484 4008 856 4079; x_wconf 64' lang='lat' dir='ltr'><strong>praecedas,a</strong></span> <span class='ocrx_word' id='word_1_468' title='bbox 883 4024 974 4062; x_wconf 91' lang='lat' dir='ltr'><strong>me</strong></span> <span class='ocrx_word' id='word_1_469' title='bbox 1005 4007 1193 4062; x_wconf 78' lang='lat' dir='ltr'><strong>doreri</strong></span> <span class='ocrx_word' id='word_1_470' title='bbox 1226 4007 1497 4078; x_wconf 89' lang='lat' dir='ltr'><strong>cupis.Ne</strong></span> <span class='ocrx_word' id='word_1_471' title='bbox 1527 4023 1676 4078; x_wconf 63' lang='lat' dir='ltr'><strong>aegre</strong></span> <span class='ocrx_word' id='word_1_472' title='bbox 1710 4007 1882 4075; x_wconf 88' lang='lat' dir='ltr'><strong>feras,</strong></span> 
     </span>
    </p>
   </div>
   <div class='ocr_carea' id='block_1_69' title="bbox 205 4094 1882 4167">
    <p class='ocr_par' dir='ltr' id='par_1_69' title="bbox 205 4094 1882 4167">
     <span class='ocr_line' id='line_1_71' title="bbox 205 4094 1882 4167; baseline 0.001 -22"><span class='ocrx_word' id='word_1_473' title='bbox 205 4097 534 4150; x_wconf 86' lang='lat' dir='ltr'><strong>reverende</strong></span> <span class='ocrx_word' id='word_1_474' title='bbox 568 4098 767 4163; x_wconf 86' lang='lat' dir='ltr'><strong>Pater,</strong></span> <span class='ocrx_word' id='word_1_475' title='bbox 805 4097 853 4150; x_wconf 91' lang='lat' dir='ltr'><strong>si</strong></span> <span class='ocrx_word' id='word_1_476' title='bbox 897 4096 1141 4157; x_wconf 76' lang='lat' dir='ltr'><strong>differo;</strong></span> <span class='ocrx_word' id='word_1_477' title='bbox 1175 4096 1310 4166; x_wconf 86' lang='lat' dir='ltr'><strong>quia</strong></span> <span class='ocrx_word' id='word_1_478' title='bbox 1356 4096 1510 4167; x_wconf 90' lang='lat' dir='ltr'><strong>quod</strong></span> <span class='ocrx_word' id='word_1_479' title='bbox 1562 4095 1735 4165; x_wconf 89' lang='lat' dir='ltr'><strong>petis,</strong></span> <span class='ocrx_word' id='word_1_480' title='bbox 1770 4094 1882 4149; x_wconf 90' lang='lat' dir='ltr'><strong>nisi</strong></span> 
     </span>
    </p>
   </div>
   <div class='ocr_carea' id='block_1_70' title="bbox 204 4179 1887 4255">
    <p class='ocr_par' dir='ltr' id='par_1_70' title="bbox 204 4179 1887 4255">
     <span class='ocr_line' id='line_1_72' title="bbox 204 4179 1887 4255; baseline 0.002 -23"><span class='ocrx_word' id='word_1_481' title='bbox 204 4179 398 4247; x_wconf 87' lang='lat' dir='ltr'><strong>fallor,</strong></span> <span class='ocrx_word' id='word_1_482' title='bbox 434 4202 562 4239; x_wconf 90' lang='lat' dir='ltr'><strong>non</strong></span> <span class='ocrx_word' id='word_1_483' title='bbox 599 4188 695 4240; x_wconf 87' lang='lat' dir='ltr'><strong>est</strong></span> <span class='ocrx_word' id='word_1_484' title='bbox 726 4189 838 4238; x_wconf 66' lang='lat' dir='ltr'><strong>tua:</strong></span> <span class='ocrx_word' id='word_1_485' title='bbox 877 4183 1062 4239; x_wconf 67' lang='lat' dir='ltr'><strong>aetatis</strong></span> <span class='ocrx_word' id='word_1_486' title='bbox 1092 4200 1279 4255; x_wconf 91' lang='lat' dir='ltr'><strong>neque</strong></span> <span class='ocrx_word' id='word_1_487' title='bbox 1328 4182 1688 4237; x_wconf 88' lang='lat' dir='ltr'><strong>valitudinis.</strong></span> <span class='ocrx_word' id='word_1_488' title='bbox 1717 4183 1887 4237; x_wconf 81' lang='lat' dir='ltr'><strong>Suffl-</strong></span> 
     </span>
    </p>
   </div>
   <div class='ocr_carea' id='block_1_71' title="bbox 204 4267 1885 4345">
    <p class='ocr_par' dir='ltr' id='par_1_71' title="bbox 204 4267 1885 4345">
     <span class='ocr_line' id='line_1_73' title="bbox 204 4267 1885 4345; baseline 0.004 -26"><span class='ocrx_word' id='word_1_489' title='bbox 204 4267 321 4323; x_wconf 89' lang='lat' dir='ltr'><strong>ciat</strong></span> <span class='ocrx_word' id='word_1_490' title='bbox 350 4271 461 4325; x_wconf 89' lang='lat' dir='ltr'><strong>tibi</strong></span> <span class='ocrx_word' id='word_1_491' title='bbox 502 4273 566 4328; x_wconf 89' lang='lat' dir='ltr'><strong>in</strong></span> <span class='ocrx_word' id='word_1_492' title='bbox 605 4277 897 4345; x_wconf 88' lang='lat' dir='ltr'><strong>quantum</strong></span> <span class='ocrx_word' id='word_1_493' title='bbox 932 4271 1176 4326; x_wconf 84' lang='lat' dir='ltr'><strong>facultas</strong></span> <span class='ocrx_word' id='word_1_494' title='bbox 1216 4271 1495 4343; x_wconf 87' lang='lat' dir='ltr'><strong>suppetit,</strong></span> <span class='ocrx_word' id='word_1_495' title='bbox 1528 4269 1885 4342; x_wconf 88' lang='lat' dir='ltr'><strong>regularium</strong></span> 
     </span>
    </p>
   </div>
   <div class='ocr_carea' id='block_1_72' title="bbox 205 4358 1888 4430">
    <p class='ocr_par' dir='ltr' id='par_1_72' title="bbox 205 4358 1888 4430">
     <span class='ocr_line' id='line_1_74' title="bbox 205 4358 1888 4430; baseline 0.002 -21"><span class='ocrx_word' id='word_1_496' title='bbox 205 4358 536 4416; x_wconf 90' lang='lat' dir='ltr'><strong>modorum</strong></span> <span class='ocrx_word' id='word_1_497' title='bbox 573 4361 751 4416; x_wconf 88' lang='lat' dir='ltr'><strong>initia</strong></span> <span class='ocrx_word' id='word_1_498' title='bbox 789 4364 847 4415; x_wconf 90' lang='lat' dir='ltr'><strong>et</strong></span> <span class='ocrx_word' id='word_1_499' title='bbox 894 4360 1059 4426; x_wconf 83' lang='lat' dir='ltr'><strong>fines,</strong></span> <span class='ocrx_word' id='word_1_500' title='bbox 1094 4359 1483 4430; x_wconf 75' lang='lat' dir='ltr'><strong>assensiones,</strong></span> <span class='ocrx_word' id='word_1_501' title='bbox 1517 4376 1622 4414; x_wconf 91' lang='lat' dir='ltr'><strong>nec</strong></span> <span class='ocrx_word' id='word_1_502' title='bbox 1671 4375 1783 4413; x_wconf 91' lang='lat' dir='ltr'><strong>non</strong></span> <span class='ocrx_word' id='word_1_503' title='bbox 1830 4362 1888 4413; x_wconf 91' lang='lat' dir='ltr'><strong>et</strong></span> 
     </span>
    </p>
   </div>
   <div class='ocr_carea' id='block_1_73' title="bbox 204 4442 1885 4520">
    <p class='ocr_par' dir='ltr' id='par_1_73' title="bbox 204 4442 1885 4520">
     <span class='ocr_line' id='line_1_75' title="bbox 204 4442 1885 4520; baseline 0.003 -24"><span class='ocrx_word' id='word_1_504' title='bbox 204 4442 650 4505; x_wconf 85' lang='lat' dir='ltr'><strong>descensiones</strong></span> <span class='ocrx_word' id='word_1_505' title='bbox 683 4449 742 4504; x_wconf 92' lang='lat' dir='ltr'><strong>in</strong></span> <span class='ocrx_word' id='word_1_506' title='bbox 770 4448 1149 4505; x_wconf 88' lang='lat' dir='ltr'><strong>monechordi</strong></span> <span class='ocrx_word' id='word_1_507' title='bbox 1170 4447 1342 4520; x_wconf 89' lang='lat' dir='ltr'><strong>plana</strong></span> <span class='ocrx_word' id='word_1_508' title='bbox 1367 4447 1673 4520; x_wconf 84' lang='lat' dir='ltr'><strong>superficie</strong></span> <span class='ocrx_word' id='word_1_509' title='bbox 1691 4463 1885 4513; x_wconf 89' lang='lat' dir='ltr'><strong>nosse,</strong></span> 
     </span>
    </p>
   </div>
   <div class='ocr_carea' id='block_1_74' title="bbox 204 4533 1888 4606">
    <p class='ocr_par' dir='ltr' id='par_1_74' title="bbox 204 4533 1888 4606">
     <span class='ocr_line' id='line_1_76' title="bbox 204 4533 1888 4606; baseline 0.001 -18"><span class='ocrx_word' id='word_1_510' title='bbox 204 4533 261 4582; x_wconf 80' lang='lat' dir='ltr'><strong>et</strong></span> <span class='ocrx_word' id='word_1_511' title='bbox 291 4534 578 4603; x_wconf 84' lang='lat' dir='ltr'><strong>gravium</strong></span> <span class='ocrx_word' id='word_1_512' title='bbox 615 4541 1046 4606; x_wconf 87' lang='lat' dir='ltr'><strong>auctorumque</strong></span> <span class='ocrx_word' id='word_1_513' title='bbox 1078 4551 1354 4591; x_wconf 90' lang='lat' dir='ltr'><strong>sonorum</strong></span> <span class='ocrx_word' id='word_1_514' title='bbox 1386 4533 1701 4590; x_wconf 87' lang='lat' dir='ltr'><strong>demulceri</strong></span> <span class='ocrx_word' id='word_1_515' title='bbox 1732 4533 1888 4590; x_wconf 90' lang='lat' dir='ltr'><strong>dulci</strong></span> 
     </span>
    </p>
   </div>
   <div class='ocr_carea' id='block_1_75' title="bbox 206 4619 1887 4693">
    <p class='ocr_par' dir='ltr' id='par_1_75' title="bbox 206 4619 1887 4693">
     <span class='ocr_line' id='line_1_77' title="bbox 206 4619 1887 4693; baseline 0.005 -23"><span class='ocrx_word' id='word_1_516' title='bbox 206 4619 658 4680; x_wconf 88' lang='lat' dir='ltr'><strong>modulamine.</strong></span> <span class='ocrx_word' id='word_1_517' title='bbox 700 4624 972 4679; x_wconf 89' lang='lat' dir='ltr'><strong>Ceterum</strong></span> <span class='ocrx_word' id='word_1_518' title='bbox 1031 4624 1419 4693; x_wconf 69' lang='lat' dir='ltr'><strong>quaestionum</strong></span> <span class='ocrx_word' id='word_1_519' title='bbox 1477 4627 1713 4679; x_wconf 88' lang='lat' dir='ltr'><strong>tuarum</strong></span> <span class='ocrx_word' id='word_1_520' title='bbox 1771 4640 1887 4679; x_wconf 91' lang='lat' dir='ltr'><strong>non</strong></span> 
     </span>
    </p>
   </div>
   <div class='ocr_carea' id='block_1_76' title="bbox 209 4702 1886 4784">
    <p class='ocr_par' dir='ltr' id='par_1_76' title="bbox 209 4702 1886 4784">
     <span class='ocr_line' id='line_1_78' title="bbox 209 4702 1886 4784; baseline 0.003 -23"><span class='ocrx_word' id='word_1_521' title='bbox 209 4702 561 4778; x_wconf 77' lang='lat' dir='ltr'><strong>immemor,</strong></span> <span class='ocrx_word' id='word_1_522' title='bbox 590 4712 737 4784; x_wconf 91' lang='lat' dir='ltr'><strong>quid</strong></span> <span class='ocrx_word' id='word_1_523' title='bbox 766 4713 838 4767; x_wconf 91' lang='lat' dir='ltr'><strong>de</strong></span> <span class='ocrx_word' id='word_1_524' title='bbox 888 4709 1362 4783; x_wconf 69' lang='lat' dir='ltr'><strong>praevaricatione</strong></span> <span class='ocrx_word' id='word_1_525' title='bbox 1413 4712 1741 4767; x_wconf 90' lang='lat' dir='ltr'><strong>Salomonis</strong></span> <span class='ocrx_word' id='word_1_526' title='bbox 1769 4717 1886 4766; x_wconf 78' lang='lat' dir='ltr'><strong>Au-</strong></span> 
     </span>
    </p>
   </div>
   <div class='ocr_carea' id='block_1_77' title="bbox 206 4796 1889 4872">
    <p class='ocr_par' dir='ltr' id='par_1_77' title="bbox 206 4796 1889 4872">
     <span class='ocr_line' id='line_1_79' title="bbox 206 4796 1889 4872; baseline 0.004 -25"><span class='ocrx_word' id='word_1_527' title='bbox 206 4796 498 4861; x_wconf 81' lang='lat' dir='ltr'><strong>gustinus</strong></span> <span class='ocrx_word' id='word_1_528' title='bbox 532 4801 749 4857; x_wconf 92' lang='lat' dir='ltr'><strong>doctor</strong></span> <span class='ocrx_word' id='word_1_529' title='bbox 768 4797 1041 4872; x_wconf 85' lang='lat' dir='ltr'><strong>egregius</strong></span> <span class='ocrx_word' id='word_1_530' title='bbox 1053 4800 1586 4872; x_wconf 86' lang='lat' dir='ltr'><strong>senserit,quidque</strong></span> <span class='ocrx_word' id='word_1_531' title='bbox 1603 4799 1889 4868; x_wconf 87' lang='lat' dir='ltr'><strong>interpres</strong></span> 
     </span>
    </p>
   </div>
   <div class='ocr_carea' id='block_1_78' title="bbox 211 4884 1889 4961">
    <p class='ocr_par' dir='ltr' id='par_1_78' title="bbox 211 4884 1889 4961">
     <span class='ocr_line' id='line_1_80' title="bbox 211 4884 1889 4961; baseline 0.009 -30"><span class='ocrx_word' id='word_1_532' title='bbox 211 4884 265 4933; x_wconf 89' lang='lat' dir='ltr'><strong>et</strong></span> <span class='ocrx_word' id='word_1_533' title='bbox 295 4888 616 4956; x_wconf 82' lang='lat' dir='ltr'><strong>expositor</strong></span> <span class='ocrx_word' id='word_1_534' title='bbox 666 4888 874 4943; x_wconf 70' lang='lat' dir='ltr'><strong>divinze</strong></span> <span class='ocrx_word' id='word_1_535' title='bbox 909 4884 1055 4956; x_wconf 90' lang='lat' dir='ltr'><strong>legis</strong></span> <span class='ocrx_word' id='word_1_536' title='bbox 1087 4885 1474 4961; x_wconf 83' lang='lat' dir='ltr'><strong>Hieronymus</strong></span> <span class='ocrx_word' id='word_1_537' title='bbox 1506 4889 1575 4943; x_wconf 87' lang='lat' dir='ltr'><strong>de</strong></span> <span class='ocrx_word' id='word_1_538' title='bbox 1618 4889 1747 4958; x_wconf 86' lang='lat' dir='ltr'><strong>ejus</strong></span> <span class='ocrx_word' id='word_1_539' title='bbox 1780 4905 1889 4960; x_wconf 73' lang='lat' dir='ltr'><strong>pre-</strong></span> 
     </span>
    </p>
   </div>
   <div class='ocr_carea' id='block_1_79' title="bbox 212 4965 1893 5049">
    <p class='ocr_par' dir='ltr' id='par_1_79' title="bbox 212 4965 1893 5049">
     <span class='ocr_line' id='line_1_81' title="bbox 212 4965 1893 5049; baseline 0.007 -30"><span class='ocrx_word' id='word_1_540' title='bbox 212 4965 467 5027; x_wconf 86' lang='lat' dir='ltr'><strong>nitentia</strong></span> <span class='ocrx_word' id='word_1_541' title='bbox 498 4976 831 5049; x_wconf 86' lang='lat' dir='ltr'><strong>scripserit,</strong></span> <span class='ocrx_word' id='word_1_542' title='bbox 859 4972 947 5027; x_wconf 88' lang='lat' dir='ltr'><strong>vel</strong></span> <span class='ocrx_word' id='word_1_543' title='bbox 982 4971 1077 5025; x_wconf 90' lang='lat' dir='ltr'><strong>ubi</strong></span> <span class='ocrx_word' id='word_1_544' title='bbox 1108 4972 1281 5031; x_wconf 87' lang='lat' dir='ltr'><strong>illum</strong></span> <span class='ocrx_word' id='word_1_545' title='bbox 1310 4976 1604 5031; x_wconf 65' lang='lat' dir='ltr'><strong>catholica:</strong></span> <span class='ocrx_word' id='word_1_546' title='bbox 1637 4977 1767 5030; x_wconf 84' lang='lat' dir='ltr'><strong>fidei</strong></span> <span class='ocrx_word' id='word_1_547' title='bbox 1800 4977 1893 5031; x_wconf 89' lang='lat' dir='ltr'><strong>de-</strong></span> 
     </span>
    </p>
   </div>
   <div class='ocr_carea' id='block_1_80' title="bbox 218 5053 1891 5199">
    <p class='ocr_par' dir='ltr' id='par_1_80' title="bbox 218 5053 1891 5199">
     <span class='ocr_line' id='line_1_82' title="bbox 218 5053 1891 5199; baseline 0.002 -85"><span class='ocrx_word' id='word_1_548' title='bbox 218 5053 418 5199; x_wconf 58' lang='grc' dir='ltr'><strong>ἶξῖῐὶεεὲ·</strong></span> <span class='ocrx_word' id='word_1_549' title='bbox 445 5063 802 5120; x_wconf 82' lang='lat' dir='ltr'><strong>Ambrosius</strong></span> <span class='ocrx_word' id='word_1_550' title='bbox 834 5063 1106 5117; x_wconf 89' lang='lat' dir='ltr'><strong>sanctum</strong></span> <span class='ocrx_word' id='word_1_551' title='bbox 1141 5062 1523 5136; x_wconf 88' lang='lat' dir='ltr'><strong>appellaverit</strong></span> <span class='ocrx_word' id='word_1_552' title='bbox 1570 5063 1772 5136; x_wconf 86' lang='lat' dir='ltr'><strong>paucis</strong></span> <span class='ocrx_word' id='word_1_553' title='bbox 1805 5064 1891 5117; x_wconf 83' lang='lat' dir='ltr'><strong>in-</strong></span> 
     </span>
     <span class='ocr_line' id='line_1_83' title="bbox 244 5155 463 5199; baseline 0.018 -4"><span class='ocrx_word' id='word_1_554' title='bbox 244 5155 363 5198; x_wconf 85' lang='lat' dir='ltr'><strong>Ima</strong></span> <span class='ocrx_word' id='word_1_555' title='bbox 407 5163 463 5199; x_wconf 92' lang='grc' dir='ltr'><strong>ο.</strong></span> 
     </span>
    </p>
   </div>
   <div class='ocr_carea' id='block_1_81' title="bbox 244 5155 463 5203">
    <p class='ocr_par' dir='ltr' id='par_1_81' title="bbox 244 5155 463 5203">
     <span class='ocr_line' id='line_1_84' title="bbox 244 5155 463 5203; baseline 0.037 -8"><span class='ocrx_word' id='word_1_556' title='bbox 244 5155 463 5203; x_wconf 85' lang='lat' dir='ltr'><strong>Imabo.</strong></span> 
     </span>
    </p>
   </div>
   <div class='ocr_carea' id='block_1_82' title="bbox 287 5214 1892 5307">
    <p class='ocr_par' dir='ltr' id='par_1_82' title="bbox 287 5214 1892 5307">
     <span class='ocr_line' id='line_1_85' title="bbox 287 5214 1892 5307; baseline 0.007 -24"><span class='ocrx_word' id='word_1_557' title='bbox 287 5228 357 5284; x_wconf 78' lang='lat' dir='ltr'><strong>In</strong></span> <span class='ocrx_word' id='word_1_558' title='bbox 386 5238 750 5307; x_wconf 77' lang='lat' dir='ltr'><strong>expositione</strong></span> <span class='ocrx_word' id='word_1_559' title='bbox 783 5232 917 5291; x_wconf 88' lang='lat' dir='ltr'><strong>libri</strong></span> <span class='ocrx_word' id='word_1_560' title='bbox 950 5214 1202 5294; x_wconf 76' lang='lat' dir='ltr'><strong>Genesis</strong></span> <span class='ocrx_word' id='word_1_561' title='bbox 1255 5240 1325 5295; x_wconf 87' lang='lat' dir='ltr'><strong>ad</strong></span> <span class='ocrx_word' id='word_1_562' title='bbox 1368 5239 1645 5305; x_wconf 89' lang='lat' dir='ltr'><strong>litteram,</strong></span> <span class='ocrx_word' id='word_1_563' title='bbox 1680 5238 1826 5294; x_wconf 89' lang='lat' dir='ltr'><strong>libro</strong></span> <span class='ocrx_word' id='word_1_564' title='bbox 1856 5255 1892 5294; x_wconf 71' lang='grc' dir='ltr'><strong><em>ι</em></strong></span> 
     </span>
    </p>
   </div>
   <div class='ocr_carea' id='block_1_83' title="bbox 224 5313 1890 5399">
    <p class='ocr_par' dir='ltr' id='par_1_83' title="bbox 224 5313 1890 5399">
     <span class='ocr_line' id='line_1_86' title="bbox 224 5313 1890 5399; baseline 0.002 -22"><span class='ocrx_word' id='word_1_565' title='bbox 224 5313 589 5388; x_wconf 71' lang='lat' dir='ltr'><strong>Augustinus</strong></span> <span class='ocrx_word' id='word_1_566' title='bbox 634 5326 701 5381; x_wconf 92' lang='lat' dir='ltr'><strong>de</strong></span> <span class='ocrx_word' id='word_1_567' title='bbox 740 5337 849 5381; x_wconf 90' lang='lat' dir='ltr'><strong>eo:</strong></span> <span class='ocrx_word' id='word_1_568' title='bbox 903 5338 935 5366; x_wconf 87' lang='grc'><strong>‹‹</strong></span> <span class='ocrx_word' id='word_1_569' title='bbox 967 5317 1285 5395; x_wconf 86' lang='lat' dir='ltr'><strong>Salomon,</strong></span> <span class='ocrx_word' id='word_1_570' title='bbox 1336 5326 1548 5399; x_wconf 90' lang='lat' dir='ltr'><strong>inquit,</strong></span> <span class='ocrx_word' id='word_1_571' title='bbox 1588 5326 1677 5381; x_wconf 81' lang='lat' dir='ltr'><strong>vir</strong></span> <span class='ocrx_word' id='word_1_572' title='bbox 1721 5330 1890 5381; x_wconf 69' lang='lat' dir='ltr'><strong>tanta:</strong></span> 
     </span>
    </p>
   </div>
   <div class='ocr_carea' id='block_1_84' title="bbox 224 5404 1889 5485">
    <p class='ocr_par' dir='ltr' id='par_1_84' title="bbox 224 5404 1889 5485">
     <span class='ocr_line' id='line_1_87' title="bbox 224 5404 1889 5485; baseline -0.002 -12"><span class='ocrx_word' id='word_1_573' title='bbox 224 5404 542 5478; x_wconf 53' lang='lat' dir='ltr'><strong>“Mentire,</strong></span> <span class='ocrx_word' id='word_1_574' title='bbox 590 5407 1010 5482; x_wconf 69' lang='lat' dir='ltr'><strong>numquidnam</strong></span> <span class='ocrx_word' id='word_1_575' title='bbox 1055 5415 1447 5471; x_wconf 82' lang='lat' dir='ltr'><strong>credendum</strong></span> <span class='ocrx_word' id='word_1_576' title='bbox 1490 5419 1579 5469; x_wconf 89' lang='lat' dir='ltr'><strong>est</strong></span> <span class='ocrx_word' id='word_1_577' title='bbox 1625 5414 1779 5485; x_wconf 89' lang='lat' dir='ltr'><strong>quod</strong></span> <span class='ocrx_word' id='word_1_578' title='bbox 1829 5413 1889 5469; x_wconf 92' lang='lat' dir='ltr'><strong>in</strong></span> 
     </span>
    </p>
   </div>
   <div class='ocr_carea' id='block_1_85' title="bbox 230 5486 1891 5572">
    <p class='ocr_par' dir='ltr' id='par_1_85' title="bbox 230 5486 1891 5572">
     <span class='ocr_line' id='line_1_88' title="bbox 230 5486 1891 5572; baseline 0.008 -30"><span class='ocrx_word' id='word_1_579' title='bbox 230 5486 661 5556; x_wconf 81' lang='lat' dir='ltr'><strong>simulacrorum</strong></span> <span class='ocrx_word' id='word_1_580' title='bbox 681 5496 837 5554; x_wconf 85' lang='lat' dir='ltr'><strong>cultu</strong></span> <span class='ocrx_word' id='word_1_581' title='bbox 866 5490 1125 5549; x_wconf 80' lang='lat' dir='ltr'><strong>credidit</strong></span> <span class='ocrx_word' id='word_1_582' title='bbox 1165 5516 1315 5558; x_wconf 84' lang='lat' dir='ltr'><strong>esse</strong></span> <span class='ocrx_word' id='word_1_583' title='bbox 1341 5501 1561 5572; x_wconf 87' lang='lat' dir='ltr'><strong>aliquid</strong></span> <span class='ocrx_word' id='word_1_584' title='bbox 1592 5500 1891 5556; x_wconf 85' lang='lat' dir='ltr'><strong>utilitatis?</strong></span> 
     </span>
    </p>
   </div>
   <div class='ocr_carea' id='block_1_86' title="bbox 268 5601 1887 5687">
    <p class='ocr_par' dir='ltr' id='par_1_86' title="bbox 268 5601 1887 5687">
     <span class='ocr_line' id='line_1_89' title="bbox 268 5601 1887 5687; baseline -0.002 -16"><span class='ocrx_word' id='word_1_585' title='bbox 268 5602 401 5687; x_wconf 54' lang='grc' dir='ltr'>Ν)</span> <span class='ocrx_word' id='word_1_586' title='bbox 421 5609 671 5687; x_wconf 71' lang='lat' dir='ltr'><strong>Sequens</strong></span> <span class='ocrx_word' id='word_1_587' title='bbox 693 5606 831 5687; x_wconf 69' lang='lat' dir='ltr'><strong>legis</strong></span> <span class='ocrx_word' id='word_1_588' title='bbox 863 5601 1165 5687; x_wconf 58' lang='grc' dir='ltr'><strong>ζῖοφαηέε</strong></span> <span class='ocrx_word' id='word_1_589' title='bbox 1208 5619 1440 5687; x_wconf 53' lang='lat' dir='ltr'><strong>tractus</strong></span> <span class='ocrx_word' id='word_1_590' title='bbox 1470 5631 1585 5670; x_wconf 90' lang='lat' dir='ltr'><strong>non</strong></span> <span class='ocrx_word' id='word_1_591' title='bbox 1615 5613 1887 5687; x_wconf 79' lang='lat' dir='ltr'><strong>exstat__i_n</strong></span> 
     </span>
    </p>
   </div>
   <div class='ocr_carea' id='block_1_87' title="bbox 232 5675 1881 5757">
    <p class='ocr_par' dir='ltr' id='par_1_87' title="bbox 232 5675 1881 5757">
     <span class='ocr_line' id='line_1_90' title="bbox 232 5675 1881 5757; baseline -0.001 -16"><span class='ocrx_word' id='word_1_592' title='bbox 232 5675 464 5741; x_wconf 64' lang='lat' dir='ltr'><strong>eiusdem</strong></span> <span class='ocrx_word' id='word_1_593' title='bbox 494 5675 630 5757; x_wconf 61' lang='lat' dir='ltr'><strong>legis</strong></span> <span class='ocrx_word' id='word_1_594' title='bbox 654 5675 897 5738; x_wconf 73' lang='grc' dir='ltr'><strong>ϐἀίῖίοηθ</strong></span> <span class='ocrx_word' id='word_1_595' title='bbox 933 5676 1107 5747; x_wconf 75' lang='grc' dir='ltr'><strong>ερυά</strong></span> <span class='ocrx_word' id='word_1_596' title='bbox 1188 5684 1562 5743; x_wconf 83' lang='lat' dir='ltr'><strong>Cancianum</strong></span> <span class='ocrx_word' id='word_1_597' title='bbox 1610 5688 1753 5741; x_wconf 91' lang='lat' dir='ltr'><strong>tem.</strong></span> <span class='ocrx_word' id='word_1_598' title='bbox 1787 5684 1881 5755; x_wconf 91' lang='lat' dir='ltr'><strong>IV,</strong></span> 
     </span>
    </p>
   </div>
   <div class='ocr_carea' id='block_1_88' title="bbox 1990 3655 3633 3728">
    <p class='ocr_par' dir='ltr' id='par_1_88' title="bbox 1990 3655 3633 3728">
     <span class='ocr_line' id='line_1_91' title="bbox 1990 3655 3633 3728; baseline 0.003 -18"><span class='ocrx_word' id='word_1_599' title='bbox 1990 3656 2261 3711; x_wconf 89' lang='lat' dir='ltr'><strong>resistere</strong></span> <span class='ocrx_word' id='word_1_600' title='bbox 2293 3672 2407 3711; x_wconf 91' lang='lat' dir='ltr'><strong>non</strong></span> <span class='ocrx_word' id='word_1_601' title='bbox 2438 3655 2637 3722; x_wconf 91' lang='lat' dir='ltr'><strong>valuit,</strong></span> <span class='ocrx_word' id='word_1_602' title='bbox 2667 3656 2885 3712; x_wconf 83' lang='lat' dir='ltr'><strong>faciens</strong></span> <span class='ocrx_word' id='word_1_603' title='bbox 2926 3656 3081 3728; x_wconf 91' lang='lat' dir='ltr'><strong>quod</strong></span> <span class='ocrx_word' id='word_1_604' title='bbox 3114 3656 3332 3713; x_wconf 88' lang='lat' dir='ltr'><strong>sciebat</strong></span> <span class='ocrx_word' id='word_1_605' title='bbox 3361 3674 3475 3713; x_wconf 91' lang='lat' dir='ltr'><strong>non</strong></span> <span class='ocrx_word' id='word_1_606' title='bbox 3504 3674 3633 3715; x_wconf 86' lang='lat' dir='ltr'><strong>esse</strong></span> 
     </span>
    </p>
   </div>
   <div class='ocr_carea' id='block_1_89' title="bbox 1991 3743 3634 3817">
    <p class='ocr_par' dir='ltr' id='par_1_89' title="bbox 1991 3743 3634 3817">
     <span class='ocr_line' id='line_1_92' title="bbox 1991 3743 3634 3817; baseline 0.002 -19"><span class='ocrx_word' id='word_1_607' title='bbox 1991 3743 2351 3809; x_wconf 88' lang='lat' dir='ltr'><strong>faciendum;</strong></span> <span class='ocrx_word' id='word_1_608' title='bbox 2376 3760 2446 3798; x_wconf 92' lang='lat' dir='ltr'><strong>ne</strong></span> <span class='ocrx_word' id='word_1_609' title='bbox 2478 3761 2615 3799; x_wconf 88' lang='lat' dir='ltr'><strong>suas</strong></span> <span class='ocrx_word' id='word_1_610' title='bbox 2646 3744 2862 3816; x_wconf 91' lang='lat' dir='ltr'><strong>quibus</strong></span> <span class='ocrx_word' id='word_1_611' title='bbox 2895 3745 3192 3816; x_wconf 86' lang='lat' dir='ltr'><strong>deperibat</strong></span> <span class='ocrx_word' id='word_1_612' title='bbox 3219 3750 3394 3817; x_wconf 84' lang='lat' dir='ltr'><strong>atque</strong></span> <span class='ocrx_word' id='word_1_613' title='bbox 3423 3745 3634 3801; x_wconf 79' lang='lat' dir='ltr'><strong>deflue-</strong></span> 
     </span>
    </p>
   </div>
   <div class='ocr_carea' id='block_1_90' title="bbox 1992 3826 3631 3905">
    <p class='ocr_par' dir='ltr' id='par_1_90' title="bbox 1992 3826 3631 3905">
     <span class='ocr_line' id='line_1_93' title="bbox 1992 3826 3631 3905; baseline 0.002 -20"><span class='ocrx_word' id='word_1_614' title='bbox 1992 3831 2091 3886; x_wconf 91' lang='lat' dir='ltr'><strong>bat</strong></span> <span class='ocrx_word' id='word_1_615' title='bbox 2112 3831 2350 3886; x_wconf 88' lang='lat' dir='ltr'><strong>delicias</strong></span> <span class='ocrx_word' id='word_1_616' title='bbox 2372 3832 2762 3887; x_wconf 90' lang='lat' dir='ltr'><strong>contristaret.</strong></span> <span class='ocrx_word' id='word_1_617' title='bbox 2781 3855 2807 3881; x_wconf 79' lang='lat' dir='ltr'><strong>n</strong></span> <span class='ocrx_word' id='word_1_618' title='bbox 2830 3832 2972 3888; x_wconf 85' lang='lat' dir='ltr'><strong>Item</strong></span> <span class='ocrx_word' id='word_1_619' title='bbox 3002 3826 3392 3905; x_wconf 79' lang='lat' dir='ltr'><strong>Hieronymus</strong></span> <span class='ocrx_word' id='word_1_620' title='bbox 3409 3834 3466 3888; x_wconf 90' lang='lat' dir='ltr'><strong>in</strong></span> <span class='ocrx_word' id='word_1_621' title='bbox 3484 3833 3631 3888; x_wconf 90' lang='lat' dir='ltr'><strong>libro</strong></span> 
     </span>
    </p>
   </div>
   <div class='ocr_carea' id='block_1_91' title="bbox 1992 3918 3633 3992">
    <p class='ocr_par' dir='ltr' id='par_1_91' title="bbox 1992 3918 3633 3992">
     <span class='ocr_line' id='line_1_94' title="bbox 1992 3918 3633 3992; baseline 0.003 -20"><span class='ocrx_word' id='word_1_622' title='bbox 1992 3918 2469 3990; x_wconf 81' lang='lat' dir='ltr'><strong>explanatienum</strong></span> <span class='ocrx_word' id='word_1_623' title='bbox 2499 3937 2675 3992; x_wconf 90' lang='lat' dir='ltr'><strong>super</strong></span> <span class='ocrx_word' id='word_1_624' title='bbox 2706 3919 3004 3975; x_wconf 85' lang='lat' dir='ltr'><strong>Ezechihel</strong></span> <span class='ocrx_word' id='word_1_625' title='bbox 3035 3937 3135 3976; x_wconf 85' lang='lat' dir='ltr'><strong>xm</strong></span> <span class='ocrx_word' id='word_1_626' title='bbox 3163 3937 3177 3976; x_wconf 87' lang='lat'><strong>:</strong></span> <span class='ocrx_word' id='word_1_627' title='bbox 3213 3941 3241 3969; x_wconf 74' lang='grc' dir='ltr'><strong>«ι</strong></span> <span class='ocrx_word' id='word_1_628' title='bbox 3275 3920 3526 3987; x_wconf 91' lang='lat' dir='ltr'><strong>Domini,</strong></span> <span class='ocrx_word' id='word_1_629' title='bbox 3549 3920 3633 3977; x_wconf 89' lang='lat' dir='ltr'><strong>in-</strong></span> 
     </span>
    </p>
   </div>
   <div class='ocr_carea' id='block_1_92' title="bbox 1993 4006 3629 4078">
    <p class='ocr_par' dir='ltr' id='par_1_92' title="bbox 1993 4006 3629 4078">
     <span class='ocr_line' id='line_1_95' title="bbox 1993 4006 3629 4078; baseline 0.001 -18"><span class='ocrx_word' id='word_1_630' title='bbox 1993 4007 2140 4077; x_wconf 87' lang='lat' dir='ltr'><strong>quit,</strong></span> <span class='ocrx_word' id='word_1_631' title='bbox 2174 4006 2387 4061; x_wconf 85' lang='lat' dir='ltr'><strong>Israhel</strong></span> <span class='ocrx_word' id='word_1_632' title='bbox 2421 4023 2620 4061; x_wconf 89' lang='lat' dir='ltr'><strong>eorum</strong></span> <span class='ocrx_word' id='word_1_633' title='bbox 2654 4007 2753 4078; x_wconf 86' lang='lat' dir='ltr'><strong>qui</strong></span> <span class='ocrx_word' id='word_1_634' title='bbox 2785 4006 2980 4061; x_wconf 88' lang='lat' dir='ltr'><strong>animo</strong></span> <span class='ocrx_word' id='word_1_635' title='bbox 3012 4006 3382 4078; x_wconf 90' lang='lat' dir='ltr'><strong>conspiciunt</strong></span> <span class='ocrx_word' id='word_1_636' title='bbox 3422 4007 3629 4075; x_wconf 86' lang='lat' dir='ltr'><strong>Deum,</strong></span> 
     </span>
    </p>
   </div>
   <div class='ocr_carea' id='block_1_93' title="bbox 1992 4089 3631 4166">
    <p class='ocr_par' dir='ltr' id='par_1_93' title="bbox 1992 4089 3631 4166">
     <span class='ocr_line' id='line_1_96' title="bbox 1992 4089 3631 4166; baseline -0.001 -17"><span class='ocrx_word' id='word_1_637' title='bbox 1992 4094 2321 4149; x_wconf 90' lang='lat' dir='ltr'><strong>ostenditur</strong></span> <span class='ocrx_word' id='word_1_638' title='bbox 2349 4094 2697 4160; x_wconf 87' lang='lat' dir='ltr'><strong>domus,hec</strong></span> <span class='ocrx_word' id='word_1_639' title='bbox 2729 4099 2816 4148; x_wconf 81' lang='lat' dir='ltr'><strong>est</strong></span> <span class='ocrx_word' id='word_1_640' title='bbox 2831 4093 3137 4166; x_wconf 89' lang='lat' dir='ltr'><strong>templum,</strong></span> <span class='ocrx_word' id='word_1_641' title='bbox 3158 4094 3310 4165; x_wconf 90' lang='lat' dir='ltr'><strong>quod</strong></span> <span class='ocrx_word' id='word_1_642' title='bbox 3328 4089 3631 4151; x_wconf 82' lang='lat' dir='ltr'><strong>Ezechihel</strong></span> 
     </span>
    </p>
   </div>
   <div class='ocr_carea' id='block_1_94' title="bbox 1993 4180 3630 4254">
    <p class='ocr_par' dir='ltr' id='par_1_94' title="bbox 1993 4180 3630 4254">
     <span class='ocr_line' id='line_1_97' title="bbox 1993 4180 3630 4254; baseline 0.002 -19"><span class='ocrx_word' id='word_1_643' title='bbox 1993 4181 2172 4235; x_wconf 89' lang='lat' dir='ltr'><strong>situm</strong></span> <span class='ocrx_word' id='word_1_644' title='bbox 2205 4180 2262 4235; x_wconf 91' lang='lat' dir='ltr'><strong>in</strong></span> <span class='ocrx_word' id='word_1_645' title='bbox 2296 4186 2492 4236; x_wconf 86' lang='lat' dir='ltr'><strong>monte</strong></span> <span class='ocrx_word' id='word_1_646' title='bbox 2521 4182 2837 4254; x_wconf 82' lang='lat' dir='ltr'><strong>conspexit.</strong></span> <span class='ocrx_word' id='word_1_647' title='bbox 2860 4182 2927 4236; x_wconf 87' lang='lat' dir='ltr'><strong>Et</strong></span> <span class='ocrx_word' id='word_1_648' title='bbox 2957 4199 3070 4237; x_wconf 91' lang='lat' dir='ltr'><strong>non</strong></span> <span class='ocrx_word' id='word_1_649' title='bbox 3102 4181 3291 4236; x_wconf 90' lang='lat' dir='ltr'><strong>solum</strong></span> <span class='ocrx_word' id='word_1_650' title='bbox 3325 4182 3382 4235; x_wconf 90' lang='lat' dir='ltr'><strong>in</strong></span> <span class='ocrx_word' id='word_1_651' title='bbox 3414 4188 3630 4249; x_wconf 88' lang='lat' dir='ltr'><strong>monte,</strong></span> 
     </span>
    </p>
   </div>
   <div class='ocr_carea' id='block_1_95' title="bbox 1994 4268 3633 4336">
    <p class='ocr_par' dir='ltr' id='par_1_95' title="bbox 1994 4268 3633 4336">
     <span class='ocr_line' id='line_1_98' title="bbox 1994 4268 3633 4336; baseline 0.001 -12"><span class='ocrx_word' id='word_1_652' title='bbox 1994 4268 2276 4334; x_wconf 90' lang='lat' dir='ltr'><strong>sed,sicut</strong></span> <span class='ocrx_word' id='word_1_653' title='bbox 2307 4285 2461 4323; x_wconf 92' lang='lat' dir='ltr'><strong>nunc</strong></span> <span class='ocrx_word' id='word_1_654' title='bbox 2490 4269 2790 4336; x_wconf 89' lang='lat' dir='ltr'><strong>dicitur,in</strong></span> <span class='ocrx_word' id='word_1_655' title='bbox 2821 4270 3160 4325; x_wconf 88' lang='lat' dir='ltr'><strong>summitate</strong></span> <span class='ocrx_word' id='word_1_656' title='bbox 3190 4269 3424 4325; x_wconf 90' lang='lat' dir='ltr'><strong>montis.</strong></span> <span class='ocrx_word' id='word_1_657' title='bbox 3447 4270 3633 4335; x_wconf 89' lang='lat' dir='ltr'><strong>Quam</strong></span> 
     </span>
    </p>
   </div>
   <div class='ocr_carea' id='block_1_96' title="bbox 1994 4355 3634 4429">
    <p class='ocr_par' dir='ltr' id='par_1_96' title="bbox 1994 4355 3634 4429">
     <span class='ocr_line' id='line_1_99' title="bbox 1994 4355 3634 4429; baseline 0.002 -18"><span class='ocrx_word' id='word_1_658' title='bbox 1994 4373 2365 4428; x_wconf 90' lang='lat' dir='ltr'><strong>nequaquam</strong></span> <span class='ocrx_word' id='word_1_659' title='bbox 2397 4355 2556 4411; x_wconf 89' lang='lat' dir='ltr'><strong>illam</strong></span> <span class='ocrx_word' id='word_1_660' title='bbox 2587 4362 2882 4429; x_wconf 90' lang='lat' dir='ltr'><strong>putemus,</strong></span> <span class='ocrx_word' id='word_1_661' title='bbox 2915 4374 3043 4429; x_wconf 77' lang='lat' dir='ltr'><strong>quae</strong></span> <span class='ocrx_word' id='word_1_662' title='bbox 3074 4373 3107 4412; x_wconf 88' lang='lat' dir='ltr'><strong>a</strong></span> <span class='ocrx_word' id='word_1_663' title='bbox 3144 4357 3452 4413; x_wconf 89' lang='lat' dir='ltr'><strong>Salomone</strong></span> <span class='ocrx_word' id='word_1_664' title='bbox 3498 4374 3634 4414; x_wconf 90' lang='lat' dir='ltr'><strong>con-</strong></span> 
     </span>
    </p>
   </div>
   <div class='ocr_carea' id='block_1_97' title="bbox 1995 4443 3635 4517">
    <p class='ocr_par' dir='ltr' id='par_1_97' title="bbox 1995 4443 3635 4517">
     <span class='ocr_line' id='line_1_100' title="bbox 1995 4443 3635 4517; baseline 0.001 -17"><span class='ocrx_word' id='word_1_665' title='bbox 1995 4448 2219 4501; x_wconf 88' lang='lat' dir='ltr'><strong>structa</strong></span> <span class='ocrx_word' id='word_1_666' title='bbox 2243 4450 2512 4499; x_wconf 89' lang='lat' dir='ltr'><strong>narratur</strong></span> <span class='ocrx_word' id='word_1_667' title='bbox 2539 4443 2597 4499; x_wconf 89' lang='lat' dir='ltr'><strong>in</strong></span> <span class='ocrx_word' id='word_1_668' title='bbox 2620 4445 2834 4516; x_wconf 84' lang='lat' dir='ltr'><strong>Regem</strong></span> <span class='ocrx_word' id='word_1_669' title='bbox 2861 4449 2919 4500; x_wconf 90' lang='lat' dir='ltr'><strong>et</strong></span> <span class='ocrx_word' id='word_1_670' title='bbox 2935 4443 3416 4517; x_wconf 87' lang='lat' dir='ltr'><strong>Paralipomenon</strong></span> <span class='ocrx_word' id='word_1_671' title='bbox 3433 4444 3635 4514; x_wconf 84' lang='lat' dir='ltr'><strong>libris;</strong></span> 
     </span>
    </p>
   </div>
   <div class='ocr_carea' id='block_1_98' title="bbox 1994 4531 3636 4604">
    <p class='ocr_par' dir='ltr' id='par_1_98' title="bbox 1994 4531 3636 4604">
     <span class='ocr_line' id='line_1_101' title="bbox 1994 4531 3636 4604; baseline 0.001 -17"><span class='ocrx_word' id='word_1_672' title='bbox 1994 4532 2096 4588; x_wconf 90' lang='lat' dir='ltr'><strong>illa</strong></span> <span class='ocrx_word' id='word_1_673' title='bbox 2123 4532 2279 4587; x_wconf 91' lang='lat' dir='ltr'><strong>enim</strong></span> <span class='ocrx_word' id='word_1_674' title='bbox 2310 4531 2552 4589; x_wconf 78' lang='lat' dir='ltr'><strong>alterius</strong></span> <span class='ocrx_word' id='word_1_675' title='bbox 2581 4532 2804 4588; x_wconf 89' lang='lat' dir='ltr'><strong>ordinis</strong></span> <span class='ocrx_word' id='word_1_676' title='bbox 2834 4537 3008 4604; x_wconf 90' lang='lat' dir='ltr'><strong>atque</strong></span> <span class='ocrx_word' id='word_1_677' title='bbox 3038 4550 3326 4588; x_wconf 74' lang='lat' dir='ltr'><strong>mensum</strong></span> <span class='ocrx_word' id='word_1_678' title='bbox 3357 4537 3465 4596; x_wconf 85' lang='lat' dir='ltr'><strong>est,</strong></span> <span class='ocrx_word' id='word_1_679' title='bbox 3489 4537 3548 4589; x_wconf 91' lang='lat' dir='ltr'><strong>et</strong></span> <span class='ocrx_word' id='word_1_680' title='bbox 3576 4532 3636 4588; x_wconf 91' lang='lat' dir='ltr'><strong>in</strong></span> 
     </span>
    </p>
   </div>
   <div class='ocr_carea' id='block_1_99' title="bbox 1995 4619 3638 4693">
    <p class='ocr_par' dir='ltr' id='par_1_99' title="bbox 1995 4619 3638 4693">
     <span class='ocr_line' id='line_1_102' title="bbox 1995 4619 3638 4693; baseline 0.001 -18"><span class='ocrx_word' id='word_1_681' title='bbox 1995 4619 2247 4693; x_wconf 89' lang='lat' dir='ltr'><strong>singulis</strong></span> <span class='ocrx_word' id='word_1_682' title='bbox 2268 4636 2540 4692; x_wconf 89' lang='lat' dir='ltr'><strong>magnam</strong></span> <span class='ocrx_word' id='word_1_683' title='bbox 2573 4620 2796 4675; x_wconf 86' lang='lat' dir='ltr'><strong>habens</strong></span> <span class='ocrx_word' id='word_1_684' title='bbox 2827 4620 3217 4675; x_wconf 85' lang='lat' dir='ltr'><strong>diversitatem</strong></span> <span class='ocrx_word' id='word_1_685' title='bbox 3243 4637 3258 4687; x_wconf 90' lang='lat'><strong>;</strong></span> <span class='ocrx_word' id='word_1_686' title='bbox 3291 4624 3638 4693; x_wconf 89' lang='lat' dir='ltr'><strong>tantumque</strong></span> 
     </span>
    </p>
   </div>
   <div class='ocr_carea' id='block_1_100' title="bbox 1998 4707 3641 4781">
    <p class='ocr_par' dir='ltr' id='par_1_100' title="bbox 1998 4707 3641 4781">
     <span class='ocr_line' id='line_1_103' title="bbox 1998 4707 3641 4781; baseline 0 -18"><span class='ocrx_word' id='word_1_687' title='bbox 1998 4709 2234 4764; x_wconf 87' lang='lat' dir='ltr'><strong>inferior</strong></span> <span class='ocrx_word' id='word_1_688' title='bbox 2263 4708 2479 4780; x_wconf 90' lang='lat' dir='ltr'><strong>templo</strong></span> <span class='ocrx_word' id='word_1_689' title='bbox 2507 4709 2660 4781; x_wconf 91' lang='lat' dir='ltr'><strong>quod</strong></span> <span class='ocrx_word' id='word_1_690' title='bbox 2691 4725 2846 4765; x_wconf 90' lang='lat' dir='ltr'><strong>nunc</strong></span> <span class='ocrx_word' id='word_1_691' title='bbox 2876 4708 3204 4765; x_wconf 88' lang='lat' dir='ltr'><strong>ostenditur</strong></span> <span class='ocrx_word' id='word_1_692' title='bbox 3222 4707 3641 4779; x_wconf 88' lang='lat' dir='ltr'><strong>Ezechiheli,ut</strong></span> 
     </span>
    </p>
   </div>
   <div class='ocr_carea' id='block_1_101' title="bbox 1998 4795 3642 4869">
    <p class='ocr_par' dir='ltr' id='par_1_101' title="bbox 1998 4795 3642 4869">
     <span class='ocr_line' id='line_1_104' title="bbox 1998 4795 3642 4869; baseline -0.001 -16"><span class='ocrx_word' id='word_1_693' title='bbox 1998 4815 2112 4853; x_wconf 91' lang='lat' dir='ltr'><strong>non</strong></span> <span class='ocrx_word' id='word_1_694' title='bbox 2137 4796 2327 4853; x_wconf 89' lang='lat' dir='ltr'><strong>solum</strong></span> <span class='ocrx_word' id='word_1_695' title='bbox 2358 4796 2611 4853; x_wconf 88' lang='lat' dir='ltr'><strong>cultores</strong></span> <span class='ocrx_word' id='word_1_696' title='bbox 2639 4797 2767 4867; x_wconf 90' lang='lat' dir='ltr'><strong>ejus</strong></span> <span class='ocrx_word' id='word_1_697' title='bbox 2793 4795 2881 4850; x_wconf 89' lang='lat' dir='ltr'><strong>vel</strong></span> <span class='ocrx_word' id='word_1_698' title='bbox 2907 4795 3233 4863; x_wconf 73' lang='lat' dir='ltr'><strong>mditui,sed</strong></span> <span class='ocrx_word' id='word_1_699' title='bbox 3246 4800 3303 4851; x_wconf 91' lang='lat' dir='ltr'><strong>et</strong></span> <span class='ocrx_word' id='word_1_700' title='bbox 3327 4795 3449 4869; x_wconf 91' lang='lat' dir='ltr'><strong>ipse</strong></span> <span class='ocrx_word' id='word_1_701' title='bbox 3470 4796 3642 4852; x_wconf 85' lang='lat' dir='ltr'><strong>fabri-</strong></span> 
     </span>
    </p>
   </div>
   <div class='ocr_carea' id='block_1_102' title="bbox 2000 4884 3639 4958">
    <p class='ocr_par' dir='ltr' id='par_1_102' title="bbox 2000 4884 3639 4958">
     <span class='ocr_line' id='line_1_105' title="bbox 2000 4884 3639 4958; baseline -0.001 -17"><span class='ocrx_word' id='word_1_702' title='bbox 2000 4891 2162 4941; x_wconf 90' lang='lat' dir='ltr'><strong>cator</strong></span> <span class='ocrx_word' id='word_1_703' title='bbox 2189 4887 2316 4957; x_wconf 89' lang='lat' dir='ltr'><strong>ejus</strong></span> <span class='ocrx_word' id='word_1_704' title='bbox 2347 4885 2622 4941; x_wconf 88' lang='lat' dir='ltr'><strong>Salomon</strong></span> <span class='ocrx_word' id='word_1_705' title='bbox 2654 4884 2996 4958; x_wconf 86' lang='lat' dir='ltr'><strong>peccaverit,</strong></span> <span class='ocrx_word' id='word_1_706' title='bbox 3016 4890 3073 4939; x_wconf 93' lang='lat' dir='ltr'><strong>et</strong></span> <span class='ocrx_word' id='word_1_707' title='bbox 3100 4884 3404 4940; x_wconf 78' lang='lat' dir='ltr'><strong>offenderit</strong></span> <span class='ocrx_word' id='word_1_708' title='bbox 3432 4885 3639 4950; x_wconf 87' lang='lat' dir='ltr'><strong>Deum,</strong></span> 
     </span>
    </p>
   </div>
   <div class='ocr_carea' id='block_1_103' title="bbox 2000 4972 3644 5045">
    <p class='ocr_par' dir='ltr' id='par_1_103' title="bbox 2000 4972 3644 5045">
     <span class='ocr_line' id='line_1_106' title="bbox 2000 4972 3644 5045; baseline -0.001 -16"><span class='ocrx_word' id='word_1_709' title='bbox 2000 4975 2135 5029; x_wconf 86' lang='lat' dir='ltr'><strong>licet</strong></span> <span class='ocrx_word' id='word_1_710' title='bbox 2166 4980 2364 5045; x_wconf 87' lang='lat' dir='ltr'><strong>postea</strong></span> <span class='ocrx_word' id='word_1_711' title='bbox 2392 4974 2577 5045; x_wconf 86' lang='lat' dir='ltr'><strong>egerit.</strong></span> <span class='ocrx_word' id='word_1_712' title='bbox 2606 4973 3307 5045; x_wconf 72' lang='lat' dir='ltr'><strong>pmnitentiam,scribens</strong></span> <span class='ocrx_word' id='word_1_713' title='bbox 3335 4972 3644 5030; x_wconf 79' lang='lat' dir='ltr'><strong>Proverbia</strong></span> 
     </span>
    </p>
   </div>
   <div class='ocr_carea' id='block_1_104' title="bbox 1999 5060 3644 5135">
    <p class='ocr_par' dir='ltr' id='par_1_104' title="bbox 1999 5060 3644 5135">
     <span class='ocr_line' id='line_1_107' title="bbox 1999 5060 3644 5135; baseline -0.001 -17"><span class='ocrx_word' id='word_1_714' title='bbox 1999 5062 2059 5118; x_wconf 88' lang='lat' dir='ltr'><strong>in</strong></span> <span class='ocrx_word' id='word_1_715' title='bbox 2090 5062 2305 5135; x_wconf 87' lang='lat' dir='ltr'><strong>quibus</strong></span> <span class='ocrx_word' id='word_1_716' title='bbox 2335 5062 2418 5117; x_wconf 89' lang='lat' dir='ltr'><strong>ait</strong></span> <span class='ocrx_word' id='word_1_717' title='bbox 2448 5078 2462 5117; x_wconf 89' lang='lat'><strong>:</strong></span> <span class='ocrx_word' id='word_1_718' title='bbox 2495 5062 2820 5118; x_wconf 88' lang='lat' dir='ltr'><strong>Novissime</strong></span> <span class='ocrx_word' id='word_1_719' title='bbox 2850 5077 2986 5133; x_wconf 89' lang='lat' dir='ltr'><strong>ergo</strong></span> <span class='ocrx_word' id='word_1_720' title='bbox 3015 5060 3106 5134; x_wconf 89' lang='lat' dir='ltr'><strong>egi</strong></span> <span class='ocrx_word' id='word_1_721' title='bbox 3138 5062 3564 5134; x_wconf 72' lang='lat' dir='ltr'><strong>pwnitentiam,</strong></span> <span class='ocrx_word' id='word_1_722' title='bbox 3585 5066 3644 5117; x_wconf 87' lang='lat' dir='ltr'><strong>et</strong></span> 
     </span>
    </p>
   </div>
   <div class='ocr_carea' id='block_1_105' title="bbox 2002 5148 3640 5223">
    <p class='ocr_par' dir='ltr' id='par_1_105' title="bbox 2002 5148 3640 5223">
     <span class='ocr_line' id='line_1_108' title="bbox 2002 5148 3640 5223; baseline -0.001 -18"><span class='ocrx_word' id='word_1_723' title='bbox 2002 5150 2225 5223; x_wconf 83' lang='lat' dir='ltr'><strong>respexi</strong></span> <span class='ocrx_word' id='word_1_724' title='bbox 2258 5154 2322 5205; x_wconf 91' lang='lat' dir='ltr'><strong>ut</strong></span> <span class='ocrx_word' id='word_1_725' title='bbox 2351 5148 2624 5222; x_wconf 89' lang='lat' dir='ltr'><strong>eligerem</strong></span> <span class='ocrx_word' id='word_1_726' title='bbox 2656 5149 3050 5222; x_wconf 89' lang='lat' dir='ltr'><strong>disciplinam.</strong></span> <span class='ocrx_word' id='word_1_727' title='bbox 3078 5172 3105 5199; x_wconf 84' lang='lat'>»</span> <span class='ocrx_word' id='word_1_728' title='bbox 3132 5150 3477 5206; x_wconf 86' lang='lat' dir='ltr'><strong>Ambrosius</strong></span> <span class='ocrx_word' id='word_1_729' title='bbox 3497 5166 3640 5222; x_wconf 87' lang='lat' dir='ltr'><strong>quo-</strong></span> 
     </span>
    </p>
   </div>
   <div class='ocr_carea' id='block_1_106' title="bbox 2001 5236 3643 5310">
    <p class='ocr_par' dir='ltr' id='par_1_106' title="bbox 2001 5236 3643 5310">
     <span class='ocr_line' id='line_1_109' title="bbox 2001 5236 3643 5310; baseline -0.001 -17"><span class='ocrx_word' id='word_1_730' title='bbox 2001 5255 2113 5310; x_wconf 88' lang='lat' dir='ltr'><strong>que</strong></span> <span class='ocrx_word' id='word_1_731' title='bbox 2138 5239 2197 5292; x_wconf 91' lang='lat' dir='ltr'><strong>in</strong></span> <span class='ocrx_word' id='word_1_732' title='bbox 2230 5237 2377 5292; x_wconf 91' lang='lat' dir='ltr'><strong>libro</strong></span> <span class='ocrx_word' id='word_1_733' title='bbox 2408 5237 2767 5294; x_wconf 85' lang='lat' dir='ltr'><strong>Hexameron</strong></span> <span class='ocrx_word' id='word_1_734' title='bbox 2799 5237 3155 5294; x_wconf 89' lang='lat' dir='ltr'><strong>mentionem</strong></span> <span class='ocrx_word' id='word_1_735' title='bbox 3194 5237 3381 5310; x_wconf 91' lang='lat' dir='ltr'><strong>ipsius</strong></span> <span class='ocrx_word' id='word_1_736' title='bbox 3426 5236 3643 5294; x_wconf 87' lang='lat' dir='ltr'><strong>faciens</strong></span> 
     </span>
    </p>
   </div>
   <div class='ocr_carea' id='block_1_107' title="bbox 2002 5324 3638 5399">
    <p class='ocr_par' dir='ltr' id='par_1_107' title="bbox 2002 5324 3638 5399">
     <span class='ocr_line' id='line_1_110' title="bbox 2002 5324 3638 5399; baseline 0.002 -23"><span class='ocrx_word' id='word_1_737' title='bbox 2002 5348 2029 5376; x_wconf 88' lang='grc'><strong>‹‹</strong></span> <span class='ocrx_word' id='word_1_738' title='bbox 2064 5324 2643 5398; x_wconf 86' lang='lat' dir='ltr'><strong>quoniam,inquit,et</strong></span> <span class='ocrx_word' id='word_1_739' title='bbox 2672 5325 3013 5399; x_wconf 78' lang='lat' dir='ltr'><strong>elephantes</strong></span> <span class='ocrx_word' id='word_1_740' title='bbox 3029 5326 3191 5382; x_wconf 90' lang='lat' dir='ltr'><strong>vides</strong></span> <span class='ocrx_word' id='word_1_741' title='bbox 3223 5326 3327 5381; x_wconf 91' lang='lat' dir='ltr'><strong>tibi</strong></span> <span class='ocrx_word' id='word_1_742' title='bbox 3351 5326 3638 5387; x_wconf 90' lang='lat' dir='ltr'><strong>subditos,</strong></span> 
     </span>
    </p>
   </div>
   <div class='ocr_carea' id='block_1_108' title="bbox 1998 5411 3641 5485">
    <p class='ocr_par' dir='ltr' id='par_1_108' title="bbox 1998 5411 3641 5485">
     <span class='ocr_line' id='line_1_111' title="bbox 1998 5411 3641 5485; baseline -0.002 -18"><span class='ocrx_word' id='word_1_743' title='bbox 1998 5418 2056 5467; x_wconf 89' lang='lat' dir='ltr'><strong>et</strong></span> <span class='ocrx_word' id='word_1_744' title='bbox 2085 5412 2281 5469; x_wconf 91' lang='lat' dir='ltr'><strong>leones</strong></span> <span class='ocrx_word' id='word_1_745' title='bbox 2311 5412 2626 5482; x_wconf 88' lang='lat' dir='ltr'><strong>subjectos,</strong></span> <span class='ocrx_word' id='word_1_746' title='bbox 2660 5429 2834 5469; x_wconf 88' lang='lat' dir='ltr'><strong>nosce</strong></span> <span class='ocrx_word' id='word_1_747' title='bbox 2864 5416 2919 5468; x_wconf 91' lang='lat' dir='ltr'><strong>te</strong></span> <span class='ocrx_word' id='word_1_748' title='bbox 2950 5413 3167 5485; x_wconf 90' lang='lat' dir='ltr'><strong>ipsum,</strong></span> <span class='ocrx_word' id='word_1_749' title='bbox 3199 5430 3234 5469; x_wconf 94' lang='lat' dir='ltr'><strong>e</strong></span> <span class='ocrx_word' id='word_1_750' title='bbox 3273 5413 3469 5479; x_wconf 88' lang='lat' dir='ltr'><strong>homo,</strong></span> <span class='ocrx_word' id='word_1_751' title='bbox 3501 5411 3641 5482; x_wconf 90' lang='lat' dir='ltr'><strong>quia</strong></span> 
     </span>
    </p>
   </div>
   <div class='ocr_carea' id='block_1_109' title="bbox 1999 5497 3639 5573">
    <p class='ocr_par' dir='ltr' id='par_1_109' title="bbox 1999 5497 3639 5573">
     <span class='ocr_line' id='line_1_112' title="bbox 1999 5497 3639 5573; baseline -0.004 -18"><span class='ocrx_word' id='word_1_752' title='bbox 1999 5517 2114 5555; x_wconf 91' lang='lat' dir='ltr'><strong>non</strong></span> <span class='ocrx_word' id='word_1_753' title='bbox 2172 5505 2237 5556; x_wconf 92' lang='lat' dir='ltr'><strong>ut</strong></span> <span class='ocrx_word' id='word_1_754' title='bbox 2288 5500 2482 5555; x_wconf 90' lang='lat' dir='ltr'><strong>ferunt</strong></span> <span class='ocrx_word' id='word_1_755' title='bbox 2546 5499 2829 5572; x_wconf 84' lang='lat' dir='ltr'><strong>Apollinis</strong></span> <span class='ocrx_word' id='word_1_756' title='bbox 2885 5500 3097 5573; x_wconf 75' lang='lat' dir='ltr'><strong>Pythii,</strong></span> <span class='ocrx_word' id='word_1_757' title='bbox 3153 5501 3254 5557; x_wconf 87' lang='lat' dir='ltr'><strong>sed</strong></span> <span class='ocrx_word' id='word_1_758' title='bbox 3311 5497 3639 5555; x_wconf 88' lang='lat' dir='ltr'><strong>Salomonis</strong></span> 
     </span>
    </p>
   </div>
   <div class='ocr_carea' id='block_1_110' title="bbox 2001 5606 3635 5686">
    <p class='ocr_par' dir='ltr' id='par_1_110' title="bbox 2001 5606 3635 5686">
     <span class='ocr_line' id='line_1_113' title="bbox 2001 5606 3635 5686; baseline -0.005 -17"><span class='ocrx_word' id='word_1_759' title='bbox 2001 5614 2099 5669; x_wconf 91' lang='lat' dir='ltr'><strong>ubi</strong></span> <span class='ocrx_word' id='word_1_760' title='bbox 2143 5613 2291 5670; x_wconf 91' lang='lat' dir='ltr'><strong>liber</strong></span> <span class='ocrx_word' id='word_1_761' title='bbox 2311 5629 2376 5686; x_wconf 64' lang='lat' dir='ltr'><strong>ix</strong></span> <span class='ocrx_word' id='word_1_762' title='bbox 2407 5612 2635 5686; x_wconf 61' lang='lat' dir='ltr'><strong>legitgr</strong></span> <span class='ocrx_word' id='word_1_763' title='bbox 2677 5631 2734 5686; x_wconf 93' lang='lat' dir='ltr'><strong>p.</strong></span> <span class='ocrx_word' id='word_1_764' title='bbox 2768 5613 3026 5686; x_wconf 61' lang='lat'><strong>490-494.</strong></span> <span class='ocrx_word' id='word_1_765' title='bbox 3060 5613 3287 5686; x_wconf 81' lang='lat' dir='ltr'><strong>Similia</strong></span> <span class='ocrx_word' id='word_1_766' title='bbox 3315 5617 3510 5667; x_wconf 83' lang='lat' dir='ltr'><strong>tamen</strong></span> <span class='ocrx_word' id='word_1_767' title='bbox 3541 5606 3635 5662; x_wconf 86' lang='lat' dir='ltr'><strong>his</strong></span> 
     </span>
    </p>
   </div>
   <div class='ocr_carea' id='block_1_111' title="bbox 2000 5629 3176 5757">
    <p class='ocr_par' dir='ltr' id='par_1_111' title="bbox 2000 5629 3176 5757">
     <span class='ocr_line' id='line_1_114' title="bbox 2001 5629 3176 5686; baseline 0 -17"><span class='ocrx_word' id='word_1_768' title='bbox 2001 5629 2099 5669; x_wconf 86' lang='lat' dir='ltr'><strong>um</strong></span> <span class='ocrx_word' id='word_1_769' title='bbox 2143 5629 2291 5670; x_wconf 85' lang='lat' dir='ltr'><strong>noer</strong></span> <span class='ocrx_word' id='word_1_770' title='bbox 2318 5629 2376 5669; x_wconf 68' lang='grc' dir='ltr'><strong>ιχ</strong></span> <span class='ocrx_word' id='word_1_771' title='bbox 2422 5629 2472 5667; x_wconf 80' lang='lat' dir='ltr'><strong>te</strong></span> <span class='ocrx_word' id='word_1_772' title='bbox 2539 5629 2635 5669; x_wconf 76' lang='lat' dir='ltr'><strong>tur</strong></span> <span class='ocrx_word' id='word_1_773' title='bbox 2677 5631 2734 5686; x_wconf 91' lang='lat' dir='ltr'><strong>p.</strong></span> <span class='ocrx_word' id='word_1_774' title='bbox 2768 5629 3026 5669; x_wconf 63' lang='lat' dir='ltr'><strong>risu-ws.</strong></span> <span class='ocrx_word' id='word_1_775' title='bbox 3060 5629 3176 5670; x_wconf 73' lang='lat' dir='ltr'><strong>sum</strong></span> 
     </span>
     <span class='ocr_line' id='line_1_115' title="bbox 2000 5629 3176 5757; baseline 0.002 -16"><span class='ocrx_word' id='word_1_776' title='bbox 2000 5686 2278 5743; x_wconf 88' lang='lat' dir='ltr'><strong>dicuntur</strong></span> <span class='ocrx_word' id='word_1_777' title='bbox 2307 5683 2368 5742; x_wconf 88' lang='lat' dir='ltr'><strong>in</strong></span> <span class='ocrx_word' id='word_1_778' title='bbox 2398 5629 2535 5742; x_wconf 52' lang='lat'><strong>005‘.</strong></span> <span class='ocrx_word' id='word_1_779' title='bbox 2565 5684 2854 5744; x_wconf 87' lang='lat' dir='ltr'><strong>Theodes.</strong></span> <span class='ocrx_word' id='word_1_780' title='bbox 2888 5700 2965 5754; x_wconf 76' lang='lat' dir='ltr'><strong>ix,</strong></span> <span class='ocrx_word' id='word_1_781' title='bbox 3002 5685 3053 5757; x_wconf 79' lang='grc'><strong>1,</strong></span> <span class='ocrx_word' id='word_1_782' title='bbox 3090 5684 3176 5743; x_wconf 84' lang='grc'><strong>19.</strong></span> 
     </span>
    </p>
   </div>
  </div>
