4954 6472
360 493 474 561 817

1857 494 2286 575 OPUSCULA.

3630 497 3758 562 818

366 631 635 693 Ceterum
669 647 771 689 rex
801 625 1097 700 Salomon,
1132 627 1234 703 qui
1274 628 1537 702 paciﬁcus
1579 627 2006 702 interpretatur.
2039 629 2096 697 Α
2125 626 2625 701 appellatur,dum
2643 626 3061 686 conventiculis
3077 645 3380 703 synagoga
3400 637 3756 704 comparata,

368 724 560 797 cujus,
587 725 652 778 ut
676 722 905 794 Regum
925 719 1171 776 historia
1186 718 1379 786 refert,
1401 717 1594 774 omnis
1620 721 1774 774 terra
1793 716 2015 773 deside-

367 813 540 870 rabat
567 809 775 867 faciem
804 809 1019 877 videre,
1061 808 1230 880 cujus
1260 807 1436 863 etiam
1468 809 1613 862 nutu
1642 805 1897 861 Adonias
1924 804 2014 861 in-

366 902 651 960 terfectus
682 903 794 965 est,
825 897 1106 971 paciﬁcus
1158 897 1279 953 Rex
1308 898 1504 951 noster
1530 895 1704 951 Jesus
1749 894 2015 950 Christus

364 989 556 1048 Filius
577 989 677 1045 Dei
699 988 837 1054 vivi,
857 986 961 1042 «in
981 1002 1215 1059 quem,»
1238 982 1611 1055 utapostolus
1633 982 1732 1049 ait,
1752 1004 1780 1032 «
1796 983 2017 1038 deside-

366 1082 507 1135 rant
521 1075 715 1151 angeli
739 1074 1122 1148 prospicere,»
1137 1072 1235 1145 qui
1252 1070 1689 1144 paciﬁcavitper
1700 1087 1869 1126 suum
1885 1087 2016 1125 san-

366 1167 614 1240 guinem
646 1181 776 1237 qua
806 1163 867 1219 in
910 1161 1065 1219 calis
1095 1165 1235 1218 sunt
1262 1164 1320 1216 et
1348 1176 1475 1232 qua
1504 1158 1564 1214 in
1596 1163 1769 1228 terra,
1801 1157 2014 1231 allego-

366 1255 489 1311 rice
522 1253 771 1326 intelligi
802 1254 1029 1325 potest;
1080 1250 1180 1322 qui
1211 1249 1518 1320 antiquum
1566 1247 1794 1322 hpstem
1833 1262 2015 1318 expu-

363 1348 538 1418 gnat,
561 1343 704 1398 dum
727 1339 1129 1399 habitaculum
1148 1337 1421 1410 nequitia
1443 1337 1573 1407 ejus
1592 1335 2014 1391 Antichristum

362 1431 725 1506 perditionis
754 1429 963 1497 ﬁlium,
996 1426 1097 1501 qui
1125 1426 1382 1483 elevatur
1409 1429 1465 1481 et
1493 1423 1789 1480 extollitur
1838 1440 2018 1496 supra

364 1538 548 1578 omne
578 1521 735 1592 quod
766 1518 981 1574 dicitur
1006 1517 1160 1573 Deus
1179 1520 1281 1571 aut
1310 1515 1465 1586 quod
1497 1512 1726 1580 colitur,
1756 1512 2019 1568 extermi-

365 1616 497 1676 nat,
544 1613 611 1665 ut
656 1606 970 1680 Apostolus
1023 1603 1393 1661 manifestat:
1455 1625 1481 1652 (ι
1514 1604 1695 1666 Quem
1735 1600 2018 1657 Dominus

362 1699 569 1765 Jesus,
590 1696 810 1768 inquit,
830 1692 1135 1751 interﬁciet
1163 1691 1373 1764 spiritu
1393 1691 1510 1748 oris
1530 1690 1643 1758 sui,
1674 1695 1732 1746 et
1760 1691 2020 1747 destruet

364 1785 774 1843 illustrations
801 1785 1087 1840 adventus
1117 1780 1228 1839 sui.
1256 1802 1284 1833 »

438 1874 719 1947 Amplius
761 1878 955 1943 [marg.
1015 1869 1248 1940 dicam].
1309 1869 1598 1942 Expeditis
1655 1868 1749 1924 his
1788 1885 1914 1940 qua
1946 1869 2018 1925 ad

363 1965 689 2038 mysticam
736 1959 1273 2032 interpretationem
1320 1957 1707 2014 Sunamitidis
1738 1956 2019 2028 pertinere

359 2052 749 2116 videbantur,
773 2065 960 2122 opera
982 2047 1239 2120 pretium
1255 2047 1530 2102 duximus
1552 2045 1865 2102 moralitati
1886 2063 2019 2102 con-

359 2138 671 2198 venientia
713 2137 852 2193 huic
881 2135 1164 2207 opusculo
1209 2135 1418 2190 addere
1449 2151 1651 2206 pauca.
1685 2135 1748 2189 In
1771 2135 1898 2205 jam
1929 2135 2015 2189 di-

359 2230 480 2287 ctis
509 2227 881 2284 canticorum
907 2224 1183 2294 Canticis,
1215 2224 1323 2279 sub
1362 2240 1609 2294 persona
1635 2222 2017 2279 Sunamitidis

360 2317 447 2375 sic
479 2334 551 2373 se
581 2316 804 2372 habent
824 2315 1000 2370 verba
1023 2311 1304 2384 sapientis
1335 2311 1405 2366 de
1425 2311 1653 2367 Christo
1683 2315 1740 2367 et
1764 2310 2019 2367 Ecclesia

358 2403 801 2481 prophetantis.
834 2426 861 2453 «
887 2401 1213 2473 Siignoras
1236 2404 1309 2468 te,
1346 2400 1555 2472 inquit,
1584 2417 1615 2455 ο
1638 2399 1841 2472 pulcra
1869 2401 2020 2456 inter

361 2495 677 2561 mulieres,
727 2492 1000 2564 egredere
1030 2494 1087 2546 et
1132 2489 1226 2545 abi
1277 2492 1408 2561 post
1450 2488 1698 2560 vestigia
1751 2505 2014 2561 gregum,

357 2587 416 2640 et
445 2599 634 2655 pasce
674 2580 873 2635 hados
898 2585 1089 2645 tuos,»
1112 2595 1259 2650 quos
1290 2577 1403 2633 alia
1434 2576 1736 2632 translatio
1767 2577 2019 2649 appellat

353 2669 845 2745 agnos.Ecclesia
870 2669 1082 2735 Grace,
1122 2667 1322 2722 Latine
1360 2668 1700 2737 congregatio
1738 2667 2016 2738 justorum

352 2760 743 2830 dicitur,qua
766 2757 1034 2830 ignorare
1050 2772 1111 2811 se
1131 2755 1362 2819 dicitur,
1385 2756 1548 2821 dum,
1570 2754 1869 2826 originalis
1891 2772 2018 2827 pec-

352 2847 469 2904 cati
503 2847 748 2920 pompis
770 2843 1094 2918 abnegatis,
1116 2851 1174 2900 et
1201 2841 1539 2900 idololatria
1570 2842 1824 2899 cultibus
1854 2847 2013 2916 post—

348 2936 597 3010 positis,
622 2933 919 3007 praterita
946 2949 1081 2988 cum
1101 2931 1376 3005 Apostolo
1399 2932 1752 3004 relinquens,
1777 2933 1836 2988 in
1863 2933 2013 2988 futu-

348 3023 435 3082 ris
467 3038 613 3081 sese
658 3022 967 3079 extendam
1008 3020 1232 3077 nititur.
1278 3019 1525 3077 Pulchra
1555 3020 1704 3076 inter
1735 3020 2011 3077 mulieres

2122 716 2397 774 mundior
2424 734 2527 790 per
2554 717 2915 790 baptismum
2947 716 3255 774 invenitur.
3287 719 3595 791 Egreditur
3620 737 3755 778 cum

2121 805 2414 862 Abraham
2436 806 2634 863 anima
2652 806 2800 878 justi
2832 807 2902 862 de
2922 811 3074 862 terra
3100 811 3157 862 et
3176 807 3247 862 de
3268 807 3608 880 cognatione
3628 826 3755 879 sua,

2124 894 2264 949 dum
2297 894 2515 968 proprii
2547 895 2803 968 corporis
2832 894 3155 965 illecebras,
3179 895 3526 968 voluptates,
3548 901 3606 953 et
3633 914 3757 954 car-

2105 982 2346 1039 nalium
2364 1000 2646 1040 sensuum
2668 983 3004 1040 transiliens
3015 984 3322 1051 desideria,
3340 984 3550 1042 humili
3566 991 3758 1043 mente

2123 1072 2360 1128 festinat
2407 1073 2479 1129 ad
2526 1088 2757 1144 supera.
2792 1073 3009 1128 Incedit
3039 1077 3172 1145 post
3217 1073 3465 1147 vestigia
3490 1090 3756 1149 gregum,

2124 1161 2357 1232 quando
2381 1161 2827 1233 praecedentium
2850 1161 3266 1234 prophetarum
3286 1166 3343 1218 et
3363 1163 3758 1236 apostolorum

2122 1248 2364 1322 vestigia
2396 1250 2669 1322 sequens,
2702 1250 3052 1322 spiritalium
3073 1251 3374 1307 doctorum
3407 1251 3578 1309 dictis
3603 1258 3662 1309 et
3683 1253 3760 1309 fa-

2124 1338 2235 1394 ctis
2266 1338 2542 1395 inharere
2563 1339 2870 1395 desiderat.
2904 1339 3093 1396 Pascit
3113 1356 3294 1413 agnos
3314 1357 3472 1410 suos,
3495 1340 3659 1408 dum,
3687 1342 3759 1397 de

2122 1430 2333 1485 virtute
2364 1427 2423 1482 in
2453 1427 2724 1484 virtutem
2754 1430 3170 1495 conscendens,
3202 1428 3315 1484 sibi
3347 1434 3405 1485 et
3428 1430 3552 1486 suis
3571 1431 3756 1503 pabu-

2124 1517 2182 1574 la
2209 1517 2386 1573 divini
2418 1517 2574 1572 verbi
2596 1516 2939 1574 lectionibus
2966 1517 3300 1574 inharendo
3324 1518 3754 1575 subministrat.

2125 1606 2367 1672 Quibus,
2400 1622 2619 1678 pascua
2647 1605 2828 1661 divini
2849 1605 3004 1661 verbi
3027 1606 3331 1677 decerpere
3350 1607 3754 1679 gestientibus,

2127 1693 2207 1750 ait
2226 1694 2555 1766 Apostolus:
2578 1695 2909 1765 «Tanquam
2927 1693 3586 1766 parvulisinChristolac
3596 1696 3758 1752 vobis

2125 1787 2329 1855 potum
2360 1783 2515 1849 dedi,
2548 1799 2664 1837 non
2693 1799 2908 1838 escam.
2930 1805 2959 1831 ››
2990 1784 3054 1837 Et
3075 1782 3414 1838 Psalmista:
3449 1806 3478 1833 «
3498 1784 3756 1851 Gustata,

2127 1876 2185 1927 et
2209 1871 2398 1926 videte
2428 1870 2703 1943 quoniam
2727 1871 2923 1929 suavis
2953 1876 3042 1928 est
3065 1871 3368 1928 Dominus.
3397 1895 3424 1921 »

2195 1959 2435 2015 Talibus
2448 1963 2504 2014 et
2523 1959 2616 2015 his
2627 1958 2921 2016 similibus
2933 1959 3130 2015 anima
3143 1960 3457 2017 virtutibus
3470 1963 3756 2029 decorata,

2126 2047 2247 2103 ﬁlia
2276 2047 2377 2103 Dei
2408 2051 2662 2103 meretur
2691 2046 2998 2121 appellari;
3034 2051 3096 2103 ut
3121 2048 3372 2120 Spiritus
3400 2058 3641 2106 sanctus
3662 2068 3763 2123 per

2126 2152 2190 2192 os
2213 2136 2386 2191 David
2404 2136 2452 2191 ei
2479 2137 2840 2209 suggerendo
2863 2136 3063 2191 intulit
3087 2153 3099 2192 :
3134 2159 3162 2187 α
3179 2136 3350 2205 Audi,
3375 2136 3514 2204 ﬁlia,
3537 2143 3593 2195 et
3610 2139 3761 2208 vide,

2125 2223 2205 2281 eti
2214 2223 2408 2279 nclina
2429 2242 2651 2286 aurem.
2672 2230 2728 2280 et
2746 2224 3086 2281 obliviscere
3101 2223 3381 2297 populum
3396 2228 3587 2293 tuum,
3603 2250 3630 2277 »
3647 2228 3764 2284 ido-

2124 2312 2364 2369 lolatria
2396 2313 2513 2369 sive
2560 2312 2969 2369 titilationibus
2998 2313 3191 2369 carnis
3234 2313 3610 2382 reluctando;
3645 2338 3673 2366 «
3706 2320 3764 2373 et

2127 2402 2366 2456 domum
2404 2402 2584 2474 patris
2608 2402 2710 2467 tui,
2743 2424 2769 2449 ››
2802 2418 3026 2457 navum
3056 2400 3354 2474 originalis
3386 2403 3623 2474 peccati,
3657 2421 3759 2460 seu

2126 2489 2535 2545 delectationes
2561 2489 2838 2562 corporis,
2862 2506 2933 2545 ne
2957 2490 3029 2545 ad
3051 2504 3400 2546 consensum
3428 2507 3614 2562 usque
3638 2508 3762 2563 per-

2126 2578 2379 2643 veniant,
2405 2579 2696 2650 fugiendo.
2731 2580 2800 2633 Et
2831 2583 2967 2633 tunc
2998 2577 3174 2651 digna
3193 2579 3308 2634 eris
3333 2578 3533 2635 audire
3560 2597 3759 2636 vocem

2125 2668 2322 2738 sponsi
2348 2667 2404 2720 in
2435 2667 2530 2721 die
2553 2665 2755 2722 ultimo
2780 2684 2792 2721 :
2821 2668 3006 2722 «Tota
3022 2666 3223 2738 pulcra
3237 2684 3318 2734 es,
3344 2666 3531 2723 amica
3550 2673 3763 2736 mea,et

2124 2754 2353 2811 macula
2376 2772 2489 2810 non
2512 2759 2601 2811 est
2621 2755 2678 2810 in
2702 2759 2782 2810 te:
2799 2755 2926 2810 veni
2948 2756 3019 2810 de
3040 2755 3406 2824 libano,veni.
3432 2777 3459 2805 ιι
3484 2756 3761 2820 Quaestio-

2122 2860 2264 2899 num
2296 2844 2597 2899 caritativa
2653 2843 2885 2911 solutio,
2919 2861 3023 2915 spe
3062 2844 3233 2900 ﬁrma
3278 2844 3357 2900 sit
3412 2843 3470 2900 in
3530 2842 3756 2902 Christo

2121 2931 2297 2988 unius
2324 2931 2458 2987 ﬁdei
2489 2935 2696 2989 nostra
2727 2930 3003 2987 valitudo.

1582 3207 2306 3297 OPUSCULUM
2350 3211 2608 3328 VIII.

423 3388 611 3457 Quod
632 3386 830 3443 omnis
853 3384 1220 3457 inaqualitas
1248 3385 1323 3440 ab
1346 3383 1672 3458 aqualitate
1694 3401 2019 3457 progressa,
2054 3388 2097 3453 ί]
2200 3386 2378 3456 Cujus
2410 3385 2603 3459 vigore
2635 3386 2906 3442 nobiliter
2937 3385 3159 3458 pollens
3190 3388 3391 3441 sancta
3409 3384 3769 3442 Senonensis

348 3477 631 3554 qualiter
659 3474 734 3530 ad
766 3473 1159 3546 aequalitatem
1209 3472 1425 3539 redeat,
1476 3473 1626 3528 inter
1663 3474 1862 3528 doctos
1909 3472 2020 3529 ali-

347 3565 613 3640 quando
664 3563 744 3618 sit
790 3560 1135 3627 dubitabile,
1166 3560 1399 3632 puriore
1441 3561 1657 3646 mentis
1687 3562 1908 3617 ratione
1937 3561 2025 3615 vi-

343 3652 557 3728 gentis
605 3655 702 3706 est
730 3648 1038 3705 disserere.
1067 3647 1323 3721 Vulgum
1356 3666 1488 3705 vero
1538 3650 1692 3721 quod
1741 3649 2025 3705 dubitatio

345 3744 488 3815 ipsa
517 3742 863 3814 praetereat,
889 3737 1057 3793 Pater
1076 3736 1273 3808 patria
1294 3738 1407 3808 (23)
1431 3737 1723 3793 evidenter
1751 3737 2023 3794 declarat.

346 3831 550 3902 Propo
559 3828 763 3883 rtione
778 3825 961 3897 igitur
977 3824 1625 3893 immortalitatis,0mni
1632 3824 1884 3898 potentis
1897 3842 2026 3897 pro-

343 3917 639 3975 videntia
667 3913 973 3971 hominem
997 3912 1055 3967 in
1087 3912 1370 3985 principio
1402 3912 1616 3968 creavit
1636 3912 1916 3985 aqualem
1935 3930 2032 3968 an-

343 4007 529 4082 gelis,
550 4004 692 4077 qui,
719 3999 1114 4059 inobedientia
1138 4002 1547 4057 mandatorum
1570 4001 1690 4068 Dei,
1712 4019 1780 4057 ex
1799 4002 2034 4058 immor-

341 4096 489 4152 talis
512 4090 808 4150 mortalis
831 4091 1041 4157 faetus,
1066 4089 1210 4161 proh
1236 4089 1425 4145 dolori
1454 4090 1513 4145 in
1532 4090 1711 4161 hujus
1733 4090 1834 4145 avi
1856 4106 2031 4162 quam

343 4184 643 4257 patimur
675 4194 1004 4235 arumnam
1035 4181 1125 4233 est
1152 4176 1449 4250 expulsus.
1484 4178 1595 4234 Sed
1627 4182 1848 4234 creator
1878 4177 2035 4234 illius

2134 3478 2320 3529 mater
2338 3473 2612 3540 Ecclesia,
2635 3474 2996 3530 ChristiJesu
3016 3478 3199 3530 morte
3216 3474 3534 3545 redempta,
3553 3476 3611 3529 et
3630 3472 3770 3528 almi

2136 3562 2407 3634 martyris
2424 3562 2719 3618 Saviniani
2733 3562 3052 3618 Galliarum
3068 3560 3535 3634 primatisverbis
3545 3562 3771 3626 edocta.

2134 3650 2286 3706 beati
2314 3650 2489 3706 etiam
2521 3652 2962 3722 protomartyris
2995 3650 3272 3723 Stephani
3304 3649 3589 3718 sanguine
3620 3649 3776 3706 dedi-

2137 3744 2285 3805 cata,
2319 3739 2393 3793 ad
2425 3755 2678 3811 prasens
2723 3756 2838 3794 una
2870 3756 3007 3794 cum
3038 3755 3328 3795 consensu
3377 3742 3435 3793 et
3478 3737 3774 3794 voluntate

2136 3825 2780 3898 illius(2li)regisinclyti
2800 3825 3796 3897 Francorum,comproviucialium-.

2139 3931 2253 3986 que
2282 3914 2687 3986 episcoporum
2718 3918 2775 3969 et
2803 3931 3109 3986 procerum
3131 3915 3527 3985 abbatumque
3543 3917 3599 3969 et
3618 3912 3778 3969 cleri-

2141 4019 2363 4072 corum,
2386 4019 2490 4057 nec
2513 4019 2627 4057 non
2650 4003 2953 4073 utriusque
2971 4018 3144 4057 sexus
3161 3998 3779 4071 ﬁdelium,proolamat

2143 4090 2253 4146 sibi
2271 4090 2551 4145 domnum
2569 4089 2733 4144 illum
2752 4091 2840 4160 25)
2857 4089 2977 4143 ﬁeri
3002 4089 3334 4162 pontiﬁcem
3352 4104 3683 4155 summum;
3707 4088 3780 4143 de

2144 4178 2313 4248 cujus
2343 4176 2511 4233 bonis
2541 4177 2769 4233 actibus
2810 4177 3073 4249 gaudens
3100 4177 3321 4242 effecta,
3355 4176 3428 4231 ad
3479 4174 3587 4231 hoc
3634 4191 3782 4247 opus

344 4272 576 4328 nolens
612 4284 764 4325 eum
797 4266 918 4339 pati
943 4264 1452 4337 sempiternaliter,
1472 4266 1756 4321 mittendo
1781 4265 2036 4321 Verbum
2147 4266 2390 4339 dignum
2422 4270 2478 4320 et
2506 4265 2803 4332 idoneum,
2830 4265 2889 4320 in
2911 4268 3195 4336 quantum
3216 4262 3478 4319 humana
3497 4261 3785 4335 fragilitas

346 4377 540 4417 suum
563 4375 702 4414 non
722 4354 917 4411 solum
931 4354 1003 4410 ad
1016 4352 1405 4425 aequalitatem
1418 4370 1806 4425 supernorum
1826 4353 2038 4410 civium
2149 4370 2321 4410 nosse
2342 4353 2795 4425 permittit,eum
2811 4355 2928 4408 fore
2949 4351 3283 4408 denunciat.
3299 4351 3419 4407 Sub
3434 4350 3595 4408 illius
3610 4350 3790 4423 igitur

341 4448 529 4506 illum
584 4443 829 4502 revexit
858 4441 1332 4507 misericorditer,
1381 4458 1581 4497 verum
1641 4441 1817 4497 etiam
1866 4458 2043 4513 super
2152 4441 2544 4515 pravidentia,
2585 4440 2819 4514 explosa
2845 4441 3007 4495 omni
3038 4439 3448 4509 controversia,
3482 4439 3543 4495 in
3568 4438 3788 4496 summi

343 4536 564 4593 omnia
611 4535 826 4590 creata
862 4527 1089 4595 extulit,
1123 4532 1189 4584 ut
1218 4528 1300 4584 ait
1321 4529 1628 4601 Propheta,
1662 4528 2038 4585 mirabiliter:
2152 4530 2378 4603 opiﬁcis
2410 4530 2639 4586 servitio
2671 4529 2919 4585 militare
2948 4528 3353 4595 deliberantes,
3385 4528 3488 4600 qui
3525 4544 3628 4599 per
3664 4527 3789 4582 ino-

343 4647 375 4677 cr
398 4624 645 4682 Omnia
671 4617 986 4691 subjecisti
1001 4618 1111 4673 sub
1133 4617 1380 4689 pedibus
1402 4618 1547 4689 ejus.
1566 4639 1594 4665 ››
1609 4616 1756 4672 Illud
1768 4633 1900 4672 vero
1912 4615 2047 4672 licet
2154 4617 2527 4675 bcedientiam
2549 4619 2619 4673 ad
2642 4617 2761 4672 ima
2783 4618 3030 4683 ruimus,
3054 4616 3394 4672 oboediendo
3411 4614 3662 4688 aquales
3684 4631 3788 4671 an-

340 4714 417 4770 de
442 4711 732 4768 homine
773 4706 1006 4781 Christo
1035 4705 1177 4762 Jesu
1213 4705 1544 4778 specialiter
1573 4705 1649 4761 sit
1681 4703 2043 4817 pra‘dict‘i‘im,
2082 4751 2127 4817 Β
2157 4707 2302 4780 gelis
2317 4701 3793 4817 ﬁeriobtamus,quatinus,digitodiscretionistac‘ti,

338 4807 557 4860 tamen
596 4797 771 4854 illud
804 4794 1206 4867 evangelicum
1251 4795 1489 4851 adtenta
1534 4798 1728 4848 mente
1775 4793 1845 4848 de
1893 4791 2050 4848 illius
2085 4789 2127 4817 υ
2160 4800 2218 4851 et
2246 4794 2460 4867 plectro
2486 4795 2592 4866 pia
2610 4793 3024 4850 admonitionis
3041 4792 3521 4863 repercussi,una
3542 4807 3677 4847 cum
3698 4789 3798 4845 illo

340 4887 665 4946 membris
682 4888 787 4940 est
801 4880 2053 4953 recolendum.«Quodcumque,»dixitidem
2163 4884 2224 4938 in
2256 4881 2620 4939 abstinentia
2652 4886 2929 4955 tympano
2957 4886 3012 4937 et
3042 4879 3445 4937 unanimitatis
3475 4878 3649 4935 choro
3681 4894 3802 4935 me-

340 4978 693 5041 Dominus,
728 4994 763 5021 «
780 4969 1098 5043 ligaveritis
1118 4970 1178 5025 in
1208 4969 1498 5036 terra,erit
1519 4969 1762 5041 ligatum
1787 4968 1844 5024 in
1864 4968 2052 5036 catis;
2167 4988 2401 5028 reamur
2428 4970 2730 5044 gratulari.
2756 4971 2964 5041 Sicque
2984 4969 3279 5041 conjuncti
3300 4972 3575 5040 quattuor
3593 4966 3805 5039 princi-

341 5072 402 5123 et
435 5065 909 5140 quodcumque
942 5058 1227 5115 solveritis
1262 5059 1321 5114 in
1354 5062 1527 5126 terra,
1564 5058 1676 5113 erit
1705 5057 1965 5113 solutum
1994 5057 2056 5113 in
2165 5059 2387 5132 palium
2404 5059 2688 5114 virtutum
2706 5058 3034 5126 harmonia,
3048 5056 3345 5114 valeamus
3362 5073 3594 5129 semper
3614 5054 3809 5112 istius-

342 5155 535 5214 calis,
579 5178 612 5204 ››
648 5146 1029 5220 Hujusmodi
1059 5151 1339 5219 potestas,
1367 5146 1588 5218 Spiritu
1622 5151 1820 5202 sancto
1853 5163 2056 5217 coopo-
2169 5148 2325 5203 modi
2349 5147 2587 5204 laudare
2620 5151 2801 5203 Deum
2833 5147 3212 5202 consonantia
3240 5163 3252 5201 :
3283 5169 3309 5194 ‹‹
3330 5144 3535 5201 Omnis
3564 5143 3807 5217 spiritus

343 5248 547 5309 raute,
586 5234 910 5313 apostolis
930 5252 1034 5307 per
1054 5234 1362 5293 intervalla
1382 5239 1711 5306 temporum
1741 5250 2059 5305 eorumque

343 5326 849 5390 successoribus
872 5323 1108 5391 tradita,
1142 5342 1175 5378 a
1206 5323 1476 5379 ﬁdelibus
1505 5322 1677 5379 corde
1705 5323 2054 5378 credendum

343 5428 399 5479 et
429 5437 539 5478 ore
573 5411 1023 5474 conﬁtendum
1056 5416 1146 5467 est
1176 5412 1331 5483 quod
1358 5414 1590 5467 maneat
1621 5410 1975 5466 inconvulsa.

2168 5236 2365 5291 laudet
2395 5234 2730 5291 Dominum.
2761 5235 2841 5302 (Si
2874 5236 2944 5290 de
2970 5236 3176 5289 abbate
3220 5234 3432 5306 agitur,
3467 5233 3811 5289 conveniens

2168 5324 2317 5380 ratio
2347 5323 2456 5379 loci
2482 5328 2538 5378 et
2567 5340 2951 5394 personarum
2983 5322 3223 5378 honeste
3244 5320 3739 5391 immutetur(26.)

2239 5545 2352 5615 (26)
2384 5542 2915 5624 Animadvertimus
2939 5543 3004 5624 in.
3022 5542 3130 5624 hqc
3151 5546 3215 5624 et.
3226 5544 3503 5624 sequente
3523 5529 3799 5624 ρρᾼιξςςιξξο

2166 5612 2391 5670 murem
2424 5631 2490 5670 ac
2510 5613 2817 5669 formulam
2836 5618 2975 5668 tunc
2992 5614 3047 5667 in
3062 5612 3257 5684 Ballia
3276 5612 3794 5684 vigentem-apage-

2169 5668 2275 5756 po's
2308 5668 2729 5756 proclamandi.
2754 5685 3049 5756 Diversam
3071 5682 3245 5738 aliam
3266 5668 3369 5737 dat
3384 5668 3656 5736 Acheriu's
3675 5668 3796 5734 Spi-

2169 5755 2341 5828 cileg.
2374 5758 2464 5813 ed.
2500 5773 2629 5812 nov.
2660 5759 2703 5812 t.
2739 5756 2832 5823 Ill,
2864 5771 2921 5825 p.
2954 5755 3075 5807 379.

437 5556 541 5623 23)
562 5554 822 5621 Supra,
846 5541 956 5596 col.
974 5543 1337 5623 809,Pat_rem
1358 5543 1557 5623 patria
1570 5542 2052 5623 dixitBoethium.

437 5558 541 5623 23)
562 5558 822 5621 Supra,
846 5558 956 5596 (‘01.
974 5558 1337 5613 euuyatrem
1358 5558 2052 5616 patnaomwoetmum.

413 5558 543 5696 224)
574 5624 955 5696 Prgnomen
989 5615 1256 5696 generale
1278 5615 1516 5687 ponitur
1544 5630 1645 5686 pro
1670 5613 1901 5669 nomine
1934 5630 2057 5684 spe-

347 5683 623 5761 cialifut
658 5690 739 5747 ﬁt
775 5686 854 5761 in,
882 5683 1173 5761 (oi-mulis.

421 5754 542 5841 (25)
573 5767 746 5821 Item
789 5758 863 5811 ut
898 5754 957 5809 in
992 5757 1354 5825 praecedenti.

4442 6147 4814 6296 Δ
