4954 6404
1231 455 1351 518 819

2078 457 2480 522 ODORANNI
2523 456 2876 523 MONACHI
2918 457 2984 518 S.
3031 457 3265 519 PETRI
3308 457 3466 520 VIVI
3512 457 3795 520 SENON.

4527 455 4642 518 820

2501 653 3209 748 OPUSCULUM
3279 655 3404 744 IX

1313 867 1584 925 Seniores
1613 872 1668 921 et
1696 867 1923 928 fratres,
1947 865 2144 921 audire
2171 863 2390 918 debetis
2416 880 2591 932 quare
2624 863 2716 918 hic
2738 864 2881 918 estis
2911 864 2965 930 Α
2995 863 3149 917 tione
3169 881 3302 930 erga
3325 863 3645 918 humanum
3669 882 3852 932 genus
3872 865 4023 919 Deus
4041 866 4412 938 omnipotens
4435 867 4640 935 utitur,

1245 957 1600 1033 congregati.
1637 957 1789 1012 Deus
1819 955 2183 1025 omnipotens
2211 955 2444 1023 quando
2485 953 2740 1024 primum
2777 953 2880 1005 ho-

1246 1051 1468 1105 minem
1503 1045 1998 1106 creavit,libcrum
2029 1043 2106 1098 illi
2135 1043 2441 1096 arbitrium
2467 1041 2732 1095 contulit.
2763 1043 2886 1112 Ipse

1246 1154 1380 1194 vero
1413 1138 1590 1192 libero
1613 1135 1850 1190 arbitrio
1883 1132 2032 1186 male
2055 1149 2218 1195 usus,
2252 1149 2353 1185 esu
2390 1132 2542 1202 pomi
2572 1131 2753 1188 vetiti.
2788 1131 2886 1182 de-

1246 1227 1509 1284 liciarum
1530 1225 1681 1288 sede,
1712 1226 1982 1278 manente
2007 1221 2186 1274 libero
2208 1221 2468 1284 arbitrio,
2496 1226 2576 1274 est
2607 1220 2782 1291 privat
2800 1237 2886 1280 us,

1245 1317 1422 1386 Cujus
1453 1329 1731 1384 sequaces
1766 1329 1868 1382 per
1915 1309 2103 1364 multa
2132 1313 2398 1380 tempora
2429 1327 2460 1363 a
2490 1309 2580 1362 via
2630 1307 2888 1362 veritatis

1244 1407 1599 1465 aberrantes,
1631 1406 1686 1455 et
1710 1399 1883 1454 idolis
1907 1399 2246 1460 servientes,
2271 1403 2563 1451 auctorem
2589 1414 2762 1450 suum
2799 1415 2890 1467 pe-

1242 1493 1398 1549 nitus
1429 1490 1816 1563 ignorabant:
1853 1488 2044 1558 quoad
2091 1503 2278 1557 usque
2309 1487 2680 1557 omnipotens
2712 1487 2888 1548 Deus,

1247 1579 1599 1637 obcedientia
1615 1577 1818 1634 famuli
1854 1577 1944 1631 sui
1967 1575 2208 1630 Abrahze
2241 1575 2524 1646 placatus,
2549 1575 2886 1630 circumcidi

1242 1669 1408 1725 illum
1440 1666 1643 1722 voluit.
1672 1667 1742 1721 Et
1785 1664 2159 1737 postmodum
2193 1681 2294 1735 per
2337 1669 2604 1718 sanctum
2655 1665 2888 1735 Moysen

1244 1757 1502 1814 amicum
1526 1772 1699 1811 suum
1720 1771 1916 1810 semen
1936 1753 2063 1824 ejus
2080 1753 2150 1806 de
2172 1753 2728 1823 servitutedlgyptia
2749 1752 2889 1806 libe-

1246 1863 1407 1912 rans,
1438 1849 1495 1900 et
1525 1843 1774 1900 eundem
1808 1843 2001 1914 ipsum
2027 1857 2271 1913 praeesse
2293 1841 2507 1912 populo
2530 1858 2636 1896 suo
2669 1841 2890 1905 volens,

1247 1953 1352 2009 per
1380 1949 1624 1990 manum
1647 1932 1803 1986 illitis
1826 1931 1875 1986 ei
1901 1931 2080 2001 legem
2107 1929 2364 1984 tradidit.
2386 1931 2463 1984 De
2490 1932 2660 1998 cujus
2680 1930 2888 2001 spiritu

1249 2027 1564 2097 postquam
1597 2023 1784 2081 Aaron
1816 2024 1871 2074 et
1903 2019 2051 2074 filios
2073 2019 2201 2088 ejus
2223 2019 2293 2073 ad
2321 2019 2691 2090 pontiﬁcatus
2711 2019 2890 2072 hono-

1248 2129 1372 2168 rem
1394 2111 1589 2184 elegit,
1613 2107 2078 2182 Deiprovideutia
2095 2123 2338 2161 sumens
2359 2109 2726 2178 septuaginta
2739 2109 2892 2163 viros

1249 2202 1350 2274 qui
1368 2218 1486 2257 una
1507 2217 1638 2256 cum
1657 2199 1753 2253 illo
1773 2196 1981 2270 populo
1999 2201 2332 2268 prreesscnt,
2355 2197 2612 2267 replevit.
2633 2200 2889 2262 Quorum
2924 2232 2970 2296 Β

1248 2289 1560 2364 posteritas
1581 2289 1720 2343 dum
1736 2304 1836 2360 per
1848 2285 2249 2342 successiones
2265 2291 2592 2356 temporum
2610 2303 2796 2358 usque
2820 2287 2891 2341 ad

1246 2377 1616 2435 Samuhelem
1650 2377 1988 2448 prophetam
2016 2375 2378 2447 perduraret.
2399 2375 2574 2428 David
2604 2392 2796 2444 ragem
2825 2375 2895 2429 de

1249 2487 1363 2541 quo
1385 2467 1716 2523 dicitDeus:
1740 2489 1765 2514 u
1785 2465 1977 2520 Inveni
1997 2464 2168 2519 David
2186 2465 2507 2518 secundum
2529 2481 2626 2516 cor
2641 2481 2894 2526 meum,»

1248 2558 1434 2614 eidem
1461 2556 1613 2629 genti
1641 2554 1906 2610 contulit.
1935 2554 2014 2608 De
2036 2553 2208 2622 cujus
2227 2552 2404 2624 stirpe
2423 2552 2705 2606 Dominus
2723 2553 2895 2606 Jesus

1250 2665 1352 2720 per
1376 2645 1736 2700 voluntatem
1784 2643 1992 2705 Patris,
2039 2646 2388 2713 cooperante
2420 2646 2621 2693 saneto
2651 2641 2892 2712 Spiritu,

1248 2733 1664 2792 iumaculatam
1680 2728 2615 2797 carnemexiumaculataVirgine
2630 2747 2892 2794 sumens,

1250 2823 1554 2881 duodecim
1585 2820 1878 2894 apostolos
1896 2820 2090 2890 elegit,
2125 2825 2182 2873 et
2203 2817 2478 2888 appellari
2505 2818 2574 2871 ab
2598 2817 2680 2871 eis
2703 2818 2894 2872 Domi-

1252 2929 1364 2968 nus
1395 2915 1451 2966 et
1483 2911 1760 2980 Magister
1789 2907 1989 2962 voluit.
2023 2905 2247 2969 Quibus
2281 2907 2350 2959 ab
2383 2922 2450 2959 eo
2481 2919 2681 2959 sancta
2713 2911 2898 2960 mater

1250 3000 1506 3058 Ecclesia
1539 2999 1802 3070 ejusdem
1828 2994 2062 3051 Domini
2085 2995 2221 3049 Jesu
2245 3011 2460 3065 sponsa
2482 2996 2817 3059 commissa,
2841 3001 2898 3051 et

1250 3089 1470 3162 ligandi
1502 3092 1677 3159 atque
1717 3082 1976 3142 solvendi
2023 3087 2280 3154 potestas
2331 3082 2560 3148 collata,
2613 3084 2894 3152 quamdiu

1249 3177 1455 3233 mundi
1489 3176 1671 3247 hujus
1700 3173 1887 3229 orbita
1916 3170 2182 3232 volvitur,
2212 3171 2268 3225 in
2301 3187 2502 3225 eorum
2546 3173 2896 3226 successori-

1247 3267 1378 3332 bus,
1412 3265 1498 3321 eis
1529 3261 1751 3320 scilicet
1781 3259 1879 3333 qui
1910 3258 2165 3331 episcopi
2215 3263 2513 3327 vocantur,
2547 3264 2742 3314 manet
2773 3265 2894 3315 sta-

1248 3354 1386 3410 bilis
1417 3357 1476 3410 et
1506 3354 1697 3408 firma.

1317 3437 1818 3498 Anidmadvertite
1848 3435 2044 3509 igitur,
2076 3436 2278 3492 fratres
2304 3435 2623 3500 karissimi,
2659 3454 2774 3508 qua
2808 3455 2894 3491 ra-

1246 3531 1427 3600 tione,
1461 3546 1579 3602 qua
1608 3528 1841 3600 pietate,
1873 3543 1988 3598 qua
2017 3526 2432 3594 misericordia,
2476 3543 2595 3598 qua
2628 3527 2890 3581 modera-

2995 953 3137 1005 dum
3173 970 3284 1004 non
3321 952 3659 1006 hominibus
3691 954 3950 1021 angelos,
3986 955 4387 1026 archangelos.
4415 958 4514 1012 sed
4548 957 4643 1013 ho-

2998 1040 3185 1093 mines
3218 1041 3325 1093 sibi
3362 1049 3569 1096 natura
3602 1042 3934 1097 consimiles
3983 1060 4314 1114 praipouerc
4346 1046 4640 1116 dignatur.

2998 1130 3238 1200 Expedit
3269 1147 3403 1194 ergo
3433 1132 3597 1185 vobis
3632 1137 3690 1185 ut
3713 1131 4064 1186 exhibitione
4093 1133 4376 1189 bonorum
4401 1154 4641 1207 operum

2999 1219 3112 1272 Deo
3146 1218 3445 1289 placeatis,
3479 1221 3757 1289 quatinus
3782 1222 4112 1276 sacerdotes
4134 1227 4190 1276 et
4213 1225 4506 1296 principes
4530 1226 4642 1282 Deo

2998 1307 3226 1376 dignos,
3263 1309 3358 1378 qui
3392 1309 3553 1364 vobis
3601 1310 3775 1364 verbo
3806 1315 3862 1364 et
3893 1310 4154 1381 exemplo
4182 1312 4253 1367 ad
4287 1312 4520 1369 caeleste
4551 1331 4641 1370 re-

2999 1412 3178 1465 gnum
3237 1399 3529 1466 pra-beant
3578 1398 3852 1469 pergendi
3887 1399 4190 1466 ducatum,
4241 1401 4453 1458 habere
4511 1421 4644 1476 pos-

3000 1479 3150 1538 sitis.
3213 1485 3491 1540 Praeterea
3560 1488 3781 1542 noverit
3851 1489 4181 1543 fraternitas
4248 1494 4441 1546 vestra
4507 1509 4643 1548 san-

3000 1578 3151 1626 ctam
3188 1574 3667 1630 Trecasiuensem
3703 1575 4041 1644 Ecclesiam,
4078 1583 4263 1634 morte
4295 1579 4384 1635 sui
4419 1598 4644 1654 presu—

2999 1659 3071 1714 lis
3091 1661 3408 1725 viduatam,
3433 1665 3718 1735 expetisse
3737 1666 3932 1720 domui
3950 1666 4206 1722 Gilduini
4223 1668 4644 1743 archiepiscopi

3002 1751 3181 1804 nostri
3218 1753 3328 1811 (27)
3372 1755 3761 1823 prmsentium,
3788 1756 3957 1824 juxta
3988 1761 4324 1812 sanctorum
4355 1774 4645 1814 canonum
4679 1817 4688 1826 ,

3000 1854 3330 1902 censuram,
3365 1843 3646 1911 quatinus
3669 1842 3748 1896 illi
3774 1844 4051 1898 concedat
4074 1861 4358 1915 sponsum
4381 1851 4439 1901 ct
4460 1852 4650 1920 pasto-

3001 1944 3121 1980 rem
3137 1945 3457 1994 congruum
3472 1931 3590 1999 .Cuj
3603 1949 3669 1984 us
3683 1932 3941 2002 petitioni
3956 1932 4343 1990 libentissime
4357 1952 4644 2004 annuens,

3000 2033 3118 2068 uua
3148 2033 3277 2069 cum
3304 2034 3590 2071 Consensu
3623 2024 3678 2072 et
3708 2019 4004 2074 voluntate
4033 2021 4232 2075 domui
4263 2023 4447 2077 nostri
4481 2024 4650 2080 Hain-

3001 2105 3100 2158 rici
3128 2109 3232 2174 (28,
3247 2107 3598 2161 Francorum
3617 2107 3846 2176 regis,et
3865 2110 4366 2180 suti‘raganeorum
4382 2129 4647 2176 suorum.

3000 2195 3372 2248 (Iarnoteusis
3404 2195 3620 2249 scilicet
3657 2195 3936 2267 episcopi,
3982 2197 4439 2266 Aurelianensis,
4491 2200 4651 2256 Pari-

3005 2281 3236 2348 sieusis,
3289 2283 3620 2344 Meldeusis,
3665 2285 4068 2350 Nevcruensis,
4101 2287 4649 2355 Autissiodoreusis,

3007 2387 3108 2422 nec
3147 2387 3258 2424 non
3293 2376 3349 2424 et
3381 2389 3681 2442 procerum
3711 2373 4085 2438 Francorum,
4113 2376 4408 2448 totiusque
4431 2377 4569 2433 cleri
4598 2385 4653 2433 et

3006 2459 3200 2528 populi
3247 2460 3556 2530 adplausu,
3609 2462 3708 2514 dat
3747 2462 3795 2515 ei
3831 2479 4002 2532 quem
4037 2471 4380 2534 pra-sentem
4414 2466 4650 2522 cernitis

3004 2547 3285 2602 domuum
3313 2549 3693 2609 Maiuardum,
3721 2551 3899 2619 hujus
3923 2559 4136 2605 sanctae
4161 2554 4363 2608 matris
4387 2555 4649 2616 Ecclesia

3006 2638 3187 2690 sancti
3207 2638 3483 2707 Stephani
3503 2638 3891 2692 archiclavum
3914 2641 4048 2703 (29),
4071 2646 4384 2710 pastorem,
4407 2648 4466 2697 et
4483 2661 4654 2714 spon-

3006 2743 3158 2791 sum,
3196 2726 3372 2778 nobili
3427 2727 3607 2798 stirpe
3640 2729 4033 2798 progenitum,
4069 2734 4125 2783 et
4169 2729 4336 2783 bonis
4387 2732 4651 2787 moribus

3005 2820 3294 2868 ornatum.
3315 2815 3475 2869 [inde
3493 2816 4170 2886 postulamuscaritatem
4187 2824 4460 2885 vestram,
4477 2821 4657 2876 karis—

3007 2902 3137 2955 simi
3174 2904 3400 2968 fratres,
3435 2909 3500 2957 ut
3534 2905 3588 2958 in
3623 2905 3848 2959 excelso
3897 2922 4063 2960 voces
4116 2906 4479 2973 extollentes,
4513 2910 4651 2980 quid

3007 3009 3182 3061 super
3213 2992 3319 3045 hoc
3354 2993 3515 3046 vobis
3550 2992 3770 3064 placeat
3797 2994 4188 3064 proclametis.
4219 2997 4378 3050 Hunc
4397 2997 4652 3052 versicu-

3006 3078 3124 3132 lum
3152 3099 3190 3133 r:
3220 3079 3458 3150 petitum
3481 3083 4064 3152 tertio,prosequatur
4079 3084 4494 3140 decentissima
4515 3085 4652 3141 cieri

3005 3166 3229 3234 electio,
3261 3169 3472 3223 deinde
3505 3170 3928 3240 metropolitani
3961 3175 4018 3226 et
4068 3173 4332 3229 omnium
4382 3190 4652 3247 compro—

3004 3257 3365 3322 vmcialium,
3401 3258 3448 3311 si
3503 3260 3622 3312 tieri
3659 3265 3883 3330 potest:
3919 3261 4019 3314 sed
4073 3279 4186 3316 non
4235 3262 4432 3319 minus
4472 3281 4649 3335 quam

3005 3347 3185 3401 trium
3218 3349 3650 3419 episcoporum,
3686 3348 4132 3421 metropolitano
4154 3355 4458 3424 praesente,
4484 3353 4652 3409 bene-

3009 3435 3202 3491 dictio.

2519 3712 3226 3806 OPUSCULUM
3291 3715 3366 3803 X

1336 3872 1576 3932 Sancta:
1605 3868 1808 3928 matris
1839 3865 2120 3929 Ecclesia:
2150 3869 2453 3948 Senonum
2482 3867 2921 3948 archiepiscopo
2953 3866 3256 3948 Gilduino,
3286 3869 3548 3948 maxima
3590 3869 3856 3948 corporis
3887 3868 4283 3930 inoalitudinc
4309 3868 4576 3932 detentus

2099 3947 2452 4010 Odorannus
2477 3948 2810 4028 syncellita,
2843 3947 3118 4008 aemulari
3141 3947 3387 4008 meliora
3416 3947 3796 4009 charismata.

1320 4100 1481 4166 Quod
1513 4099 1706 4157 studio
1726 4099 2041 4156 lectionum
2063 4098 2394 4154 divinarum
2418 4097 2676 4152 obtinere
2698 4096 2884 4152 valea-
2917 4098 2959 4165 C
3002 4102 3122 4152 tera
3140 4102 3350 4154 sancta:
3370 4097 3787 4153 exhortationis
3805 4097 4487 4166 aliamiua,DominiJesu
4512 4119 4646 4158 cum

1246 4209 1399 4260 mus,
1435 4191 1584 4246 unde
1614 4206 1758 4245 nova
1788 4193 1845 4244 et
1873 4193 2066 4243 vetera
2097 4187 2354 4259 prct‘erre
2387 4203 2692 4258 queamus,
2728 4186 2798 4241 ad
2829 4185 2884 4240 id

1242 4279 1571 4336 faciendum
1603 4281 1919 4351 provocant
1967 4294 2072 4332 nos
2113 4276 2291 4330 beata:
2324 4273 2615 4330 memoriae
2671 4274 2887 4347 praede-

1239 4366 2006 4426 ccssorisvestriLeutherici
2022 4363 2441 4435 archiepiscopi
2458 4363 2682 4417 mirifici
2699 4367 2885 4428 actus,

1237 4458 1338 4532 qui
1371 4457 1792 4528 semperjuxta
1830 4453 2175 4526 Apostoluiu
2210 4453 2267 4506 in
2299 4452 2558 4508 oratione
2587 4451 2885 4516 assiduus,

1237 4554 1296 4604 et
1324 4546 1383 4602 in
1417 4546 1796 4602 meditatione
1824 4543 1971 4614 legis
2003 4543 2102 4598 Dci
2138 4541 2463 4614 permansit
2512 4541 2843 4596 indefessus
2870 4557 2882 4604 ;

1236 4637 1406 4707 cujus
1424 4635 1732 4707 praesentia
1745 4630 2026 4705 corporali
2048 4631 2094 4687 si
2119 4632 2189 4686 ad
2213 4647 2468 4703 praesens
2489 4629 2730 4701 dignum
2753 4629 2888 4683 fuis-

1235 4729 1324 4778 set
1345 4722 1564 4794 perfrui
1597 4720 1899 4790 saeculum,
1935 4735 2304 4792 nequaquam
2345 4715 2692 4788 pullulassct
2740 4732 2887 4770 nova

1235 4809 1965 4883 haeresisBurgundionum
1983 4808 2117 4879 (30),
2133 4807 2256 4876 qui,
2279 4810 2341 4860 ut
2357 4805 2496 4859 mihi
2519 4803 2880 4870 innotuistis,

1234 4906 1503 4954 asserunt
1534 4914 1598 4953 se
1625 4897 1820 4954 rebelli
1855 4901 2049 4954 mente
2083 4895 2163 4949 uil
2194 4894 2402 4950 debere
2426 4893 2549 4948 suis
2569 4891 2880 4964 episcopis,

1234 4987 1284 5043 si
1313 4988 1384 5043 ab
1418 4986 1533 5043 illis
1563 4988 1634 5043 ad
1678 4987 2148 5045 emendationem
2188 4987 2254 5039 ut
2300 4983 2554 5049 veniant,
2603 4982 2882 5038 canonice

1231 5076 1442 5145 vocati,
1477 5077 1669 5134 venire
1701 5075 2042 5131 distulerint
2067 5091 2172 5146 pro
2204 5072 2328 5128 suis
2352 5073 2605 5146 ﬂagitiis.
2633 5071 2881 5138 Quibus,

1234 5181 1304 5218 ne
1337 5171 1675 5221 remaneant
1707 5165 1764 5218 in
1795 5168 1953 5218 tanto
1975 5180 2191 5229 errore,
2223 5162 2634 5234 proferendum
2663 5166 2752 5216 est
2779 5179 2880 5214 au-

1233 5253 1481 5310 tidotum
1514 5271 1584 5310 ex
1613 5252 1946 5308 divinarum
1977 5251 2173 5322 legum
2203 5251 2562 5307 auctoritate.
2599 5251 2758 5305 Inter
2787 5266 2878 5306 ce-

1307 5381 1419 5448 (27)
1449 5380 1530 5434 De.
1561 5374 1836 5430 Gilduino
1859 5373 2110 5446 archicp.
2141 5376 2330 5430 Seuou
2354 5375 2409 5428 iu
2433 5374 2642 5430 Annal.
2665 5375 2878 5430 Beued.

1236 5450 1304 5504 ad
1337 5469 1430 5504 an.
1468 5452 1612 5503 1032.
1645 5451 1892 5515 etseqq.

1305 5526 1418 5588 (κδ)
1449 5520 1601 5588 Hinc
1630 5514 1896 5588 videmus
1946 5515 2126 5588 hujus
2155 5516 2350 5588 scripti
2386 5521 2636 5583 zelatem,
2673 5533 2880 5588 nempe

1237 5583 1478 5662 regnum
1501 5583 1751 5662 _Henrici
1785 5585 1826 5651 Ι,
1862 5586 1958 5656 qui
1989 5583 2131 5662 patri
2165 5583 2434 5662 Roberto,
2468 5589 2538 5643 dc
2585 5605 2700 5657 quo
2731 5583 2879 5642 Odo-

1240 5652 1460 5716 raiiuus
1495 5659 1558 5712 iu
1595 5652 1852 5726 prologo,
1883 5652 2165 5714 successit
2195 5675 2347 5713 anno
2381 5661 2537 5714 1031.

1305 5733 1417 5804 (29)
1452 5725 1641 5798 Quasi
1675 5725 1969 5782 summum
2001 5727 2369 5801 clavigerum.
2392 5731 2502 5786 Sed
2537 5727 2740 5785 malim
2789 5746 2879 5783 ar-

2999 4185 3280 4257 apostolis
3302 4185 3595 4258 loquentis
3617 4186 3700 4242 sic
3724 4205 3784 4241 se
3803 4187 4137 4242 habuerunt
4158 4188 4360 4244 verba:
4390 4189 4537 4254 «Qui
4555 4207 4654 4246 vos

2999 4275 3240 4345 spernit,
3292 4292 3384 4330 me
3426 4275 3666 4346 spernit.
3708 4299 3732 4323 υ
3782 4279 4041 4340 Quorum
4087 4275 4270 4331 vicem
4322 4279 4652 4336 sacerdotes

2999 4362 3265 4418 Ecclesia:
3293 4364 3794 4434 tenentes,majori
3818 4365 4033 4436 injuria
4061 4382 4172 4420 non
4199 4373 4446 4438 possunt
4469 4366 4652 4425 laces-

2999 4451 3304 4523 siri,quam
3321 4453 3635 4528 si,verb_um
3655 4453 3919 4508 divinum
3936 4452 4651 4528 subministrantes,spcr-

2997 4547 3211 4596 uautur
3242 4559 3276 4596 a
3310 4525 3579 4596 subditis.
3605 4541 3848 4610 Quibus,
3874 4559 3944 4598 ne
3963 4542 4356 4615 vilipendatur
4375 4545 4539 4615 vigor
4557 4563 4650 4601 cc-

2996 4629 3380 4694 clesiasticus,
3414 4647 3444 4685 e
3477 4631 3702 4686 diverso
3735 4636 4050 4686 occurrunt
4081 4630 4238 4704 leges
4270 4633 4584 4688 mundanae
4618 4651 4654 4690 ι

2992 4717 3341 4774 Christianis
3367 4718 3818 4791 imperatoribus
3836 4718 4052 4790 Spiritu
4089 4724 4292 4775 sancto
4323 4719 4654 4792 inspirante

2992 4807 3398 4878 promulgata,
3423 4808 3638 4880 quibus
3657 4806 3992 4880 praecipitur
4015 4812 4078 4863 ut
4098 4807 4272 4880 triplo
4295 4825 4653 4881 componan-

2991 4901 3087 4951 tur
3117 4913 3319 4950 omues
3343 4897 3712 4951 sacerdotqu
3738 4896 3986 4968 injuriae.
4014 4895 4265 4954 Gloriosi
4285 4915 4520 4970 quoque
4547 4899 4655 4954 im-

2991 4984 3275 5056 peratoris
3325 4984 3511 5041 Karoli
3543 4984 3670 5040 luce
3721 4985 3969 5041 clariora
4023 4990 4224 5042 extant
4273 4985 4554 5059 capitula,
4587 4987 4651 5044 in

2991 5073 3206 5144 quibus
3237 5075 3610 5129 continentur
3643 5073 3984 5144 hujusmodi
4016 5073 4270 5147 scripta:
4307 5099 4333 5124 «
4363 5074 4444 5131 De
4475 5093 4648 5132 voca-

2993 5185 3020 5212 (ι
3054 5161 3336 5227 tionibus,
3388 5180 3535 5234 quas
3569 5163 3789 5217 faciunt
3819 5163 4098 5234 episcopi,
4131 5163 4505 5236 praecipimus
4559 5169 4648 5234 ut,

2990 5273 3018 5299 ‹‹
3051 5249 3151 5322 qui
3183 5268 3280 5306 eas
3323 5252 3658 5324 neglexerit,
3693 5251 3998 5324 tripliciter
4027 5257 4360 5324 componat.
4394 5252 4559 5317 Quod
4596 5253 4649 5312 si

2986 5376 3275 5442 ciclrwum,
3301 5393 3449 5432 arcae
3471 5378 3647 5431 claros
3673 5377 3975 5431 habentem.
4001 5376 4103 5431 Hic
4123 5376 4278 5432 enim
4301 5376 4649 5436 Maiuardus

2989 5445 3392 5503 tliesaurarius
3413 5451 3536 5502 erat
3559 5447 3824 5503 Ecclesiae
3858 5449 4234 5504 Senouensis.
4263 5447 4407 5504 Vide
4427 5450 4646 5506 Annal.

2989 5517 3084 5571 cit.
3118 5518 3188 5571 ad
3223 5536 3318 5572 au.
3357 5521 3513 5573 1032.

3061 5589 3175 5670 (βω
3199 5588 3281 5714 Dp
3299 5589 3403 5644 hac
3428 5590 3910 5662 Burgundionum
3932 5590 4136 5647 hazresi
4161 5590 4504 5664 diligentius
4525 5592 4651 5648 dis-

3061 5677 3146 5714 uri
3178 5677 3240 5714 ve
3271 5677 3369 5714 im.

2992 5675 3146 5730 qum
3178 5675 3369 5716 velim.
