4954 6476
1325 529 1442 595 ΘΞἾ

2169 531 2570 597 ODORANNI
2610 528 2964 595 MONACHI
3008 529 3073 594 S.
3117 531 3355 598 PETRI
3398 536 3562 602 VIVI
3607 537 3888 603 SENON.

1326 673 1438 737 tes,
1470 666 1742 731 caelestia,
1762 668 1872 723 etc.
1895 665 2146 723 Sanctus
2177 667 2446 738 princeps
2476 663 2738 721 Ecclesiae
2769 663 2976 721 Petrus
3003 666 3052 734 Α
3087 667 3235 725 Dum
3268 670 3453 726 cernit
3483 671 3676 728 cultus
3698 672 4148 732 simulacrorum
4169 681 4226 732 et
4247 675 4732 750 laqueossuima-

1328 758 1439 823 hos
1470 755 1778 814 admonuit
1805 755 1866 811 in
1916 753 2103 813 Gallia
2145 753 2324 810 divini
2357 754 2513 809 verbi
2547 753 2771 810 semina
2805 771 2969 825 spar-

1331 863 1487 922 gere,
1520 846 1691 919 cujus
1747 844 1991 916 imperio
2048 843 2196 900 hanc
2245 860 2382 899 arcu
2417 842 2549 897 fidei
2579 843 2967 915 expetierunt,

1333 940 1644 996 Famosam
1674 935 1877 991 urbem
1925 934 2218 989 Senonum
2277 931 2491 986 diaboli
2551 933 2904 986 abstrahunt
2938 951 2971 987 a

1331 1025 1580 1093 cultura,
1594 1029 1649 1082 et
1673 1040 1774 1096 pro
1805 1039 1938 1077 vera
1967 1038 2033 1076 ac
2063 1019 2348 1076 cotholica
2377 1020 2674 1090 tide,hanc
2707 1029 2969 1086 arcu,etc

1327 1115 1479 1172 Dum
1509 1115 1746 1170 devotus
1777 1108 2146 1181 archiprresul
2180 1108 2532 1163 Savinianus
2561 1110 2840 1180 oppidum
2875 1111 2970 1165 Se-

1329 1219 1548 1262 nonum
1581 1201 1794 1258 adisset
1814 1197 1994 1253 armis
2020 1197 2385 1269 spiritalibus
2405 1199 2662 1269 undique
2683 1199 2966 1264 munitus,

1327 1293 1646 1350 inﬁdelium
1665 1289 1892 1344 animos
1910 1287 1980 1341 ad
2015 1303 2274 1341 amorem
2299 1287 2389 1340 sui
2414 1288 2715 1341 convertit.
2736 1304 2966 1342 eorum-

1323 1399 1435 1455 que
1465 1377 1784 1436 cervicibus
1807 1377 2020 1446 jugnm
2053 1375 2263 1429 Christi
2299 1393 2474 1429 suave
2496 1380 2552 1429 et
2573 1393 2722 1428 onus
2747 1375 2966 1430 levein-

1319 1469 1484 1527 didit.
1506 1467 1766 1525 Nefanda
1793 1463 2084 1536 siquidem
2119 1480 2479 1534 paganorum
2503 1463 2813 1519 conamina
2831 1480 2966 1519 con-

1317 1559 1500 1630 trivit,
1531 1561 1583 1610 et
1619 1557 1686 1608 ᾶπ-
1718 1554 1992 1607 ῑιοι-ςτὴυε
2026 1551 2270 1607 feliciter
2287 1551 2687 1622 triumphavit.
2721 1553 2965 1622 Superni

1318 1649 1534 1723 quippe
1560 1645 1893 1719 pneumatis
1913 1639 2227 1711 insignitus
2251 1641 2834 1712 prmsagio,summus
2858 1658 2961 1695 an-

1317 1738 1488 1794 tistes
1517 1734 1664 1792 adiit
1700 1734 2098 1788 Senonensem
2129 1746 2262 1784 mox
2320 1728 2707 1800 metropolim.
2745 1727 2958 1784 Evovae.

1389 1822 1640 1881 Virtutis
1657 1821 1828 1893 cujus
1848 1817 2144 1892 specimen
2167 1815 2330 1873 electi
2356 1816 2568 1872 Christi
2588 1816 2801 1872 milites
2826 1835 2964 1888 pne-

1321 1915 1520 1974 clarus
1531 1906 2265 1978 PotentianusAltinusque
2277 1912 2728 1980 prosequuntur.
2751 1907 2963 1963 Evova'.

1321 2005 1612 2063 lnsistunt
1636 2015 1808 2074 porro
1838 2001 2050 2054 conatu
2083 1995 2456 2067 magnanimo
2491 1995 2832 2067 gentilibus,
2868 1997 2963 2050 de-

1319 2095 1615 2152 struentes
1674 2085 2006 2160 phanatica,
2056 2085 2472 2156 ﬁrmantesque
2538 2084 2750 2138 Christi
2804 2086 2962 2155 jura.

1317 2185 1539 2241 Evovae.
1569 2177 1816 2234 Miratur
1843 2173 2050 2230 cohors
2084 2173 2327 2245 profana
2369 2173 2698 2228 inauditum
2751 2172 2963 2228 Christi

1317 2273 1551 2344 dogma,
1582 2270 1756 2338 atque
1784 2263 2014 2319 venisse
2041 2261 2298 2318 celebres
2345 2261 2644 2333 sapientiae
2676 2279 2960 2334 proceres.

1313 2361 1530 2416 Evovae.
1563 2355 1709 2412 Hinc
1739 2351 1995 2423 fulgente
2042 2349 2328 2423 prmconio
2361 2349 2782 2405 miraculorum
2829 2351 2959 2422 plu-

1313 2441 1763 2512 rimo,certatim
1796 2443 2003 2513 petunt
2029 2438 2226 2511 populi
2261 2438 2555 2509 baptisma
2583 2439 2795 2516 Christi
2830 2456 2961 2494 con-

1309 2535 1496 2610 sequi.
1526 2530 1983 2590 Evovaellorum
2014 2527 2276 2599 antiquis
2308 2526 2624 2598 triumphis
2655 2545 2718 2581 se
2745 2527 2912 2583 delen
2933 2546 2962 2584 s

1308 2624 1500 2682 hostis
1529 2619 1804 2696 opprimi,
1837 2617 2009 2674 saavis
2040 2616 2443 2688 improborum
2495 2615 2647 2670 dolis
2701 2615 2958 2671 athletas

1307 2711 1524 2770 Christi
1565 2707 1820 2782 perimit.
1851 2707 2072 2760 Evovaa.
2108 2704 2332 2776 Pauper
2359 2702 2566 2775 spiritu
2589 2704 2957 2772 Savinianus,

1310 2805 1368 2858 et
1384 2797 1645 2871 locuples
1666 2793 2022 2868 pinguedine
2033 2796 2197 2848 terra:
2216 2793 2512 2847 Senonum
2535 2793 2801 2863 populus,
2817 2793 2956 2848 dum

1311 2889 1373 2946 in
1394 2887 1488 2944 via
1515 2887 1696 2957 hujus
1729 2880 2210 2956 peregrinationis
2234 2880 2471 2936 sibimet
2500 2881 2799 2936 obviantes
2829 2899 2961 2937 con-

1315 2977 1646 3039 cordarent,
1679 2970 1943 3043 utrisque
1987 2974 2329 3041 coeperatus
2387 2973 2475 3024 est
2526 2969 2841 3036 Dominus;
2875 2970 2956 3024 illi

1311 3063 1666 3122 instruendae
1695 3059 1953 3116 veritatis
1973 3062 2032 3114 et
2061 3058 2194 3114 ﬁdei
2227 3057 2638 3124 constantiam,
2673 3057 2807 3113 huic
2838 3076 2958 3114 cre-

1311 3153 1484 3210 dendi
1516 3155 1575 3208 et
1605 3147 2037 3208 obsecundandi
2069 3147 2374 3203 conferens
2406 3147 2748 3202 efﬁcaciam.
2783 3147 2958 3203 Utris-

1307 3245 1562 3316 que,etc.
1583 3239 1869 3312 Inclytum
1893 3237 2296 3293 Potentianum
2330 3236 2660 3308 prcesulem,
2679 3236 2956 3309 piumque

1306 3331 1567 3389 Altinum
1597 3328 1700 3385 Dei
1728 3325 1890 3382 verbi
1920 3325 2396 3382 comministrum
2428 3324 2607 3378 mittit
2640 3325 2824 3380 Roma
2854 3343 2957 3380 au-

3078 759 3434 816 chinamenti
3460 763 3749 818 denodare
3773 763 3961 820 hostis
3980 765 4731 838 antiquus,ministros,etc.

3078 849 3358 920 Egregius
3390 852 3758 918 Savinianus,
3789 852 3845 908 in
3869 870 4054 924 agone
4072 854 4735 923 decertans,novissima

3077 936 3205 991 diro
3235 937 3556 1009 impiorum
3590 957 3865 996 mucrone
3896 958 3998 1013 pro
4032 941 4278 999 Domino
4309 943 4489 999 subiit
4505 947 4736 1018 egregie

3077 1027 3289 1080 tradito
3304 1027 3512 1099 capite,
3531 1027 3681 1082 illico
3705 1028 3872 1082 caelos
3895 1031 4184 1087 scandens
4210 1032 4448 1102 praemia
4465 1031 4732 1090 laborum

3077 1115 3355 1185 consequi
3391 1116 3619 1171 meruit.
3651 1117 3849 1171 Funus
3873 1119 4137 1188 ejusdem
4175 1119 4437 1176 fidelium
4468 1122 4734 1195 discipu-

3077 1199 3263 1256 lorum
3318 1205 3589 1258 manibus
3636 1204 3881 1259 iut'ertur
3929 1205 4247 1262 mausoleo.
4297 1210 4567 1277 Praemia,
4619 1220 4729 1266 etc.

3077 1289 3258 1344 llodie
3291 1292 3493 1345 beatus
3525 1293 3874 1348 Savinianus
3906 1310 4040 1348 cum
4075 1295 4316 1368 collegio
4351 1297 4599 1355 fratrum
4631 1318 4732 1356 cu-

3076 1378 3257 1432 currit
3288 1380 3488 1433 mundi
3523 1382 3876 1446 certamina;
3912 1382 4080 1438 hodie
4109 1385 4237 1439 l‘uso
4267 1387 4556 1457 sanguine
4576 1407 4736 1443 sum-

3078 1467 3193 1537 psit
3225 1468 3476 1537 palmam
3509 1468 3742 1540 glorize;
3778 1470 3947 1525 hodie
3979 1489 4152 1527 carne
4182 1472 4412 1531 solutus
4433 1474 4494 1530 in
4515 1478 4732 1533 cmlum

3073 1556 3578 1628 sequiturAgnum
3596 1557 3692 1613 Dei
3709 1559 4280 1616 Filium.ltiirabileet
4293 1563 4527 1619 beatum
4542 1565 4727 1622 decus

3077 1650 3435 1712 sanctorum,
3469 1645 3526 1699 in
3556 1647 3711 1701 ca‘lis
3742 1648 4091 1712 coronabile,
4111 1655 4167 1705 et
4193 1650 4250 1706 in
4287 1652 4457 1707 terris
4487 1669 4730 1710 venera-

3078 1732 3217 1787 bile!
3255 1733 3430 1788 llodie
3462 1752 3634 1788 carne
3666 1736 3918 1800 solutus,
3951 1743 4060 1792 etc.

3145 1823 3434 1878 Athletam
3469 1823 3700 1878 Domini
3730 1825 4110 1882 Savinianum
4152 1843 4256 1900 per
4303 1828 4414 1884 iter
4465 1832 4734 1904 martyrii

3075 1911 3435 1981 gradientem
3469 1913 3734 1983 sequitur
3763 1920 3932 1984 grata
3947 1916 4271 1973 amicorum
4293 1916 4582 1988 clientela,
4598 1937 4736 1977 san-

3076 2007 3204 2054 ctus
3236 2001 3502 2056 vidcllret
3550 2002 3950 2070 Potentianus,
3985 2021 4148 2076 mque
4198 2005 4416 2063 nobilis
4472 2007 4730 2076 Altinus,

3075 2088 3328 2161 inclytus
3380 2091 3692 2156 Eodaldus,
3738 2098 3795 2147 et
3851 2099 4090 2148 sanctus
4139 2094 4464 2153 Serotinus.
4522 2097 4732 2155 Mortis

3075 2196 3327 2249 namque
3384 2180 3456 2234 ab
3512 2180 3709 2251 impiis
3757 2181 4097 2237 discrimine
4158 2183 4411 2252 multati,
4463 2188 4732 2260 martyrii

3072 2267 3316 2338 gloriam
3375 2268 3609 2339 assequi
3671 2275 4030 2325 meruerunt.
4065 2272 4336 2339 Sanctus,
4369 2279 4478 2329 etc.
4526 2275 4733 2333 Gloria

3073 2356 3224 2410 Patri
3266 2363 3322 2410 et
3375 2357 3515 2411 Filio
3564 2363 3619 2412 et
3661 2358 3902 2429 Spiritui
3955 2365 4178 2415 sancto.
4213 2361 4422 2417 Messis
4469 2363 4729 2421 cultores

3075 2437 3325 2503 Domini,
3361 2437 3709 2492 Savinianus
3741 2443 3796 2494 ct
3839 2439 4223 2497 Potentianus
4266 2441 4488 2516 inclyti,
4520 2460 4731 2517 repor-

3072 2529 3270 2579 tarunt
3309 2525 3534 2580 semina
3572 2544 3605 2581 a
3635 2527 3862 2583 Christo
3903 2529 4040 2584 data
4088 2529 4368 2602 duplicia.
4400 2531 4618 2587 Evovai.
4655 2533 4728 2590 Hi

3072 2614 3339 2668 karitatis
3369 2615 3613 2683 geminae
3648 2616 4081 2686 resplendentes
4115 2636 4375 2686 munere,
4393 2620 4495 2676 Dei
4525 2638 4731 2679 amore

3068 2707 3124 2755 et
3156 2701 3398 2773 proximi
3428 2703 3763 2757 enituerunt
3796 2705 4158 2776 plenissime.
4191 2708 4409 2764 Evovaa.
4431 2709 4496 2765 In
4531 2711 4727 2766 medio

3069 2789 3338 2861 luporum
3372 2791 3503 2860 agni
3533 2792 3698 2862 positi
3718 2810 3752 2847 a
3775 2793 4020 2849 Domino
4043 2796 4226 2852 sancti
4260 2802 4544 2872 martyres
4568 2799 4734 2856 Chri-

3069 2880 3164 2944 sti,
3200 2879 3498 2934 sacculum
3551 2886 3606 2935 et
3655 2898 3854 2952 peram
3905 2887 4213 2956 ceteraque
4263 2886 4432 2942 xenia
4484 2904 4730 2960 δρυοκο-

3069 2976 3204 3023 runt
3239 2986 3337 3040 pro
3368 2969 3596 3024 Christo
3629 2975 3818 3025 mente
3852 2972 4311 3043 promptissima.
4345 2975 4567 3031 Evovre.
4603 2976 4732 3032 Ru—

3068 3057 3299 3113 tilantes
3332 3058 3630 3113 miraculis
3664 3062 3873 3115 reversi
3908 3066 4049 3116 sunt
4081 3061 4256 3117 iidem
4290 3064 4480 3119 sancti
4539 3066 4730 3121 disci-

3066 3147 3186 3218 puli
3221 3148 3652 3216 congaudentes
3684 3166 3747 3202 ac
3780 3148 4038 3204 dicentes
4063 3150 4310 3207 Domino
4335 3170 4348 3208 :
4375 3153 4520 3208 Ecce
4553 3155 4736 3212 nobis

3066 3233 3461 3303 subjiciuntur
3492 3236 3777 3290 dmmonia
3803 3235 3860 3290 in
3891 3237 4123 3292 virtutis
4157 3243 4267 3294 tuae
4295 3241 4738 3311 potentia.Evo-

3065 3341 3166 3378 va).
3200 3323 3408 3386 Nolite,
3443 3322 3639 3394 inquit
3669 3323 3955 3392 Christus,
3993 3326 4247 3394 gaudere
4277 3328 4432 3399 quod
4463 3328 4740 3386 domina-

1305 3437 1422 3486 rea,
1446 3419 1512 3476 Hi
1545 3415 1722 3474 simul
1755 3432 1859 3488 pro
1881 3413 1996 3470 Deo
2022 3413 2314 3485 exquisita
2335 3413 2953 3486 perferuntsuppliria,
2987 3400 3030 3466 C
3071 3411 3212 3464 mini
3246 3411 3570 3482 spiritibus,
3596 3412 3696 3467 sed
3756 3411 4008 3483 gaudete
4070 3414 4210 3486 quia
4258 3416 4506 3472 nomina
4533 3423 4739 3475 vestra

1303 3506 1639 3580 exemplum
1671 3502 1964 3576 patientiae
1986 3505 2043 3557 et
2066 3500 2302 3556 virtutis
2327 3500 2386 3555 in
2420 3517 2652 3556 summo
2685 3503 2958 3572 pontilice

1305 3598 1632 3654 cernentes.
1650 3592 1722 3648 Hi
1751 3589 1950 3658 simul,
1973 3594 2082 3646 etc.
2101 3588 2435 3645 Laudabilis
2466 3589 2844 3645 Potentianus
2865 3608 2957 3662 ge-

1307 3701 1450 3742 nere
1477 3685 1905 3739 tormentorum
1928 3678 2078 3734 ultro
2109 3694 2370 3748 currens,
2391 3678 2502 3732 fide
2523 3679 2764 3732 tandem
2788 3680 2955 3734 robo-

1308 3777 1478 3830 ratus
1493 3770 1554 3827 in
1575 3768 2115 3834 Christo,cervicem
2135 3768 2369 3840 praebet,
2386 3766 2646 3822 animam
2670 3768 2958 3839 sanguine

1307 3861 1609 3918 laureatas
1637 3857 1882 3915 Domino
1915 3857 2181 3913 reddens.
2215 3856 2440 3927 Corpus
2470 3856 2618 3926 ejus,
2655 3855 2856 3910 bestiis
2901 3861 2960 3912 et

1311 3949 1516 4008 avibus
1547 3947 1898 4021 expositum,
1930 3945 2054 4002 sola
2083 3945 2183 4002 Dei
2218 3943 2580 4017 providentia
2631 3945 2959 4017 permansit

1310 4039 1616 4096 intactum.
1647 4035 1941 4100 Animam,
1975 4038 2084 4090 etc.
2117 4031 2424 4090 Gloriosus
2454 4031 2677 4087 athleta
2726 4033 2956 4088 Domini

1307 4125 1660 4184 Savinianus
1708 4123 1986 4197 pontifex,
2012 4121 2258 4178 feliciter
2297 4138 2404 4193 pro
2455 4119 2683 4176 Christo
2742 4122 2958 4178 multos

1307 4231 1525 4289 agones
1553 4230 1887 4287 perpessus,
1911 4211 2148 4268 tandem
2181 4226 2542 4282 paganorum
2577 4227 2874 4278 mucrone,
2895 4216 2960 4267 ut

1307 4303 1406 4360 diu
1419 4303 1772 4376 optaverat,j
1783 4298 2010 4372 ugulari
2038 4316 2152 4355 non
2181 4299 2477 4366 differens,
2493 4299 2668 4355 rebus
2681 4299 2958 4357 humanis

1305 4395 1611 4465 exemptus
1641 4391 1713 4447 ad
1744 4389 2014 4445 laborum
2045 4387 2284 4460 praemia
2325 4387 2690 4460 demigravit.
2723 4389 2958 4444 Accitus

1306 4496 1563 4552 namque
1588 4479 1648 4534 in
1670 4495 1875 4535 eorum
1905 4475 2198 4550 pestilenti
2215 4475 2480 4543 concilio,
2495 4493 2560 4532 ac
2581 4475 2812 4548 capitali
2831 4494 2959 4532 sen-

1306 4568 1489 4627 tentia
1516 4569 1876 4640 dampnatus
1909 4583 2013 4638 pro
2044 4565 2294 4632 Christo,
2328 4565 2527 4634 rebus,
2559 4571 2671 4622 etc.

1377 4656 1422 4714 Ο
1451 4656 1592 4714 felix
1622 4660 1679 4710 et
1707 4655 1888 4728 digna
1939 4653 2112 4710 laude
2159 4658 2498 4710 sanctorum
2549 4659 2961 4710 momentanea

1307 4745 1524 4819 passio,
1565 4745 1716 4800 facta
1762 4743 2036 4798 ﬁdelibus
2087 4741 2319 4832 populis
2368 4741 2577 4832 salutis
2630 4743 2956 4832 reparatio!
2992 4768 3039 4832 Ι)

1306 4835 1526 4892 Ενονω.
1557 4837 1731 4888 Beato
1763 4831 2076 4888 Saviniano
2106 4829 2442 4904 gratulante
2473 4830 2531 4886 in
2583 4831 2822 4887 milibus
2854 4849 2956 4904 p0-

1307 4921 1432 4995 puli
1464 4920 1539 4978 ad
1591 4919 1888 4994 baptisma
1933 4918 2391 4992 pervolantibus,
2425 4921 2636 4992 anguis
2681 4925 2957 4978 veternus

1311 5007 1615 5065 ministros
1623 5006 1836 5065 erroris
1851 5007 1944 5064 sui
1964 5005 2026 5063 in
2038 5009 2307 5064 sanctum
2317 5006 2642 5064 antistitem
2663 5007 2954 5067 excitavit.

3068 3501 3284 3571 scripta
3313 3505 3452 3555 sunt
3485 3499 3540 3554 in
3585 3499 3759 3555 czelis.
3794 3501 4013 3557 Evovm.
4045 3507 4091 3558 Ο
4121 3501 4452 3560 clarissima
4507 3512 4738 3579 marty-

3068 3605 3198 3643 rum
3247 3605 3499 3660 gemma,
3529 3588 3857 3657 Saviniane,
3891 3590 4121 3647 veniam
4172 3592 4344 3648 nobis
4392 3592 4595 3650 obtine
4625 3599 4739 3651 tua

3066 3682 3270 3732 sancta
3302 3677 3734 3742 intercessione,
3752 3682 3806 3732 et
3831 3678 4071 3733 subveni
4105 3679 4164 3734 in
4187 3680 4488 3752 angustiis
4509 3684 4569 3736 et
4585 3684 4740 3738 afﬂi-

3066 3765 3275 3820 ctione.
3291 3765 3375 3820 Da
3395 3765 3584 3830 nobis,
3600 3771 3820 3837 martyr
3832 3765 3944 3836 pie,
3967 3765 4251 3824 auxilium
4269 3768 4742 3843 dequacumque

3067 3853 3534 3919 tribulatione,et
3563 3853 4040 3910 subveni.C|0ria
4060 3855 4213 3912 Patri
4247 3860 4306 3912 et
4336 3856 4482 3914 Filio
4505 3863 4564 3914 et
4597 3862 4737 3932 Spi-

3069 3943 3152 3999 tui
3187 3947 3407 3998 sancto.
3446 3943 3622 3997 llodie
3671 3942 3893 3998 athleta
3939 3943 4170 3999 Domini
4211 3944 4526 4017 gloriosus,
4562 3948 4740 4004 Savi-

3069 4031 3282 4087 nianus
3314 4030 3768 4102 pontifex,grata
3799 4032 4124 4089 amicorum
4155 4032 4426 4091 clientela
4451 4050 4742 4107 prosecu-

3068 4124 3184 4189 tus,
3215 4120 3284 4174 ad
3315 4118 3581 4174 laborum
3614 4136 3856 4175 suorum
3881 4120 4119 4194 praimia
4140 4121 4522 4194 demigravit;
4555 4126 4743 4197 cujus

3069 4208 3224 4280 apud
3255 4207 3438 4263 Deum
3463 4207 3558 4279 pia
3587 4208 3926 4266 intercessio
3959 4209 4225 4267 absolvat
4275 4227 4380 4267 nos
4429 4211 4503 4268 ab
4555 4214 4733 4270 omni

3069 4295 3323 4368 periculo
3344 4295 3356 4350 l
3392 4297 3611 4351 Evovze.

3139 4383 3358 4440 Celebri
3391 4383 3633 4439 laudum
3657 4384 3849 4455 jubilo
3880 4384 4282 4458 persolvamus
4311 4386 4455 4444 odas
4470 4387 4736 4466 Christo,

3069 4477 3435 4528 recensentes
3447 4471 3766 4542 gloriosum
3781 4473 4073 4529 Saviniani
4091 4473 4440 4546 trophzeum,
4453 4476 4505 4547 ej
4516 4478 4736 4534 usdem

3071 4578 3302 4633 quoque
3349 4559 3629 4616 clientum
3681 4561 4039 4634 triumphale
4089 4562 4416 4635 tripudium
4508 4563 4738 4621 horum

3071 4655 3330 4721 precatu,
3372 4649 3564 4704 czelico
3624 4666 3738 4721 quo
3800 4651 4067 4706 fruamur
4117 4649 4407 4706 subsidio.
4439 4651 4738 4726 Egregius

3070 4739 3464 4811 triumphator
3529 4739 3880 4795 Savinianus
3942 4756 4076 4795 cum
4148 4743 4379 4796 caterva
4422 4741 4734 4800 sociorum

3072 4827 3380 4885 tormentis
3414 4827 3766 4899 insequitur,
3800 4829 3987 4899 capite
4019 4827 4295 4900 plectitur
4322 4846 4339 4898 ;
4371 4829 4594 4902 quibus
4624 4850 4734 4888 sn-

3072 4916 3308 4990 peratis,
3342 4916 3604 4974 exultant
3633 4916 3758 4973 sine
3789 4918 3904 4973 fine
3935 4917 3992 4972 in
4025 4922 4340 4990 conspectu
4363 4917 4485 4974 Dei.

2159 5156 2348 5214 FINIS
2385 5157 2613 5216 HUJUS
2651 5157 2905 5218 OPERIS
2941 5161 3036 5221 ET
3073 5157 3476 5218 ADMONITIO
3517 5156 3845 5214 LECTORI.

1387 5277 1716 5366 {lucterenet
1745 5280 2132 5366 gubernatore
2178 5281 2314 5351 Deo,
2347 5281 2524 5352 hunc,
2558 5282 2695 5340 licet
2736 5285 2973 5366 vigente
3017 5285 3277 5366 ingenio,
3310 5283 3672 5366 tamen‘jam
3721 5281 4009 5366 caligante
4056 5282 4224 5366 oculo
4268 5287 4326 5339 et
4371 5283 4734 5358 frigescente

1321 5346 1587 5418 artiCulo,
1613 5346 1830 5407 libru'm
1851 5351 2196 5409 Odorannus
2225 5346 2384 5426 paene
2413 5346 2836 5428 sexagenarqu
2852 5346 3118 5422 exaravit
3136 5346 3479 5414 monachus.
3511 5346 3628 5411 Vos
3658 5353 3760 5427 qui
3785 5346 4000 5427 legitis,
4029 5351 4191 5412 orate
4223 5371 4330 5428 pro
4368 5346 4459 5412 eo:
