4954 6428
1346 468 1461 534 881

2271 471 2339 535 S.
2383 471 2742 536 ODlLONIS
2786 471 3347 537 GLUNIACENSIS
3393 475 3720 540 ABBATIS
3764 477 3842 542 ν.

1350 672 4756 704 Ἥ

2702 855 2868 902 ΑΙ(Νο
2911 856 3123 903 υοιιιει
3166 858 3378 903 IXLIX.

1941 1032 3146 1234 SANCTUS
3317 1034 4154 1238 ODILO

2416 1339 2645 1396 ABBAS
2683 1338 3190 1395 CLUNIACENSIS
3229 1339 3559 1402 QUINTUS.

2011 1615 2367 1706 SANGTI
2427 1616 2892 1706 ODILONIS
2951 1616 3386 1706 ELOGIL‘M
3451 1613 4060 1706 HISTORIGUM

2575 1813 2944 1876 AUCTORE
2989 1811 3491 1873 MABILLONIO.

2110 1992 2270 2065 (Acta
2297 1995 2644 2049 Sane/orum
2672 1990 2896 2047 ordinis
2923 1993 2982 2046 S.
3017 1988 3248 2057 Bened.,
3273 1986 3474 2044 Szeculi
3508 1988 3603 2055 Vl,
3641 2003 3770 2060 pag.
3801 1989 3954 2056 631.)

1863 2293 1908 2347 1.
1949 2291 2090 2348 Viue
2115 2289 2466 2360 Scriptores.

1409 2381 1461 2439 4.
1521 2381 1684 2447 Quod
1741 2380 2028 2454 superiori
2083 2379 2294 2435 sazculo
2343 2380 2413 2436 de
2472 2383 2724 2451 quatuor
2781 2378 2985 2450 primis

1338 2471 1675 2529 monasterii
1707 2468 2428 2526 Cluniacensisabbatibus
2447 2469 2710 2532 fecimus,
2731 2468 2823 2524 hic
2841 2486 2983 2540 quo-

1337 2576 1452 2634 que
1481 2577 1516 2616 a
1545 2559 1717 2616 nobis
1747 2559 1806 2614 in
1839 2557 1993 2614 beati
2023 2557 2288 2613 Odilonis
2319 2559 2566 2628 gratiam
2589 2557 2982 2629 prmstandum

1339 2653 1449 2717 est,
1484 2655 1547 2704 ut
1567 2647 1792 2704 scilicet
1817 2650 2023 2718 praeter
2033 2645 2226 2702 Vitam
2240 2647 2368 2716 ejus
2384 2647 2456 2701 ab
2473 2646 2732 2718 antiquis
2749 2645 2985 2718 scripto-

1342 2738 1510 2794 ribus
1537 2739 1854 2803 exaratam,
1887 2751 2011 2806 qua:
2043 2734 2190 2790 tanti
2221 2735 2324 2790 viri
2360 2741 2524 2806 gesta
2555 2754 2667 2790 non
2703 2736 2843 2791 satis
2887 2753 2982 2790 ex-

1343 2825 1531 2900 ponit,
1560 2823 1816 2896 elogium
1844 2823 2035 2895 ipsius
2066 2840 2178 2880 non
2209 2823 2398 2881 solum
2430 2842 2497 2880 ex
2511 2825 2981 2896 antiquisaucto-

1341 2915 1528 2972 ribus.
1561 2913 1663 2970 sed
1693 2911 1966 2972 etiam.ex
1995 2913 2169 2968 variis
2198 2913 2415 2970 chartis
2443 2927 2513 2968 ex
2555 2913 2809 2970 archivio
2847 2913 2982 2968 Clu-

1341 3001 1602 3059 niacensi
1630 3001 2011 3074 depromptis,
2043 3000 2290 3073 aliisque
2319 3001 2979 3058 veteribusinstrumenv

1339 3092 1419 3150 tis
1449 3095 1841 3150 contexamus.
1867 3091 1984 3147 Hoc
2013 3090 2170 3146 enim
2193 3096 2362 3163 pacto
2392 3092 2537 3147 tanti
2568 3091 2673 3146 viri
2699 3091 2981 3164 praeclara;

1339 3180 1598 3238 actiones
1625 3178 1854 3236 facilius
1896 3184 1952 3234 et
1994 3179 2328 3235 accuratius
2375 3179 2979 3251 repraesentabuntur;

1337 3286 1443 3327 nec
1467 3268 1686 3342 parum'
1725 3267 2026 3324 conferent
2070 3272 2157 3324 tot
2186 3267 2432 3338 antiqua
2481 3272 2864 3323 monumenta
2911 3268 2983 3323 ad

1335 3357 1748 3415 illustrandam
1781 3355 2008 3414 ordinis
2031 3357 2339 3413 monastici
2373 3357 2549 3428 hujus
2579 3356 2777 3414 saeculi
2799 3356 2980 3413 histo-

1333 3463 1505 3505 Γιᾶω.

1403 3531 1460 3583 2.
1491 3527 1578 3582 Ab
1608 3525 1682 3582 iis
1731 3525 1832 3598 qui
1882 3526 2034 3581 beati
2079 3525 2310 3582 abbatis
2356 3543 2448 3582 res
2493 3532 2688 3600 gestas
2735 3526 2981 3597 posteris

1337 3612 1620 3672 mandare
1648 3617 2020 3680 curaverunt,
2054 3614 2355 3670 exordium
2386 3615 2680 3670 ducimus.
2705 3615 2864 3670 Duos
2887 3613 2983 3668 ha-

1337 3702 1468 3760 buit
1493 3701 1637 3757 Vita:
1667 3718 1788 3760 sua)
1818 3701 2128 3774 scriptores
2148 3703 2468 3776 praecipuos
2499 3709 2743 3760 sanctue
2789 3701 2976 3770 Odilo,

1337 3789 1671 3849 Jotsaldum
1703 3787 1923 3845 scilicet
1952 3794 2008 3846 et
2035 3791 2270 3848 Petrum
2302 3792 2570 3848 Damiani
2599 3792 2978 3860 cardinalem,

1339 3883 1660 3950 utrumque
1687 3876 1802 3951 ipsi
1833 3877 2132 3950 aequalem.
2165 3879 2490 3947 Jotsaldus,
2523 3880 2606 3936 sic
2653 3881 2813 3937 enim
2844 3898 2979 3937 eon-

1339 3970 1563 4026 stanter
1591 3965 1808 4023 habent
1834 3965 2058 4040 antiqui
2090 3967 2343 4036 codices,
2361 3985 2698 4040 quanquam
2729 3970 2786 4024 in
2808 3969 2980 4025 editis

1337 4051 1638 4112 nonnullis
1693 4055 1972 4112 mendose
2018 4056 2329 4113 Lotsaldus
2375 4057 2628 4129 scriptus
2666 4057 2980 4128 invenitur,

1338 4143 1566 4217 primus
1593 4142 1736 4198 Vita
1768 4143 2038 4215 scriptor,
2070 4143 2398 4202 monachus
2428 4145 2538 4201 fuit
2585 4145 2980 4204 Cluniacensis

1336 4236 1395 4290 et
1420 4232 1577 4289 beati
1627 4231 1894 4288 Odilonis
1942 4231 2295 4303 discipulus,
2341 4234 2513 4306 cujus
2546 4234 2625 4290 rei
2666 4241 2874 4292 testem
2920 4253 2982 4292 so

1337 4321 1464 4394 ipse
1492 4319 1724 4376 exhibet
1752 4320 1812 4376 in
1839 4320 2036 4392 operis
2059 4321 2418 4392 prmfatione,
2431 4322 2532 4378 ubi
2549 4339 2610 4380 se
2628 4326 2821 4396 magni
2839 4326 2982 4384 0di-

1334 4410 1478 4467 lom’s
1505 4409 1790 4466 nutritum
1821 4409 2680 4485 magisterio,informammque
2709 4413 2984 4486 beneﬁcio

1337 4497 1518 4556 fuisse
1545 4497 1874 4572 proﬁtetur.
1909 4502 1965 4554 Is
1995 4496 2120 4570 ipse
2151 4503 2260 4566 est,
2290 4499 2402 4556 nisi
2453 4501 2644 4570 fallor,
2683 4505 2978 4572 Josaldus,

1333 4604 1490 4644 unus
1517 4604 1550 4644 e
1579 4586 1840 4659 quinque
1857 4585 2158 4644 monachis
2170 4588 2271 4661 qui
2287 4605 2420 4646 cum
2438 4589 2681 4648 0dilone
2700 4593 2911 4648 abbate
2926 4597 2984 4648 et

1335 4675 1585 4733 Roberto
1614 4675 1806 4749 priore
1835 4675 2051 4732 chartae
2067 4676 2326 4733 Girbaldi
2345 4679 2656 4750 cujusdam
2671 4698 2824 4737 anno
2847 4683 2983 4738 1032

1333 4765 1726 4838 subscripisse
1755 4765 2064 4839 reperitur.
2081 4766 2360 4823 Josaldus
2391 4767 2530 4824 item
2549 4773 2604 4824 et
2621 4769 2982 4827 Joserannus

1333 4855 1542 4910 fratres
1569 4853 1954 4910 nominantur
1983 4853 2042 4910 in
2074 4854 2278 4912 charta
2307 4857 2586 4912 Bernardi
2621 4862 2678 4914 et
2705 4860 2862 4925 Adin,
2883 4877 2981 4915 eo-

1333 4959 1467 5000 rum
1497 4941 1680 5015 patris
1709 4946 1768 4998 et.
1796 4942 2024 5011 matris,
2057 4960 2185 5015 quae
2240 4950 2520 5018 regnante
2565 4947 2814 5003 Roberto
2844 4965 2978 5003 con-

3010 3664 3058 3729 B

3014 2296 3066 2363 Α
3096 2284 3175 2339 ita
3207 2283 3568 2354 incognitum
3603 2281 3762 2346 latet,
3795 2285 3856 2336 ut
3889 2299 4058 2336 nemo
4091 2281 4377 2338 hactenus
4417 2287 4523 2340 aut
4551 2285 4748 2358 ipsum

3094 2372 3324 2436 viderit,
3359 2377 3461 2426 aut
3493 2370 3796 2425 laudatum
3830 2387 4081 2442 usquam
4125 2371 4426 2427 invenerit.
4480 2372 4749 2448 Denique

3092 2460 3424 2518 Jotsaldum
3456 2460 3727 2513 abbatem
3761 2459 4642 2534 habemus,eujusepitaphium
4665 2464 4750 2520 le-

3092 2550 3250 2620 gitur
3279 2548 3544 2603 exteriori
3581 2565 3747 2603 muro
3776 2547 3985 2602 veteris
4039 2548 4294 2604 ecclesia:
4345 2552 4532 2606 sancti
4587 2552 4744 2609 Petri

3092 2637 3494 2694 Cluniacensis
3523 2638 3762 2691 afﬁxum
3796 2637 3906 2692 sub
3938 2636 4557 2709 hisverbiszllicjaoel
4575 2640 4744 2697 dom-

3093 2743 3198 2782 nus
3223 2726 3492 2784 Josaldu:
3522 2727 3715 2780 abbas.
3774 2725 3880 2780 Sed
3924 2741 3998 2778 an
4049 2723 4143 2779 his
4171 2723 4230 2780 in
4279 2725 4557 2784 omnibus
4615 2745 4746 2784 mo-

3093 2813 3390 2870 numentis
3423 2831 3574 2868 unus
3606 2817 3664 2868 et
3695 2812 3846 2866 idem
3878 2811 4148 2867 laudetur
4173 2813 4526 2884 Jodsaldus;
4551 2832 4628 2872 an
4650 2816 4750 2872 di-

3091 2904 3240 2958 versi
3273 2904 3536 2974 ejusdem
3570 2900 3824 2958 nominis
3847 2901 3950 2956 viri
3979 2900 4641 2976 designentur,prorsus
4658 2913 4751 2963 est

3092 2993 3404 3049 incertum.

3161 3083 3214 3137 3.
3251 3081 3423 3137 Porro
3467 3082 3643 3135 vitam
3689 3079 3874 3135 sancti
3925 3078 4190 3136 Odilonis
4219 3097 4254 3136 a
4281 3079 4550 3140 Jotsaldo
4597 3085 4755 3141 seri-

3093 3175 3274 3243 ptam,
3309 3187 3409 3225 seu
3433 3169 3626 3242 potius
3647 3169 3776 3240 ejus
3805 3168 4201 3240 fragmentum
4217 3171 4478 3229 Andreas
4491 3174 4753 3232 Duches-

3094 3259 3228 3314 nius
3255 3258 3311 3313 in
3345 3258 3672 3331 Appendice
3725 3257 3795 3312 ad
3839 3257 4252 3316 Bibliothecam
4295 3259 4750 3321 Cluniacensem

3091 3348 3204 3403 sub
3262 3347 3546 3419 Anonymi
3597 3345 4031 3403 Silviniacensis
4082 3347 4338 3416 nomine,
4387 3355 4445 3406 et
4483 3350 4752 3412 Joannes

3093 3434 3410 3492 Bollandus
3441 3435 3534 3491 die
3563 3439 3597 3490 2
3625 3434 3912 3491 Januarii.
3947 3435 4277 3492 ediderunt.
4325 3437 4435 3494 Sed
4469 3455 4605 3498 eam
4636 3459 4752 3499 nos

3092 3525 3186 3581 hic
3215 3525 3558 3580 exhibemus
3590 3523 3877 3595 integram
3909 3540 3978 3578 ex
4007 3525 4205 3581 codice
4228 3543 4338 3583 ms.
4372 3525 4750 3587 bibliotheca:

3089 3613 3401 3678 Thuanem,
3451 3629 3627 3683 quem
3678 3629 3741 3666 se
3771 3611 3985 3667 vidisse
4032 3616 4283 3668 testatur
4326 3613 4658 3674 Cbifiletius
4687 3619 4750 3676 in

3089 3700 3531 3775 probationibus
3581 3700 4063 3756 Trenorchiensis
4115 3700 4404 3758 Historiae.
4463 3703 4750 3764 Eamdem

3088 3790 3405 3845 habuimus
3437 3806 3506 3844 ex
3534 3789 3766 3844 duobus
3798 3787 3930 3845 aliis
3961 3788 4260 3848 codicibus
4284 3807 4428 3860 mss,
4468 3809 4590 3849 uno
4627 3795 4752 3851 Cri-

3089 3877 3371 3950 speiensis
3429 3877 3791 3943 monasterii,
3842 3877 4026 3934 altero
4095 3883 4308 3936 nostra:
4377 3880 4750 3941 bibliothecae

3089 3967 3280 4024 sancti
3309 3968 3580 4023 Germani
3615 3985 3649 4022 a
3678 3966 3885 4022 Pratis.
3920 3970 4202 4023 Ceterum
4234 3965 4392 4024 idem
4440 3968 4752 4029 Jotsaldus

3089 4072 3322 4112 carnem
3353 4054 3538 4111 edidit
3567 4055 3677 4110 sub
3703 4057 3973 4111 Planctus
4005 4053 4282 4123 titulo,de
4305 4057 4456 4113 beati
4479 4057 4752 4118 Odilonis

3088 4144 3271 4210 obitu,
3305 4145 3461 4216 quod
3491 4144 3715 4199 editum
3747 4149 3833 4199 est
3867 4145 3924 4199 in
3959 4143 4317 4202 Bibliotheca
4346 4145 4746 4206 Cluniacensi.

3087 4235 3160 4289 At
3181 4250 3316 4289 cum
3340 4231 3484 4288 nihil
3515 4232 3728 4288 habeat
3757 4232 3828 4288 ad
3863 4231 4218 4289 illustranda
4246 4233 4402 4290 beati
4450 4235 4564 4292 viri
4595 4244 4749 4305 acta,

3087 4321 3284 4394 ipsum
3315 4319 3585 4376 omittere
3613 4319 3804 4375 visum
3837 4324 3924 4376 est
3957 4323 4067 4392 (1);
4102 4321 4248 4378 satis
4273 4321 4351 4378 sit
4371 4321 4604 4396 aliquot
4624 4344 4752 4383 ver-

3088 4427 3191 4465 sus
3222 4409 3486 4482 seligere,
3517 4409 3574 4463 in
3609 4407 3824 4480 quibus
3856 4407 3939 4465 sic
3971 4409 4042 4465 de
4073 4408 4317 4466 0dilone
4345 4413 4403 4467 et
4445 4412 4748 4472 Willelmo

3089 4496 3419 4554 Divioncnsi
3453 4497 3663 4553 abbate
3695 4496 3871 4552 canit.

3154 4585 3365 4635 Hisdem
3397 4585 3626 4634 decessit
3654 4584 3951 4634 Willelmus
3982 4584 4117 4634 forte
4150 4585 4400 4637 Kalendis

3151 4650 3376 4708 Magnus
3407 4651 3458 4696 et
3487 4649 3599 4710 ipse
3621 4649 3776 4710 Pater
3801 4647 4189 4697 monachorum
4221 4649 4592 4701 Divionensis:

3156 4711 3216 4776 lli
3247 4710 3462 4776 [perant
3489 4709 3737 4776 monachi
3766 4711 3942 4760 Maioli
3973 4711 4210 4774 denique
4241 4713 4430 4776 sancti.

3153 4773 3273 4836 Uno
3298 4773 3550 4836 ﬂorentes
3580 4773 3634 4822 in
3663 4776 3924 4836 tempore,
3948 4773 4175 4836 corpore
4205 4774 4428 4835 mundo,

3152 4834 3319 4899 Unius
3349 4837 3401 4883 et
3429 4834 3570 4894 ﬁdei,
3601 4848 3744 4899 verm
3775 4834 3988 4899 pietatis
4018 4834 4194 4899 amici.

3149 4897 3334 4968 {ungit
3357 4901 3614 4968 utrosque
3643 4897 3792 4959 ﬁdes,
3823 4897 4028 4968 similes
4056 4897 4298 4968 habuere
4325 4912 4604 4950 recessus:

3151 4959 3324 5008 Gloria
3352 4972 3462 5008 non
3492 4959 3692 5022 dispar,
3724 4959 3966 5009 eamdem
3997 4961 4350 5024 sequiturque
4379 4975 4609 5013 corona.

1332 5031 1621 5122 {ecta-est.-
1653 5031 1934 5122 Prazterea
1961 5031 2232 5122 Josaldus
2262 5035 2526 5090 notarius
2557 5035 2850 5108 plerisque
2885 5055 2976 5094 ar—
3007 5033 3049 5099 C
3089 5046 3392 5104 0dilonem
3426 5048 3484 5102 in
3519 5048 3633 5103 [ine
3662 5047 3942 5104 carminis
3973 5052 4244 5122 precatur
4269 5048 4524 5106 utsuiac
4556 5051 4750 5108 Alma-

1333 5117 1508 5177 chivii
1565 5117 1966 5176 Cluniacensis
2012 5119 2183 5178 istius
2228 5124 2513 5196 temporis
2560 5125 2981 5198 subscripsisse

1331 5206 1568 5280 legitur,
1589 5222 1764 5279 quem
1786 5223 1822 5262 a
1840 5211 2038 5264 nostro
2057 5209 2238 5267 alium
2257 5229 2388 5268 esse
2409 5229 2526 5268 non
2548 5219 2845 5285 putamus.
2873 5215 2980 5279 Qui

1333 5301 1393 5352 et
1421 5295 1577 5351 idem
1604 5293 1832 5351 videtur
1859 5312 1987 5352 esse
2013 5298 2287 5356 Josaldus
2330 5301 2390 5356 in
2433 5300 2690 5358 indiculo
2718 5308 2980 5360 veterum

1333 5383 1619 5440 librorum
1641 5380 2039 5442 Cluniacensis
2084 5389 2418 5444 monasterii
2450 5390 2813 5447 bibliothecae
2858 5410 2979 5450 me-

1336 5477 1619 5540 moratus,
1654 5470 1752 5528 ubi
1782 5472 1995 5529 dicitur
2023 5473 2321 5530 calamum
2369 5479 2648 5536 adversus
2697 5482 2976 5554 Berenga-

1335 5561 1488 5618 rium
1547 5559 1995 5618 haresiarcham
2052 5559 2376 5632 strinxisse,
2430 5571 2690 5640 tempore
2747 5570 2977 5627 Henriei

1336 5651 1693 5708 Francorum
1723 5650 1907 5722 regis;
1941 5654 2001 5706 at
2029 5648 2249 5706 excidit
2276 5651 2430 5710 istud
2462 5672 2632 5728 opus,
2686 5662 2789 5714 aut
2827 5663 2979 5716 certe

1405 5741 1480 5814 (l)
1509 5745 1761 5795 Carmen
1793 5737 2089 5810 integrum
2120 5736 2331 5799 damus
2351 5743 2522 5800 infra.
2547 5746 2701 5802 Enrr.
2736 5746 2977 5804 Peraea.

3091 5135 3172 5191 nii
3204 5152 3428 5192 memor
3456 5136 3534 5191 sit
3564 5135 3720 5208 apud
3752 5135 3957 5192 Deum.
3991 5135 4119 5192 Alm
4131 5135 4302 5193 anius
4319 5142 4521 5194 autem
4543 5138 4642 5196 hic
4660 5144 4748 5196 est

3089 5225 3335 5280 fortasse
3393 5224 3518 5298 ipse
3577 5224 3672 5280 cui
3703 5229 3760 5279 et
3788 5225 4018 5298 Hugoni
4077 5224 4243 5280 Odilo
4299 5224 4499 5282 Vitam
4557 5228 4742 5285 sancti

3090 5311 3285 5369 Maioli
3317 5317 3777 5386 nuncupaverat.
3830 5314 3975 5369 Eum
4004 5313 4160 5370 enim
4209 5313 4634 5372 charissimam
4665 5316 4740 5371 ibi

3090 5401 3328 5458 fratrem
3361 5401 3638 5475 appellat,
3669 5418 3845 5473 quem
3877 5401 4068 5458 virum
4098 5402 4424 5459 litteratum
4465 5403 4651 5462 fuisse
4676 5421 4742 5461 ex

3088 5503 3156 5543 eo
3185 5493 3363 5559 patet,
3394 5489 3549 5560 quod
3584 5487 3753 5544 illum
3776 5490 4152 5561 etllugonem
4165 5494 4350 5564 rogat,
4367 5490 4496 5550 utsi
4519 5493 4663 5564 quid
4681 5492 4737 5546 in

3089 5574 3196 5630 hac
3223 5575 3356 5634 Vita
3384 5593 3502 5633 non
3561 5581 3712 5633 recte
3771 5576 3994 5634 dictum
4035 5583 4384 5645 occurreret,
4420 5581 4731 5637 emendare

3085 5662 3291 5721 velint.
