4954 6454
695 463 801 527 833
818 459 831 466 ’

754 595 895 643 (Milo
919 592 1029 656 jam
1058 592 1257 656 valeas,
1285 591 1502 656 Jotsaldi
1528 591 1637 654 jam
1670 605 1877 640 memor
1907 596 2041 648 esto,

754 655 1060 718 Atmanique
1089 655 1167 703 tui
1196 655 1332 703 votis
1360 655 1446 717 pie
1477 668 1686 717 semper
1711 656 1894 704 adesto

760 756 810 809 4.
840 752 995 809 Alter
1024 751 1178 807 beati
1210 750 1475 807 Odilonis
1495 751 1640 807 Vitae
1673 752 1920 825 scriptor
1946 752 2055 807 fuit
2084 754 2322 807 sanctus

697 846 890 899 Petrus
923 838 1206 908 Damiani,
1236 839 1886 913 cardinalis,episcopus
1915 840 2325 909 Ostiensis,vir

694 930 776 986 vel
807 944 910 985 suo
936 927 1174 983 nomine
1204 926 1348 983 satis
1378 928 1643 984 celebris.
1677 930 1838 995 Quod
1870 930 2323 1001 opus,hortante

699 1019 925 1090 Hugone
953 1016 1163 1071 abbate
1199 1016 1352 1071 beati
1398 1015 1659 1072 Odilonis
1703 1033 2055 1086 successore,
2089 1034 2323 1091 aggres-

697 1124 793 1164 sus
821 1112 926 1172 est,
948 1108 1014 1160 ut
1037 1121 1167 1177 quae
1200 1105 1259 1160 in
1292 1105 1466 1177 priori
1497 1105 1628 1161 Vita
1659 1106 1848 1162 fusius
1877 1108 2319 1176 enarrabuntur,

697 1193 993 1268 superﬂuis
1035 1193 1296 1259 resectis,
1329 1194 1802 1266 compendiosius
1850 1195 2104 1251 referret.
2136 1195 2319 1264 Unde,

696 1300 820 1339 cum
850 1280 994 1337 nihil
1034 1281 1094 1335 in
1143 1281 1252 1336 hac
1303 1282 1607 1354 posteriori
1656 1282 1789 1338 Vita
1836 1282 2120 1338 habeatur
2167 1284 2322 1355 quod

694 1370 994 1427 Jodsaldus
1023 1374 1199 1425 antea
1243 1386 1356 1425 non
1390 1370 1666 1435 retulerit,
1701 1371 1888 1425 visum
1937 1376 2026 1427 est
2070 1372 2320 1444 priorem

696 1460 968 1517 sufﬁcere.
1000 1459 1071 1514 Et
1102 1458 1364 1530 quidem,
1399 1458 1526 1531 ipso
1556 1462 1863 1515 attestante
1897 1460 2161 1526 Baronio,
2192 1461 2325 1515 Vita

695 1548 805 1602 haec
828 1548 1110 1619 pertenuis
1141 1554 1239 1613 est,
1272 1546 1533 1618 longeque
1562 1549 1744 1619 impar
1768 1549 1980 1603 meritis
2027 1550 2168 1604 tanti
2193 1550 2318 1603 viri.

694 1635 748 1692 Si
775 1639 964 1690 tamen
996 1635 1055 1689 in
1089 1651 1159 1691 ea
1190 1634 1413 1706 aliquid
1441 1635 1841 1692 observatione
1863 1637 2104 1708 dignum
2128 1654 2326 1692 occur-

694 1723 842 1790 rerit,
874 1721 981 1778 hoc
1007 1722 1229 1795 ipsum,
1261 1722 1398 1777 data
1436 1722 1757 1791 occasione,
1792 1724 1851 1779 in
1901 1723 2086 1796 elogio
2135 1730 2233 1780 aut
2262 1725 2322 1779 in

694 1816 836 1866 notis
892 1811 963 1865 ad
1008 1810 1254 1866 alteram
1305 1809 1495 1865 Vitam
1546 1812 1926 1883 proferemus.
1962 1813 2170 1868 Praeter
2216 1813 2324 1869 hos

649 1957 656 1965 ,
700 1898 826 1953 Vitae
856 1898 1170 1970 scriptores
1195 1898 1364 1953 multi
1407 1897 1503 1953 alii
1536 1900 1688 1953 beati
1719 1899 1982 1956 Odilonis
2013 1916 2103 1955 res
2128 1905 2322 1973 gestas

695 1986 914 2058 scriptis
948 1987 1074 2041 suis
1106 1986 1498 2054 celebrarunt,
1532 2003 1803 2058 quorum,
1833 1993 1935 2043 aut
1976 1994 2128 2043 certe
2176 1988 2322 2044 cele—

695 2073 1146 2139 briorum,verba
1176 2074 1299 2129 suis
1331 2075 1472 2130 locis
1502 2077 2079 2148 pro.opportunitate
2123 2076 2181 2131 in
2213 2077 2323 2132 hu-

688 2163 781 2233 jus
807 2161 974 2235 elogii
1006 2163 1259 2218 decursu
1291 2163 1504 2219 referre
1526 2181 1640 2218 non
1662 2164 2323 2220 omittemus.llabemus

695 2253 859 2307 etiam
887 2269 1002 2324 pra":
1035 2252 1312 2308 manibus
1357 2269 1685 2308 sermonem
1733 2253 2010 2325 Anonymi
2060 2254 2128 2308 de
2171 2254 2322 2309 beati

695 2339 941 2397 Odilonis
968 2341 1268 2405 laudibus,
1301 2358 1369 2395 ex
1400 2342 1595 2408 cedjce
1627 2358 1737 2396 ms.
1773 2342 2107 2396 monasterii
2157 2341 2322 2396 Silvi-

697 2428 972 2485 niacensis
1002 2429 1386 2501 descriptum.
1421 2430 1531 2484 Sed
1562 2446 1695 2484 cum
1727 2430 1873 2485 nihil
1916 2430 2127 2485 habeat
2150 2431 2221 2485 ad
2256 2429 2323 2483 il-

695 2514 1046 2573 lustrandam
1077 2518 1226 2572 tanti
1250 2518 1356 2573 viri
1388 2518 1915 2590 historiam,ipsum
1947 2518 2213 2574 omittere
2242 2517 2323 2573 vi-

694 2622 815 2661 sum
845 2610 951 2662 est.

928 2712 997 2767 H.
1031 2713 1194 2767 Beati
1222 2712 1465 2768 Odilonis
1510 2714 1694 2784 patria
1722 2716 1774 2767 et
1798 2723 2074 2785 parentes.

756 2800 806 2854 5.
841 2799 1150 2856 Odilonem
1185 2801 1373 2872 patria
1399 2803 1719 2856 Arvernum
1753 2801 1931 2859 fuisse
1975 2818 2177 2858 omnes
2211 2820 2325 2858 uno

694 2904 783 2943 ore
811 2886 1270 2960 fatentur,quem
1286 2886 1508 2943 enobili
1531 2889 1935 2944 Merceriorum
1960 2888 2180 2945 familia
2203 2906 2328 2963 pro-

695 2975 861 3032 diisse
886 2976 1111 3049 vulgati
1160 2981 1425 3032 auctores
1473 2977 1767 3032 affirmant
1800 2995 1812 3033 :
1849 2983 1905 3033 et
1936 2977 2169 3049 quidem
2211 2995 2325 3034 non

693 3064 894 3120 desunt
909 3066 981 3121 ad
1010 3065 1069 3121 id
1096 3065 1461 3137 probandum
1485 3064 1745 3138 legitima
1771 3066 2326 3138 argumentaJlujus

694 3153 767 3208 rei
822 3153 1228 3225 probationem
1285 3153 1450 3208 affert
1503 3155 1762 3209 Andreas
1815 3154 2201 3220 Duchesnius,
2241 3156 2328 3210 vir

696 3242 1086 3312 doctissimus,
1108 3242 1175 3297 in
1208 3243 1360 3298 notis
1390 3242 1462 3297 ad
1496 3242 1683 3315 ipsius
1705 3242 1897 3298 Vitam
1920 3244 1977 3298 in
1999 3243 2327 3316 Appendice

2187 458 2567 523 ELOGIUM.

2353 595 2401 659 Α
2437 593 2520 664 git
2550 593 2803 655 Petrum,
2837 593 3094 663 ejusdem
3149 594 3317 650 tanta?
3373 595 3756 653 recordationis
3807 600 4070 671 Stephani

3948 448 4069 530 834

2431 684 2665 752 episcopi
2694 686 2958 752 nepotem
2992 686 3047 736 et
3077 681 3132 735 in
3175 683 3509 754 episcopatu
3560 701 3974 754 successm-em,
4010 690 4067 745 in

2432 770 2636 825 eodem
2667 769 2843 826 Voltze
2876 771 3229 826 monasterio
3261 787 3394 826 cum
3424 789 3528 826 suo
3574 758 4071 833 avunculoWuisse

2431 857 2751 929 sepultum.
2785 858 2863 912 De
2892 857 3071 913 Voltis
3105 859 3457 915 monasterio
3498 860 3740 917 inferius
3788 862 3955 934 plura
3984 865 4073 920 di-

2399 991 2403 996 .
2432 946 2820 1001 cemus.Certe
2852 945 3085 1001 beatum
3118 946 3420 1003 Odilonem
3451 965 3517 1003 ex
3546 948 3949 1007 illustrissima
3975 954 4075 1008 Ar-

2430 1050 2740 1090 vernorum
2773 1033 2994 1089 familia
3022 1035 3304 1107 originem
3336 1036 3582 1093 traxisse
3613 1038 3939 1095 observavit
3965 1040 4070 1096 Pe-

2430 1128 2559 1178 trus
2587 1122 2853 1179 Damiani
2902 1123 2960 1177 in
3009 1123 3196 1195 ipsius
3242 1123 3396 1189 Vita,
3426 1124 3524 1179 ubi
3573 1141 3708 1180 eum
3739 1142 3807 1182 ex
3837 1131 4075 1199 equestri

2428 1214 2651 1284 familia
2678 1227 2845 1283 genus
2874 1211 3093 1269 duxisse
3122 1216 3433 1269 asseverat.
3467 1213 3527 1268 Id
3560 1230 3795 1286 quoque
3824 1219 4076 1273 testatur

2430 1299 2751 1367 Jotsaldus,
2780 1300 2881 1355 ubi
2914 1300 2996 1356 ait
3025 1299 3332 1356 Beraldum
3364 1305 3749 1374 cognomento
3793 1302 4067 1376 Majorem,

2432 1387 2583 1443 beati
2610 1386 2871 1443 Odilonis
2903 1392 3146 1460 patrem,
3177 1387 3328 1442 inter
3354 1389 3640 1443 Arverniae
3672 1406 3939 1462 proceres
3966 1408 4071 1447 no-

2431 1475 2786 1531 bilissimum
2818 1475 3020 1543 fuisse,
3048 1476 3518 1547 possessionibus
3549 1480 3606 1531 et
3628 1482 3855 1535 terrena
3884 1484 4072 1553 potes-

2430 1568 2547 1619 tate
2578 1563 2971 1631 ditissimum;
3003 1567 3248 1619 matrem
3279 1580 3413 1619 vero
3434 1565 3772 1637 Girbergam
3796 1568 4067 1640 appellat,

2433 1669 2549 1707 non
2569 1652 2766 1706 minus
2786 1652 2995 1724 pietate
3011 1668 3188 1723 quam
3207 1651 3508 1707 nobilitate
3531 1653 4068 1728 pollentem,quam,

2431 1741 2703 1796 defuncto
2733 1740 2854 1796 viro
2886 1741 3283 1812 superstitem,
3316 1741 3817 1798 sanctimonialem
3858 1743 3917 1799 in
3952 1746 4073 1801 Au—

2431 1830 2855 1901 gustodunensi
2914 1830 3099 1884 sancti
3158 1829 3402 1884 Joannis
3459 1832 3814 1887 monasterio
3860 1832 4071 1889 factam

2435 1918 2613 1973 fuisse
2667 1918 2891 1973 scribit.
2925 1918 3152 1973 Fratres
3183 1917 3357 1972 etiam
3390 1921 3447 1972 et
3477 1918 3712 1989 quidem
3744 1921 4073 1994 complures

2432 2006 2638 2063 habuit
2667 2004 2960 2076 0dilo,sed
2988 2022 3190 2061 eorum
3218 2007 3458 2061 nomina
3488 2007 4070 2078 reticuitJotsaldus;

2431 2110 2687 2149 sororem
2717 2110 2850 2149 vero
2881 2094 3010 2164 ejus
3042 2093 3449 2149 Blitsemodem
3474 2094 3830 2152 abbatissam
3852 2096 4072 2166 laudat,

2432 2183 2533 2236 sed
2547 2182 2637 2237 cui
2655 2180 2752 2236 illa
2770 2182 3122 2236 monasterio
3142 2182 3752 2254 priefueritmusquam
3769 2186 4071 2257 expressit.

2501 2272 2555 2324 6.
2589 2273 2662 2324 At
2686 2269 2856 2341 plura
2886 2270 3168 2325 discimus
3198 2270 3269 2325 de
3299 2270 3449 2325 beati
3482 2270 3742 2328 Odilonis
3762 2273 3985 2330 familia
4006 2290 4075 2330 ex

2433 2359 2661 2413 duabus
2694 2358 2930 2423 chartis,
2962 2357 3023 2412 in
3050 2357 3267 2429 quibus
3297 2357 3420 2429 ipse
3451 2358 3538 2413 vir
3577 2364 3817 2417 sanctus
3864 2362 4072 2418 fratres

2434 2464 2592 2513 suos,
2627 2446 3054 2517 nonnullosque
3093 2463 3293 2501 eorum
3342 2446 3554 2503 liberos
3606 2452 3881 2506 recenset.
3913 2451 4076 2507 Prior

2433 2541 2523 2591 est
2551 2536 2736 2608 ipsius
2766 2534 3536 2606 Odilonis,qua,priusquam
3566 2542 3723 2592 veste
3753 2539 4075 2595 monastiea

2434 2622 3198 2695 indueretur,possessiones
3229 2622 3450 2694 aliquot
3472 2625 3823 2682 monasterio
3843 2626 4075 2683 Clunia-

2435 2713 2591 2767 censi
2623 2712 2995 2767 contuliLEst
3024 2712 3245 2783 absque
3277 2711 3412 2766 data
3440 2711 3499 2767 in
3529 2712 3819 2770 chartario
3850 2714 4077 2771 Clunia-

2435 2800 2771 2872 censi,quod
2800 2799 2974 2871 vulgo
3006 2799 3190 2855 sancti
3225 2799 3419 2855 Maioli
3457 2800 3801 2872 appellatur,
3832 2819 4075 2859 numero

2436 2890 2535 2957 ll;
2570 2889 2654 2944 sic
2684 2892 2876 2943 autem
2918 2887 3094 2942 habet
3127 2905 3139 2942 :
3173 2910 3199 2936 «
3235 2888 3626 2944 Sacrosanctaa
3674 2889 3774 2946 Dei
3821 2890 4075 2947 ecclesiae

2435 2976 2831 3031 Cluniacensis
2862 2974 3129 3040 ccenobii,
3161 2975 3220 3029 in
3252 2974 3467 3031 honore
3499 2977 3649 3033 beati
3674 2977 3823 3033 Petri
3844 2984 4074 3051 aposto-

2435 3064 2622 3120 lorum
2657 3063 2936 3136 principis
2968 3062 3327 3128 dedicatae,in
3360 3063 3459 3119 Dei
3492 3066 3724 3120 nomine
3753 3082 3859 3139 ego
3885 3066 4071 3133 Odilo,

2436 3152 2591 3208 titius
2624 3150 2869 3217 Beraldi,
2899 3150 3292 3205 consentiente
3323 3154 3507 3206 matre
3552 3169 3684 3209 mea
3710 3159 3767 3209 et
3793 3155 4074 3212 fratribus

2436 3241 2604 3309 meis,
2635 3240 2927 3312 Stephano
2958 3237 3417 3309 scilicet,Ebone,
3451 3239 3711 3308 Beraldo,
3732 3245 4067 3310 Bertranno,

697 3330 761 3385 ad
782 3330 1202 3387 Bibliothecam
1230 3330 1798 3397 Cluniacensem,ubi
1823 3330 2021 3386 laudat
2040 3337 2206 3387 vetus
2228 3333 2328 3387 Ne-
2357 3319 2399 3385 C
2438 3330 2577 3385 cedo
2607 3328 2825 3401 aliquid
2856 3345 2924 3382 ex
2951 3329 3123 3383 rebus
3174 3327 3539 3399 proprietatis
3572 3345 3730 3396 mete,
3765 3346 3891 3401 qua:
3924 3331 4069 3386 mihi

693 3417 1003 3492 crologium
1036 3420 1533 3475 Claromontensis
1559 3419 1822 3475 Ecclesiae
1853 3419 1961 3475 sibi
1987 3438 2021 3475 a
2039 3422 2327 3476 Savarone

698 3510 889 3563 mutuo
920 3508 1151 3574 datum,
1183 3506 1242 3562 in
1276 3524 1391 3579 quo
1422 3508 1513 3562 die
1545 3524 1600 3562 1v
1628 3508 1820 3563 Nonas
1852 3507 2111 3563 Januarii
2160 3509 2325 3565 Odilo

697 3594 762 3650 de
790 3595 1088 3665 Mercorio,
1109 3595 1425 3652 canonicus
1453 3595 1944 3652 Claromontensis
1972 3602 2028 3652 et
2050 3598 2325 3670 praeposi-

693 3687 780 3739 tus
796 3684 1329 3757 Brivatensis,quad
1339 3684 1565 3757 raginta
1582 3683 1797 3741 solidos
1814 3685 2117 3742 censuales
2138 3686 2323 3742 eidem

692 3771 936 3829 ecclesia:
985 3773 1289 3830 dimisisse
1338 3773 1571 3840 dicitur,
1606 3774 1674 3828 ad
1721 3774 2122 3830 celebrandam
2173 3775 2325 3830 beati

692 3859 942 3919 Odilonis
972 3862 1348 3918 festivitatem
1376 3861 1434 3917 in
1467 3861 1711 3917 ecclesia
1740 3862 2221 3921 Claromontensi.
2240 3865 2323 3919 Ad

692 3949 822 4021 quid
842 3950 1231 4017 enim,subdit
1250 3951 1336 4005 vir
1350 3950 1803 4017 eruditus,0dilo
1820 3950 1918 4007 ille
1935 3951 2345 4008 Mercorianus

690 4042 901 4095 tantam
939 4041 1197 4114 pecuniae
1245 4056 1539 4095 summam
1590 4039 1976 4111 expendisset,
2009 4040 2121 4095 nisi
2168 4041 2323 4113 quod

693 4126 887 4183 beatus
934 4128 1107 4184 Odilo
1155 4129 1284 4199 ejus
1342 4127 1514 4183 fuerit
1564 4128 2078 4200 consanguineus?
2109 4129 2325 4185 Deinde

690 4215 1014 4287 Stephanus
1046 4217 1380 4289 episcopus,
1414 4217 1505 4271 cui
1536 4215 1834 4272 Jotsaldus
1864 4217 2015 4272 beati
2064 4216 2326 4273 Odilonis

689 4302 874 4359 Vitam
904 4305 1289 4376 nuncupavit,
1324 4320 1616 4376 quemque
1662 4303 1817 4360 idem
1867 4308 2070 4359 auctor
2116 4304 2327 4362 asserit

691 4391 861 4449 fuisse
892 4393 1049 4449 beati
1080 4393 1186 4448 viri
1219 4393 1565 4465 nepotem,is
1595 4397 1685 4449 est
1712 4392 1834 4465 ipse
1863 4393 1962 4464 qui
1986 4393 2044 4447 in
2072 4393 2325 4466 vulgatis

691 4481 1027 4550 pontificum
1060 4480 1457 4537 Aniciensium
1490 4497 1593 4537 seu
1626 4481 1995 4537 Podiensium
2045 4481 2324 4554 catalogis

688 4567 985 4640 Stephanus
1014 4570 1082 4625 de
1112 4569 1366 4626 Mercurio
1396 4570 1589 4625 dictus
1618 4567 1886 4625 occurrit.
1919 4568 2080 4632 Quod
2110 4570 2325 4625 diserte

689 4656 979 4714 affirmant
1010 4658 1278 4714 Gisseius
1302 4657 1363 4712 in
1387 4656 1638 4713 Historia
1658 4656 2061 4729 episcoporum
2086 4658 2326 4714 Podien-
2358 4681 2401 4744 ι)

687 4745 858 4813 sium,
894 4745 1337 4803 Sammarthani
1387 4746 1446 4800 in
1495 4745 1681 4801 Gallia
1726 4745 2074 4813 Christiana,
2109 4745 2326 4818 aliique

687 4838 945 4893 auctores
977 4835 1081 4908 qui
1102 4830 1173 4891 de
1192 4834 1267 4890 iis
1292 4834 1467 4890 rebus
1488 4834 2055 4906 scripserunt.0mne
2076 4835 2322 4890 dubium

688 4921 830 4979 tollit
854 4928 1027 4980 vetus
1059 4922 1379 4979 Chronicon
1413 4922 1716 4977 ms.saneti
1750 4922 1899 4978 Petri
1930 4923 2326 4992 Podiensis,ex

686 5026 805 5081 quas
851 5012 976 5068 haec
1025 5013 1203 5068 verba
1252 5016 1448 5067 noster
1504 5010 1916 5083 Stephanotius
1968 5011 2322 5083 descripsit:

683 5099 987 5172 Stephanus
1017 5102 1327 5156 Aniciensis
1355 5107 1541 5171 pastor
1578 5100 1787 5155 exstitit
1829 5099 2005 5155 nobili
2045 5101 2327 5171 parentela

684 5192 828 5243 ortus
881 5189 950 5245 de
1004 5193 1184 5245 castro
1236 5189 1398 5258 vulgo
1453 5195 1764 5259 nuncupata
1825 5186 2108 5255 Mercurio,
2166 5203 2328 5259 nepos

686 5274 825 5333 beati
852 5276 1106 5335 Odilonis
1143 5277 1359 5333 abbatis
1408 5276 1845 5332 Cluniacensis...
1878 5277 2033 5343 obiit,
2065 5283 2116 5331 et
2142 5277 2324 5348 sepul-

685 5372 763 5419 tus
818 5374 898 5423 est
949 5365 1101 5439 apud
1155 5366 1456 5421 coenobium
1491 5366 1693 5421 Voltam
1742 5372 2139 5436 nuncupatum,
2185 5364 2325 5435 quod

684 5455 792 5524 ipse
814 5471 942 5511 cum
975 5457 1133 5510 beato
1164 5454 1393 5510 Odilone
1420 5454 1690 5509 avunculo
1717 5469 1816 5507 suo
1848 5455 1907 5507 in
1931 5456 2157 5525 propria
2193 5469 2322 5510 con-

682 5550 956 5599 struxerat
999 5542 1215 5598 tellure.
1260 5542 1407 5598 Obiit
1452 5550 1633 5599 autem
1673 5557 1730 5595 IV
1774 5542 2030 5610 Augusti,
2062 5549 2325 5611 regnante

682 5631 904 5689 Henrico
951 5646 1084 5703 rege
1137 5632 1507 5696 Francorum,-
1533 5630 1789 5700 ﬂentibus
1838 5630 2057 5701 populis
2096 5646 2161 5685 ac
2186 5646 2322 5700 gau-

679 5719 923 5779 dentibus
952 5719 1171 5795 angelis
1189 5718 1448 5793 migravit
1476 5718 1546 5775 ad
1575 5718 1869 5776 Christum.
1901 5718 2048 5774 Tum
2080 5717 2323 5794 subjun-

2436 3419 2696 3490 legitimo
2728 3418 2928 3472 ordine
2959 3420 3388 3482 successerunt,
3406 3432 3753 3488 cessumque
3781 3417 3840 3472 in
3874 3435 4070 3491 perpe-

2432 3512 2599 3564 tuum
2633 3523 2761 3563 esse
2788 3506 2914 3561 volo
2944 3509 3001 3561 et
3038 3504 3322 3559 desidero.
3355 3505 3503 3559 Sunt
3549 3510 3744 3561 autem
3792 3505 3930 3578 ipsa:
3978 3524 4068 3563 res

2434 3597 2555 3652 sitae
2587 3596 2645 3651 in
2679 3594 2869 3667 patria
2894 3592 3286 3660 Arvernica,in
3316 3592 3592 3648 comitatu
3628 3594 3979 3665 Brivatense,
4009 3596 4070 3651 in

2434 3684 2651 3740 vicaria
2679 3685 2749 3739 de
2778 3685 3013 3751 Aurata,
3038 3682 3097 3736 in
3119 3681 3258 3737 villa
3277 3697 3401 3754 quae
3428 3687 3664 3738 vocatur
3682 3683 4031 3741 Saruciacus
4056 3703 4069 3740 :

2434 3774 2495 3829 in
2525 3773 2652 3845 ipsa
2681 3771 2816 3826 villa
2846 3770 2984 3826 cedo
3016 3770 3130 3825 Deo
3155 3775 3473 3842 sanctoque
3496 3769 3747 3838 Petro,in
3782 3772 4075 3845 stipendia

2436 3861 2808 3917 servientium
2840 3857 3188 3930 supradictas
3235 3856 3509 3925 ecclesiae,
3540 3862 3720 3914 totam
3769 3861 4071 3917 ecclesiam

2435 3950 2491 4004 in
2520 3950 2737 4005 honore
2770 3946 2971 4002 mundi
3006 3944 3317 4002 Salvatoris
3347 3950 3761 4015 constructam,
3793 3953 3850 4003 et
3886 3965 4072 4020 quan-

2431 4043 2558 4093 tum
2591 4054 2717 4092 sors
2746 4033 3099 4090 haereditatis
3117 4050 3255 4089 mea:
3274 4033 3331 4087 in
3351 4032 3476 4105 ipso
3498 4032 3621 4088 loco
3642 4034 3783 4089 mihi
3803 4033 4069 4108 largitur,

2432 4131 2488 4182 et
2516 4125 2758 4196 insuper
2786 4138 2967 4177 unum
3004 4119 3414 4201 mansu'm,qui
3435 4120 3713 4177 excolitur
3737 4140 3769 4177 a
3792 4122 4070 4179 Leotardo

2432 4214 2551 4270 ﬁlio
2581 4210 2871 4277 Gerbaldi,
2907 4226 3081 4280 quem
3112 4208 3250 4263 olim
3282 4208 3627 4265 donavimus
3670 4226 3775 4282 ego
3803 4215 3860 4265 et
3886 4221 4073 4268 mater

2433 4319 2564 4359 mea
2614 4306 2669 4356 et
2719 4301 2922 4354 fratres
2959 4297 3073 4351 mei
3128 4313 3229 4368 pro
3287 4296 3586 4368 sepultura
3640 4296 3836 4354 fratris
3889 4300 4070 4355 nostri

2433 4389 2692 4456 Hicterii,
2722 4404 2895 4460 quem
2927 4401 3032 4457 ego
3062 4389 3263 4457 postea
3290 4384 3403 4441 emi
3448 4400 3516 4439 ex
3564 4385 3845 4443 fratribus
3892 4389 4071 4460 patri-

2433 4481 2660 4552 busque
2684 4483 2741 4533 et
2768 4474 3021 4531 dominis
3054 4473 3218 4541 meis,
3244 4472 3540 4529 canonicis
3567 4473 3835 4530 videlicet
3864 4476 4071 4531 beatis-

2433 4569 2565 4625 simi
2597 4566 2817 4623 domini
2851 4563 2961 4620 mci
2995 4561 3264 4635 martyris
3293 4560 3598 4629 Juliani,et
3628 4563 3836 4618 donavi
3868 4563 3927 4619 in
3949 4581 4074 4637 pre-

2432 4658 2512 4713 tio
2557 4656 2776 4712 solidos
2822 4656 3090 4719 centum;
3122 4650 3436 4723 ipsumque
3483 4667 3754 4706 mansum
3802 4651 4073 4708 similiter

2435 4748 2575 4801 cedo
2584 4747 2707 4817 jam
2727 4744 2891 4799 dictae
2907 4738 3305 4806 ecclesiaa,non
3324 4738 3512 4794 solum
3532 4755 3634 4810 pro
3653 4740 3872 4806 me,sed
3895 4740 4070 4796 etiam

2434 4851 2535 4907 pro
2576 4838 2738 4905 patre
2786 4846 2913 4885 meo
2961 4832 3018 4884 et
3065 4832 3248 4882 matre
3296 4842 3426 4881 mea
3472 4830 3527 4881 et
3574 4826 3854 4882 fratribus
3904 4827 4069 4889 meis.

2430 4923 2576 4977 vivis
2605 4926 2777 4992 atque
2807 4915 3116 4983 defunctis,
3144 4920 3201 4970 et
3229 4915 3492 4970 omnium
3524 4919 3831 4987 parentum
3853 4921 3911 4972 et
3933 4916 4071 4971 fide-

2432 5011 2577 5065 lium
2607 5012 2940 5064 nostrorum
2969 5004 3176 5060 salute.
3212 5003 3359 5059 istas
3389 5019 3481 5058 res
3523 5002 3888 5075 supradictas
3931 5003 4072 5059 cedo

2425 5100 2551 5171 jam
2608 5112 2760 5167 saepe
2815 5095 2981 5149 dictae
3038 5090 3314 5159 ecclesiae,
3348 5107 3417 5146 ea
3468 5089 3689 5146 scilicet
3739 5091 3959 5147 ratione
4010 5096 4075 5147 ut

2435 5190 2634 5260 pastor
2660 5182 2845 5256 ipsius
2875 5180 3152 5247 ecclesiae,
3186 5180 3438 5235 domnus
3469 5179 3688 5235 scilicet
3717 5180 3867 5236 abba
3894 5180 4073 5236 Maio-

2432 5276 2546 5342 lus,
2580 5272 2839 5346 quandiu
2867 5268 3092 5335 vixerit,
3126 5269 3334 5340 suique
3365 5267 3524 5324 omni
3555 5272 3812 5340 tempore
3842 5285 4073 5324 succes-

2432 5366 2685 5429 sores,et
2710 5360 2895 5432 ipsius
2921 5356 3175 5413 ecclesias
3206 5355 3511 5412 servitores
3536 5356 3809 5422 habeant,
3840 5359 4074 5412 teneant

2431 5457 2606 5524 atque
2636 5447 2996 5521 possideant,
3028 5450 3085 5500 et
3106 5446 3270 5515 justo
3302 5444 3503 5499 ordine
3553 5444 3835 5516 quidquid
3888 5443 4071 5498 facere

2429 5539 2738 5607 voluerint,
2789 5534 3046 5590 faciant:
3080 5538 3275 5587 tamen
3330 5531 3604 5599 alienare,
3666 5548 3767 5587 nec
3826 5531 4070 5584 vendere

2432 5627 2807 5701 praesumant,
2857 5620 2972 5676 nisi
3026 5620 3100 5675 ad
3159 5620 3365 5675 fratres
3424 5634 3602 5674 meos.
3636 5619 3694 5673 Si
3751 5618 3883 5688 quis
3934 5630 4066 5701 vero

2430 5698 2607 5796 (quod
2640 5714 2901 5772 futurum
2924 5707 3164 5768 minime
3184 5708 3378 5779 credo)
3400 5704 3709 5783 aliquando
3730 5698 4059 5771 surrexerit,
