4954 6404
1387 424 1507 486 835

2306 426 2373 487 S.
2421 423 2784 486 ODlLONlS
2828 421 3387 485 CLUNIACENSIS
3435 421 3767 483 ABBATIS
3814 422 3889 482 V.

4688 418 4800 480 836

1393 576 1500 628 ego
1537 557 1660 629 ipse
1700 555 1990 622 videlicet,
2024 561 2250 611 mutata
2300 555 2613 622 voluntate,
2645 561 2740 611 aut
2793 556 2943 610 nllus
2976 574 3038 609 rx
3074 559 3119 620 Α
3156 555 3405 626 quodam
3441 556 3651 626 proprii
3679 554 3833 623 juris
3869 552 4311 625 monticnlo,qui
4345 551 4515 607 Volta
4545 558 4799 610 vocatur.

1393 647 1723 701 limi-edibus
1753 646 1922 711 meis,
1949 645 2068 701 sive
2100 645 2219 701 ulla
2243 646 2456 700 emissa
2486 651 2585 699 aut
2615 651 2817 700 contra
2849 646 3039 716 posita

1395 747 1663 814 prrsum,
1696 761 1824 816 quae
1851 747 2050 799 contra
2097 743 2433 813 hujusmodi
2481 741 2806 798 chartulam
2856 741 3038 797 ullam

1391 831 1750 887 calumniam
1795 831 2118 904 inquietam
2163 831 2619 904 przesumpserit,
2651 831 2800 886 iram
2849 831 3037 886 omni-

1392 921 1648 992 potentis
1678 920 1776 976 Dei
1811 919 2069 975 incurrat
2098 925 2153 975 et
2183 924 2518 974 sanctorum
2553 921 2921 985 offensam,et
2952 920 3037 974 in-

1393 1025 1573 1081 super
1594 1009 1685 1064 cui
1717 1008 1877 1064 litem
1910 1007 2194 1072 intulerit,
2225 1008 2350 1063 auri
2403 1007 2583 1063 libras
2613 1027 2647 1064 χ
2677 1015 2911 1063 coactus
2943 1027 3038 1063 ex-

1392 1095 1596 1164 solvat,
1647 1103 1705 1153 et
1759 1097 1984 1168 argenti
2033 1098 2292 1168 pondera
2349 1097 2613 1152 totidem.
2675 1098 2742 1152 Et
2800 1103 2865 1152 ut
2922 1097 3038 1152 haec

1390 1193 1652 1251 chartula
1682 1193 1996 1250 firmiorem
2033 1210 2134 1267 per
2163 1194 2538 1250 suecedentia
2588 1199 2853 1264 tempora
2884 1195 3038 1250 obti-

1389 1288 1518 1340 neat
1547 1283 1827 1357 vigorem,
1861 1298 2040 1338 manu
2073 1283 2308 1355 propria
2337 1284 2540 1339 subter
2568 1300 2696 1339 eam
2731 1285 3040 1347 tirmavi,ct

1385 1375 1448 1428 ut
1477 1371 1724 1428 aliorum
1753 1372 2014 1427 virorum
2064 1370 2340 1427 manibus
2388 1373 2759 1428 roboraretur
2785 1373 3032 1428 decrevi.

1381 1459 1625 1532 Signum
1652 1459 1939 1526 Odilonis,
1973 1459 2074 1532 qui
2119 1460 2386 1516 chartam
2438 1461 2611 1516 istam
2662 1463 2913 1518 scribere
2948 1479 3036 1517 ro-

1380 1548 1555 1621 gavit.
1578 1547 1830 1621 Signum
1861 1548 2214 1604 Girberiana:
2247 1548 2453 1604 matris
2483 1550 2881 1622 ejus.Signum
2911 1551 3034 1605 Ste-

1380 1637 1583 1709 phani,
1613 1641 1672 1694 et
1699 1637 1938 1698 Ebonis,
1970 1641 2024 1690 et
2059 1636 2314 1702 Beraldi,
2344 1643 2402 1692 et
2435 1639 2736 1694 Bertranni
2788 1639 3035 1694 fratrum

1381 1727 1531 1796 ejus.
1563 1725 1810 1798 Signum
1872 1726 2120 1792 Boraldi,
2179 1727 2438 1793 Rotbert,
2489 1727 2736 1794 Gozfret,
2785 1728 3034 1798 Warini,

1384 1813 1685 1882 Bernardi,
1733 1814 1964 1881 Mironi,
2016 1815 2320 1882 Gualterii,
2366 1816 2672 1884 Guitberti,
2725 1817 2826 1889 qui
2886 1817 3036 1872 hanc

1383 1903 1650 1961 chartam
1683 1903 1942 1976 scripsit.
1979 1925 2009 1954 »

1450 2011 1506 2066 7.
1538 2007 1732 2066 Altera
1759 2009 1979 2077 charta,
2016 2027 2140 2083 quas
2182 2011 2420 2082 majoris
2469 2015 2557 2067 est
2607 2012 2906 2077 momenti,
2942 2017 3030 2067 ut-

1382 2102 1517 2171 pote
1548 2114 1676 2170 quaa
1707 2097 2043 2153 monasterii
2074 2098 2255 2153 Voltaa
2306 2099 2706 2155 fundationem
2753 2101 3028 2167 continet,

1381 2187 1517 2242 data
1546 2190 1636 2242 est
1664 2203 1816 2242 anno
1851 2186 2070 2256 1025,in
2095 2203 2212 2260 qua
2233 2204 2345 2243 non
2371 2188 2561 2244 solum
2588 2189 2736 2243 beati
2766 2190 3030 2245 Odilonis

1381 2275 1608 2343 fratres,
1643 2275 1741 2330 sed
1786 2275 1961 2330 etiam
2013 2275 2275 2349 plerique
2301 2294 2369 2333 ex
2401 2277 2484 2332 eis
2517 2285 2753 2349 nepotes
2787 2279 2904 2333 nati
2942 2295 3029 2333 rc-

1377 2369 1710 2421 censentur.
1743 2365 1932 2430 Quare
1963 2383 2090 2420 cam
2125 2366 2239 2421 huc
2274 2367 2580 2439 integrann,
2614 2369 2721 2422 etsi
2759 2368 3028 2440 prolixio-

1378 2479 1521 2530 rem,
1555 2464 1809 2536 proferre
1853 2481 1967 2518 non
2021 2465 2442 2533 dubitavimus,
2475 2483 2543 2520 ex
2574 2466 2863 2522 chartario
2891 2467 3032 2522 Clu-

1377 2552 1638 2608 niaceusi
1668 2552 2024 2624 descriptam
2055 2569 2067 2608 :
2095 2577 2121 2602 ‹‹
2149 2553 2233 2608 Ab
2264 2555 2542 2609 omnibus
2575 2555 2844 2610 fidelibus
2878 2561 3029 2611 recte

1379 2657 1637 2712 saneque
1668 2640 2034 2712 sapientibus
2084 2641 2222 2696 utile
2262 2642 2564 2713 judicatur
2592 2649 2648 2697 et
2680 2661 3025 2715 congruum,

1381 2733 1446 2784 ut
1473 2728 1746 2785 universa
1775 2729 2006 2800 negotia
2031 2747 2158 2802 quae
2190 2731 2259 2785 ad
2291 2731 2384 2786 Dei
2417 2731 2636 2786 cultum
2663 2738 2719 2788 et
2749 2735 2816 2787 ad
2853 2733 3032 2789 incre-

1385 2821 1650 2872 mentum
1697 2818 2000 2889 dignitatis
2053 2819 2455 2875 ecclesiastica:
2513 2821 2922 2892 disponuntur,
2957 2824 3028 2878 ab

1383 2903 1528 2976 ipsis
1559 2903 1685 2959 suis
1716 2905 2052 2962 auctoribus
2085 2909 2404 2980 posteritati
2443 2907 2699 2964 ﬁdelium
2723 2915 3032 2966 testamen-

1385 3001 1460 3058 tis
1489 3000 1776 3074 legalibus
1801 3008 1859 3059 et
1899 3003 2104 3060 litteris
2155 3006 2656 3062 commendentur.
2691 3007 2805 3062 llac
2854 3009 3031 3079 igitur

1383 3091 1731 3148 auctoritate
1760 3093 2155 3165 prazmonitus,
2179 3111 2283 3166 ego
2318 3097 2375 3150 in
2408 3095 2505 3150 Dei
2541 3096 2775 3151 nomine
2805 3098 3033 3152 Clunia-

1381 3180 1573 3236 censis
1630 3182 1967 3238 monasterii
2025 3183 2349 3240 monachus
2398 3190 2457 3240 et
2508 3187 2809 3256 presbyter
2839 3186 3026 3254 Odilo,

3149 664 3216 698 eo
3261 646 3411 714 quod
3468 644 3990 716 pra-lertluentilms
4037 643 4208 714 aquis
4258 641 4485 714 Hylaris
4543 641 4803 698 ﬂuminis

3148 733 3403 802 (l'Allier)
3437 733 3701 803 partibus
3732 748 3801 786 ex
3848 731 4038 786 tribus
4088 729 4482 798 concluditur,
4518 734 4598 795 et,
4632 735 4699 786 ut
4729 731 4806 786 ita

3149 822 3362 884 dicam,
3400 821 3569 892 quasi
3628 820 3908 875 sinuatim
3956 819 4288 874 involvitur.
4320 819 4458 875 Post
4508 824 4803 890 peractam

3147 927 3280 964 vero
3312 909 3669 981 aliquantam
3703 915 3924 980 partem
3957 907 4353 972 mdiﬁcii,cum
4389 905 4640 962 consilio
4668 907 4803 963 fide-

3149 998 3292 1053 lium
3325 998 3646 1053 vicinorum
3681 997 4045 1052 decrevimus
4078 996 4133 1050 in
4167 995 4294 1068 ipso
4325 995 4571 1050 aediﬁcio
4611 1001 4802 1051 orato-

3149 1089 3301 1142 rium
3333 1087 3657 1141 consecrari
3677 1103 3711 1140 a
3725 1086 3941 1140 domno
3960 1085 4252 1156 Stephano
4271 1087 4668 1142 Arvernorum
4690 1085 4806 1156 cpi-

3148 1194 3321 1247 scopo
3343 1175 3839 1245 venerabili,quod
3874 1175 4089 1229 factum
4115 1179 4204 1229 est
4227 1190 4364 1229 xvnx
4389 1171 4686 1228 Kalendas
4708 1172 4803 1226 0c-

3149 1265 3331 1320 tobris
3364 1264 3421 1318 in
3453 1263 3798 1318 exaltatione
3841 1262 4150 1317 Dominica:
4201 1263 4410 1329 crucis,
4442 1267 4500 1317 et
4531 1263 4805 1334 passione

3147 1352 3296 1408 benti
3328 1352 3577 1408 Cornelii
3613 1356 3856 1423 papm,et
3879 1350 4204 1406 beatissimi
4228 1350 4502 1422 Cypriani
4535 1350 4805 1405 victorio-

3146 1441 3366 1496 sissimi
3401 1440 3692 1512 martyris.
3731 1440 3790 1495 in
3824 1439 4011 1511 ipsius
4043 1455 4297 1512 namque
4327 1439 4567 1494 oratorii
4599 1455 4803 1494 conse-

3145 1531 3425 1585 crationis
3458 1530 3572 1596 die,
3605 1546 3711 1600 ego
3745 1530 3801 1584 in
3837 1527 4041 1600 primis
4071 1527 4250 1584 frater
4296 1527 4485 1595 Odilo,
4513 1544 4637 1584 una
4669 1544 4801 1583 eum

3146 1619 3456 1690 nepotibus
3481 1618 3651 1684 meis,
3683 1618 3819 1672 filiis
3851 1618 4097 1672 fratrum
4148 1633 4412 1672 meorum
4443 1620 4502 1671 et
4529 1632 4804 1672 sororum

3145 1724 3429 1774 mearum,
3463 1708 3678 1762 domno
3708 1706 3972 1761 videlicet
4002 1705 4298 1777 Stephano
4328 1706 4667 1761 Aniciensis
4699 1706 4804 1761 Ec-

3145 1797 3328 1850 clesia:
3363 1796 3692 1868 pra‘posito,
3724 1801 3780 1850 et
3810 1797 3941 1865 ejus
3971 1797 4146 1850 fratre
4191 1793 4456 1860 Beraldo,
4491 1798 4549 1849 et
4580 1793 4802 1848 domno

3145 1885 3476 1957 Hildegario
3508 1886 3852 1956 supradicta:
3887 1885 4150 1940 Ecclesiae
4182 1882 4389 1939 clerico
4419 1887 4476 1938 et
4495 1883 4802 1948 canonico,

3145 1975 3385 2029 Beraldo
3419 1991 3650 2046 quoque
3683 1974 4002 2045 supradicti
4037 1973 4234 2029 fratris
4260 1972 4374 2027 mei
4407 1972 4626 2027 Ebonis
4659 1972 4800 2038 filio,

3146 2063 3435 2118 Willclmo
3467 2065 3642 2118 etiam
3677 2063 3794 2117 lilio
3827 2064 4122 2134 quondam
4157 2061 4356 2116 fratris
4379 2061 4494 2116 mei
4517 2059 4800 2116 Willelmi

3140 2153 3538 2208 honestissimi
3573 2153 3698 2221 viri,
3735 2159 3792 2207 et
3840 2152 3976 2207 tiliis
4021 2153 4182 2222 ejus;
4215 2149 4465 2206 Geraldo
4512 2149 4699 2205 etiam
4750 2155 4803 2206 et

3143 2243 3437 2308 Rotberto,
3475 2242 3738 2306 Beraldo,
3764 2241 4030 2304 Odilone,
4062 2246 4117 2296 et
4151 2239 4422 2304 llicterio,
4448 2255 4586 2294 cum
4613 2240 4804 2293 consi-

3140 2330 3214 2384 lio
3247 2348 3512 2385 sororum
3549 2329 4164 2392 nostrarum,domin:e
4194 2327 4460 2383 videlicet
4483 2327 4803 2382 Blismodis

3139 2419 3486 2474 venerabilis
3506 2419 3896 2482 abbatissmmt
3911 2418 4252 2488 Aldegardis
4271 2417 4598 2471 secundum
4619 2433 4803 2471 saecu-

3141 2509 3260 2564 lum
3296 2508 3673 2562 nobilissinne
3707 2515 4217 2572 matronze,omnes
4248 2504 4427 2560 simul
4461 2509 4579 2562 Deo
4612 2504 4801 2560 omni-

3139 2597 3510 2669 potenti,vivo
3542 2603 3596 2651 et
3624 2595 4250 2660 vero,inoommutabili
4282 2600 4341 2650 et
4371 2600 4608 2661 εἰει-κιο,
4635 2611 4801 2649 sanc-

3138 2686 3376 2741 tissima:
3407 2692 3460 2739 et
3493 2685 3798 2740 individua:
3830 2683 4282 2747 Trinitati,Patri
4316 2689 4372 2738 et
4407 2683 4550 2738 Filio
4582 2688 4642 2737 et
4672 2683 4800 2754 Spi-

3139 2775 3273 2829 ritui
3309 2780 3532 2836 sancto,
3564 2779 3619 2829 et
3651 2775 3999 2828 beatissima:
4030 2773 4306 2827 Genitrici
4343 2772 4437 2826 Dei
4470 2777 4528 2826 et
4557 2771 4794 2826 Domini

3139 2863 3319 2918 nostri
3353 2879 3698 2934 semperque
3733 2861 3952 2932 Virgini
3989 2861 4200 2924 Mariis,
4225 2866 4280 2916 et
4310 2861 4530 2916 sanctis
4562 2861 4793 2931 angelis

3138 2958 3193 3006 et
3224 2952 3608 3021 archangelis,
3641 2957 3698 3006 et
3728 2953 4004 3006 omnibus
4036 2949 4288 3005 cmlestis
4317 2949 4513 3019 gloriaa
4562 2950 4793 3004 civibus

3139 3041 3485 3114 patriarchis
3513 3047 3569 3093 et
3603 3041 3918 3111 prophetis,
3952 3045 4008 3094 et
4037 3038 4265 3094 dilectis
4297 3037 4530 3094 Domini
4573 3035 4792 3092 Joanni

3140 3131 3404 3201 Baptista:
3436 3135 3492 3183 et
3517 3129 3725 3183 Joanni
3756 3128 4146 3199 evangelistze,
4180 3133 4238 3182 et
4279 3126 4463 3182 beatis
4509 3126 4801 3197 apostolis

3141 3220 3305 3274 Petro
3336 3225 3390 3272 et
3423 3218 3619 3284 Paulo,
3653 3219 3992 3288 (ta-terisque
4023 3216 4304 3288 apostolis
4346 3221 4404 3271 et
4451 3214 4798 3287 apostolicis

1471 3270 1482 3282 .
1696 3271 1706 3281 .
1796 3272 1806 3282 .
2099 3273 2109 3284 .
2598 3274 2609 3285 ,
3141 3269 4076 3288 μνη-πηγν,παρ-,πη
4357 3269 4398 3271 ν
4492 3269 4508 3287 ι
4785 3269 4792 3270 ,

1382 3269 1844 3376 h'itusfegmms
1874 3276 1929 3326 et
1961 3277 2160 3372 patria}
2194 3275 2448 3376 uchnafq
2473 3280 2534 3376 δή
2563 3291 2715 3376 92‘“
2766 3291 2868 3346 per
2896 3293 3028 3373 9,"°'
3060 3290 3103 3355 (ἶ
3141 3308 3301 3372 viris,
3330 3307 3736 3362 innocentibus
3768 3311 3824 3361 et
3855 3305 4130 3360 omnibus
4161 3306 4380 3360 sanctis
4414 3303 4802 3376 martyribus.

1379 3359 1641 3415 cedentia
1671 3365 2002 3432 temporum
2028 3363 2178 3417 scire
2209 3363 2337 3418 volo
2367 3369 2426 3418 et
2456 3363 3028 3436 desidero,quoniam

1378 3447 1590 3503 fratres
1622 3448 1738 3504 mei
1768 3449 1935 3516 mihi,
1969 3451 2363 3523 omnibusque
2404 3453 2622 3508 nostris
2670 3453 2873 3508 amicis
2907 3453 3034 3508 illu-

1383 3535 1686 3592 strissimaz
1718 3536 2191 3609 dulcissimzeque
2244 3540 2556 3607 memorias,
2592 3541 2871 3596 Beraldus
2901 3541 3032 3596 Ani-

1387 3623 1606 3680 ciensis
1672 3624 1938 3680 Ecclesiae
2005 3628 2374 3698 praepositus,
2435 3634 2490 3684 et
2545 3630 2920 3697 Bertrannus,
2979 3635 3037 3685 et

1387 3712 1644 3768 domnus
1675 3713 2009 3786 Stephanus
2041 3715 2397 3772 honorabilis
2429 3719 2643 3784 senior,
2667 3724 2722 3774 et
2755 3719 2838 3774 vir
2869 3721 3036 3774 bona!

1388 3807 1782 3882 simplicitatis
1812 3811 2016 3878 Ebo,in
2048 3813 2300 3884 quodam
2333 3832 2439 3871 suo
2461 3816 2735 3887 praediolo
2759 3817 2878 3888 pari
2905 3822 3033 3872 voto

1388 3897 1630 3971 parique
1661 3899 1949 3956 desiderio
1978 3901 2360 3960 decreverunt
2390 3911 2727 3961 construere
2751 3911 3037 3961 monaste-

1389 3986 1621 4057 riolum,
1655 3994 1713 4045 et
1744 3990 2067 4046 secundum
2114 4009 2233 4047 sua:
2281 3993 2686 4065 possibilitatis
2732 3995 3034 4050 modulum

1387 4079 1454 4132 ad
1489 4075 1585 4134 Dei
1635 4078 1906 4136 ordinare
1953 4081 2299 4138 servitium:
2333 4083 2434 4137 sed
2485 4083 2726 4154 quidam
2779 4082 3034 4154 illorum,

1388 4165 1530 4238 proh
1545 4165 1734 4222 dolor!
1753 4167 2150 4225 acerbissimis
2164 4171 2398 4226 casibus
2412 4177 2470 4226 et
2491 4171 2824 4227 infortuniis
2849 4172 3036 4244 impe-

1387 4253 1514 4320 diti,
1537 4253 1780 4326 quidam
1801 4271 1934 4312 vero
1955 4262 2176 4312 naturas
2203 4265 2360 4314 sorte
2384 4261 2675 4332 praeventi.
2698 4278 2811 4316 non
2835 4267 3034 4334 potue-

1389 4346 1526 4397 runt
1548 4339 1798 4415 incipere
1821 4347 1976 4416 quod
1995 4347 2408 4402 desiderabant
2425 4349 2862 4420 perficere.Post
2885 4367 3036 4406 mor—

1388 4443 1507 4495 tem
1539 4457 1674 4495 vero
1703 4439 1938 4496 illorum
1970 4449 2366 4500 convenerunt
2414 4461 2642 4501 mecum
2676 4445 2778 4502 ﬁlii
2811 4464 3037 4514 eorum,

1384 4545 1522 4584 cum
1554 4528 1687 4584 aliis
1719 4529 2030 4600 nepotibus
2053 4531 2208 4610 'nieis
2229 4536 2286 4586 et
2305 4534 2841 4606 consanguineis,et
2865 4535 3040 4606 pluri-

3138 3398 3649 3460 contiassoribus,et
3672 3396 4018 3465 virginibus,
4045 3394 4344 3449 olferimus
4373 3393 4667 3462 quasdam
4701 3409 4797 3449 res

3140 3504 3286 3558 quas
3317 3491 3584 3558 parentes
3618 3485 3800 3539 nostri
3823 3486 3956 3553 jure
3988 3482 4350 3538 liirreditario
4383 3481 4800 3554 possederunt,

3140 3577 3428 3647 quasdam
3459 3592 3606 3646 quas
3630 3593 3664 3629 a
3694 3573 3818 3629 suis
3850 3571 4283 3628 honestissimis
4315 3570 4653 3625 senioribus
4685 3577 4811 3624 stu-

3141 3664 3479 3719 diosissimo
3512 3663 3808 3718 fidelitatis
3840 3662 4120 3732 obsequio
4153 3659 4618 3732 acquisiverunt.
4654 3659 4809 3714 Sunt

3143 3759 3337 3808 autem
3355 3753 3490 3824 ipsrc
3507 3769 3598 3805 res
3615 3751 3670 3805 in
3685 3751 3962 3806 comitatu
3983 3756 4039 3804 et
4057 3749 4393 3821 episcopatu
4410 3748 4803 3802 Arvernensi:

3143 3842 3200 3896 in
3238 3841 3444 3912 primis
3475 3840 3850 3910 supradictus
3901 3838 4280 3902 monticulus,
4317 3842 4381 3893 ut
4430 3835 4662 3891 dictum
4693 3842 4804 3899 est,

3144 3930 3275 3985 sinu
3302 3931 3428 4000 jam
3460 3928 3597 3982 dicti
3633 3929 3896 3983 ﬂuminis
3929 3927 4312 3992 involutus,et
4332 3923 4583 3981 ecclesia
4601 3941 4675 3980 ex
4697 3925 4812 3979 alia

3147 4024 3308 4091 parte
3342 4017 3604 4072 fluminis
3628 4017 3685 4072 in
3711 4017 3927 4071 honore
3954 4015 4138 4071 sancti
4164 4014 4438 4085 martyris
4463 4012 4654 4086 (lyrici
4677 4030 4813 4068 con-

3147 4112 3404 4174 secrata;
3436 4105 3636 4162 villula
3666 4108 3840 4161 etiam
3873 4105 4060 4160 eidem
4095 4103 4216 4158 loco
4246 4103 4530 4175 proxima,
4551 4119 4686 4174 quae
4717 4119 4810 4155 vo-

3145 4203 3311 4251 catur
3339 4196 3712 4266 Forsanguis,
3746 4199 3804 4248 et
3853 4211 4009 4249 unus
4054 4209 4298 4248 mansne
4347 4191 4540 4246 eidem
4589 4189 4810 4245 villula

3145 4285 3583 4356 contiguus,qui
3611 4291 3850 4339 vocatur
3882 4281 4114 4349 Plania;
4136 4280 4380 4336 ecclesia
4411 4296 4543 4335 vero
4577 4279 4638 4334 in
4673 4278 4811 4333 villa

3146 4376 3531 4439 Saraziaco,et
3563 4373 3756 4428 omnis
3790 4372 3917 4444 ipsa
3938 4371 4342 4441 villa,excepta
4362 4368 4464 4424 illa
4486 4374 4654 4441 parte
4678 4384 4808 4440 qua

3147 4465 3204 4520 in
3229 4468 3382 4520 sorte
3407 4461 3727 4533 supradicti
3751 4459 4031 4515 Willelmi
4059 4459 4287 4531 nepotis
4311 4456 4495 4513 nostri
4518 4455 4808 4512 venit.Est

3145 4559 3202 4609 et
3231 4553 3346 4608 alia
3369 4550 3505 4605 vilia
3536 4550 3884 4622 supradicta:
3923 4547 4179 4604 ecclesiae
4231 4547 4514 4619 proxima,
4548 4562 4680 4617 quae
4712 4545 4810 4599 di-

1389 4616 1500 4673 bus
1531 4617 1656 4673 suis
1687 4618 1960 4719 ﬁilelibus
1994 4637 2007 4675 :
2041 4626 2340 4692 coeperunt
2368 4623 2546 4678 etiam
2575 4625 2850 4696 conqueri
2878 4624 3033 4695 quod
3070 4654 3113 4719 υ
3146 4644 3338 4698 minui,

2848 4671 2850 4676 ι
2878 4624 3033 4695 (ἰυοά
3070 4654 3113 4719 υ
3146 4642 3431 4698 minutivo
3463 4639 3697 4695 nomine
3727 4637 4147 4693 Saraziacellns
4180 4640 4437 4691 vocatur.
4453 4633 4615 4689 lianc
4646 4634 4804 4689 enim

1387 4721 1492 4776 pro
1541 4708 1876 4762 excessibus
1927 4710 2396 4780 supradictorum
2444 4714 2691 4768 fratrum
2743 4729 3031 4781 meorum,

1388 4797 1622 4864 patrum
1655 4799 1713 4850 et
1742 4803 2047 4868 parentum
2089 4804 2146 4855 et
2193 4799 2492 4856 seniorum
2545 4818 2809 4870 suorum,
2840 4808 3036 4858 essent

1389 4882 1596 4949 acturi,
1627 4883 1714 4939 vel
1747 4884 1794 4940 si
1824 4885 2058 4958 aliquod
2093 4905 2401 4960 possemus
2431 4890 2691 4946 invenire
2721 4890 3035 4948 consilium

1388 4972 1543 5042 quod
1575 4971 1659 5028 eis
1689 4990 1722 5028 a
1753 4975 1998 5030 Domino
2029 4983 2331 5048 pra-staret
2379 4977 2636 5034 salutare
2685 4981 3032 5036 remedium.

1389 5069 1552 5133 Quod
1583 5069 1810 5127 nullum
1843 5072 2005 5128 aliud
2027 5074 2327 5146 potuimus
2347 5075 2609 5134 invenire
2631 5077 2929 5134 salubrius
2950 5079 3037 5134 vel

1389 5161 1864 5230 consequentius,
1897 5163 2011 5218 nisi
2044 5167 2107 5218 ut
2136 5163 2280 5220 illud
2313 5165 2508 5238 ipsum
2553 5167 2926 5224 studeremus
2957 5168 3041 5222 in-

1390 5247 1666 5318 cipere,et
1694 5250 2018 5305 secundum
2044 5259 2313 5310 nostrum
2345 5271 2514 5326 posse
2552 5257 2847 5328 perﬁcere,
2880 5257 3038 5330 quod

1389 5335 1501 5409 ipsi
1536 5334 1706 5392 nobis
1731 5335 2094 5408 reliquerunt
2122 5341 2180 5396 in
2211 5341 2627 5399 deliberatione
2652 5362 2664 5400 :
2690 5344 2954 5402 videlicet
2977 5351 3042 5402 ut

1389 5433 1463 5489 ad
1493 5436 1694 5488 votum
1725 5433 1958 5490 illomm
1982 5435 2039 5490 in
2059 5436 2254 5510 aliquo
2270 5455 2376 5494 suo
2394 5441 2664 5512 praediolo
2683 5443 3040 5500 aedificemus

1393 5522 1844 5590 monasterium,
1879 5529 1938 5578 et
1966 5526 2288 5581 secundum
2316 5533 2580 5586 nostrum
2632 5548 2803 5602 posse
2833 5533 2902 5588 ad
2938 5533 3036 5588 Dei

1391 5609 1736 5666 ordinemus
1766 5611 2089 5668 servitium.
2115 5613 2230 5674 Hoc
2259 5617 2471 5672 etenim
2503 5620 2745 5676 consilio
2775 5621 3036 5692 definito,

1391 5701 1450 5755 et
1480 5697 1553 5754 ab
1584 5699 1860 5756 omnibus
1879 5701 2098 5758 nostris
2117 5703 2324 5761 amicis
2343 5709 2400 5760 et
2415 5705 2622 5762 vicinis
2639 5707 2931 5766 alacribus
2947 5727 3042 5765 vo-

1359 5782 1560 5844 ‘cibus
1591 5785 2294 5868 oollaudatdﬁnccspimus
2327 5793 2616 5852 adiuuare
2646 5795 2954 5856 ecclesiam
2981 5797 3045 5857 ta

3141 4730 3403 4786 villulam
3434 4734 3490 4784 et
3521 4727 3924 4800 snpradictum
3956 4725 4178 4790 villare,
4211 4724 4366 4796 quod
4396 4726 4644 4778 vocatur
4676 4723 4810 4778 For-

3143 4819 3409 4890 sanguis,
3441 4818 3696 4872 domnus
3723 4820 3782 4870 et
3808 4815 4198 4869 cbarissimus
4247 4813 4424 4868 frater
4474 4826 4645 4865 meus
4688 4811 4810 4864 Ste-

3146 4909 3379 4982 phanus
3421 4922 3524 4978 per
3573 4905 3838 4960 chartam
3886 4903 4241 4968 donationis,
4275 4900 4348 4956 ad
4381 4899 4806 4972 perficiendum

3146 5013 3294 5068 opus
3326 4994 3480 5066 quod
3537 5010 3651 5065 prae
3703 4991 3978 5046 manibus
4030 4996 4280 5058 tenetur,
4311 4989 4480 5044 vivus
4525 4987 4724 5043 adhuc
4752 4991 4808 5041 et

3148 5102 3352 5158 sospes
3380 5083 3646 5147 contulit,
3680 5085 3738 5137 et
3767 5097 3835 5136 ex
3867 5080 3972 5136 hac
4021 5080 4137 5134 vita
4186 5078 4496 5134 discedens
4543 5073 4802 5147 reliquit.

3149 5175 3247 5229 Est
3275 5179 3333 5229 et
3363 5171 3476 5227 alia
3507 5171 3641 5225 villa
3673 5170 3731 5224 in
3766 5170 3892 5240 ipso
3922 5164 4344 5239 comitatu,qui
4374 5167 4618 5220 vocatur
4647 5163 4807 5218 Mon-

3149 5262 3565 5332 taniacus,quze
3595 5277 3664 5315 ex
3694 5257 4030 5314 haereditate
4053 5255 4300 5313 Golfaldi
4322 5250 4594 5309 avunculi
4621 5251 4800 5307 nostri

3148 5352 3219 5408 ad
3251 5368 3359 5407 nos
3390 5349 3826 5422 pervenit.Sunt
3846 5352 3903 5402 et
3927 5345 4052 5402 alia!
4081 5346 4208 5400 dua:
4229 5341 4633 5410 ecclesiae,non
4665 5355 4798 5395 cum

3149 5441 3380 5496 duabus
3410 5438 3510 5494 sed
3543 5453 3678 5493 cum
3709 5453 3826 5491 una
3856 5433 4151 5508 parochia,
4173 5431 4561 5488 consistentes
4591 5429 4652 5484 in
4683 5428 4802 5499 epi-

3149 5535 3390 5602 scopatu
3423 5525 3775 5595 Vallavensi,
3811 5541 3928 5579 una
3957 5523 4014 5578 in
4055 5523 4274 5577 honore
4323 5517 4514 5576 sancti
4561 5515 4803 5572 Joannis

3149 5616 3380 5675 Domini
3415 5613 3812 5689 praecursoris,
3843 5618 3900 5670 et
3930 5611 4047 5668 alia
4075 5613 4134 5666 in
4185 5611 4402 5666 honore
4450 5604 4608 5662 beati
4655 5602 4801 5659 Petri

3150 5705 3397 5778 apostoli
3431 5706 3802 5771 consecrata;
3824 5708 3880 5758 et
3910 5703 3969 5757 in
4001 5701 4137 5757 villa
4164 5699 4365 5756 Lisaco
4412 5711 4542 5751 eam
4575 5697 4802 5766 partem

3150 5811 3329 5872 quam
3350 5791 3628 5851 Beraldus
3651 5793 3998 5870 praepositus
4018 5793 4074 5848 et
4096 5791 4454 5847 Bertrannul
4474 5783 4660 5850 εηωτ
4676 5781 4804 5861 θέαι
