4954 6458
689 407 800 471 837

2180 394 2531 461 ELOGIUM
2544 439 2561 459 .

3937 404 4059 473 838

691 536 787 593 visi
818 536 950 592 sunt
980 531 1213 600 habere,
1250 536 1428 588 totam
1461 549 1530 587 ex
1560 533 1785 603 integro
1812 535 1886 597 ;et
1916 530 1971 585 in
2006 530 2317 602 Capilliaco
2346 529 2397 594 Α
2432 545 2581 582 anno
2613 530 2684 584 ab
2716 531 3113 589 incarnatione
3145 533 3372 592 Domini
3428 535 3736 592 millesimo
3784 538 4058 598 vicesimo

692 627 788 682 hoc
817 621 966 695 quod
996 621 1251 676 domnus
1285 622 1636 677 Bertrannus
1654 620 1865 675 habere
1886 620 2045 675 visus
2070 619 2313 673 cstJlmc

691 711 872 770 omnia
899 725 1076 781 supra
1105 710 1325 781 scripta
1354 725 1487 764 cum
1509 706 1783 763 omnibus
1811 708 1985 763 rebus
2007 708 2077 761 ad
2102 725 2161 762 se
2187 723 2312 778 per-

690 798 992 858 tinentibus
1023 796 1347 866 offerimus,
1381 801 1447 853 ut
1475 796 1875 869 supradictum
1906 800 2012 863 est,
2041 799 2313 861 Deo,om-

690 890 849 945 nibus
901 885 1122 942 sanctis
1174 886 1302 958 ejus
1358 901 1456 957 pro
1514 883 1853 939 liberatione
1902 887 1958 938 et
1999 883 2311 954 ereptione,

690 977 862 1034 salute
890 978 945 1031 et
982 975 1184 1046 requie
1242 972 1709 1045 supradictorum
1750 971 2005 1028 virorum
2065 969 2315 1040 Beraldi,

690 1063 996 1129 Bertranni,
1042 1062 1262 1118 Ebonis
1317 1067 1374 1117 et
1429 1060 1731 1133 Stephani,
1780 1076 1882 1131 pro
1932 1058 2148 1131 quibus
2196 1057 2316 1112 haec

690 1152 884 1211 oblatio
912 1149 1242 1222 specialiter
1273 1150 1360 1217 fit,
1391 1154 1446 1205 et
1493 1149 1742 1205 aliorum
1796 1148 2041 1203 fratrum
2073 1162 2315 1202 suorum

687 1240 922 1307 Hicterii,
954 1239 1271 1311 Eustorgii,
1301 1236 1578 1293 Willelmi
1608 1241 1665 1292 et
1712 1235 1967 1301 Hicterii,
1998 1252 2101 1307 pro
2131 1234 2317 1290 salute

687 1345 900 1402 quoque
950 1327 1142 1400 patris
1192 1342 1396 1381 eorum
1448 1324 1695 1393 Beraldi,
1743 1329 1801 1379 et
1854 1324 1980 1395 ejus
2039 1323 2319 1396 genitoris

684 1416 926 1482 Hicterii,
984 1413 1533 1470 illustrissimorum
1598 1413 1877 1479 virorum,
1938 1411 2319 1483 omniumque

686 1501 1580 1579 parentum,consanguineorum
1612 1506 1670 1556 et
1700 1500 1962 1555 fidelium
1985 1499 2245 1572 ipsorum
2264 1503 2319 1554 et

686 1596 1159 1661 nostrorum,tam
1182 1591 1442 1647 vivorum
1465 1606 1641 1663 quam
1665 1587 2317 1656 defunctorum,utrius-

686 1698 787 1754 que
813 1696 1004 1744 sexus,
1036 1677 1230 1735 aetatis
1261 1684 1318 1736 et
1348 1678 1593 1744 ordinis,
1621 1682 1679 1733 et
1725 1693 1925 1732 eorum
1977 1675 2076 1747 qui
2107 1676 2179 1731 ad
2210 1675 2320 1731 hoc

685 1786 820 1842 opus
840 1767 1265 1841 perficiendum
1282 1766 1691 1823 etcustodiend
1703 1782 1800 1820 um
1822 1769 1878 1820 et
1902 1763 2319 1820 stabiliendum

2425 618 2648 671 quinto.
2686 642 2711 667 ››

2440 634 2648 671 mum.
2686 642 2711 667 ››

2440 634 2460 686 1
2522 706 2618 761 ΠΙ.
2656 709 2834 764 Odilo
2855 711 2917 780 [it
2951 713 3272 768 monachus
3299 714 3729 780 Cluniaci,twn
3760 716 3959 772 abbas.

2494 795 2547 845 8.
2583 795 2769 861 Odilo,
2799 802 2865 852 ut
2911 798 3171 871 loquitur
3225 800 3545 868 Jotsaldus,
3590 809 3714 873 post
3770 805 4065 874 despectas

2426 883 2789 940 Ilrivafenses
2810 891 2866 940 et
2886 886 3568 961 Anicz'ensesarces,quod
3591 890 3647 946 in
3670 895 3911 964 utraque
3922 893 4065 949 urbe

2397 975 2526 1025 aut
2555 971 2800 1028 ecclesia
2831 974 3149 1047 dignitates
3180 975 3502 1048 prmoipuas
3524 978 3644 1034 sive
3674 979 3801 1053 ipse
3825 980 3946 1037 sive
3966 980 4066 1037 alii

2425 1074 2493 1113 ex
2518 1060 2645 1129 ejus
2673 1059 2893 1116 familia
2924 1063 3624 1132 obtinerent,Cluniacum
3652 1068 3915 1133 secessit,
3947 1085 4068 1125 mo-

2425 1147 2746 1203 nasterium
2779 1150 3083 1206 sanctitate
3115 1156 3171 1207 et
3218 1152 3513 1224 religionis
3560 1153 3717 1209 fama
3744 1171 3848 1227 per
3875 1159 4064 1212 totum

2425 1235 2624 1290 orbem
2656 1236 3120 1305 celeberrimum,
3152 1240 3252 1295 ubi
3279 1257 3315 1296 a
3345 1240 3510 1297 beato
3558 1242 3785 1311 Maiolo,
3816 1244 4066 1301 sanctis-

2425 1323 2574 1377 simo
2605 1324 2832 1390 abbate,
2861 1326 2952 1382 cui
2976 1328 3103 1398 jam
3137 1328 3315 1400 probe
3364 1333 3536 1384 notus
3565 1333 3707 1398 erat,
3741 1332 4067 1389 monastica

2424 1416 2580 1467 veste
2610 1413 2861 1468 donatus
2889 1419 2997 1470 est.
3058 1416 3119 1470 Id
3171 1432 3325 1471 anno
3355 1416 3451 1472 99f
3515 1418 3833 1490 contigisse
3882 1420 4066 1478 tradit

2426 1498 2589 1571 Hugo
2618 1499 3063 1558 Flaviniacensis
3084 1503 3265 1560 abbas
3287 1505 3346 1559 in
3369 1504 3649 1561 Chronico
3687 1507 4063 1577 Virdunensi,

2427 1588 2518 1641 cui
2552 1588 2901 1660 astipulatur
2930 1589 3253 1646 Chronicon
3266 1591 3702 1661 Cluniacense,a
3731 1598 3929 1650 nostro
3949 1596 4069 1651 Ste-

2428 1676 2704 1747 phanotio
2730 1693 2795 1732 ex
2825 1678 3086 1748 ejusdem
3110 1680 3446 1736 monasterii
3474 1681 3765 1738 veteribus
3779 1682 4067 1739 membra-

2428 1764 2521 1819 nis
2552 1765 2931 1837 descriptum.
2956 1766 3072 1822 Hoc
3100 1771 3297 1823 tamen
3319 1786 3490 1825 nemo
3512 1768 3623 1825 sibi
3655 1769 3821 1827 facile
3836 1786 4071 1844 persua-

688 1874 828 1914 nunc
856 1856 1174 1914 consilium
1204 1861 1262 1912 et
1281 1854 1638 1927 adjutorium
1671 1857 2032 1926 praestant,et
2060 1870 2162 1925 per
2190 1870 2320 1908 suc-
2349 1889 2399 1954 B
2428 1852 2606 1919 debit,
2642 1853 2690 1908 si
2713 1870 2915 1909 verum
2947 1853 3023 1910 sit
3051 1854 3354 1911 Odilonem
3399 1856 3507 1912 hoc
3536 1856 3663 1929 ipso
3683 1874 3859 1925 anno,
3889 1858 3976 1914 uti
4001 1876 4070 1914 ex

686 1944 933 2002 cedentia
960 1948 1237 2016 tempora
1265 1942 1657 2016 praestiterint,
1682 1946 1738 1997 et
1767 1941 2031 1997 omnium
2058 1940 2321 1996 fidelium
2350 1940 2399 1954 "
2431 1941 2653 2013 aliquot
2677 1941 2894 1998 chartis
2925 1942 3117 2016 colligi
3134 1960 3304 2016 posse
3332 1945 3581 2012 videtur,
3610 1962 3643 2001 a
3672 1946 3840 2002 beato
3861 1945 4070 2003 Maiolo

686 2032 1164 2093 Christianorum.
1199 2036 1264 2087 ut
1320 2030 1736 2095 misericordia,
1796 2029 1981 2102 pietas
2038 2033 2093 2084 et
2138 2028 2326 2101 gratia

684 2121 898 2176 Domini
911 2137 1077 2176 nunc
1095 2126 1153 2177 et
1167 2121 1221 2175 in
1239 2120 1433 2175 futuro
1455 2119 1718 2174 omnium
1732 2118 1966 2177 illorum
1980 2118 2326 2173 misereatur

686 2214 737 2264 et
764 2208 962 2275 nostri,
995 2208 1408 2281 supradictum
1470 2205 1682 2274 locum,
1736 2210 1792 2262 et
1840 2205 2036 2262 omnia
2095 2222 2221 2277 qua;
2251 2205 2323 2260 ad

690 2296 870 2369 ipsum
900 2297 1102 2352 locum
1139 2296 1430 2367 pertinere
1488 2295 1775 2362 videntur,
1809 2298 1866 2349 et
1922 2293 2194 2364 deinceps
2226 2310 2327 2366 per

686 2390 883 2441 cuncta
912 2384 1108 2457 spatia
1135 2383 1573 2440 succedentium
1630 2388 1961 2454 temporum
1996 2399 2028 2436 a
2058 2381 2327 2435 fidelibus

685 2473 1020 2537 Christianis
1047 2473 1114 2527 iu
1142 2472 1374 2544 praediis
1396 2470 1823 2544 etquibuslibet
1874 2470 2047 2525 rebus
2068 2471 2153 2524 vel
2177 2469 2329 2523 obla-

685 2563 930 2619 tionibus
955 2561 1151 2619 eidem
1182 2561 1308 2616 loco
1360 2576 1700 2616 concessum
1734 2558 1924 2627 fuerit,
1962 2559 2070 2613 sub
2102 2563 2323 2630 protec-

685 2650 829 2706 tione
857 2655 914 2706 et
954 2650 1211 2705 tuitione
1259 2649 1560 2704 beatorum
1613 2646 2009 2719 apostolorum
2068 2645 2218 2702 Petri
2269 2648 2327 2701 et

685 2739 858 2810 Pauli,
888 2743 947 2794 et
975 2737 1321 2794 defensione
1353 2735 1693 2809 pontificum
1727 2734 2055 2806 apostolica:
2084 2735 2332 2799 sedis,et

684 2827 1099 2898 gubernatione
1113 2825 1340 2881 abbatis
1353 2829 1409 2880 et
1420 2823 1838 2879 monachorum
1860 2822 2220 2878 Cluniacensi
2232 2840 2329 2877 um

690 2914 1126 2982 constituimus,
1165 2918 1223 2969 et
1268 2913 1343 2970 ab
1392 2911 1551 2968 omni
1596 2911 1872 2967 servitute
1927 2914 1984 2966 et
2038 2910 2331 2965 exactione

690 3002 951 3059 humana:
982 3001 1384 3075 improbitatis
1406 3000 1655 3056 liberum
1687 3016 1814 3055 esse
1845 2999 2334 3054 decernimus.0r—

689 3091 959 3147 dinamus
989 3106 1252 3163 namque
1277 3094 1334 3145 et
1363 3106 1497 3145 cum
1535 3089 1695 3143 omni
1743 3086 2029 3143 desiderio
2061 3089 2333 3159 Optamus

691 3182 749 3233 ut
774 3177 1193 3235 Cluniacenses
1209 3178 1450 3234 abbates
1465 3182 1521 3233 et
1542 3175 1812 3232 monachi
1831 3175 2011 3231 istum
2033 3174 2223 3230 locum
2250 3180 2331 3230 te-

689 3272 854 3323 neant
883 3271 1195 3340 semperet
1217 3265 1637 3339 possideant,et
1657 3264 1714 3320 in
1740 3264 1837 3319 Dei
1872 3262 2103 3319 servitio
2126 3280 2329 3318 secun-
2363 3242 2405 3308 Ο

687 3355 819 3412 dum
855 3356 1126 3429 regulam
1180 3355 1367 3409 sancti
1431 3352 1744 3417 Benedicti,
1805 3352 1961 3407 sicut
2016 3356 2071 3406 et
2126 3356 2329 3406 caetera

686 3443 1033 3499 monasteria
1062 3442 1138 3498 ad
1172 3458 1233 3497 se
1260 3439 1491 3513 proprie
1515 3439 1956 3511 pertinentia,ut
1974 3438 2193 3494 dictum
2221 3443 2328 3504 est,

685 3532 749 3586 ad
779 3531 1001 3587 cultum
1033 3529 1244 3587 divina:
1271 3528 1571 3602 religionis
1600 3527 1868 3584 ordinent
1910 3531 1967 3582 et
1996 3526 2328 3599 disponant.

684 3619 737 3674 Si
768 3621 857 3676 cui
888 3620 1038 3676 forte
1064 3619 1192 3675 haec
1217 3622 1417 3673 nostra
1445 3616 1737 3672 sanctio...
1755 3616 1901 3672 sciat
1928 3616 2181 3690 profecto
2204 3616 2329 3688 dig-

693 3725 827 3764 num
858 3726 969 3765 nos
998 3707 1335 3773 duxisse,ut
1357 3705 1518 3761 illius
1542 3704 1649 3760 loci
1673 3704 2250 3777 sanctae-ongregatio
2264 3721 2331 3760 ex

622 3850 633 3861 ,
683 3802 874 3854 nostra
884 3800 1237 3871 paupertate
1258 3794 1479 3867 aliquid
1505 3794 1800 3851 servitutis
1843 3793 2057 3848 habere
2079 3810 2140 3848 se
2172 3810 2329 3849 reco-

682 3883 1025 3958 lat,propter
1051 3885 1228 3953 cujus
1255 3882 1633 3939 reverentiam
1661 3884 1715 3935 et
1737 3880 2008 3936 meritum
2032 3879 2243 3951 aliquis
2263 3897 2331 3935 ex

683 3979 871 4030 nostro
900 3990 1120 4047 genere
1147 3971 1426 4027 honorem
1454 3969 1776 4026 secundum
1807 3969 2010 4036 Deum,
2035 3973 2092 4023 et
2121 3985 2327 4024 secun-

681 4062 812 4116 dum
847 4062 1137 4118 saeculum
1171 4061 1331 4115 visus
1359 4063 1448 4114 est
1503 4056 1848 4125 obtinuisse,
1883 4060 1941 4113 et
1988 4057 2329 4129 parentibus

681 4149 847 4205 etiam
881 4150 1110 4207 nostris
1140 4153 1197 4204 et
1235 4147 1403 4203 nobis
1435 4145 1578 4219 ipsis
1627 4163 1741 4200 non
1798 4162 2006 4217 parvos
2040 4145 2329 4216 profectus

680 4244 905 4295 constat
935 4237 1226 4294 evenisse.
1257 4236 1540 4291 Caeterum
1573 4233 1621 4289 si
1667 4234 1800 4306 quis
1843 4234 2119 4289 adversus
2150 4238 2330 4288 testa-

681 4331 937 4382 mentum
962 4331 1183 4382 nostrae
1229 4323 1543 4379 oblationis
1581 4322 1839 4393 aliquam
1884 4321 2197 4393 aliquando
2233 4338 2327 4376 ca-

675 4411 959 4471 lumniam
983 4415 1204 4470 inferre
1228 4412 1893 4484 prtesumpscritmontra
1912 4397 2220 4464 censuram
2244 4410 2328 4464 di-

579 4518 584 4522 '
678 4501 787 4557 vini
802 4503 1020 4575 judicii
1043 4506 1105 4558 et
1118 4501 1550 4557 mundanarum
1574 4498 1769 4571 legum
1786 4499 1924 4568 jura
1940 4514 2001 4551 se
2019 4497 2224 4552 fecisse
2244 4514 2326 4553 re-

2431 2030 2489 2084 in
2522 2029 2763 2085 abbatiae
2783 2031 3084 2103 regiminis
3105 2033 3462 2089 consortium
3477 2038 3851 2107 assumptum
3869 2035 4069 2092 fuisse.

2432 2120 2592 2172 Certe
2623 2117 2778 2173 haud
2804 2118 3054 2174 multum
3087 2121 3157 2175 ab
3176 2137 3245 2175 ea
3265 2121 3554 2177 sententia
3567 2123 3830 2178 recedere
3849 2122 4075 2179 videtur

2435 2206 2679 2277 ipsemet
2707 2206 3093 2272 Jotsaldus,et
3124 2213 3254 2280 post
3278 2225 3410 2264 eum
3443 2209 3648 2264 Petrus
3680 2210 4074 2284 Demiani,qui

2435 2294 2690 2348 referunt
2723 2298 2986 2349 sanctum
3011 2295 3284 2350 Maiolum
3310 2313 3339 2351 o
3356 2295 3500 2352 vivis
3522 2296 3735 2354 abiisse
3751 2298 4075 2372 annisqua-

2435 2385 2567 2436 tuor
2594 2382 2707 2437 fere
2738 2382 2983 2438 evolutis
3016 2388 3320 2455 postquam
3346 2384 3510 2440 Odilo
3533 2385 3603 2439 ad
3639 2387 4072 2442 conversionem

2434 2474 2685 2524 venerat.
2719 2470 2951 2525 Certum
2984 2476 3073 2525 est
3102 2476 3297 2526 autem
3341 2489 3474 2527 eum
3522 2490 3673 2529 anno
3703 2474 3808 2528 994
3837 2475 4071 2531 obiisse.

2438 2556 2599 2612 Unde
2622 2559 2904 2629 conjicere
2921 2558 3053 2614 licet
3075 2564 3292 2631 quanta
3315 2560 3487 2615 fuerit
3507 2560 3659 2616 beati
3683 2561 4075 2619 Odilonisma-

2435 2645 2667 2713 turitas,
2702 2652 3057 2718 quantumve
3090 2649 3216 2719 ejus
3242 2650 3537 2716 meritum,
3572 2650 3692 2721 qui,
3726 2650 3915 2706 adhuc
3945 2668 4078 2707 neo-

2439 2734 2654 2806 pbytus
2685 2739 2742 2790 et
2766 2735 2823 2790 in
2856 2735 2980 2807 ipso
3012 2736 3127 2792 fere
3158 2737 3227 2792 ad
3248 2736 3586 2810 religionem
3610 2738 4076 2811 ingressu,tantaa

2440 2824 2904 2895 congregationis
2932 2823 3211 2896 regimine
3240 2826 3312 2880 ab
3344 2825 3595 2897 ipsemet
3636 2831 3835 2882 sancto
3867 2826 4077 2883 Maiolo

2440 2910 2652 2983 dignus
2684 2911 2861 2967 fuerit
2888 2912 3150 2967 habitus.

2508 3000 2563 3052 9.
2593 3000 2733 3069 Ejus
2764 3016 2933 3071 porro
2953 2999 3290 3056 electionem
3315 3000 3467 3057 ultra
3483 3019 3703 3058 annum
3728 3004 3834 3059 992
3861 3005 4077 3061 differri

2443 3104 2555 3143 non
2584 3104 2751 3158 posse
2783 3088 3060 3159 probatur
3088 3104 3155 3143 ex
3186 3088 3387 3143 multis
3413 3089 3631 3146 chartis
3653 3090 3761 3147 hoc
3778 3093 3904 3164 ipso
3926 3110 4077 3150 anno

2442 3175 2613 3241 datis,
2648 3175 2708 3231 in
2740 3176 2953 3248 quibus
2984 3192 3192 3248 nempe
3224 3176 3387 3232 Odilo
3418 3178 3599 3233 abbas
3614 3182 4075 3253 nuncupaturJn

2439 3263 2728 3319 chartario
2780 3282 2842 3320 n-
2871 3264 3205 3320 monasterii
3265 3265 3682 3331 Cluniacensis,
3716 3267 3915 3323 charta
3941 3270 4070 3336 738,

2439 3369 2678 3424 campus
2710 3352 2946 3425 quidam
2980 3352 3039 3408 in
3064 3353 3200 3408 villa
3223 3354 3564 3409 Bersoniaco
3583 3355 3733 3410 situs
3765 3356 3937 3412 datur
3958 3374 4079 3413 mo-

2438 3441 2692 3497 nasterio
2723 3440 3211 3509 Cluniacensi,cui
3227 3448 3435 3510 praeest
3469 3443 3644 3502 Odilo
3664 3444 4020 3513 abbas,anno
4042 3463 4079 3502 v

2442 3529 2699 3602 llugonis
2729 3529 2883 3601 regis
2912 3530 3286 3597 Francorum,
3321 3530 3376 3585 id
3416 3535 3505 3587 est
3533 3548 3684 3587 anno
3715 3533 3919 3588 saltem
3948 3533 4075 3590 992.

2440 3617 2692 3690 Hocipso
2714 3634 2866 3673 anno
2890 3634 3089 3673 mense
3113 3617 3270 3674 Julio
3291 3619 3600 3675 Girbaldus
3615 3621 3872 3676 vendidit
3882 3623 4078 3695 pecto.

2443 3704 2561 3761 lam
2593 3706 2781 3778 campi
2814 3705 3029 3761 ibidem
3054 3707 3186 3773 siti;
3219 3707 3421 3763 charta
3441 3709 3549 3763 539
3578 3709 3814 3765 donatio
3831 3715 3920 3766 est
3949 3727 4078 3766 cur-

2439 3793 2559 3849 tilis
2589 3800 2645 3848 et
2671 3794 2848 3849 vineae
2882 3794 2940 3848 in
2975 3793 3114 3850 villa
3169 3795 3470 3869 Morgono,
3502 3797 3560 3851 in
3620 3814 3770 3871 pago
3811 3798 4077 3854 Matisco-

2438 3883 2626 3949 nensi,
2660 3882 2812 3937 facta
2843 3880 3072 3938 Odiloni
3094 3882 3291 3937 abbati
3331 3900 3483 3939 anno
3513 3902 3567 3939 v1
3595 3884 3855 3958 Hugonis
3884 3886 4075 3958 regis;

2438 3986 2610 4040 quem
2642 3970 2913 4024 eumdem
2947 3986 3165 4025 annum
3198 3972 3426 4042 prmfert
3469 3971 3671 4027 charta
3697 3973 3823 4041 753,
3858 3989 3984 4044 quae
4014 3973 4075 4028 in

2438 4057 2623 4130 ipsius
2647 4057 2823 4113 etiam
2846 4056 3109 4113 Odilonis
3130 4058 3358 4112 abbatis
3380 4060 3625 4131 gratiam
3654 4059 3803 4113 facta
3830 4063 3936 4114 est.
3953 4060 4076 4115 Huc

2438 4162 2667 4218 quoque
2699 4145 3050 4217 proferenda:
3075 4150 3269 4201 essent
3286 4146 3505 4218 aliquot
3524 4146 3739 4202 chartae
3760 4147 3947 4220 primo
3966 4148 4074 4203 Ro-

2422 4234 2577 4289 -dulfi
2601 4232 3083 4305 Burgundionum
3106 4233 3259 4307 regis
3272 4251 3423 4290 anno
3445 4235 3669 4302 datm,si
3696 4236 3850 4308 apud
3872 4253 4075 4293 omnes

2437 4326 2729 4377 constaret
2760 4321 2914 4377 hunc
2944 4338 3137 4393 regem
3171 4326 3303 4377 ante
3347 4322 3454 4375 992
3500 4322 3776 4379 thronum
3806 4340 4074 4380 conscen-

2435 4410 2610 4466 disse.
2645 4409 2869 4464 Chartis
2901 4426 3047 4481 quas
3078 4426 3257 4482 supra
3302 4409 3670 4465 laudavimus
3719 4412 4075 4485 suffragatur

2434 4504 2636 4554 auctor
2659 4499 2868 4553 veteris
2905 4498 3192 4567 Chronici,
3226 4499 3377 4570 quod
3411 4515 3584 4570 penes
3614 4513 3719 4554 nos
3747 4500 4072 4556 manuscri-

675 4582 2327 4661 cognoscat.Sipaenitendoemendarevoluerit,indulgen-
2355 4603 2403 4668 D
2435 4592 2600 4659 ptum
2631 4587 2936 4654 habemus,
2966 4587 3063 4641 ubi
3097 4588 3167 4642 ad
3203 4604 3422 4642 annum
3450 4588 3556 4641 992
3591 4587 3710 4643 haec
3740 4587 4068 4645 habentur:

674 4674 807 4732 tiam
830 4677 1173 4750 percipiat;
1199 4676 1248 4731 si
1275 4692 1407 4732 vero
1420 4673 1731 4730 emendare
1763 4671 2031 4741 noluerit,
2063 4677 2119 4727 et
2138 4673 2328 4745 magis
2437 4676 2536 4731 «In
2560 4674 3150 4748 BurgundiaOdiloex
3165 4674 3370 4730 clerico
3388 4674 3703 4730 Brivatensi
3718 4676 4070 4733 monachum

670 4762 726 4819 in
756 4782 865 4822 sua
894 4764 1133 4821 malitia
1157 4779 1522 4838 perseverare
1542 4760 2075 4833 disposuerit,quod
2098 4761 2327 4833 petierit
2434 4764 2747 4835 professas,
2783 4764 2841 4819 in
2866 4763 3231 4819 Cluniacensi
3260 4763 3517 4819 cmnobio
3552 4765 3880 4836 prmficitur,
3914 4765 4070 4837 quod

672 4868 781 4908 non
812 4854 1102 4921 vindicet,
1130 4853 1231 4909 sed
1287 4851 1444 4924 quod
1490 4854 1745 4906 meretur
1795 4849 2109 4920 percipiet;
2144 4849 2224 4904 ita
2261 4853 2326 4905 ut
2433 4868 2535 4924 per
2564 4869 2748 4907 annos
2783 4870 2865 4907 va
2889 4852 3036 4907 miro
3078 4850 3375 4923 religionis
3424 4852 3643 4907 fervore
3686 4852 3831 4908 rexit
3859 4857 3916 4908 et
3938 4869 4069 4925 pro-

669 4939 760 4997 hic
785 4941 947 5016 leges
977 4950 1093 5014 pro
1122 4941 1225 4996 tali
1256 4940 1499 4997 crimine
1520 4938 1918 5010 promulgatas
1940 4936 2247 5008 persolvat,
2268 4942 2326 4993 et

666 5027 722 5084 in
752 5039 1047 5087 aeternum
1082 5046 1286 5102 pcenas
1314 5031 1625 5101 perpetuas
1672 5025 1814 5081 luat.
1845 5026 2090 5098 Signum
2121 5026 2322 5081 domni

667 5117 927 5175 Odilonis
959 5118 1401 5189 abbatis,cujus
1432 5118 1560 5170 voto
1591 5117 1649 5170 et
1678 5113 1963 5169 desiderio
1983 5112 2104 5168 hac
2120 5113 2323 5168 charta

666 5208 999 5281 conscripta
1029 5210 1143 5263 est.
1177 5206 1421 5278 Signum
1454 5207 1729 5276 nepotum
1754 5217 2016 5277 suorum,
2042 5200 2321 5273 Stephani

664 5296 950 5366 videlicet,
985 5294 1244 5361 Beraldi,
1277 5292 1518 5350 alterius
1562 5290 1813 5358 Beraldi,
1858 5290 2187 5361 iterumque
2216 5290 2319 5346 Be-

666 5383 829 5456 raldi,
858 5383 1177 5455 Aldigerii,
1211 5380 1511 5451 Willelmi,
1544 5378 1829 5435 Odilonis.
1870 5379 2114 5451 Signum
2147 5376 2317 5433 Petri.

664 5470 907 5544 Signum
942 5467 1503 5540 Bernardi.Signum
1537 5466 1742 5523 Pontii.
1763 5466 2008 5538 Signum
2028 5465 2316 5522 Dalmatii.

661 5560 904 5633 Signum
937 5556 1162 5615 Pontii.
1194 5556 1438 5629 Signum
1470 5553 1798 5611 Blismodis.
1829 5553 2073 5626 Signum
2102 5553 2322 5609 Aldiar—

663 5648 769 5709 dis.
806 5648 1073 5725 Signum
1107 5643 1368 5703 Auxilia.
1407 5645 1581 5705 Facta
1609 5645 1804 5702 autem
1854 5646 1941 5701 est
1970 5642 2091 5699 haec
2120 5642 2320 5699 charta

2430 4939 2905 5008 vcxit,»etc.Quin
2932 4945 2989 4995 et
3016 4956 3148 4995 cum
3172 4940 3266 4995 alii
3294 4941 3407 4996 fere
3432 4957 3634 4996 omnes
3655 4945 3917 4996 auct‘ores
3934 4940 4069 4997 Odi-

2428 5026 2548 5082 loni
2583 5028 2818 5083 totidem
2842 5027 3145 5101 regiminis
3161 5045 3345 5083 annos
3375 5029 3785 5097 concesserint,
3818 5033 4069 5085 certum-

2430 5131 2542 5186 que
2569 5115 2735 5181 sit,ut
2761 5120 2818 5170 et
2847 5116 2958 5187 ipsi
2994 5116 3169 5171 etiam
3228 5120 3597 5184 attestantur,
3629 5134 3762 5173 eum
3795 5117 4071 5175 Kalendis

2428 5202 2691 5259 Januarii
2724 5204 2860 5258 anni
2896 5204 3032 5257 1049
3061 5221 3130 5259 ex
3158 5203 3266 5260 hoc
3315 5203 3522 5260 saeculo
3553 5205 3789 5274 abiisse,
3822 5206 4068 5262 istorum

2428 5307 2663 5363 quoque
2693 5291 3007 5348 auctoritas
3037 5293 3107 5347 ad
3140 5292 3600 5348 confirmandam
3626 5299 3889 5349 nostram
3932 5311 4068 5350 sen-

2429 5380 2672 5434 tentiam
2701 5379 2906 5435 merito
2937 5380 3280 5451 proferenda
3307 5384 3414 5435 est.
3449 5381 3667 5437 Tamen
3711 5382 4066 5454 Sigebertus,

2426 5466 2486 5522 in
2499 5467 2575 5522 Ch
2585 5467 2922 5539 ronico,regi
2932 5467 3102 5523 minis
3114 5467 3374 5523 Odilonis
3387 5467 3616 5523 initium
3637 5484 3790 5523 anno
3803 5467 4066 5539 sequenti

2428 5555 2735 5627 consignat
2764 5572 2776 5619 ;
2802 5553 2967 5625 Hugo
2993 5571 3127 5610 vero
3152 5554 3600 5610 Flaviniacensis
3621 5571 3774 5610 anno
3802 5555 3928 5621 994,
3962 5553 4063 5609 sed

2426 5642 2620 5699 istead
2656 5638 2846 5699 Maioli
2874 5644 3119 5703 mortem
3150 5640 3342 5700 solum
3373 5639 3805 5710 attendit.Quod
3837 5654 4064 5735 expres-
