4954 6442
739 468 858 531 849

2246 466 2623 531 ELOGIUM.

4007 473 4129 538 850

740 600 925 661 sancti
958 599 1210 674 Georgii,
1257 600 1370 657 sita
1422 599 1480 656 in
1524 598 1966 658 Villa-Domina.
2016 600 2159 657 Item
2215 600 2387 658 vinea
2412 599 2469 668 Α
2498 617 2647 658 rum.
2691 605 2866 659 Porro
2916 600 3206 675 ejusmodi
3266 601 3483 661 chartis
3534 622 3649 663 non
3705 607 3899 679 plures
3954 626 4131 684 quam

741 693 982 760 ibidem,
1017 696 1074 747 et
1103 707 1221 746 una
1269 691 1621 746 condamina
1666 692 1723 745 in
1771 708 1917 763 pago
1965 690 2391 763 Gratianopoli-

740 787 900 840 tano.

808 873 901 926 47.
927 874 1091 925 Anno
1122 886 1311 925 xxxvn
1343 869 1574 924 Rodulﬁ
1625 868 1798 942 regis,
1836 869 2128 924 Amedeus
2176 885 2391 935 comes,

724 959 902 1016 ﬁlius
933 958 1237 1015 Humberti
1267 957 1520 1025 comitis,
1546 958 1723 1018 simul
1755 974 1889 1013 cum
1922 976 2098 1014 uxore
2121 975 2228 1013 sua
2249 958 2395 1012 Ada'.

737 1048 957 1116 lheida,
989 1047 1149 1101 dedit
1204 1046 1560 1102 monasterio
1611 1047 1999 1115 Cluniacensi,
2043 1048 2143 1102 ubi
2195 1038 2397 1118 praeest

739 1138 969 1193 domnus
1023 1144 1176 1207 pater
1216 1135 1393 1202 Odito,
1421 1135 1728 1191 ecclesiam
1779 1137 1964 1191 sancti
2022 1135 2286 1190 Mauricii
2334 1135 2392 1188 in

736 1225 881 1281 villa
937 1223 1277 1290 Maliacena,
1312 1229 1368 1279 et
1397 1224 1514 1279 alia
1572 1223 1779 1295 multa,
1813 1229 2102 1280 reservato
2161 1223 2270 1279 sibi
2326 1241 2393 1280 ac

738 1313 1185 1371 successoribus
1242 1313 1368 1369 suis
1413 1314 1548 1384 jure
1606 1316 1971 1385 patronatus.
2006 1314 2134 1369 Hzec
2191 1313 2394 1368 charta

737 1405 991 1459 habetur
1037 1402 1096 1456 in
1149 1400 1504 1458 Bibliotheca
1550 1401 1937 1466 Cluniacensi,
1971 1402 2079 1457 col.
2118 1404 2239 1467 412,
2291 1402 2387 1458 ubi

736 1494 877 1549 data
909 1491 1124 1546 dicitur
1151 1508 1304 1545 anno
1334 1507 1545 1557 xxxvu,
1579 1494 1860 1562 regnante
1907 1490 2174 1557 Rodult’o,
2199 1490 2391 1546 incar-

736 1580 997 1637 nationis
1044 1578 1277 1635 Domini
1329 1580 1487 1646 1025,
1543 1580 1664 1635 Kal.
1701 1579 2061 1648 Novembris,
2111 1579 2250 1634 luna
2294 1597 2387 1646 xx,

734 1670 843 1745 Qui
898 1669 1261 1724 characteres
1305 1668 1695 1740 chronologici
1754 1685 1869 1724 non
1919 1669 2029 1724 sibi
2080 1668 2388 1733 cohaerent,

733 1774 878 1813 nam
911 1773 1103 1813 annus
1134 1774 1324 1811 xxxvu
1349 1757 1578 1811 Rodulﬁ
1608 1758 1761 1829 regis
1791 1774 1944 1812 anno
1978 1758 2115 1812 1029
2144 1756 2389 1830 vulgataa

733 1864 861 1902 sirm
881 1862 1080 1901 mense
1099 1846 1332 1900 Octobri
1355 1845 1899 1917 incmpitﬂzeterum
1920 1863 2057 1918 erga
2073 1847 2391 1901 monachos

2503 697 2752 763 quatuor
2780 697 2878 749 aut
2905 693 3166 766 quinque
3195 693 3463 750 monachi
3487 695 3751 752 solebant
3774 698 4096 756 suscribere
4114 717 4133 755 τ

2504 798 2680 837 unam
2712 785 2906 838 tamen
2959 800 3074 854 prie
3133 782 3407 840 manibus
3450 784 3757 852 habemus,
3788 787 3882 842 cui
3932 788 4139 862 viginti

2504 871 2775 926 monachi
2807 871 3232 944 subscripsere;
3265 873 3366 928 sed
3398 877 3486 929 est
3514 875 3738 948 absque
3763 876 3915 933 data.

2572 962 2662 1015 52.
2690 962 2853 1015 Anno
2900 961 3057 1026 1032,
3092 960 3409 1017 indictione
3458 980 3548 1029 xv,
3574 963 3717 1020 feria
3763 982 3799 1019 v
3843 964 3996 1021 infra
4037 984 4145 1039 pa-

2504 1048 2761 1105 schalem
2782 1048 3230 1117 hebdomadam,
3246 1049 3565 1107 Girbardus
3584 1053 3906 1125 presbyter,
3920 1055 3992 1110 ad
4014 1072 4146 1112 cons

2500 1135 2825 1192 versionem
2854 1137 3113 1205 veniens,
3145 1137 3427 1194 nonnulla
3479 1140 3726 1196 contulit
3767 1145 4141 1212 monasterio,

2504 1241 2650 1296 quae,
2676 1225 2864 1280 tribus
2890 1225 3189 1280 mensibus
3212 1225 3447 1298 elapsis,
3473 1228 3580 1284 Aia
3608 1229 3823 1285 nobilis
3843 1232 4061 1289 femina
4080 1232 4141 1288 in

2501 1312 2862 1386 praestariam
2885 1314 2996 1369 sud
3027 1330 3203 1370 censu
3222 1315 3398 1371 trium
3422 1316 3741 1373 solidorum
3763 1318 4016 1375 obtinuit
4036 1337 4140 1392 pro

2499 1419 2606 1458 sua
2635 1418 2699 1457 ac
2732 1401 2983 1457 ﬁliorum
3015 1419 3253 1459 suorum
3275 1403 3414 1470 vita,
3437 1406 3691 1478 acceptis
3710 1408 3781 1463 ab
3806 1423 3874 1464 ea
3895 1409 4141 1480 quadra-

2497 1491 2659 1564 ginta
2689 1490 2912 1557 solidis,
2936 1492 3083 1547 mulo
3127 1493 3339 1548 valente
3364 1496 3407 1550 ο
3432 1494 3687 1565 adjuncto
3734 1513 3844 1553 uno
3892 1499 4135 1555 bancaie.

2497 1579 2907 1651 Subscripscrc
2926 1578 3089 1634 Odilo
3126 1580 3329 1647 abbas,
3355 1581 3642 1638 Robertus
3668 1584 3824 1655 prior
3843 1602 3976 1641 cum
4008 1586 4138 1643 aliis

2497 1667 2756 1740 quinque
2789 1667 3113 1735 monachis,
3137 1685 3167 1723 e
3192 1669 3407 1739 quibus
3439 1688 3595 1727 unus
3625 1672 4023 1744 appellabatur
4048 1676 4142 1732 Jo-

2494 1756 2724 1816 saldua.
2758 1757 2807 1811 is
2855 1756 3101 1812 fortasse
3133 1757 3230 1830 qui
3271 1758 3422 1813 beati
3471 1759 3731 1816 Odilonis
3772 1760 3955 1818 vitam
4002 1782 4140 1820 con-

2500 1844 2751 1916 scripsit.

734 1933 1154 1991 Cluniacenses
1185 1933 1241 2030 in
1274 1932 1412 1988 villa
1438 1932 1758 1989 Maltacena
1786 1935 2061 2030 degentes
2095 1936 2387 1990 beneﬁcus
2416 1965 2464 2030 B
2567 1935 2656 1989 53.
2685 1935 2837 2030 .An‘te
2868 1934 2926 2030 id
2957 1938 3190 2030 tempus
3221 1933 3407 2030 berlio
3449 1935 3616 1992 miles
3646 1939 3882 1994 dederat
3911 1940 4141 1998 Odiloni

732 2023 847 2079 fuit
873 2024 1025 2077 idem
1052 2022 1427 2089 Humbertus,
1448 2026 1513 2076 ut
1534 2026 1691 2093 patet
1710 2040 1777 2077 ex
1799 2022 2015 2093 duplici
2038 2024 2165 2092 ejus
2186 2023 2389 2080 charta

733 2112 896 2184 apud
930 2110 1365 2167 Guichenonem
1399 2110 1458 2164 in
1510 2111 1952 2183 probationibus
1992 2111 2253 2166 Historias
2285 2113 2385 2167 Sa-

732 2199 1021 2267 baudicaa,
1072 2200 1170 2254 ubi
1225 2198 1414 2254 multa
1452 2200 1673 2253 confert
1720 2200 1909 2254 cidem
1960 2199 2102 2254 loco.
2134 2200 2386 2271 Utraque

732 2293 897 2344 caret
938 2288 1092 2354 data,
1124 2288 1224 2342 sed
1279 2287 1585 2358 utrobique
1634 2288 2014 2343 nominantur
2044 2292 2161 2343 tres
2203 2289 2385 2343 Hum-

731 2377 887 2434 bcrti
921 2377 1046 2443 ﬁlii,
1079 2375 1303 2432 scilicet
1327 2377 1639 2443 Amadcus,
1671 2378 1853 2449 Aymo
1884 2382 1940 2431 et
1970 2377 2110 2432 Odo.

801 2468 897 2521 1:8.
931 2467 1096 2521 Anno
1118 2482 1230 2519 xui
1262 2466 1495 2521 Roberti
1532 2465 1703 2537 regis,
1728 2481 1797 2519 ex
1827 2482 1941 2536 quo
1976 2465 2198 2521 scilicet
2227 2484 2261 2522 a
2290 2483 2388 2538 pa-

729 2558 818 2609 tre
840 2553 905 2607 in
928 2553 1089 2625 regni
1114 2553 1447 2609 societatem
1476 2555 1664 2609 fuerat
1681 2558 2042 2627 assumptus,
2065 2572 2129 2609 ac
2147 2556 2387 2626 proinde

731 2659 897 2698 anno
928 2642 1086 2708 1029,
1113 2642 1286 2697 datus
1315 2648 1402 2698 est
1432 2642 1785 2698 monasterio
1818 2642 2181 2698 Cluniacensi
2214 2644 2387 2699 curti-

731 2730 829 2787 lus
863 2730 927 2785 in
956 2729 1094 2785 villa
1122 2731 1390 2786 Sarciaco
1440 2731 1496 2784 in
1546 2748 1694 2804 pago
1744 2731 2175 2800 Matisconensi,
2210 2732 2389 2788 indic-

733 2820 895 2875 tione
926 2837 1004 2887 χι,
1039 2835 1238 2875 mense
1269 2819 1598 2874 Februario.

808 2909 899 2962 49.
936 2911 1103 2963 Anno
1151 2926 1321 2963 xxxm
1370 2908 1635 2978 ejusdem
1685 2908 1857 2979 regis,
1891 2909 2012 2978 qui,
2049 2908 2099 2962 si
2149 2909 2219 2963 de
2269 2924 2387 2964 mo-

737 2995 988 3053 narchia
1034 2995 1412 3068 intelligatur,
1444 2998 1553 3051 erit
1583 3014 1773 3051 annus
1819 2998 1955 3051 1027
1983 3001 2085 3051 aut
2114 3014 2384 3068 sequens,

735 3086 875 3140 data
905 3084 1020 3139 fuit
1048 3084 1527 3141 Cluniacensibus
1552 3084 1772 3157 capella
1798 3088 2009 3139 sanctae
2039 3086 2229 3140 Mariae
2251 3102 2385 3140 cum

735 3173 1006 3239 decimis,
1033 3172 1248 3238 etc.,in
1295 3173 1433 3228 villa
1483 3173 1815 3239 Quinciaco,
1848 3173 1906 3227 in
1952 3190 2100 3246 pago
2154 3174 2385 3246 Lugdu-

722 3262 936 3329 «nensi,
966 3270 1017 3317 et
1046 3269 1259 3317 tantum
1289 3270 1454 3319 terra:
1467 3264 1633 3334 juxta
1650 3262 1892 3318 eamdem
1922 3261 2225 3334 capellam,
2248 3263 2388 3333 quod

729 3326 984 3422 sufficiat
1010 3349 1198 3405 domui
1222 3326 1560 3420 aediﬁcandae
1587 3355 1639 3404 ct
1667 3352 1902 3421 ofﬁcinis
1922 3326 2175 3422 hci-teque
2201 3326 2386 3405 mona-
2415 3326 2456 3394 C

726 3440 844 3495 ehi.
870 3439 955 3494 Ad
982 3439 1135 3493 idem
1164 3438 1280 3494 fere
1304 3443 1535 3510 tempus
1558 3438 1810 3493 revocari
1832 3439 2004 3494 debet
2030 3438 2144 3493 alia
2162 3439 2382 3506 charta,

732 3544 855 3599 qua
887 3528 1110 3581 dantur
1149 3527 1500 3582 monasterio
1533 3526 1895 3582 Cluniacensi
1935 3530 2157 3599 septem
2189 3526 2384 3583 raseiaz

726 3616 1046 3671 uinearum
1078 3614 1135 3668 in
1168 3631 1315 3687 pago
1347 3614 1774 3681 Matisconensi,
1810 3616 2056 3671 Roberto
2089 3632 2220 3686 rege
2252 3633 2384 3670 cum

728 3703 856 3758 ﬁlio
889 3702 1141 3758 Henrico
1186 3707 1481 3775 regnante.
1513 3704 1678 3759 Anno
1725 3704 1881 3772 1027,
1911 3702 2194 3759 Henricus
2225 3704 2385 3776 regni

726 3792 939 3848 socius
972 3808 1005 3844 a
1038 3795 1200 3862 patre
1230 3792 1422 3847 dictus
1451 3795 1557 3846 est.

804 3883 899 3934 50.
929 3887 1099 3933 Anno
1152 3880 1307 3945 1031,
1342 3880 1473 3935 Otto
1523 3896 1736 3946 comes,
1771 3883 2008 3952 rogatus
2056 3897 2089 3935 a
2136 3881 2385 3936 Roberto

732 3968 933 4040 priore
952 3966 1343 4031 Cluniacensi,
1361 3968 1519 4022 venit
1541 3967 1598 4022 in
1621 3966 1964 4039 capitulum,
1982 3967 2179 4039 ibique
2203 3985 2387 4024 amor-

724 4057 936 4112 tizavit
982 4055 1184 4111 omnia
1217 4072 1345 4127 quae
1383 4056 1466 4111 eis
1500 4056 1637 4117 data
1667 4055 1752 4111 vel
1801 4056 1873 4111 ab
1928 4056 1999 4111 iis
2053 4062 2387 4128 comparata

729 4143 1029 4200 hactenus
1081 4143 1376 4199 habebant
1421 4143 1480 4198 in
1530 4145 1810 4199 comitatu
1862 4144 2294 4213 Matisconensi,
2322 4162 2387 4199 ac

726 4235 946 4290 silvam
981 4233 1264 4300 Cerviam,
1299 4249 1477 4305 quam
1527 4231 1665 4287 olim
1698 4232 1788 4289 sui
1829 4232 2017 4304 ipsius
2061 4237 2384 4289 antecesso-

727 4341 825 4379 rcs
858 4320 1221 4377 monasterio
1274 4321 1660 4388 contulerant,
1708 4322 2090 4376 conﬁrmavit.
2120 4321 2385 4376 Subscri-

725 4415 989 4484 pserunt
1021 4410 1152 4465 Otto
1182 4425 1398 4477 comes,
1423 4409 1750 4465 Gaui‘redus
1780 4409 1934 4463 ﬁlius
1961 4410 2109 4479 ejus,
2132 4413 2188 4464 et
2218 4408 2387 4465 Wido

726 4500 895 4556 ﬁlius
952 4497 1233 4554 Gaufrcdi
1290 4496 1538 4553 comitis.
1590 4498 1779 4552 Actum
1831 4497 2102 4563 Ctuniaci,
2148 4514 2211 4551 IlI
2265 4499 2389 4553 Ictus

723 4590 993 4658 Augusti,
1053 4600 1201 4642 anno
1258 4587 1654 4642 incarnationis
1710 4587 1867 4651 1031,
1927 4584 2223 4640 indictione
2271 4603 2386 4654 xw,

2501 2021 2698 2077 abbati
2730 2021 3097 2078 Cluniacensi
3137 2022 3437 2080 ecclesiam
3484 2027 3673 2082 sancti
3703 2027 3978 2085 Germani
4005 2047 4142 2086 con-

2497 2109 2755 2179 fessoris,
2788 2111 2960 2167 sitam
3012 2111 3071 2166 in
3121 2128 3268 2184 pago
3289 2112 3626 2181 Viennensi,
3658 2114 3716 2170 in
3748 2132 3888 2188 agro
3939 2122 4140 2175 Corso-

2496 2199 2766 2264 riacensi,
2801 2200 2859 2255 in
2911 2199 3106 2255 insula
3151 2200 3303 2257 inter
3344 2202 3668 2259 Bulburum
3711 2207 3769 2260 et
3811 2206 4136 2264 Carusium.

2496 2288 2707 2344 Charta
2736 2287 2956 2343 nullam
2990 2289 3185 2343 datam
3231 2289 3480 2356 exhibet,
3507 2292 3609 2347 sed
3658 2292 3709 2348 ei
3759 2293 4141 2353 subscribunt

2497 2377 2890 2449 Leodegarius
2907 2376 3378 2449 archiepiscopus
3390 2379 3937 2453 Viennensis,atque
3956 2386 4137 2456 Aymo

2496 2464 2805 2536 episcopus
2825 2465 3091 2529 Betensis,
3115 2465 3172 2520 id
3204 2469 3293 2520 est
3321 2465 3675 2524 Bellicensis.

2568 2555 2658 2607 54.
2683 2555 2824 2608 Cum
2876 2552 2987 2607 hoc
3020 2552 3145 2624 ipso
3174 2570 3327 2609 anno
3358 2555 3497 2609 1032
3538 2556 3823 2613 Rodulfus
3872 2560 4136 2633 Burgun-

2496 2642 2738 2697 dionum
2788 2658 2885 2696 rex
2914 2640 3088 2696 viiam
3129 2640 3361 2709 ﬁnierit,
3388 2642 3581 2698 visum
3634 2648 3723 2700 est
3770 2645 3885 2702 huc
3926 2649 4137 2706 referre

2496 2729 2719 2801 aliquot
2756 2729 2989 2785 chartas
3045 2747 3173 2800 quae
3231 2730 3357 2799 ipso
3416 2736 3712 2803 regnante,
3747 2734 3969 2807 absque
4024 2737 4139 2794 alia

2494 2819 2776 2890 temporis
2806 2822 2963 2884 nota,
2996 2819 3143 2873 datae
3182 2818 3405 2889 passim
3436 2825 3768 2878 occurrunt.
3804 2823 3880 2878 Ex
3926 2824 4020 2882 his
4048 2831 4140 2883 est

2494 2908 2698 2965 charta
2720 2907 2987 2978 Wigonis
3017 2906 3390 2973 vicecomitis,
3411 2908 3510 2979 qui
3537 2908 3713 2966 simul
3742 2927 3877 2968 cum
3910 2913 4136 2986 Euphe-

2496 2995 2614 3052 mia
2662 3012 2837 3050 uxore
2895 3012 3024 3061 sua,
3058 2994 3179 3050 ﬁlia
3233 2996 3512 3052 Nardumi
3569 2997 3946 3067 vieecomitis,
3975 3002 4138 3058 dedit

2495 3082 2722 3139 Odiloni
2743 3082 2936 3138 abbati
2959 3081 3346 3152 Cluniacensi,
3361 3088 3639 3157 regnante
3662 3086 3928 3157 Rodulfo,
3948 3092 4133 3149 terras

2492 3170 2553 3226 in
2583 3171 2862 3228 comitatu
2908 3171 3281 3241 Lugdunensi
3314 3175 3372 3227 et
3402 3172 3830 3242 Matisconensi,
3860 3166 4003 3232 sitas
4032 3194 4129 3235 su»

2494 3277 2597 3332 per
2624 3258 2849 3314 Ararim
2880 3262 2937 3314 et
2964 3258 3243 3313 Voianam
3276 3258 3499 3325 ﬂuvios,
3530 3260 3590 3315 in
3619 3260 3756 3316 villa
3797 3262 4126 3322 Konneuco.

2495 3348 2653 3403 Hanc
2684 3351 2876 3403 autem
2908 3347 3277 3403 donationem
3307 3348 3441 3403 fecit
3471 3348 3637 3421 Wigo
3667 3366 3770 3422 pro
3800 3351 3996 3408 anima
4026 3370 4130 3426 pa-

2494 3436 2602 3492 tris
2633 3436 2723 3489 sui
2757 3435 3010 3501 Berardi,
3036 3440 3093 3490 et
3123 3435 3326 3492 matris
3348 3453 3466 3492 suae
3488 3437 3819 3507 Blismodis,
3844 3456 3910 3496 ac
3935 3441 4132 3503 fratris

2493 3524 2585 3580 sui
2636 3523 2952 3581 Wichardi.
3006 3524 3144 3578 Item
3195 3523 3434 3594 quidam
3487 3524 3723 3592 milites,
3761 3528 3872 3583 sub
3929 3530 4131 3589 eodem

2495 3611 2741 3670 Rodulfo
2800 3629 2959 3683 rege,
3018 3611 3384 3668 Cluniacensi
3444 3614 3798 3671 monasterio
3852 3616 4137 3681 dederunt

2493 3700 2768 3757 ecclesias
2798 3699 2980 3756 sancti
3011 3700 3277 3765 Joannis,
3311 3701 3499 3756 sancti
3546 3703 3822 3759 Antonini
3853 3707 3911 3763 et
3947 3709 4135 3767 sancti

2494 3789 2768 3855 Leuterii,
2801 3787 2860 3843 in
2892 3789 3171 3844 comitatu
3205 3789 3607 3857 Vindascensi,
3635 3790 3694 3848 in
3726 3792 4015 3851 territorio
4044 3794 4136 3851 Di~

2492 3882 2682 3945 ment,
2704 3894 2850 3949 quas
2882 3894 2917 3932 a
2936 3877 3162 3932 seniore
3184 3894 3290 3932 suo
3314 3877 3606 3935 Willelmo
3628 3879 4137 3952 comite(videlicet

2494 3965 2824 4036 Provinciae)
2850 3969 2907 4019 et
2934 3966 3062 4036 ejus
3112 3981 3287 4021 uxore
3336 3966 3513 4021 Lucia
3553 3967 3855 4025 comitissa
3899 3985 4133 4042 accepe-

2493 4058 2645 4110 rant.
2677 4052 2994 4108 Walterius
3040 4052 3510 4124 archiepiscopus
3552 4055 4029 4119 Vesontionensis
4056 4058 4135 4115 al-

2494 4146 2615 4198 tare
2643 4146 2702 4197 et
2730 4141 2988 4196 decimas
3033 4140 3286 4196 ecclesiae
3337 4141 3518 4196 sancti
3560 4142 3842 4214 Stephani
3889 4144 3948 4200 in
3994 4145 4134 4207 villa

2497 4227 2755 4287 Portensi
2786 4226 3267 4283 Cluniacensibus
3306 4228 3609 4285 monachis
3640 4230 3972 4302 petentibus
4000 4250 4135 4293 con-

2495 4317 2688 4384 cessit,
2714 4315 2870 4371 salvo
2905 4314 3265 4387 eulogiarum
3299 4320 3356 4371 et
3394 4321 3727 4389 paratarum
3758 4336 3956 4377 censu.
3990 4322 4135 4381 Data

2496 4412 2585 4463 est
2614 4408 2892 4478 regnante
2923 4403 3191 4471 Rodulfo,
3216 4409 3272 4460 et
3290 4411 3713 4463 consenserunt
3731 4408 4017 4479 canonici,
4043 4411 4137 4471 de-

2496 4512 2700 4560 canus,
2733 4490 3018 4548 Robertus
3048 4493 3248 4558 abbas,
3282 4497 3390 4548 etc.

2566 4585 2656 4638 55.
2689 4582 2810 4638 Huc
2840 4597 3071 4653 quoque
3099 4580 3337 4636 laudare
3382 4580 3552 4638 liceat
3594 4582 3856 4641 chartam
3886 4584 4137 4644 Ottonis-

723 4678 817 4733 dic
861 4679 942 4731 25
996 4684 1117 4747 post
1163 4676 1458 4730 transitum
1514 4676 1733 4731 Roberti
1785 4675 2008 4745 gloriosi
2059 4675 2390 4729 Francorum
2420 4689 2466 4752 ι)
2495 4670 2797 4736 Willelmi,
2823 4670 2975 4740 quod
3020 4669 3169 4724 hanc
3208 4668 3392 4725 solam
3423 4669 3745 4727 clausulam
3778 4671 4022 4733 habeat:
4052 4691 4136 4731 re-

723 4768 900 4835 regis,
938 4780 1088 4819 anno
1119 4764 1531 4836 quadragesimo
1570 4765 1725 4833 regni
1756 4764 1947 4834 ipsius,
1981 4764 2180 4833 quiest
2206 4771 2392 4818 sextus
2498 4768 2701 4830 ammte
2724 4759 2952 4829 Rodulfo
2972 4773 3112 4828 rege.
3132 4758 3273 4813 Nam
3300 4775 3432 4813 cum
3462 4757 3588 4831 ipse
3609 4759 3738 4816 Otto
3760 4777 3953 4819 comes
3984 4779 4137 4819 anno

722 4856 838 4926 ﬁlii
867 4855 997 4920 eius
1023 4854 1271 4924 piissimi
1296 4852 1485 4907 damni
1503 4854 1743 4917 Ile-nrici,
1775 4869 1846 4907 ex
1873 4868 1976 4923 quo
2006 4859 2199 4906 unctus
2225 4859 2302 4907 est
2330 4853 2390 4906 in
2499 4851 2657 4916 1027,
2682 4852 2739 4904 et
2767 4846 2863 4902 alii
2893 4845 2990 4917 qui
3020 4846 3077 4900 in
3109 4863 3178 4902 ea
3207 4846 3515 4916 habentur,
3543 4846 3711 4921 longe
3741 4853 3875 4907 ante
3924 4850 4138 4908 Rodul-

722 4958 913 5012 regem
964 4957 1134 5012 super
1178 4949 1391 5009 gentem
1428 4945 1767 4996 Francorum
1813 4948 1865 4995 et
1911 4939 2384 5009 Burgundionum.
2496 4939 2618 4993 fum
2650 4952 2845 5008 regem
2875 4934 3142 4990 obierint.
3169 4952 3283 4991 non
3313 4938 3503 5008 potest
3531 4953 3716 5010 usque
3746 4939 3818 4994 ad
3848 4943 4138 4998 extremos

723 5031 1014 5086 Labbeus
1038 5020 1232 5094 habet,
1256 5031 1312 5085 et
1331 5029 1567 5101 quidem
1595 5028 1831 5097 rectius,
1852 5028 1940 5084 die
1959 5032 2048 5099 22,
2070 5045 2216 5084 anno
2238 5045 2384 5095 κων,
2475 5024 2725 5081 Ῥιοόιιιίἰ
2758 5040 2939 5078 annos
2970 5022 3149 5095 rejici.
3176 5025 3233 5079 In
3267 5040 3334 5078 ea
3352 5024 3554 5080 charta
3573 5025 3724 5097 Otto,
3752 5032 4137 5100 cognomento

718 5121 822 5191 qui
850 5125 939 5173 est
968 5134 1007 5171 ν
1034 5119 1163 5188 ﬁtii,
1195 5122 1304 5173 etc.
1478 5135 1482 5139 ’
2492 5112 2847 5178 Willelmus,
2881 5111 2961 5166 ait
2989 5127 3052 5166 se
3086 5112 3187 5167 diu
3230 5129 3369 5168 aure
3405 5114 3585 5169 surda
3629 5116 3985 5187 prmteriisse.
4027 5116 4142 5175 cla-

791 5209 888 5261 51.
916 5205 1127 5261 Eidem
1145 5222 1299 5261 anno
1321 5206 1719 5278 consignanda
1732 5205 1961 5261 videtur
1981 5204 2179 5259 charta
2200 5204 2385 5276 ipsius
2493 5216 2715 5256 morem
2743 5198 2927 5253 sancti
2961 5198 3154 5254 Maioli
3185 5204 3244 5254 et
3273 5200 3469 5256 domui
3501 5200 3762 5260 Odilonis
3784 5204 4138 5263 successoris

720 5294 1006 5352 Odilonis
1056 5294 1425 5349 concedentis
1453 5293 1713 5365 aliquam
1771 5296 1984 5348 terram
2044 5293 2153 5348 sub
2210 5309 2389 5348 censu
2497 5289 2703 5361 ipsius,
2734 5286 2806 5341 de
2860 5286 3090 5342 duabus
3146 5289 3330 5344 sancti
3383 5289 3533 5345 Petri
3585 5291 3988 5350 Cluniacensis
4044 5309 4139 5364 po-

719 5383 1035 5441 Joscelino
1067 5381 1295 5450 clerico,
1323 5387 1380 5438 et
1416 5382 1645 5437 duobus
1693 5383 1819 5453 ejus
1866 5374 2211 5436 haeredibus.
2244 5382 2388 5438 Con-
2497 5374 2828 5439 testatibus,
2855 5374 3196 5429 Ambariaco
3221 5377 3442 5433 scilicet
3464 5383 3520 5434 et
3541 5378 3795 5448 Juliaco;
3821 5381 3920 5437 sed
3952 5378 4136 5435 decla-

721 5475 1056 5529 senserunt
1100 5471 1198 5525 alii
1247 5471 1538 5537 monachi,
1573 5487 1640 5526 ex
1690 5470 1903 5541 quibus
1955 5470 2215 5541 quinque
2263 5474 2393 5542 post
2500 5470 2589 5521 rat
2618 5461 2852 5517 tandem
2881 5478 2979 5516 eas
3010 5480 3072 5517 se
3105 5463 3409 5520 restituere
3455 5465 3632 5522 simul
3682 5483 3814 5523 cum
3865 5466 4136 5522 omnibus

721 5562 1063 5617 Robertum
1098 5560 1351 5630 priorem
1399 5558 1891 5631 subscripserunt,
1926 5562 2051 5612 tum
2100 5563 2231 5629 post
2260 5559 2393 5615 illos

721 5650 845 5723 Ugo
880 5648 1099 5704 abbas.
1136 5648 1281 5703 Data
1307 5652 1398 5702 est
1426 5647 1580 5718 apud
1630 5651 1897 5701 sanctum
1928 5646 2286 5710 Marcellum,
2315 5665 2390 5702 vn

718 5736 1038 5794 Kalendas
1078 5735 1439 5799 Novembris,
1469 5750 1620 5789 anno
1654 5751 1667 5788 ι
1702 5732 1929 5788 Henrici
1963 5734 2112 5804 regis
2147 5734 2391 5789 Franco-

2500 5551 2680 5617 silvis,
2714 5547 2888 5615 villis,
2939 5554 3071 5617 etc.,
3112 5551 3183 5606 ad
3231 5568 3330 5607 eas
3382 5554 3826 5625 pertinentibus.
3878 5550 4136 5608 Subscri-

2502 5655 2667 5714 psere
2696 5636 2847 5702 Otto,
2881 5636 3199 5693 Rainaldus
3228 5640 3357 5708 ejus
3407 5640 3585 5706 ﬁlius,
3615 5640 3763 5706 Otto,
3811 5636 4134 5693 Gauslenus

2503 5728 2833 5801 cpiscopus,
2866 5728 2921 5779 et
2950 5725 3259 5782 Adselinus
3305 5728 3504 5783 abbas.
3538 5728 3742 5781 Actum
3786 5720 4014 5784 Ledani,
4048 5733 4131 5772 re-
