4954 6416
1311 471 1428 535 851

2233 477 2297 539 S.
2343 477 2702 540 ODILONIS
2747 476 3306 539 CLUNIACENSIS
3355 480 3686 542 ABBATIS
3732 479 3804 542 V.

4607 482 4726 544 852

1310 613 1526 684 gnante
1557 608 1808 668 Rodult‘o
1852 625 2005 683 rege.
2039 611 2104 667 In
2146 610 2323 667 altero
2356 611 2532 681 hujus
2576 611 2785 666 charta:
2819 628 2954 683 apo-
2987 611 3038 678 Α
3069 610 3142 665 cti
3181 611 3470 667 Laurentii
3507 614 3821 669 monachos
3854 613 4128 682 instituit,
4163 617 4230 671 ut
4271 631 4378 671 suo
4411 611 4541 671 loco
4568 614 4722 671 dice-

1327 699 1554 772 grapho
1585 701 1918 760 habetur.ct
1942 701 2623 756 aliusOttonis~Willelmi
2660 701 2836 768 lilius,
2875 719 2966 754 no~

1318 790 1480 845 mine
1507 791 1712 858 Wido;
1747 798 1805 846 et
1834 792 1957 864 ipse
1979 791 2107 846 Otto
2137 791 2446 845 Hem-lcum
2483 791 2828 861 Burgundio:
2858 791 2965 844 du-

1323 895 1451 934 cem
1483 879 1776 935 seniorem
1815 898 1987 936 suum
2027 879 2296 951 appellat,
2332 879 2629 950 multaque
2660 880 2970 949 subjungit

1323 968 1542 1024 atrocia
1572 968 1880 1023 maledicta
1907 969 1962 1022 in
1990 968 2079 1023 sui
2126 969 2384 1022 benclicii
2418 967 2748 1032 violatores,
2783 968 2831 1022 si
2863 969 2965 1022 ali-

1323 1057 1560 1130 quando
1596 1057 1836 1124 fuerint;
1870 1074 1982 1129 quo
2030 1073 2098 1112 ex
2145 1056 2268 1112 loco
2301 1057 2563 1111 chartam
2617 1057 2766 1112 hanc
2818 1057 2966 1111 ultra

1324 1163 1546 1203 annum
1599 1148 1756 1210 1001,
1786 1163 1900 1217 quo
1956 1146 2236 1200 Henricus
2287 1147 2636 1215 Bnrgundia:
2687 1146 2802 1200 dux
2855 1148 2968 1200 l'ato

1323 1235 1556 1290 functus
1584 1238 1691 1300 est,
1725 1235 1942 1288 ditl‘crri
1975 1251 2088 1288 non
2125 1252 2292 1305 posse
2326 1235 2730 1304 intelligimus.

1387 1327 1478 1379 56.
1512 1324 1644 1380 Post
1676 1323 1902 1378 Rodulli
1932 1324 2084 1394 regis
2113 1325 2357 1389 obitum,
2383 1325 2795 1392 Ermcngardis
2830 1327 2970 1394 regi-

1320 1431 1413 1480 na,
1435 1415 1563 1484 ejus
1584 1410 1803 1479 relicta,
1829 1411 2182 1467 monasterio
2204 1412 2592 1478 Cluniacensi,
2619 1415 2730 1479 ubi,
2757 1415 2968 1484 inquit,

1317 1507 1512 1575 praeest
1541 1502 1770 1558 domnus
1805 1501 1958 1557 0dilo
1989 1502 2175 1566 abbas,
2201 1501 2434 1555 donavit
2475 1520 2574 1572 per
2625 1505 2966 1557 advoratum

1318 1609 1516 1662 suum,
1557 1592 1797 1646 nomine
1845 1591 2190 1657 Hubertum,
2222 1591 2372 1646 duos
2422 1609 2660 1646 mansos
2709 1591 2764 1645 in
2823 1611 2967 1663 pago

1319 1679 1639 1737 Genevensi
1675 1697 1688 1736 :
1726 1697 1907 1736 unum
1961 1681 2017 1734 in
2067 1679 2203 1734 villa
2251 1680 2584 1751 Silvigiaco,
2613 1680 2860 1735 alterum
2909 1683 2966 1735 in

1319 1769 1459 1826 villa
1507 1768 1825 1834 Cicuilatis,
1862 1785 1995 1824 cum
2056 1770 2330 1825 omnibus
2385 1771 2456 1825 ad
2517 1787 2616 1824 eos
2676 1772 2967 1839 pertinen-

1321 1859 1482 1914 tibus
1539 1859 1711 1925 casis,
1768 1857 2082 1923 casalibus,
2129 1857 2333 1912 vineis.
2397 1859 2598 1930 pratis,
2649 1865 2756 1913 etc.
2800 1862 2967 1913 Caret

1321 1947 1475 2004 data.

1386 2040 1475 2094 57.
1529 2039 1695 2093 Anno
1743 2037 1878 2091 1036
1941 2034 2271 2092 Willelinus
2321 2036 2727 2091 nobilissimus
2775 2054 2967 2090 eomes

1320 2127 1694 2197 (Proviricim),
1727 2131 1784 2181 et
1827 2127 1955 2196 ejus
2008 2142 2151 2179 uxor
2200 2125 2394 2188 Lucia,
2428 2126 2806 2180 reddiderunt
2836 2127 2965 2180 Clu-

1321 2217 1574 2274 niacensi
1616 2214 1992 2280 monasterio,
2025 2215 2123 2268 ubi
2161 2223 2378 2286 purast,
2415 2215 2708 2284 inquiunt,
2739 2216 2965 2269 domnus

1319 2307 1472 2363 0(ιίιο
1527 2308 1714 2370 abbas,
1775 2303 2173 2359 haereditatcm
2231 2304 2414 2357 sancti
2477 2303 2688 2370 Maioli,
2745 2305 2964 2358 scilicet

1318 2395 1602 2451 Diliadam
1634 2401 1691 2450 et
1720 2396 1951 2465 Septem
1988 2393 2196 2446 Fontes
2228 2391 2286 2446 in
2321 2391 2659 2462 episcopatu
2696 2392 2960 2465 [tegensL

1315 2491 1521 2544 Actum
1555 2485 1710 2558 apud
1743 2479 2202 2538 Podiiodolinem
2251 2482 2695 2546 monasterium,
2731 2483 2869 2536 feria
2901 2503 2959 2550 ιι,

1318 2595 1469 2634 anno
1529 2570 1952 2630 incarnationis
2014 2570 2173 2633 1036,
2217 2567 2533 2622 indictione
2585 2586 2636 2636 v,
2688 2571 2964 2628 Chunonc

1318 2666 1673 2736 imperatore
1721 2662 2001 2730 regnante
2049 2672 2201 2711 anno
2250 2656 2494 2711 decimo.
2527 2657 2721 2712 Altera
2768 2661 2966 2716 charta

1321 2756 1393 2810 de
1425 2753 1628 2808 eadem
1660 2766 1720 2804 re
1750 2747 1833 2802 sic
1882 2745 2058 2800 habet
2091 2760 2104 2798 :
2135 2751 2248 2801 Duo
2293 2747 2494 2813 fratres
2542 2748 2849 2805 l’roruu'iw
2876 2768 2963 2805 σο-

1319 2845 1510 2907 mites,
1580 2837 1880 2909 Gaufredus
1945 2843 2104 2904 aulae
2169 2837 2531 2897 Berlmmzus,
2603 2851 2964 2908 wcrpu'crunt

1321 2937 1432 2990 Deo
1489 2938 1541 2986 et
1593 2935 1777 2984 sancto
1825 2927 1986 2979 Petro
2040 2923 2345 2986 Cluuz'cnsi,
2379 2925 2436 2975 ιή
2492 2941 2661 2979 mmm
2719 2929 2963 2985 (Milonis

1317 3022 1562 3084 abbatis,
1620 3015 1896 3073 Diliadam
1949 3029 1999 3068 ει
2052 3013 2493 3084 Septem-Fontes.
2548 3015 2748 3070 Testes
2805 3018 2963 3073 fuere

1321 3107 1703 3167 Raimbaldus
1750 3102 2240 3174 archiepiscopus,
2297 3100 2571 3156 Feraldus
2630 3106 2960 3177 episcopus,

1318 3199 1521 3255 Petrus
1551 3196 1858 3268 epiSCOpus
1905 3189 2343 3255 Sextericensis,
2383 3191 2601 3244 France
2630 3194 2959 3266 episcopus,

1315 3293 1372 3346 et
1391 3287 1488 3344 alii
1511 3284 1681 3342 multi
1714 3281 1937 3338 nobiles
1969 3279 2095 3334 viri.
2124 3279 2186 3334 In
2219 3277 2402 3334 altero
2429 3281 2788 3351 apographo,
2811 3285 2964 3340 inter

3079 716 3228 754 mus.
3267 702 3404 769 l‘Ijns
3434 719 3564 754 vero
3615 720 3776 768 uxor,
3807 703 4040 758 nomine
4079 704 4326 768 Beatrix,
4358 711 4489 776 post
4536 704 4728 776 ipsius

3076 791 3297 843 obitum
3331 791 3832 858 Cluniacciisilnis,
3859 793 4073 863 quibus
4106 799 4229 847 tum
4262 793 4426 848 Udilo
4461 802 4726 866 prieerat,

3077 878 3234 932 dedit
3269 898 3539 933 mansum
3577 899 3754 934 lltllltll
3791 881 3846 935 in
3882 882 4005 935 loco
4033 882 4130 952 qui
4162 883 4379 938 dicitur
4407 883 4729 948 Salsetum,

3079 967 3134 1021 in
3171 986 3314 1037 pago
3350 969 3742 1034 Lug-inm-nsi.
3777 971 3988 1025 Charta
4017 972 4155 1025 data
4186 977 4274 1026 est
4303 972 4458 1042 apud
4490 971 4732 1027 Clunia-

3076 1072 3208 1109 cum
3264 1075 3462 1110 mense
3513 1058 3684 1124 Maio,
3719 1065 3993 1128 regnante
4041 1059 4287 1116 Domino
4337 1066 4540 1116 nostro
4583 1062 4728 1117 Jesu

3075 1144 3326 1198 Christo.

3145 1236 3233 1286 .30.
3267 1236 3431 1288 Anno
3485 1237 3619 1288 10:38
3674 1236 3812 1289 data
3867 1236 4081 1291 dicitur
4133 1238 4335 1294 charta
4393 1239 4729 1296 donationis

3076 1323 3299 1375 0diloni
3336 1325 3493 1376 l'acta-
3539 1325 3712 1378 unius
3757 1325 4002 1390 curtilis,
4035 1333 4092 1380 ct
4124 1327 4299 1381 trium
4352 1345 4624 1384 raxarum
4659 1331 4728 1384 de

3077 1411 3242 1464 vinea
3277 1412 3329 1465 in
3367 1429 3512 1484 pago
3558 1412 3989 1483 .‘datisconenci,
4023 1414 4078 1468 in
4113 1417 4244 1469 vina
4296 1415 4636 1484 Manisiaco,
4671 1421 4730 1472 in

3075 1517 3212 1568 agro
3265 1500 3495 1569 ltgiaco,
3529 1518 3588 1554 ιιι
3645 1503 3778 1556 ldus
3825 1502 4110 1570 Januarii,
4164 1503 4480 1560 indictione
4513 1523 4547 1560 ν
4579 1510 4730 1577 (que

3075 1606 3206 1642 cum
3239 1607 3390 1642 anno
3422 1590 3756 1660 supradicto
3788 1610 3900 1645 non
3931 1593 4286 1660 concordat),
4321 1595 4464 1648 feria
4496 1604 4732 1666 quarta,

3077 1685 3353 1748 regnante
3395 1680 3644 1734 Climch
3694 1680 4062 1752 inqieratore.
4097 1687 4402 1748 Caeterum,
4437 1699 4576 1740 cum
4623 1685 4734 1740 hoc

3077 1767 3200 1836 ipso
3241 1786 3392 1822 anno
3439 1770 3739 1823 Conradus
3794 1769 4107 1839 imperator
4137 1770 4255 1825 tilio
4315 1789 4422 1827 suo
4482 1772 4732 1829 Henrico

3076 1855 3424 1925 Burgundia-
3457 1876 3699 1927 regnum
3725 1857 4032 1924 dimiserit,
4059 1858 4170 1912 huc
4199 1876 4544 1916 revocamus
4566 1860 4732 1917 char-

3077 1949 3192 1999 tam
3227 1964 3360 2016 qna,
3394 1948 3596 2001 cmlcm
3651 1948 3962 2002 Chnnrado
4023 1949 4372 2020 imperatore
4425 1957 4728 2021 regnante,

3075 2033 3315 2088 (Milone
3346 2036 3576 2100 abbate,
3607 2043 3661 2090 et
3713 2037 3894 2090 Lentti
3917 2037 4008 2090 ido
4039 2038 4269 2104 comite,
4316 2037 4643 2095 ltichuinus
4676 2047 4732 2095 et

3077 2141 3218 2176 uxor
3247 2126 3373 2193 ejus
3409 2126 3664 2179 Lanzcde
3690 2126 3973 2179 dederunt
4003 2125 4305 2180 monachis
4335 2127 4735 2183 Cluniacensi-

3075 2211 3185 2266 bus
3221 2215 3273 2266 in
3311 2232 3455 2285 pago
3486 2221 3542 2268 et
3572 2215 3907 2284 episcopatu
3941 2217 4207 2269 Salltensi
4242 2222 4514 2286 quartam
4548 2217 4732 2273 eccle-

3075 2302 3171 2354 sim
3203 2303 3273 2355 de
3307 2303 3641 2356 Dombasila
3671 2309 3725 2357 et
3755 2303 4008 2357 ecclesia:
4039 2305 4109 2358 de
4141 2304 4475 2375 (iiugivilla.

3143 2394 3230 2445 00.
3256 2395 3420 2445 Anno
3445 2410 3538 2446 vm
3578 2392 3802 2446 llenrici
3839 2393 4189 2447 Francorum
4225 2393 4395 2465 regis,
4420 2394 4545 2465 qui,
4581 2397 4628 2450 si
4664 2398 4733 2452 de

3075 2482 3412 2535 monarcbia
3437 2481 3814 2550 intelligatur.
3840 2487 3925 2535 est
3951 2500 4142 2536 annus
4173 2485 4305 2536 1038
4329 2489 4430 2536 aut
4453 2501 4730 2554 sequens,

3075 2568 3237 2631 llugo
3267 2568 3795 2624 .\ntissimlorcnsis
3834 2572 4143 2641 cpiscOpus
4175 2570 4330 2625 dedit
4361 2572 4594 2627 0diloni
4627 2575 4732 2628 ab-

3075 2657 3189 2710 bati
3229 2658 3538 2712 Ecclesium
3574 2660 3757 2712 sam'ti
3790 2660 3970 2730 (lyrici
4007 2677 4183 2729 super
4211 2661 4730 2727 Graonnam,cum

3075 2752 3356 2816 potestate
3386 2754 3442 2800 et
3470 2749 3676 2801 l'orestc
3700 2747 3769 2800 nd
3795 2767 3919 2801 cani
3947 2750 4292 2818 pertinente.
4313 2748 4732 2822 Subscripsere

3077 2836 3361 2889 Hobertus
3391 2837 3506 2890 dux
3539 2843 3596 2890 et
3638 2837 3894 2891 Joannes
3943 2839 4142 2892 abbas.
4177 2841 4385 2893 Actum
4433 2839 4729 2895 Autissio-

3073 2924 3221 2987 dori,
3254 2925 3508 2978 dictante
3538 2925 3821 2979 Jotsaldo.

3141 3015 3232 3067 (31.
3257 3017 3420 3067 Anno
3465 3015 3620 3082 1030,
3652 3015 3786 3066 data
3817 3012 3924 3066 t'uit
3957 3016 4311 3069 monasterio
4358 3015 4731 3073 Cluniacensi

3072 3101 3312 3156 ecclesia
3346 3107 3558 3156 sancta.-
3605 3103 3794 3156 Maria:
3831 3121 3963 3156 cum
3997 3103 4262 3168 decimis,
4306 3105 4499 3171 terris,
4540 3106 4734 3173 silvis,

3072 3197 3205 3255 etc.,
3231 3192 3285 3244 in
3320 3190 3453 3243 villa
3485 3191 3756 3259 Silviago,
3783 3190 3836 3244 in
3871 3209 4015 3262 pago
4042 3192 4404 3248 (icuevicnsi.
4431 3195 4498 3248 Et
4529 3212 4734 3250 mona-

3072 3279 3162 3332 chi
3195 3279 3446 3332 investiti
3483 3281 3713 3333 luerunt
3742 3297 3842 3349 per
3863 3281 4059 3334 l'unem
4093 3282 4244 3351 signi
4276 3281 4555 3338 ecclesiae.
4581 3284 4734 3338 Data

1315 3345 1621 3434 Feraldum
1643 3378 1700 3429 et
1719 3373 1952 3428 Petrum
1974 3345 2788 3434 Sextericensem,subscribit
2809 3372 2960 3428 alius
2992 3345 3034 3412 Ο
3072 3376 3161 3424 est
3192 3387 3343 3422 anno
3395 3345 3811 3422 incarnationis
3847 3372 4000 3438 1030,
4031 3369 4258 3424 Henrici
4308 3372 4462 3440 regis
4511 3372 4728 3443 primo.

1313 3467 1454 3524 item
1484 3466 1693 3520 Petrus
1721 3460 2051 3531 episcopus,
2071 3457 2243 3525 cujus
2265 3455 2430 3510 sedes
2454 3473 2567 3510 non
2590 3458 2958 3529 designatur;

1314 3559 1374 3611 et
1403 3553 1606 3609 charta
1624 3549 1764 3604 data
1781 3547 1996 3602 dicitur
2024 3543 2178 3616 apud
2200 3541 2535 3598 Serrianum
2563 3544 2794 3614 Villam,
2823 3549 2963 3605 feria

1309 3661 1348 3700 v
1376 3636 1750 3698 Ascensnonis
1781 3632 2012 3690 Domini
2046 3635 2326 3703 regnante
2354 3631 2585 3687 Conone
2618 3633 2962 3706 imperatore

1312 3747 1471 3788 anno
1499 3747 1554 3784 χ.
1591 3727 1764 3782 Porro
1811 3723 1965 3777 Ceno
2015 3737 2116 3776 seu
2169 3719 2394 3785 Chuno,
2427 3719 2483 3774 in
2539 3723 2666 3778 Istis
2713 3723 2958 3798 aliisque

1313 3815 1605 3892 ejusmodi
1637 3812 1856 3870 chartis
1900 3814 2278 3874 memoratus,
2311 3815 2399 3864 est
2445 3810 2744 3868 Conradus
2778 3815 2956 3887 impe-

1312 3913 1490 3974 rator,
1525 3906 1904 3976 cognomento
1935 3899 2179 3965 Salicus,
2204 3915 2379 3969 quem
2433 3899 2712 3956 Itodull'us
2744 3905 2957 3961 Trans-

1300 3998 1528 4069 juranae
1551 3991 1898 4063 Burgundiaa
1922 3987 2082 4060 regni
2105 3987 2390 4043 hazrcdem
2426 3987 2696 4046 instituit.
2720 3994 2952 4049 Annum

1307 4087 1446 4142 1037
1477 4085 1710 4156 praefert
1755 4079 1938 4136 altera
1973 4077 2196 4143 charta,
2229 4094 2382 4131 anno
2431 4077 2569 4132 item
2614 4097 2648 4133 x
2694 4081 2954 4139 Cononis

1304 4170 1674 4246 imperatoris
1703 4169 1858 4234 data,
1890 4165 2206 4220 indictione
2253 4181 2307 4231 ν,
2361 4167 2616 4220 secundo
2664 4168 2952 4227 Kalendas

1301 4260 1663 4319 Novembris.
1699 4261 1761 4314 In
1790 4275 1858 4312 ea
1887 4255 2125 4310 Pontius
2165 4260 2548 4323 cognomento
2579 4254 2948 4326 Valnerudis,

1299 4355 1359 4409 et
1412 4352 1594 4407 frater
1647 4349 1778 4418 ejus
1835 4348 2190 4407 Armannus,
2233 4359 2298 4396 ac
2356 4342 2686 4412 Rostagnus
2741 4363 2950 4402 conso-

1297 4441 1508 4496 brinus
1563 4453 1788 4503 eorum,
1841 4434 1984 4489 dant
2028 4429 2382 4486 monasterio
2429 4431 2818 4502 Cluniacensi,
2851 4439 2951 4492 ubi

1291 4537 1492 4602 praeest
1536 4526 1692 4583 Odito
1748 4524 1933 4587 abbas,
1970 4519 2340 4574 medietatem
2399 4535 2600 4574 eorum
2659 4539 2784 4592 qua:
2844 4524 2945 4580 ha-

1295 4618 1435 4674 bent
1463 4617 1521 4672 in
1553 4613 1691 4671 villa
1719 4607 2200 4674 Salabaldemari,
2233 4606 2290 4662 in
2336 4623 2483 4678 pago
2517 4613 2574 4662 et
2611 4609 2946 4684 episcopatu

1296 4705 1487 4762 Diensi
1499 4748 1512 4760 .

1361 4797 1452 4850 58.
1483 4795 1651 4849 Anno
1710 4791 1869 4855 1037,
1904 4783 2354 4844 Archimbaldus
2410 4785 2728 4842 vicccomes
2783 4789 2944 4846 dedit

1290 4883 1508 4938 domno
1537 4878 1769 4938 0diloni
1815 4875 2010 4934 abbati
2051 4873 2358 4931 ecclesiam
2409 4874 2595 4929 sancti
2647 4875 2940 4934 Laurentii

1291 4987 1425 5026 cum
1465 4971 1740 5026 omnibus
1787 4963 2161 5040 appenditiis,
2195 4962 2254 5017 in
2303 4978 2450 5034 pago
2500 4962 2937 5022 Matisconensi.

1287 5057 1460 5116 Dedit
1488 5075 1722 5130 quoque
1753 5057 1810 5112 in
1843 5055 2056 5128 pignus
2087 5052 2291 5108 silvam
2328 5051 2849 5110 Planacassaneam
2882 5063 2938 5112 et

1288 5163 1567 5203 mansum
1597 5147 1655 5201 in
1687 5144 1823 5202 villa
1846 5145 2136 5213 Vigoseto,
2160 5143 2342 5196 donec
2373 5159 2640 5197 reversus
2673 5142 2847 5200 fuerit
2868 5163 2936 5201 ex

1286 5233 1637 5292 Jerusalem.
1668 5235 1800 5290 Post
1842 5233 2091 5288 reditum
2123 5232 2284 5287 dedit
2329 5234 2386 5284 et
2433 5231 2801 5286 conﬁrmavit
2831 5235 2932 5289 do-

1289 5324 1588 5379 nationem
1632 5324 1810 5380 curtis
1840 5319 2298 5384 Mommalardis,
2324 5334 2500 5387 quam
2552 5318 2717 5390 tlugo
2749 5319 2934 5392 ipsius

1287 5429 1434 5468 avus
1455 5419 1512 5467 et
1532 5412 1802 5467 Artaldus
1821 5411 1950 5482 ejus
1980 5415 2144 5481 pater
2175 5406 2428 5460 fecerant
2447 5404 2742 5472 Cluniaco,
2764 5412 2934 5465 modo

1282 5505 1478 5556 tamen
1513 5501 1635 5572 ipse
1665 5501 1888 5570 absque
1935 5496 2163 5552 ha‘rede
2205 5492 2503 5563 moriatur.
2535 5497 2743 5549 Actum
2776 5502 2930 5568 apud

1280 5590 1648 5656 Cluniacum,
1691 5605 1844 5642 anno
1896 5587 2054 5650 10.37,
2109 5581 2418 5635 indictione
2449 5598 2502 5645 ν,
2553 5582 2796 5639 Henrico
2845 5605 2932 5642 re-

1279 5685 1514 5752 gnante.
1539 5675 1858 5733 Walterius
1883 5673 2190 5742 episc0pus
2220 5673 2278 5723 et
2302 5668 2397 5723 alii
2430 5670 2929 5740 subscripserunt.

1280 5767 1442 5822 Idem
1471 5760 1931 5820 Archimhaldus
1963 5759 2192 5814 biennio
2224 5761 2422 5829 postea
2454 5759 2511 5810 in
2543 5755 2786 5812 ecclesia
2809 5781 2932 5819 san-

3070 3459 3174 3523 Qui
3209 3459 3444 3528 quidem
3476 3458 3753 3511 Henricus
3785 3456 3908 3528 ipse
3943 3461 4033 3512 est
4062 3459 4307 3514 Conradi
4338 3460 4518 3526 lilius,
4547 3461 4733 3532 Niger

3069 3548 3284 3611 dictus,
3308 3547 3405 3617 qui
3443 3548 3586 3616 patri
3619 3547 3673 3599 in
3708 3546 3950 3616 imperio
3982 3551 4038 3601 et
4069 3546 4126 3601 in
4159 3564 4337 3618 regno
4368 3548 4730 3620 Burgundize

3069 3636 3475 3705 Trunsjurana:
3507 3635 3808 3690 successit.
3841 3635 4054 3690 Eodem
4101 3653 4255 3690 anno
4289 3637 4450 3693 Lzeco
4483 3639 4734 3694 donavit

3066 3724 3293 3779 0diloni
3333 3724 3524 3777 abbati
3552 3723 3917 3778 Cluniacensi
3951 3730 4066 3778 tres
4095 3724 4452 3780 cmulunu’nas
4484 3728 4630 3782 sitas
4661 3727 4731 3783 in

3065 3813 3201 3867 villa
3259 3813 3531 3883 Silviago.
3579 3813 3721 3866 Data
3772 3818 3860 3866 est
3917 3831 4068 3868 anno
4117 3813 4339 3868 incarn.
4377 3817 4537 3882 1039,
4567 3816 4732 3871 indi-

3066 3902 3253 3957 ctione
3286 3920 3383 3966 vu,
3418 3909 3697 3970 regnante
3754 3902 3994 3956 llenrico
4055 3921 4205 3972 rege,
4243 3904 4361 3958 lilio
4415 3904 4727 3961 Chunouis

3063 3990 3453 4062 imperatoris,
3479 4008 3632 4044 anno
3665 4007 3680 4044 ι
3711 3989 3936 4061 imperii
3969 3992 4119 4061 ejus.
4145 3992 4404 4046 Termini
4426 3994 4734 4049 condami—

3065 4098 3269 4135 narum
3319 4080 3375 4133 in
3427 4080 3627 4133 charta
3657 4097 3691 4134 a
3721 4084 3974 4150 quatuor
4029 4081 4217 4136 ventis
4266 4081 4726 4149 describuntur;

3062 4187 3177 4240 qua
3209 4167 3428 4223 scilicet
3461 4185 3595 4222 voco
3627 4173 3855 4222 constat
3897 4168 4154 4239 aliquam
4192 4175 4353 4224 terra“:
4385 4173 4725 4242 portionem

3060 4255 3376 4327 designari.
3426 4255 3696 4310 Eamdem
3749 4257 3945 4310 datam
4011 4257 4183 4312 habet
4232 4257 4468 4313 donatio
4515 4260 4724 4316 allodii

3058 4347 3214 4418 quod
3249 4345 3464 4399 dicitur
3493 4345 3850 4404 Ger-minata.
3877 4347 3930 4398 in
3958 4364 4104 4416 pago
4129 4347 4470 4403 Gcnevensi.
4495 4350 4718 4406 Eodem

3057 4453 3232 4500 anno,
3261 4434 3566 4489 Dundinus
3596 4436 3925 4504 suscipiens
3977 4435 4386 4490 monachicum
4437 4437 4714 4494 habitum

3053 4530 3154 4580 sub
3184 4542 3376 4578 norma
3405 4525 3586 4577 sancti
3631 4525 3778 4577 Petri
3826 4522 4134 4578 (.‘lum'msis
4189 4526 4445 4588 crrnobit',
4473 4531 4536 4580 nt
4585 4527 4716 4599 ipse

3055 4611 3332 4684 loquitur,
3361 4629 3451 4666 res
3482 4630 3619 4666 suas
3653 4613 4006 4666 monasterio
4037 4611 4304 4680 contulit,
4327 4631 4484 4670 anno
4517 4615 4713 4672 incar-

2977 4711 3022 4774 ι)
3054 4702 3308 4757 nationis
3349 4702 3505 4764 1039,
3541 4700 3856 4756 indictione
3897 4718 3992 4765 vn,
4019 4701 4248 4756 Henrici
4299 4703 4454 4774 regis
4484 4721 4643 4760 anno
4669 4723 4708 4760 ι.

3055 4791 3210 4847 Idem
3244 4791 3487 4845 fortasse
3515 4789 3638 4860 ipse
3670 4794 3752 4843 est
3787 4789 4116 4854 Dundinus,
4142 4790 4243 4862 qui
4275 4791 4333 4845 in
4361 4791 4543 4847 altero
4575 4810 4710 4865 apo-

3051 4879 3273 4951 grapho
3307 4881 3469 4934 Divus
3499 4876 3732 4942 dicitur,
3758 4878 3854 4932 ubi
3888 4895 4039 4934 anno
4083 4880 4302 4951 pariter
4345 4881 4505 4947 1039,
4528 4887 4588 4936 et
4619 4883 4708 4937 in-

3049 4968 3302 5023 dictione
3326 4983 3418 5032 vn,
3443 4984 3458 5021 ι
3482 4966 3710 5020 Henrici
3735 4967 4120 5038 imperatoris,
4149 4967 4250 5022 lilii
4277 4970 4556 5028 Cononis.
4583 4988 4706 5047 mo:

3051 5057 3275 5112 nachUS
3299 5055 3556 5112 Cluniaci
3593 5057 3777 5110 factus
3804 5062 4181 5123 memoratur,
4205 5061 4264 5112 et
4289 5074 4397 5112 sua
4416 5059 4573 5129 apud
4597 5062 4706 5113 Au-

3048 5146 3268 5201 siaculu
3303 5145 3499 5198 villam
3535 5146 3886 5200 monasterio
3916 5145 4252 5200 tradidisse.

3116 5237 3204 5289 62.
3239 5237 3406 5288 Auno
3465 5235 3620 5297 1040,
3653 5235 3764 5287 sub
3823 5251 3953 5304 rege
4015 5234 4372 5289 Francorum
4426 5234 4699 5301 Henrico,

3046 5323 3211 5394 Wigo
3246 5322 3402 5376 titius
3431 5320 3710 5374 Willelmi
3760 5318 3919 5376 dedit
3965 5321 4192 5378 0diloni
4224 5323 4420 5377 abbati
4454 5323 4527 5378 de
4571 5325 4701 5377 Clu-

3045 5412 3211 5466 niaco
3241 5410 3515 5465 curtilum
3549 5409 3604 5463 in
3638 5409 3771 5464 villa
3815 5410 4102 5477 Berziaco,
4135 5409 4193 5466 iu
4229 5428 4376 5482 pago
4421 5411 4696 5467 Matisco-

3046 5501 3230 5555 nensi.
3263 5499 3642 5554 Donationem
3687 5500 4050 5553 confirmavit
4097 5500 4424 5554 Gaufredus
4477 5518 4693 5555 comes.

3045 5589 3254 5643 Eodem
3289 5606 3442 5642 anno
3475 5587 3803 5641 Bernartius
3846 5589 4155 5658 episcopus
4201 5589 4604 5653 Cadurcensis,
4636 5595 4692 5642 et

3042 5678 3328 5732 Hobertus
3385 5675 3570 5746 ipsius
3632 5679 3826 5740 tralcr,
3871 5678 4156 5730 dederunt
4215 5677 4442 5732 0diloni
4501 5677 4697 5731 abbati

3042 5765 3345 5820 ecclesiam
3379 5764 3562 5819 sancti
3597 5765 3856 5819 Saturini
3896 5767 3965 5820 de
4013 5767 4365 5822 Carcnnaco.
4400 5767 4462 5821 ln
4515 5766 4693 5821 altero
