4954 6396
726 500 838 566 853

2229 489 2603 553 ELOGIUM.

3982 486 4103 551 854

724 632 1004 695 chartario
1035 629 1328 689 habentur
1355 630 1482 688 dua;
1511 630 1773 703 ejusdem
1810 625 2086 686 Bernardi
2118 622 2350 691 charta),
2379 622 2435 690 Α
2462 623 2741 698 cappellis
2762 624 2931 698 juxta
2948 622 3662 698 positis,inagroAugusto
3682 624 4103 696 dunensijuxta

724 724 989 783 donantis
1016 722 1284 778 eamdem
1318 719 1622 776 ecclesiam
1655 717 1839 775 sancti
1870 716 2189 780 Saturnini,
2223 728 2357 770 cum

722 813 992 873 omnibus
1024 810 1213 883 ipsius
1244 808 1632 882 pertinentiis,
1665 806 1892 864 Odiloni
1922 805 2116 863 abbati
2133 802 2361 859 Clunia-

721 902 871 961 censi
887 897 1531 962 ordinandam.Quibus
1549 896 2002 968 chartis,praeter
2022 893 2354 956 canonicos,

718 997 830 1051 duo
860 990 1127 1057 abbates,
1150 984 2357 1059 StephanusetAlbertus,subscripserunt;

718 1084 815 1139 sed
849 1082 987 1137 sunt
1025 1077 1256 1148 absque
1301 1076 1455 1130 data.
1506 1074 1682 1129 Porro
1736 1074 2085 1140 Bernardus,
2140 1072 2198 1127 in
2230 1071 2360 1126 istis

715 1168 926 1228 chartis
958 1167 1345 1231 memoratus,
1378 1162 1743 1218 desideratur
1762 1162 1821 1217 in
1847 1161 2126 1232 catalogis
2147 1161 2361 1216 Cadur-

714 1257 971 1315 censium
997 1253 1434 1325 episcoporum,
1469 1256 1594 1306 tum
1627 1250 1781 1322 apud
1810 1250 2115 1317 Cruceum,
2150 1253 2274 1305 tum
2297 1247 2357 1303 in

715 1344 896 1404 Gallia
924 1341 1279 1398 Christiana.
1314 1340 1645 1396 Bernardus
1664 1338 1896 1411 quippe,
1922 1338 1993 1393 ab
2018 1338 2145 1393 istis
2167 1342 2359 1393 aucto-

713 1434 870 1490 ribus
911 1431 1300 1493 memoratus,
1344 1427 1469 1497 jam
1518 1429 1680 1480 tunc-
1716 1426 1831 1480 fato
1880 1425 2113 1481 functus
2171 1425 2359 1479 fuerat

708 1538 840 1577 cum
871 1520 998 1575 istas
1026 1515 1379 1572 donationes
1412 1516 1572 1571 factae
1604 1515 1864 1582 fuerunt;
1898 1513 2186 1586 siquidem
2210 1513 2354 1568 Deo-

706 1612 896 1674 datus,
930 1608 1054 1663 sive
1093 1604 1428 1669 Deusdedit,
1462 1604 2090 1675 ejussuccessor,anno
2110 1605 2245 1658 1028
2266 1603 2354 1657 in-

704 1697 901 1754 ter-fuit
931 1692 1294 1750 dedicationi
1325 1691 1580 1748 ecclesia:
1613 1692 1796 1747 sancti
1846 1691 2158 1747 Salvatoris
2198 1692 2350 1762 apud

704 1785 1064 1851 Lemovicas,
1102 1786 1159 1838 ct
1189 1799 1342 1837 anno
1377 1782 1511 1836 1034
1543 1780 1828 1851 peroravit
1856 1779 1914 1835 in
1940 1780 2161 1852 synodo
2192 1797 2233 1834 ιι
2261 1785 2354 1834 Le-

702 1873 1049 1940 movicensi;
1082 1870 1186 1944 qui
1217 1874 1273 1926 ct
1303 1886 1455 1925 anno
1488 1869 1715 1925 circiter
1736 1870 1878 1924 5040
1899 1869 2114 1924 obiisse
2139 1868 2354 1922 dicitur

699 1962 851 2035 apud
886 1960 1166 2016 laudatos
1187 1962 1471 2013 auctores.

773 2051 858 2105 (.3.
893 2053 1069 2104 Anno
1106 2062 1185 2102 xu
1218 2045 1448 2102 Henrici
1481 2044 1653 2117 regis,
1688 2043 1809 2117 qui,
1843 2044 1890 2099 si
1923 2045 1993 2099 de
2017 2044 2356 2099 monarcbia

700 2137 1093 2211 intelligatur,
1128 2133 1238 2191 erit
1270 2131 1688 2189 incarnationis
1721 2134 1877 2200 1042,
1910 2134 2046 2188 data
2087 2133 2196 2188 fuit
2221 2132 2354 2187 Odi-

702 2227 819 2283 loni
852 2224 1056 2281 abbati
1113 2222 1480 2278 Cluniacensi
1530 2221 1752 2293 capella
1797 2225 2008 2277 sancta:
2060 2221 2254 2276 Maria:
2285 2222 2355 2275 de

698 2321 1017 2372 Bracmaco
1033 2313 1095 2367 in
1113 2329 1260 2385 pago
1273 2309 1663 2380 Cabilonensi,
1679 2309 1903 2366 subseri
1913 2308 2355 2381 pserunt'l‘heo-

698 2404 913 2461 baldus
946 2418 1152 2457 comes
1183 2404 1239 2456 et
1270 2399 1390 2456 alii.

765 2493 857 2547 64.
892 2492 1070 2546 Anno
1109 2490 1270 2554 1046,
1302 2487 1466 2559 Hugo
1494 2484 1966 2557 archiepiscopus
1997 2484 2360 2558 Chrysopoli-

699 2587 879 2638 tanus
910 2575 1289 2635 conﬁrmavit
1318 2575 1763 2644 Ilugonihoncsto
1780 2575 2030 2645 religioso
2060 2582 2110 2630 et
2140 2574 2357 2641 clerico,

697 2672 875 2741 atque
933 2665 1094 2722 uniri
1144 2664 1413 2736 permisit
1459 2662 1712 2719 ecclesia:
1761 2663 2146 2729 Laudonensi,
2180 2679 2356 2733 quam

695 2757 820 2830 ipse
854 2757 1030 2828 Hugo
1085 2755 1491 2808 construxerat
1527 2757 1585 2807 et
1631 2751 2034 2823 ampliﬁcaret,
2084 2750 2357 2807 ecclesias

696 2850 915 2901 sanctae
951 2842 1158 2898 Mariae
1190 2842 1261 2896 de
1290 2840 1446 2903 Calx,
1479 2839 1663 2896 sancti
1695 2838 1908 2907 Albini,
1961 2840 2147 2895 sancti
2196 2840 2358 2911 Sym-

694 2932 998 3006 phoriani,
1036 2946 1175 2986 cum
1201 2930 1477 2985 omnibus
1505 2946 1705 2984 earum
1736 2927 2106 3000 appenditiis.
2148 2930 2355 2983 Actum
2412 2986 2419 2991 _

699 3020 976 3087 Bisuntii,
1015 3017 1337 3074 indictione
1358 3034 1431 3084 νι,
1447 3017 1691 3072 Henrico
1716 3021 2012 3089 regnante,
2033 3034 2184 3072 anno
2201 3018 2355 3071 1046.

693 3111 807 3166 Sed
843 3126 1052 3164 annus
1077 3124 1195 3162 non
1224 3106 1537 3161 concordat
1566 3122 1698 3160 cum
1731 3103 2065 3160 Indictione.

763 3200 856 3253 65.
892 3196 1151 3253 Pontius
1182 3211 1376 3250 comes
1406 3198 1461 3249 et
1482 3192 2358 3249 Rotlandusmilesdonantloco

692 3283 1216 3351 Cluniacensi,ubi
1242 3283 1470 3338 domnus
1502 3282 1656 3338 Odilo
1675 3289 1869 3354 prwest
1890 3283 2359 3351 abbas,ecclcsias

2383 1986 2431 2050 B

2467 714 2817 770 Borbonium
2863 718 3141 782 ca'strum,
3193 731 3369 787 quam
3416 713 3716 770 ecclesiam
3745 715 3816 770 ab
3864 714 4103 787 Hugone

2467 804 2677 858 comite
2707 804 2766 858 in
2796 804 3074 860 beneficio
3108 803 3358 859 tenebat.
3392 803 3555 863 Dedit
3581 802 3757 859 etiam
3793 802 4097 859 ecclesiam

2468 892 2651 948 sancti
2678 893 2826 948 Petri
2856 892 2916 948 in
2944 893 3080 949 villa
3095 893 3331 961 Deuma,
3348 892 3735 965 etcappellam
3753 892 4098 949 sanctiPrze-

2458 982 2600 1055 jecti
2632 982 2869 1050 ibidem,
2899 986 2956 1038 et
2982 981 3286 1039 ecclesiam
3321 982 3506 1037 sancti
3538 981 3786 1037 Baudilii
3835 982 3892 1036 in
3926 980 4101 1037 Pisti-

2467 1071 2697 1141 chiano,
2727 1075 2834 1127 etc.
2870 1070 3277 1144 Subscripsere
3306 1070 3606 1127 donationi
3635 1070 3800 1142 Hugo
3831 1087 4026 1127 comes
4046 1074 4105 1127 et

2466 1159 2834 1217 Theobaldus
2892 1178 3104 1216 comes.
3166 1165 3310 1216 Item
3370 1159 3692 1215 Rotbaldus
3741 1159 4000 1216 marchio
4045 1164 4105 1216 et

2465 1248 2732 1305 Eimildis
2763 1248 2890 1319 ejus
2921 1265 3063 1303 uxor
3093 1248 3371 1315 Cluniaco,
3416 1249 3513 1304 ubi
3557 1256 3632 1304 est
3661 1249 3828 1304 abbas
3875 1248 4106 1304 domnus

2468 1338 2640 1404 Odilo,
2674 1338 2964 1393 donarunt
2993 1341 3251 1392 castrum
3280 1330 3824 1393 Pedium-Dolinum
3855 1355 3923 1393 ex
3955 1338 4100 1392 inte-

2465 1445 2588 1499 gro,
2622 1444 2756 1483 cum
2802 1426 3076 1482 omnibus
3122 1426 3246 1481 suis
3295 1425 3665 1499 appenditiis,
3712 1426 3770 1481 in
3819 1427 4099 1482 comitatu

2462 1516 2739 1572 Arausico
2771 1515 2971 1571 situm.
3022 1515 3506 1586 Subscripserunt
3536 1532 3671 1570 cum
3719 1514 3834 1571 illis
3881 1514 4101 1571 Adalax

2464 1604 2785 1670 comitissa,
2817 1608 2874 1659 et.
2907 1603 3060 1659 filius
3088 1604 3216 1675 ejus
3264 1602 3615 1670 Willelmus,
3666 1604 3996 1677 Rostagnus
4026 1605 4099 1661 de

2462 1696 2703 1761 Sabran,
2738 1692 3063 1749 Willelmus
3090 1692 3430 1759 vicecomes,
3463 1696 3519 1747 et
3541 1691 3661 1746 alii.
3693 1692 4101 1748 Tetbamulier

2465 1782 2814 1839 monasterio
2870 1780 3254 1845 Cluniacensi,
3310 1783 3407 1835 ubi
3445 1789 3660 1851 praewst
3710 1780 3864 1836 Odilo
3913 1781 4096 1848 abbas,

2461 1871 2620 1926 dedit
2649 1872 2991 1927 Durannum
3009 1868 3303 1934 clericum,
3328 1887 3561 1925 servum
3578 1886 3772 1926 suum.
3794 1870 4098 1925 Donationi

2463 1963 2883 2017 consenserunt
2896 1957 3208 2014 Walterius
3223 1958 3609 2030 episcopus,et
3623 1958 4103 2028 Warulfus,ejus-

2464 2050 2595 2105 dem
2628 2046 2882 2120 episcopi
2916 2049 3108 2103 frater.
3143 2046 3423 2103 Defuncto
3471 2063 3604 2102 vero
3640 2046 3901 2115 Odilone,
3948 2064 4013 2103 ac
4041 2047 4100 2103 in

2463 2139 2590 2208 ejus
2620 2137 2812 2193 locum
2845 2136 3023 2193 electo
3046 2136 3303 2207 Hugone,
3330 2139 3471 2191 tunc
3489 2136 3640 2208 apud
3662 2141 3930 2192 sanctum
3957 2138 4104 2192 Mar-

2463 2227 2674 2284 cellum
2688 2227 2746 2282 in
2761 2224 3131 2290 diebusQuad
3141 2224 3437 2297 ragesima:
3451 2225 3757 2294 residente,
3768 2224 4100 2296 przedictam

2464 2317 2838 2373 donationem
2865 2315 3355 2370 confirmaverunt
3384 2312 3563 2368 iidem
3578 2313 3872 2370 Valterius
3897 2318 3953 2369 et
3966 2314 4100 2369 Wa-

2465 2405 2672 2469 rulfus,
2706 2408 2763 2459 et
2792 2403 2942 2458 alius
2975 2400 3307 2468 Walterius,
3339 2402 3601 2472 ejusdem
3632 2401 3876 2457 Warulﬁ
3918 2401 4097 2457 filius.

2465 2494 2623 2549 Idem
2634 2492 2952 2547 Walterius
2965 2489 3729 2556 conﬁrmavitdonalionem,
3749 2507 3784 2545 a
3797 2494 3979 2546 matre
3992 2508 4101 2545 sua

2465 2582 2760 2637 Tescenda
2791 2580 3022 2645 factam,
3056 2580 3125 2633 de
3154 2577 3387 2633 terra‘in
3401 2576 3537 2633 villa
3552 2578 4103 2650 Cueles,proanima

2467 2668 2746 2737 Waltcrii,
2764 2669 2955 2723 fratris
2969 2667 3059 2722 sui
3071 2667 3316 2721 Warulﬁ
3332 2666 3455 2721 ﬁlii.
3470 2668 3823 2722 Consensere
3837 2668 4097 2737 ejusdem

2465 2758 2717 2831 episcopi
2752 2761 2989 2829 nepotes
3021 2755 3349 2823 Walterius,
3383 2755 3778 2810 Bernarduset
3798 2755 4100 2828 Otto,praa-

2466 2852 2629 2903 sente
2660 2847 2898 2918 Hugone
2931 2845 3118 2918 priore
3149 2843 3537 2901 Cluniacensi.

2535 2937 2625 2989 67.
2678 2933 3001 3006 Singularis
3048 2937 3137 2987 est
3183 2932 3452 3004 werpitio
3482 2950 3517 2987 a
3566 2937 3790 2989 Bosone
3839 2933 3989 2989 facta
4029 2934 4101 2988 de

2464 3022 2729 3078 comanda
2755 3021 2819 3076 de
2846 3021 3104 3086 Polliaco,
3141 3036 3317 3091 quam
3348 3018 3475 3075 ideo
3505 3019 3619 3075 huc
3659 3021 4100 3078 describendam

2467 3110 2800 3167 curavimus
2829 3127 2895 3164 ex
2924 3109 3256 3181 apographo
3288 3107 3674 3175 Cluniacensi,
3706 3110 3804 3165 ubi
3828 3109 3911 3165 sic
3929 3110 4103 3167 habe-

2470 3206 2566 3257 tur
2594 3200 2814 3270 absque
2846 3197 2963 3253 ulla
2992 3198 3143 3253 data.
3172 3220 3198 3245 «
3232 3195 3401 3252 Venit
3418 3201 3561 3252 Boso
3591 3198 3662 3252 ad
3681 3197 3979 3269 placitum,
4003 3199 4104 3254 ubi

2469 3306 2601 3343 eum
2631 3281 2870 3343 Geraldo
2901 3285 3107 3340 comite
3138 3289 3303 3339 erant
3333 3284 3681 3341 nobilissimi
3726 3285 4015 3353 homines,
4047 3291 4105 3343 et

694 3380 917 3432 sancta:
977 3373 1184 3429 Mariae
1232 3376 1290 3427 et
1326 3370 1510 3427 εειῐιοίί
1553 3370 1816 3437 Joannis;
1866 3388 1998 3427 cum
2043 3372 2286 3427 deoimis
2310 3380 2360 3426 εἰ
2391 3351 2432 3416 C
2462 3376 2682 3449 juravit
2702 3377 2848 3431 Boso
2868 3374 2975 3430 hoc
2995 3372 3542 3440 sacramentum,ita
3571 3373 3786 3440 dicens,
3802 3391 3978 3430 manu
3995 3391 4103 3431 sua

686 3468 1101 3537 presbyterum
1130 3469 1253 3527 toto,
1287 3464 1342 3516 et
1362 3460 1665 3516 duodecim
1690 3461 2141 3534 sextaradis(sic)
2172 3466 2357 3528 terrae,
2469 3465 2728 3540 propria:
2758 3466 2866 3532 Ego
2897 3465 3046 3528 Bosa,
3080 3479 3177 3518 nec
3202 3479 3352 3518 meus
3381 3463 3694 3531 conductus,
3744 3480 3829 3520 me
3856 3464 4099 3535 jubente,

692 3554 752 3608 in
784 3553 922 3609 loco
955 3550 1070 3623 qui
1105 3549 1324 3605 dicitur
1353 3546 1633 3612 Ileron,in
1666 3548 2116 3620 pagoTrevis,in
2150 3548 2364 3621 episco-
2470 3556 2644 3619 homo,
2701 3569 2800 3609 nec
2850 3553 3059 3623 femina
3106 3551 3175 3605 ait
3206 3568 3387 3607 meam
3434 3555 3632 3619 artem,
3673 3567 3771 3608 nec
3799 3553 3868 3607 ad
3923 3570 4104 3609 meum

690 3645 836 3715 patu
868 3639 1114 3697 Diensi.
1150 3637 1364 3692 Charta
1392 3637 1527 3691 data
1557 3641 1647 3692 est
1684 3654 1829 3692 anno
1857 3655 1893 3692 x
1923 3640 2062 3710 Eyco
2112 3655 2255 3708 rege,
2290 3655 2363 3694 an
2472 3642 2776 3711 ingenium,
2810 3642 2871 3695 in
2893 3641 3134 3696 Polliaco
3162 3656 3257 3694 nsc
3289 3641 3347 3694 in
3375 3641 3492 3711 ejus
3542 3640 3847 3696 obedientia
3888 3658 4107 3697 coman-

688 3730 1029 3802 lcgendum
1067 3728 1251 3795 Erice,
1284 3742 1384 3780 seu
1416 3724 1681 3781 Henrico?
1710 3726 1818 3781 Sed
1850 3726 1957 3781 etsi
1988 3726 2215 3798 legatur
2234 3729 2367 3782 Heu-
2472 3731 2601 3786 dam
2655 3745 2765 3784 non
2809 3731 3106 3800 requiram,
3161 3730 3505 3798 prensionem
3550 3730 3763 3784 nullam
3819 3731 4025 3800 faciam
4047 3730 4113 3787 de

688 3824 869 3888 ricus,
906 3816 1349 3890 inquirendum
1380 3818 1644 3886 superest
1663 3832 1735 3870 an
1760 3832 1857 3871 rex
1880 3816 2370 3883 Francorum,aut
2481 3820 2624 3884 bove,
2656 3834 2835 3883 vacca,
2864 3822 2971 3872 etc.
3008 3818 3069 3871 Et
3101 3819 3150 3872 si
3177 3833 3270 3886 ego
3319 3818 3400 3872 vel
3426 3834 3578 3872 meus
3619 3818 3910 3873 conductus
3959 3819 4112 3876 hmno

690 3910 1060 3980 imperator,
1099 3903 1199 3976 qui
1234 3902 1577 3975 Burgundize
1609 3918 1804 3974 regno,
1837 3906 1902 3957 ut
1922 3903 2049 3974 jam
2092 3904 2366 3972 diximus,
2480 3905 2559 3960 vel
2586 3904 2794 3974 femina
2821 3903 3067 3974 aliquam
3093 3901 3414 3956 comandam
3444 3903 3525 3957 vel
3547 3904 3893 3974 prensionem
3905 3906 4114 3974 fecerit;

688 4003 841 4053 tunc
874 3997 1169 4069 prmerat,
1201 3990 1296 4047 hic
1325 3990 1680 4063 designetur.
1714 3990 1959 4047 Difficile
1982 3996 2069 4048 est
2089 3991 2243 4048 hunc
2276 4010 2372 4048 no-
2475 3995 2592 4065 post
2621 3990 2929 4061 quindecim
2961 3990 3074 4044 dies
3100 3996 3381 4061 postquam
3412 3991 3601 4056 sciero,
3634 3991 3716 4045 vel
3744 3990 3815 4045 ad
3852 3993 4119 4048 rationem

691 4086 841 4140 dum
868 4084 1121 4154 absque
1153 4078 1515 4152 autographo
1548 4078 1783 4134 solvere.
2003 4096 2007 4101 ’
2480 4082 2676 4135 missus
2706 4080 2880 4149 fuero,
2908 4094 3008 4149 per
3035 4086 3105 4143 te,
3134 4076 3376 4147 Geralde,
3412 4077 3494 4132 vel
3514 4093 3617 4148 per
3646 4081 3763 4133 tuos
3796 4080 4119 4147 missaticos,

762 4174 860 4229 66.
906 4169 1024 4226 His
1079 4167 1437 4239 subjicimus
1487 4165 1713 4238 aliquot
1761 4167 1992 4223 chartas
2034 4169 2143 4224 sub
2176 4172 2374 4225 sancto
2481 4171 2593 4225 sive
2620 4184 2715 4239 per
2763 4167 3015 4221 abbatem
3069 4166 3163 4237 qui
3205 4164 3360 4220 modo
3389 4169 3486 4233 est,
3548 4166 3631 4220 vel
3673 4182 3774 4237 per
3819 4168 3995 4237 ipsum
4027 4171 4124 4240 qui

2488 4261 2544 4314 in
2573 4265 2736 4312 antea
2762 4256 2886 4320 erit,
2919 4255 3002 4310 vel
3030 4272 3129 4325 per
3156 4254 3476 4309 monachum
3525 4255 3623 4325 qui
3660 4256 3832 4326 ipsam
3873 4256 4122 4312 obedien-

2489 4348 2623 4402 tiam
2651 4344 2906 4408 tenuerit,
2965 4351 3179 4414 captam
3234 4343 3546 4408 emendatio,
3592 4347 3645 4398 el
3660 4352 3847 4414 postea
3875 4344 3944 4399 ad
3973 4354 4123 4401 tuam

2487 4432 2939 4499 misericordiam,
2974 4430 3215 4495 Geralde,
3249 4432 3481 4498 veniam,
3512 4431 3624 4486 sive
3669 4431 3741 4486 ad
3769 4433 4014 4489 abbatem
4044 4435 4127 4490 vel

2490 4523 2811 4579 monachum
2841 4521 2936 4592 qui
2964 4514 3116 4576 modo
3145 4526 3237 4587 est,
3272 4519 3355 4574 vel
3387 4521 3611 4574 iuautea
3638 4522 3762 4575 erit.
3798 4541 3826 4569 »

2559 4614 2648 4667 68.
2684 4609 2902 4664 Ibidem
2930 4608 3195 4679 sequitur
3215 4607 3433 4671 charta,
3461 4608 3682 4678 absque
3713 4607 4125 4680 ullatemporis

689 4701 911 4759 riensi.
950 4700 1354 4755 Harmannus
1385 4714 1487 4752 seu
1519 4697 1885 4753 Hermannus
1915 4696 2149 4753 ineunte
2172 4698 2383 4754 saeculo
2414 4712 2459 4776 ι)
2493 4705 2630 4756 noui
2660 4697 2925 4754 Rainaldi
2956 4697 3206 4763 comitis,
3231 4695 3522 4768 quidonat
3537 4695 3902 4753 Cluniacensi
3923 4713 4127 4753 mona-

689 4790 1042 4847 undecimo
1069 4785 1474 4841 Vivariensem
1488 4784 1789 4842 ecclesiam
1806 4785 2384 4859 administravit.Ay-
2493 4788 2667 4845 sterio
2700 4787 2911 4841 curtim
2944 4783 3821 4852 Belmontis,cumterris,villis,
3843 4789 4127 4858 etappen-

690 4896 792 4936 mo
808 4873 1225 4943 Petraefortis,
1249 4875 1573 4931 saeeutarem
1593 4875 2074 4943 militiamgerens,
2097 4876 2255 4931 dedit
2274 4892 2385 4931 coe-
2495 4875 2674 4942 ditiis,
2709 4874 2883 4930 sitam
2916 4874 2975 4928 in
3018 4890 3165 4947 pago
3206 4871 3555 4928 Navernensi
3605 4872 3937 4947 (legendum
3984 4874 4131 4930 torte

690 4969 882 5027 nobio
932 4961 1359 5029 Cluniacensi,
1400 4963 1494 5017 cui
1516 4966 1713 5034 praeest
1740 4962 1992 5019 dominus
2020 4964 2173 5020 Odilo
2198 4966 2386 5030 abbas,
2494 4964 2834 5034 Nivernensi)
2868 4980 2968 5035 pro
2999 4961 3196 5017 anima
3250 4961 3431 5034 patris
3467 4960 3557 5017 sui
3591 4961 3874 5030 Landrici,
3928 4962 4134 5021 matris

685 5058 856 5131 gregi
880 5053 1270 5130 principem,
1299 5050 1496 5106 villam
1519 5050 1692 5106 sitam
1722 5050 1781 5106 in
1805 5067 1952 5125 pago
1975 5052 2391 5125 Gratianopoli-
2495 5070 2613 5111 suae
2656 5049 2977 5117 Mathildis,
3028 5049 3225 5105 uxoris
3264 5066 3383 5105 suae
3426 5048 3671 5120 Advisze,
3704 5054 3760 5105 et
3806 5050 4002 5107 fratris
4044 5050 4137 5107 sui

687 5153 861 5213 tano,
904 5145 973 5198 in
1014 5138 1315 5196 comitatu
1341 5138 1675 5207 Sarohensi,
1709 5140 1800 5195 cui
1834 5157 2045 5196 nomen
2076 5145 2164 5197 est
2194 5142 2390 5197 Mons-
2500 5137 2781 5198 Widonis.
2812 5138 2941 5210 Ipse
2973 5136 3311 5204 Rainaldus,
3345 5154 3478 5191 cum
3511 5155 3687 5193 uxore
3709 5156 3811 5194 sua
3828 5138 4060 5204 Advisa,
4083 5144 4140 5195 et

2497 5226 2792 5283 Willelmo
2825 5243 3025 5282 eorum
3059 5225 3198 5296 lilio,
3232 5225 3602 5296 subscripsit.
3623 5227 3797 5283 Porro
3820 5227 4138 5283 Landricus

2500 5316 2596 5371 hic
2628 5319 2985 5372 memoratus
3016 5331 3153 5387 erga
3179 5313 3495 5369 monachos
3520 5332 3697 5386 quam
3724 5316 3869 5371 bene
3899 5315 4137 5371 all'ectus

2502 5405 2695 5471 fuerit,
2727 5402 2922 5476 colligi
2980 5406 3169 5474 potest
3198 5419 3264 5457 ex
3312 5400 3424 5457 alia
3467 5401 3689 5470 charta,
3741 5420 3865 5474 quae
3915 5402 4136 5457 nullam

2503 5496 2734 5565 quoque
2766 5492 2993 5562 praefert
3024 5489 3300 5561 temporis
3360 5493 3587 5557 notam;
3622 5492 3678 5546 in
3709 5508 3775 5544 ea
3831 5494 4020 5544 autem
4054 5486 4134 5543 sic

2501 5579 2787 5651 loquitur:
2816 5580 3039 5650 Semper
3061 5578 3244 5648 optavi
3273 5578 3550 5632 monachis
3580 5576 3930 5648 tranquillam
3968 5576 4133 5627 vitam

2504 5670 2716 5731 habere,
2748 5674 2801 5722 et
2846 5667 3045 5739 absque
3096 5664 3474 5737 impedimento
3518 5669 3637 5720 vota
3661 5679 3758 5719 sua
3802 5660 4124 5730 persolvere;

2506 5757 2725 5827 ideoque
2756 5757 3034 5827 querelam
3078 5769 3239 5826 quam
3293 5753 3547 5808 monachi
3605 5750 3977 5808 Cluniacenses
4002 5754 4126 5793 cum

689 4262 776 4317 Od
788 4261 800 4315 i
812 4259 957 4316 lone
971 4256 1307 4322 confectas,
1322 4255 1419 4310 sed
1436 4255 1561 4311 sine
1575 4256 1731 4311 data.
1764 4255 2065 4326 Ejusmodi
2078 4257 2379 4312 estcharla

690 4346 969 4414 Geraldi,
1002 4342 1203 4418 patris
1223 4344 1499 4398 Armanni
1523 4343 1802 4415 episcopi,
1832 4347 2066 4416 utputo,
2090 4344 2379 4400 Vivarien-

690 4438 801 4503 sis,
840 4435 949 4508 qui
985 4450 1142 4489 cum
1175 4449 1352 4487 uxore
1375 4430 2135 4488 suaValmodcmouasterio
2156 4432 2381 4488 Clunia-

688 4524 885 4589 censi,
927 4524 1039 4578 ubi
1098 4528 1299 4592 praest
1357 4519 1511 4576 Odilo
1550 4520 1735 4590 abbas,
1795 4520 2030 4575 donavit
2076 4519 2380 4577 ecclesiam

690 4613 892 4671 sancti
929 4608 1205 4668 Joannis
1234 4608 1295 4663 in
1319 4608 1452 4665 villa
1478 4607 1861 4675 Meissano,iu
1875 4609 2210 4681 episcopatu
2226 4609 2383 4665 Viva-

687 5230 1101 5295 Ermenoldi,
1156 5245 1291 5283 cum
1344 5227 1619 5283 omnibus
1668 5245 1792 5300 quae
1825 5228 1897 5283 ad
1929 5246 2055 5284 eam
2104 5230 2391 5302 pertinere

682 5326 1015 5387 videntur,
1057 5316 1277 5383 vineis,
1307 5317 1508 5389 pratis,
1542 5321 1598 5371 et
1629 5316 1870 5388 campis.
1908 5316 2393 5390 Subscripserunt

687 5413 971 5470 Ubertus
989 5421 1212 5462 comes
1231 5404 1598 5476 (Sabaudiae),
1618 5405 1906 5460 Amedeus
1925 5404 2083 5460 filius
2095 5406 2392 5477 ejus,Bur-

684 5502 949 5570 cardus,
991 5495 1143 5552 Odo
1173 5497 1230 5547 et
1258 5493 1378 5560 alii,
1398 5493 1552 5564 apud
1567 5491 1998 5548 Guiclienonem
2030 5492 2393 5565 inprobatio-

685 5592 880 5646 nibus
919 5580 1225 5642 Historia:
1241 5580 1743 5653 Sabaudieze,pag.
1776 5582 2141 5635 5.Anse(leus
2156 5580 2393 5652 quidam

682 5680 861 5736 dedit
898 5668 1304 5731 monasterio
1316 5668 1678 5724 Cluniacensi
1701 5668 2001 5724 ecclesiam
2018 5668 2202 5723 sanctl
2216 5669 2394 5723 Naza-

681 5767 781 5837 rii,
820 5781 980 5823 cum
1020 5756 1217 5817 altari
1247 5760 1304 5812 et
1333 5756 1683 5829 appenditiis
1722 5756 2016 5821 omnibus,
2062 5759 2116 5810 et
2148 5760 2396 5826 quatuor
