4954 6420
1313 493 1448 574 ,Θθῦ

2260 496 2323 558 S.
2371 494 2728 559 ODILONIS
2773 487 3332 555 CLUNIAGENSIS
3376 493 3708 556 ABBATIS
3752 494 3831 560 γ.
4623 491 4733 555 836

1331 629 1586 690 Adeleide
1613 627 1793 685 nobili
1819 628 2032 700 femina
2061 628 2346 692 habebant,
2392 626 2457 682 de
2484 636 2628 682 terra
2677 642 2837 699 quam
2871 627 2984 678 Αη-
3015 624 3060 689 Α
3097 623 3343 692 gratiam
3375 643 3482 697 pro
3515 627 3701 697 gratia
3732 627 4012 682 duximus
4057 626 4244 682 eidem
4279 625 4544 690 reddere,
4595 621 4738 681 sicut

1333 721 1530 777 telmus
1587 721 1764 788 frater
1817 719 1934 789 ejus
1988 719 2207 772 deierat
2258 720 2335 772 cis
2369 719 2422 771 in
2453 732 2588 787 pago
2645 714 2981 784 Augustali:-

1334 809 1516 873 nensi,
1544 809 1606 861 in
1635 808 1768 862 villa
1799 807 2208 870 Fontinellulas,
2238 821 2572 877 componere,
2589 803 2980 858 etc.Subscri-

1336 900 1581 968 pserunt
1601 895 1946 962 Rainaldus,
1971 893 2232 949 Landriei
2260 893 2488 947 comitis
2517 893 2695 956 filius,
2718 891 2979 946 Gauzfri-

1338 986 1452 1041 dus
1471 985 1557 1040 vir
1578 983 1869 1040 Adeleidis
1899 987 1955 1038 et
1985 983 2113 1052 ejus
2145 981 2244 1036 ﬁlii
2277 982 2658 1047 Gauzt’redus,
2694 982 2981 1035 Robertus

1339 1079 1398 1131 et
1416 1071 2127 1139 Walterius;etAdcleidis
2152 1070 2252 1124 filii
2273 1069 2976 1134 Girboldus,()btrannvvs,

1342 1163 1718 1224 Gauzfredus,
1752 1161 1892 1233 Ugo,
1925 1165 2051 1214 tum
2087 1157 2343 1214 Hatewis
2374 1157 2690 1212 eomitissa.

1411 1253 1499 1307 69.
1531 1251 1830 1307 Habentur
1873 1249 1930 1304 in
1990 1247 2281 1303 chartario
2339 1247 2770 1315 Celsiniaeensi,
2824 1249 2978 1319 quod

1343 1359 1458 1415 pre
1487 1339 1761 1394 manibus
1791 1337 2130 1405 habuimus,
2173 1336 2501 1408 complures
2547 1337 2756 1391 chartae
2808 1338 2982 1392 dona-

1342 1429 1564 1486 tionum
1616 1428 1726 1483 sub
1775 1427 1928 1482 beati
1979 1425 2242 1481 Odilonis
2292 1426 2574 1495 regimine
2622 1428 2807 1481 eidem
2859 1427 2981 1481 loco

1340 1519 1648 1585 factarum,
1676 1516 1778 1572 sed
1814 1517 1872 1571 in
1905 1515 2120 1588 quibus
2154 1514 2314 1569 nulla
2367 1517 2479 1570 fere
2524 1517 2772 1570 occurrit
2816 1517 2980 1578 data:

1340 1605 1634 1664 nonnulla:
1667 1623 1736 1660 ex
1766 1604 1860 1660 his
1884 1605 2034 1659 hanc
2065 1603 2389 1659 clausulam
2420 1603 2662 1665 habent;
2683 1605 2822 1676 quod
2846 1608 2982 1674 regi-

1339 1703 1568 1760 tur.....,
1594 1693 1684 1749 vel
1717 1693 1816 1748 sub
1868 1693 2130 1763 regimine
2187 1693 2489 1746 beatissimi
2512 1695 2684 1764 patris
2716 1693 2980 1748 Odilonis.

1341 1785 1635 1856 Pleraeque
1666 1787 1806 1838 sunt
1837 1799 1938 1854 pro
1987 1781 2305 1836 obtinendo
2357 1781 2666 1852 sepultum
2707 1783 2862 1852 jure.
2909 1785 2984 1837 Ex

1341 1873 1435 1928 his
1466 1889 1582 1927 una
1611 1876 1699 1927 est
1729 1869 1987 1942 Hugonis
2019 1871 2089 1925 de
2114 1869 2325 1925 Ucioue
2352 1871 2679 1925 etDuranni
2705 1872 2982 1926 Deihauio

1283 2023 1293 2028 _
1341 1966 1398 2018 et
1425 1961 1696 2026 aliorum,
1728 1961 1824 2032 qui
1855 1960 1997 2014 dant
2029 1977 2130 2031 pro
2160 1959 2462 2030 sepultura
2495 1961 2795 2030 Bomparis
2835 1962 2981 2014 duas
3017 1994 3062 2057 Β

1343 2049 1749 2124 appendarias,
1784 2054 1894 2104 etc.
1931 2049 1991 2103 In
2027 2049 2141 2102 alia
2171 2048 2502 2120 Stephanus
2534 2054 2590 2102 et
2629 2049 2982 2116 'l‘heotberga

1343 2141 1484 2196 dant
1510 2137 1738 2194 vineam
1774 2138 1830 2192 in
1879 2136 2016 2192 villa
2057 2136 2127 2191 de
2175 2137 2483 2191 Samuiaco
2534 2153 2636 2206 pro
2685 2138 2984 2208 sepultura

1346 2246 1470 2285 sua.
1503 2228 1817 2283 Rotbertus
1865 2226 2167 2297 presbyter
2207 2225 2307 2278 dat.
2343 2225 2632 2296 quedam,
2669 2231 2749 2292 ut,
2784 2226 2828 2280 si
2878 2227 2984 2280 ali-

1344 2317 1578 2390 quando
1609 2317 1682 2386 ei,
1719 2315 2090 2388 permittente
2123 2314 2387 2381 Domino,
2419 2314 2685 2370 voluntas
2716 2316 2884 2370 fuerit
2922 2322 2982 2370 ut

1343 2405 1667 2464 monachus
1698 2407 1817 2470 fiat,
1868 2403 2209 2474 recipiatur;
2245 2403 2335 2457 sin
2382 2408 2598 2466 autem,
2651 2409 2707 2458 et
2753 2405 2805 2458 in
2856 2404 2983 2458 loco

1341 2496 1644 2562 moriatur,
1678 2494 1758 2549 ibi
1789 2493 2046 2548 obtineat
2077 2491 2457 2563 sepulturam.
2481 2492 2986 2549 Willelmusdedit

1340 2583 1696 2641 monasterio
1726 2579 2134 2636 Celsiniacensi
2165 2579 2466 2635 ecclesiam
2502 2580 2557 2634 in
2587 2581 2803 2635 honore
2835 2582 2982 2636 beati

1339 2673 1495 2730 Petri
1526 2675 1947 2732 constructam,
1979 2686 2107 2740 qua:
2137 2672 2378 2723 vocatur
2407 2668 2824 2732 Casa-Meiana,
2850 2687 2981 2724 eum

1342 2761 1588 2825 mansis,
1604 2757 1998 2831 appendariis,
2027 2761 2163 2823 etc.,
2177 2761 2234 2810 ut
2254 2758 2723 2811 remaneatteato
2738 2758 2901 2822 Petro
2914 2760 2985 2812 de.

1345 2849 1705 2906 Celsinianas
1737 2848 1877 2917 (sic),
1912 2849 1966 2900 in
1999 2846 2348 2900 (uiivocritiene
2366 2848 2537 2900 murti
2555 2849 2702 2901 Petri
2717 2847 2780 2902 de
2798 2851 2983 2913 Itonia,

1343 2941 1463 2996 sine
1490 2939 1603 2993 ullo
1630 2935 2047 3005 contradicente,
2080 2940 2187 2990 etc.
2224 2935 2505 3006 Denique,
2527 2942 2585 2989 ut
2607 2936 2821 2990 multos
2839 2937 2984 2990 alios

1347 3028 1637 3092 omittam,
1674 3025 2002 3081 Bcrnardus
2031 3025 2102 3078 de
2151 3025 2332 3079 Turre
2364 3024 2510 3078 cedit
2545 3025 2667 3078 loco
2708 3025 2984 3080 Celsinia-

1347 3116 1527 3183 censi,
1560 3117 1658 3188 qui
1705 3117 1912 3186 regitur
1944 3115 2040 3168 sub
2090 3114 2482 3181 gubernatione
2527 3113 2987 3172 donmiOdi/om's

1341 3207 1574 3273 abbatis,
1610 3204 1794 3260 multa
1825 3203 1883 3260 in
1913 3201 2049 3257 villa
2102 3201 2420 3264 PlaUsiaco,
2477 3219 2828 3272 omnemque
2868 3203 2984 3259 alo-

1341 3292 1504 3362 dum,
1535 3311 1712 3368 quem,
1747 3291 1958 3364 inquit,
1988 3295 2148 3362 pater
2177 3307 2326 3346 meus
2349 3291 2608 3345 Geraldus
2631 3293 2688 3345 in
2721 3294 2831 3362 ipsa
2852 3294 2985 3346 villa

1337 3383 1414 3460 de.
1458 3385 1740 3440 Plausiaco
1797 3382 2044 3448 habebat,
2115 3381 2172 3434 in
2233 3381 2349 3450 ipsa
2379 3379 2468 3434 die
2523 3396 2631 3450 qua
2688 3383 2985 3436 monachus
3013 3367 3057 3427 υ

1334 3477 1463 3547 fuit.
1517 3473 1682 3528 Unde
1741 3474 1901 3542 patet
1958 3470 2249 3523 famosum
2323 3467 2490 3521 illum
2556 3468 2866 3524 Geraldum
2916 3471 2987 3525 de

1327 3553 1544 3628 ’I‘urre,
1574 3576 1754 3632 quem
1786 3555 2190 3612 illustrissima
2221 3555 2634 3610 hodiernorum
2671 3557 2986 3612 Bullionio-

1335 3667 1468 3706 rum
1500 3647 1833 3721 principum
1886 3644 2108 3700 familia
2153 3643 2408 3698 nominis
2441 3644 2528 3698 sui
2561 3645 2626 3700 de
2676 3647 2840 3702 Turre
2870 3647 2985 3719 pri-

1339 3739 1824 3810 mum-parentem
1839 3733 2120 3806 agnoscit,
2138 3732 2502 3788 Cluniacensi
2523 3734 2752 3788 familiae
2777 3753 2982 3790 nomen

1341 3825 1594 3890 dedisse,
1627 3823 1781 3896 quod
1813 3827 1871 3878 et
1902 3821 2161 3894 plerique
2181 3839 2246 3877 ex
2277 3823 2403 3892 ejus
2420 3823 2665 3894 posteris
2699 3825 2986 3884 facere.ut

1342 3932 1412 3974 ex
1443 3915 1642 3970 eodem
1677 3911 1968 3968 chartario
1999 3910 2304 3966 discimus.
2340 3909 2502 3965 Haud
2528 3911 2733 3967 levitur
2763 3920 2988 3984 practer-

1344 4004 1620 4062 eumdum
1655 4005 1741 4058 est
1773 4001 1925 4074 quod
1959 3999 2016 4055 iu
2049 3999 2269 4072 aliquot
2312 4001 2573 4071 ejusdem
2601 4001 2710 4057 loci
2768 4003 2988 4058 chartis

1346 4110 1479 4151 cum
1512 4089 1753 4148 Odilonc
1785 4090 1994 4146 abbate
2021 4089 2382 4144 Cluniacensi
2436 4095 2793 4144 memoratur
2839 4091 2987 4146 alius

1348 4181 1533 4248 Odilo,
1568 4179 1664 4252 qui
1705 4178 1926 4236 scilicet
1973 4177 2416 4234 Celsiniacensis
2466 4180 2801 4234 monasterii
2853 4186 2990 4235 tunc

1349 4274 1474 4329 erat
1507 4268 1698 4342 prior;
1731 4283 1931 4340 quare,
1957 4267 2002 4321 si
2039 4267 2390 4338 quandoque
2421 4272 2728 4322 occurrant
2777 4267 2988 4323 charta:

1346 4358 1609 4418 Odilonis
1639 4373 1849 4412 nomen
1883 4355 2271 4429 praeferentes,
2304 4372 2550 4426 quarum
2597 4356 2986 4428 ehronologici

1345 4448 1708 4506 characteres
1756 4463 1890 4500 eum
1939 4445 2124 4500 sancti
2158 4444 2422 4500 Odilonis
2476 4451 2640 4500 {etate
2689 4463 2804 4500 non
2846 4448 2990 4503 satis

1345 4535 1690 4600 cohaereant,
1726 4551 1839 4591 non
1875 4537 2014 4588 sunt
2044 4533 2118 4588 ob
2148 4532 2205 4588 id
2237 4532 2296 4586 in
2335 4532 2580 4587 dubium
2630 4536 2984 4603 revocandae,

1343 4627 1446 4684 sed
1478 4625 1797 4680 tribuenda:
1852 4621 2082 4680 Odiloni
2140 4621 2339 4693 priori.
2400 4621 2585 4676 Unam
2648 4622 2984 4692 hujusmodi

3089 712 3212 786 ipse
3245 716 3466 769 studuit
3490 716 3788 770 humiliter
3804 733 4080 788 quirrero,
4107 733 4321 788 rogans
4347 721 4408 770 et.
4433 715 4740 771 obsecrans

3093 809 3154 857 ut
3184 804 3615 875 susciperemus
3644 823 3776 860 eum
3826 807 3881 859 in
3915 805 4188 859 societate
4222 805 4470 858 fratrum
4521 809 4734 858 nostro-

3092 909 3243 953 rum,
3279 897 3329 947 ct
3368 900 3588 964 patrem
3623 894 3749 963 ejus
3781 899 3837 948 et
3869 899 4111 948 matrem
4146 897 4204 948 et
4243 894 4472 954 fratres,
4511 908 4736 947 eorum-

3090 998 3202 1053 que
3236 988 3522 1053 parcntes.
3561 984 3673 1037 Nos
3718 1001 3867 1048 vero,
3902 983 3974 1037 ad
4024 987 4221 1036 votum
4254 983 4384 1053 ejus
4415 984 4475 1036 et
4517 980 4736 1035 deside-

3092 1071 3241 1125 rium
3276 1072 3662 1136 attendentes,
3696 1091 3795 1126 eos
3828 1073 3883 1126 in
3916 1077 4118 1126 nostra
4150 1070 4429 1125 societate
4455 1074 4514 1125 ct
4539 1070 4737 1126 frater-

3092 1161 3268 1213 nitate
3297 1159 3686 1232 snseepimus,
3719 1165 4009 1232 optantes,
4038 1165 4271 1214 orantes
4288 1164 4346 1214 ct
4365 1159 4738 1214 obsecrantes

3092 1254 3156 1304 ut
3185 1249 3240 1302 in
3272 1249 3548 1303 omnibus
3579 1268 3705 1321 qum
3737 1266 3906 1319 agere
3923 1249 4006 1304 vel
4041 1248 4230 1304 dicere
4253 1248 4623 1321 potuerimus
4639 1266 4738 1303 nos

3091 1342 3146 1392 et
3202 1337 3394 1390 omnis
3455 1344 3656 1392 nostra
3714 1339 4070 1402 fraternitas,
4131 1337 4525 1392 intercedente
4575 1337 4738 1391 beato

3091 1426 3254 1482 Petro
3287 1427 3545 1497 apostolo
3588 1432 3643 1481 et
3686 1427 3959 1481 omnibus
4009 1426 4248 1486 sanctis.
4302 1429 4526 1498 partem
4576 1425 4661 1481 eis
4685 1431 4739 1480 et

3093 1515 3425 1569 societatem
3483 1517 3760 1570 eoncedat
3810 1517 4181 1586 omnipotens
4228 1513 4536 1581 Dominus,
4589 1519 4743 1568 utet

3091 1605 3234 1658 vivis
3267 1606 3520 1676 spatium
3579 1606 3930 1676 pmnitentite
3979 1610 4032 1658 et
4063 1603 4496 1674 indulgentiam
4545 1619 4744 1675 pecca-

3093 1699 3284 1748 torum
3335 1694 3632 1756 conccdat.
3683 1699 3739 1748 et
3788 1693 4080 1748 defunctis
4137 1691 4402 1765 requiem
4453 1697 4512 1748 et
4565 1693 4740 1748 vitam

3093 1785 3347 1837 conferat
3427 1783 3864 1854 sempiternam.
3947 1782 4006 1836 Si
4085 1781 4182 1836 ille
4257 1782 4455 1836 senior
4535 1781 4744 1836 domus

3094 1873 3377 1927 ltobertus
3437 1873 3759 1925 monastico
3817 1871 4004 1926 ordini
4071 1888 4131 1924 se
4186 1871 4408 1925 sociare
4473 1869 4742 1935 voluerit,

3092 1961 3311 2014 orando
3365 1961 3753 2031 pra-cipimus,
3800 1966 3854 2014 et
3907 1959 4292 2031 prrrcipiendo
4350 1976 4634 2031 rogamus
4683 1965 4744 2012 ut

3094 2067 3224 2103 cum
3260 2048 3497 2102 caritate
3525 2048 3900 2119 suscipiatur,
3947 2053 4003 2102 et
4048 2065 4182 2104 cum
4234 2048 4454 2103 honore
4501 2053 4562 2103 et
4592 2064 4739 2102 reve-

3095 2139 3278 2192 rentia
3337 2143 3633 2191 tracti-tur.
3696 2139 3752 2190 Si
3816 2137 4178 2208 sepulturam
4239 2136 4297 2190 in
4347 2141 4552 2191 nostro
4623 2135 4740 2191 loco

3096 2227 3309 2280 habere
3365 2225 3633 2289 voluerit,
3671 2226 3746 2279 ibi
3802 2225 4118 2297 sepeliatur
4166 2225 4262 2280 ubi
4310 2225 4436 2296 ipse
4476 2225 4742 2295 jusserit.

3092 2315 3159 2371 V.
3198 2317 3353 2369 i'uria
3390 2317 3716 2369 "ministeria
3749 2332 3844 2385 per
3872 2324 4114 2369 sanctum
4155 2315 4436 2368 (Milonem
4470 2317 4740 2378 instituta,

3477 2415 3570 2458 aut
3599 2408 3868 2467 restituta,
3899 2407 4010 2459 sire
4041 2407 4356 2474 refornmta.

3163 2496 3251 2546 70.
3313 2496 3445 2558 Quae
3502 2493 3854 2546 monasteria
3913 2510 4066 2547 anno
4106 2494 4214 2547 996
4264 2491 4738 2547 Cluniacensium

3095 2583 3369 2636 abbatum
3397 2581 3789 2651 jurisdirtioni
3823 2589 4020 2636 essent
4051 2582 4335 2650 subjecta,
4371 2581 4663 2637 discimus
4681 2598 4744 2636 cx

3097 2671 3254 2725 bulla
3311 2671 3568 2740 Gregorii
3616 2671 3682 2736 \',
3738 2671 4030 2742 pontiticis
4079 2671 4340 2736 maximi,
4375 2669 4434 2724 in
4485 2670 4742 2725 Bullario

3091 2760 3456 2816 Cluniacensi
3519 2759 3717 2824 relata,
3777 2777 3907 2830 pag.
3973 2762 4056 2819 10,
4119 2760 4324 2831 inqua
4376 2776 4494 2814 non
4551 2759 4740 2814 solum

3093 2850 3262 2903 varia}
3297 2848 3694 2919 possessiones
3726 2850 3793 2902 ad
3829 2849 4250 2903 monasterium
4300 2849 4454 2905 istud
4497 2847 4745 2903 nobilis-

3096 2938 3310 2993 simum
3346 2937 3718 3009 pertinentes,
3755 2939 3854 2992 sed
3889 2939 4065 2992 etiam
4089 2938 4265 2998 cellar.
4292 2955 4414 3005 seu,
4437 2942 4743 2998 utvocaut.

3098 3027 3407 3098 prioratus,
3442 3028 3592 3080 abeo
3615 3028 3953 3097 pendentes,
3975 3026 4318 3097 singillatim
4347 3032 4743 3081 recensentur.

3097 3117 3173 3170 lix
3208 3117 3277 3168 iis
3306 3115 3468 3169 cellis
3497 3115 3788 3169 nonnulla:
3825 3117 3933 3170 sub
3968 3116 4116 3170 beati
4151 3114 4413 3170 Odilonis
4439 3115 4747 3186 regimine,

3097 3204 3221 3258 alia:
3279 3223 3411 3258 vero
3473 3204 3638 3273 longe
3711 3211 3882 3258 antea
3949 3205 4306 3258 monasterio
4374 3202 4746 3258 Cluniacensi

3095 3295 3367 3363 Sltltjt‘ClEP
3403 3295 3654 3348 fuerunt.
3691 3293 3766 3348 De
3801 3294 3870 3348 iis
3908 3293 4279 3347 solummodo
4311 3291 4401 3346 hic
4449 3293 4747 3364 agendum

3097 3401 3222 3454 qua:
3277 3382 3539 3437 Odilonis
3592 3386 3850 3454 tempore
3909 3381 4394 3436 Cluniacensibus
4443 3379 4746 3437 attributa

3095 3476 3260 3536 sunt;
3296 3488 3462 3541 quas,
3497 3476 3721 3524 servato
3754 3469 4162 3541 clironologico
4194 3469 4418 3534 ordine,
4449 3475 4749 3542 quantum

3095 3577 3163 3616 ex
3195 3558 3452 3631 antiquis
3482 3559 3878 3614 monumentis
3911 3560 3997 3612 fas
4029 3558 4164 3626 erit,
4196 3558 4666 3614 recensebimus.

3163 3649 3252 3703 7t.
3289 3649 3364 3703 Ex
3399 3647 3556 3702 bulla
3604 3647 3862 3718 Gregorii
3913 3647 3980 3716 V,
4027 3664 4203 3718 quam
4255 3649 4428 3702 modo
4477 3645 4746 3703 laudavi-

3099 3755 3249 3802 mus,
3284 3741 3438 3808 patet
3467 3736 3845 3807 Magabrcnse
3880 3736 4434 3805 monasteriumjam
4467 3753 4630 3792 anno
4647 3739 4752 3790 ωδ

3096 3825 3371 3880 Cluniaco
3404 3830 3781 3896 aggregatum
3819 3823 4026 3888 fuisse;
4056 3826 4322 3896 atquoid
4356 3825 4750 3881 annofactum

3099 3913 3268 3968 fuerit
3303 3931 3415 3968 non
3452 3914 3650 3984 liquet.
3685 3914 4053 3984 Quamquam
4086 3913 4227 3967 certi
4261 3931 4472 3969 sumus
4503 3915 4556 3968 id
4601 3918 4750 3970 tem-

3099 4020 3234 4075 pore
3295 4003 3444 4057 beati
3493 4001 3756 4056 Odilonis
3816 4002 4153 4072 contigisse,
4203 4003 4287 4056 uti
4337 4003 4636 4059 discimus
4683 4021 4750 4058 ex

3098 4091 3359 4147 Waltcrii
3396 4090 3698 4146 rEriuonsis
3720 4090 3974 4162 episcopi
4007 4091 4227 4156 charta,
4253 4091 4351 4146 ubi
4374 4091 4747 4148 occasionem

3097 4186 3154 4235 et
3185 4180 3435 4234 rationes
3467 4179 3636 4234 istius
3669 4179 4459 4251 unionistaciendmipsemct
4485 4183 4748 4252 exponit;

3099 4269 3248 4324 hanc
3276 4269 3461 4340 ipsam
3494 4285 3560 4322 ex
3591 4273 3816 4322 vetusto
3847 4267 4185 4339 oxmnplari,
4220 4268 4292 4322 ab
4313 4269 4488 4324 annis
4517 4269 4755 4325 circiter

3099 4357 3434 4430 quingentis
3466 4363 3722 4420 exarato,
3756 4358 4105 4428 proferimus
4139 4357 4450 4428 integram.
4487 4379 4516 4408 α
4548 4358 4752 4414 Omni-

3099 4448 3210 4503 bus
3238 4445 3597 4500 Christicolis
3624 4445 3734 4499 sub
3770 4463 3975 4499 norma
4019 4445 4318 4500 catholieaa
4351 4446 4484 4502 fidei
4529 4447 4755 4520 degen-

3096 4537 3255 4592 tibus
3314 4540 3514 4589 notuin
3569 4551 3696 4588 esse
3743 4534 4014 4590 volumus
4061 4535 4341 4606 quoniam
4392 4551 4522 4606 ego,
4557 4537 4616 4590 in
4653 4536 4751 4592 Dei

3097 4623 3353 4688 nomine,
3387 4622 3697 4682 Valterius.
3727 4623 3912 4692 gratia
3936 4621 4034 4677 Dei
4061 4623 4376 4679 .Eduorum
4410 4624 4748 4698 episcopus,

1343 4712 1604 4770 chartam
1637 4711 1907 4768 exhibere
1939 4711 2127 4765 visum
2153 4715 2273 4765 est:
2309 4732 2336 4758 «
2367 4714 2427 4764 In
2448 4709 2544 4764 Dei
2573 4711 2804 4766 nomine
2822 4713 2988 4768 Odilo
3019 4732 3065 4796 Ι)
3096 4713 3167 4768 de
3201 4713 3377 4768 rebus
3409 4711 3669 4766 Ecclesia:
3705 4712 3844 4765 mihi
3880 4729 3912 4766 a
3942 4712 4060 4766 Deo
4090 4713 4421 4767 commissa:
4453 4715 4750 4785 cogitans.

1343 4800 1673 4858 Clunicnsis
1705 4799 2042 4856 monasterii
2077 4798 2355 4872 indignus
2386 4800 2684 4870 presbyter
2707 4805 2764 4855 et
2803 4801 2984 4873 negli-

1343 4907 1488 4964 gens
1545 4888 1886 4955 monachus,
1955 4887 2118 4944 Odilo
2180 4887 2352 4944 etiam
2419 4887 2793 4943 Celsiniensis
2864 4907 2986 4946 mo-

1343 4977 1579 5037 nasterii
1613 4978 1979 5051 praepositus,
2007 4983 2062 5032 et
2114 4977 2300 5034 caeteri
2355 4978 2562 5032 fratres
2602 4977 2716 5032 Deo
2766 4977 2983 5034 ibidem

1345 5061 1676 5125 servientes.
1738 5068 1948 5124 Notum
2008 5084 2136 5123 esse
2181 5065 2455 5121 volumus
2504 5067 2892 5137 praesentibus
2929 5074 2986 5122 et

1345 5156 1578 5222 futuris,
1603 5157 1739 5230 quia
1759 5156 1898 5213 illud
1924 5155 2207 5226 prirdium
2233 5155 2387 5226 quod
2407 5155 2569 5208 home
2589 5155 2879 5210 memoriae
2898 5152 2985 5212 vir

1342 5244 1575 5313 nobilis,
1610 5245 1843 5301 nomine
1874 5244 2238 5314 Eustorgius,
2269 5242 2646 5298 contulitDeo
2675 5247 2729 5298 et
2762 5245 2980 5300 sanctis

1339 5333 1634 5407 apostolis,
1675 5338 1731 5389 et
1761 5331 2115 5388 monasterio
2165 5331 2593 5394 Celsiniacensi,
2639 5349 2754 5386 non
2795 5334 2979 5404 potui-

1337 5440 1470 5479 mus
1503 5423 1746 5478 relinere
1778 5421 1948 5476 firma
1979 5436 2138 5492 pace,
2173 5420 2280 5474 nisi
2320 5420 2623 5474 Rotbertus
2655 5422 2977 5478 avunculus

1337 5515 1485 5584 ejus,
1517 5511 1606 5565 vir
1635 5509 1850 5565 nobilis
1880 5513 1934 5564 ct
1961 5508 2282 5563 catholicus
2313 5513 2368 5563 et
2391 5509 2644 5563 decanus
2666 5511 2978 5566 Arverncn-

1339 5600 1421 5656 si;
1450 5599 1738 5664 Ecclesize,
1773 5597 2114 5669 dignaretur
2141 5601 2197 5651 et
2226 5597 2444 5652 donum
2477 5597 2702 5668 nepotis
2733 5599 2820 5653 sui
2846 5617 2978 5655 con-

1339 5690 1593 5751 firmare,
1629 5689 1684 5741 et
1713 5703 1779 5740 ex
1808 5703 1914 5742 sua
1961 5691 2124 5759 parte
2175 5686 2505 5748 concedere,
2555 5686 2706 5754 quod
2759 5691 2814 5740 et
2847 5689 2975 5743 fecit

1339 5792 1449 5832 sua
1473 5772 1872 5830 benevolentia
1904 5783 1960 5832 et
2010 5774 2358 5831 dulcissima
2407 5773 2705 5828 charitate.
2759 5775 2974 5832 ldcirco

3097 4807 3384 4874 quantum
3419 4799 3610 4854 divina
3643 4802 3920 4871 majestas
3951 4817 4089 4854 mcze
4121 4800 4494 4872 possibilitati
4545 4802 4750 4874 largiri

3095 4890 3454 4962 dignabitur,
3503 4888 3772 4959 colligere
3829 4889 4094 4960 dispersa
4121 4894 4178 4943 et
4224 4906 4570 4947 conservare
4607 4907 4750 4945 conv

3095 4984 3351 5052 gregata,
3389 4977 3781 5032 necessarium
3815 4977 3949 5032 duxi
3981 4978 4141 5033 adire
4172 4977 4486 5033 consilium
4537 4979 4743 5033 domui

3093 5067 3356 5123 Odilonis
3396 5065 3625 5122 abbatis
3673 5066 4074 5122 Cluniacensis
4128 5067 4398 5134 cmnobii,
4455 5073 4512 5121 et
4546 5066 4748 5122 domui

3091 5156 3318 5210 Viviani
3381 5161 3838 5226 ceterorumque
3913 5156 4156 5210 fratrum
4228 5156 4548 5226 supradicti
4618 5173 4746 5210 mo-

3093 5246 3354 5312 nasterii,
3389 5246 3459 5301 ile
3489 5245 3744 5318 quodam
3775 5250 3974 5300 nostro
4023 5244 4402 5311 monasterio,
4451 5244 4746 5299 vocabulo

3092 5335 3488 5407 Magabrense,
3546 5333 3702 5404 quod
3759 5339 3845 5389 est
3875 5332 3932 5387 in
3990 5332 4210 5389 honore
4266 5334 4456 5388 sancti
4499 5334 4732 5389 Martini

3088 5429 3514 5487 consecratum,
3549 5428 3984 5478 autecessorum
4005 5428 4339 5478 nostrorum
4352 5423 4743 5494 temporibus,

3089 5529 3203 5567 non
3235 5511 3424 5567 solum
3458 5510 3712 5582 regulari
3751 5511 3972 5575 cidine,
4008 5513 4106 5568 sed
4160 5509 4338 5567 etiam
4389 5527 4537 5582 pene
4579 5511 4742 5566 omni

3086 5600 3335 5654 utilitate
3357 5601 3726 5660 destitutum.
3780 5606 4109 5656 restaurare
4158 5601 4402 5672 cupiens
4451 5598 4644 5671 ipsum
4683 5600 4740 5652 in

3087 5689 3400 5760 pristinum
3439 5689 3773 5742 monasticae
3817 5689 4112 5762 religionis
4165 5689 4434 5762 gradum.
4487 5689 4740 5760 Ideoque

3087 5778 3192 5832 hoc
3228 5778 3350 5845 feci,
3386 5777 3662 5848 quoniam
3697 5777 3923 5834 nullum
3953 5779 4113 5834 aliud
4147 5786 4266 5834 tam
4310 5775 4551 5834 salubre
4595 5793 4739 5832 con-

4889 4195 4896 4322 Ι
