4954 6446
709 470 817 532 857
2212 460 2589 527 ELOGIUM.

3967 464 4090 529 858

706 601 896 662 silium
931 576 1188 654 invenire
1218 612 1310 660 me
1341 611 1510 669 posse
1541 595 1961 670 credidi,quam
1995 599 2057 652 ut
2088 599 2341 669 peterem
2368 595 2427 663 Α
2454 602 2639 671 cepto.
2672 596 2984 655 Walterius
3030 602 3302 671 peccator
3347 595 3677 669 episcopus.
3731 620 3759 648 ι)
3803 597 3864 655 In
3910 600 4089 659 altero

710 688 1031 750 subsidium
1056 686 1439 758 asupradicto
1454 686 1667 741 domno
1682 685 1923 742 Odilone
1945 685 2342 741 Cluniaeensis

710 776 941 838 emnobii
971 773 1191 839 abbati,
1222 778 1281 829 et
1311 792 1345 829 a
1373 775 1725 829 vencrandis-
1767 776 2027 846 ejusdem
2079 773 2185 829 loci
2237 774 2340 828 Pa-

710 869 887 926 tribus
917 865 1028 920 sub
1059 880 1125 919 eo
1168 862 1420 935 regulari
1471 863 1702 918 tramite
1736 863 2137 936 degentibus;
2172 866 2343 934 atque

701 960 822 1032 jam
850 955 1070 1010 dictum
1102 952 1481 1025 Magabreuse
1498 951 1823 1006 coenobium
1839 969 2039 1007 eorum
2056 953 2342 1006 traderem
2367 985 2371 989 -

708 1041 1081 1103 dominationi
1111 1040 1683 1113 gubernandum.llli
1716 1040 1931 1112 itaque,
1965 1040 2182 1095 nostris
2213 1057 2341 1110 pre-

709 1135 867 1192 cibus
895 1146 1205 1187 assensum
1240 1128 1772 1201 prtebentes,prout
1828 1128 2186 1202 possibilitas
2229 1127 2341 1183 loci

709 1226 843 1291 erat,
874 1220 1025 1276 idem
1062 1217 1480 1274 monasterium
1515 1217 1857 1289 regulariter
1884 1217 2191 1289 disponere
2230 1234 2344 1272 cm-

709 1314 929 1385 perunt,
950 1309 1162 1363 fratres
1190 1306 1269 1362 ibi
1303 1307 1683 1378 omnipotenti
1718 1308 1834 1362 Deo
1865 1306 2180 1363 servituros
2199 1305 2347 1361 ordi-

711 1404 928 1456 nantes.
961 1397 1247 1452 Caaterum
1297 1412 1430 1451 vero
1479 1396 1742 1451 noverint
1788 1394 2002 1461 cuncti,
2034 1399 2156 1449 tam
2198 1412 2343 1466 pra:-

708 1492 891 1547 seutes
940 1502 1121 1557 quam
1172 1484 1379 1549 futuri,
1427 1483 1704 1556 quoniam
1757 1501 1823 1539 ea
1871 1482 2189 1539 intentione
2236 1483 2346 1538 hoc

709 1593 867 1650 agere
895 1573 1042 1647 cmpi
1076 1577 1369 1646 quatenus
1417 1589 1583 1629 amor
1625 1576 1683 1628 et
1732 1572 1977 1628 societas
2023 1571 2344 1643 supradicti

706 1661 1104 1722 Cluniacensis
1136 1662 1269 1727 loci,
1306 1661 1457 1717 sicut
1486 1665 1744 1733 tempore
1765 1662 2104 1716 venerandae
2125 1678 2343 1717 memo-

708 1756 799 1811 riae
846 1752 1049 1809 domui
1101 1749 1291 1808 Maioli
1343 1749 1574 1805 abbatis
1628 1755 1827 1805 nostro
1870 1749 1995 1805 loco
2042 1749 2345 1807 charitatis

706 1841 925 1899 vinculo
963 1838 1240 1912 colligata
1287 1838 1628 1911 permansit,
1663 1838 1749 1893 sic
1799 1838 1973 1893 etiam
2029 1842 2237 1894 cuncto
2286 1839 2343 1894 in

707 1934 1042 2006 perpetuum
1078 1932 1340 2000 tempore
1368 1926 1710 1982 ineonvulsa
1730 1931 1787 1982 et
1817 1928 1986 1982 firma
2006 1943 2343 1998 permanere

707 2019 902 2092 possit.
936 2016 1159 2073 Idcirco
1191 2016 1316 2088 jam
1362 2015 1584 2071 dictum
1633 2016 2011 2087 Magabrense
2058 2020 2346 2070 monaste-

708 2107 850 2163 rium
882 2104 1251 2163 tradofratri
1290 2108 1488 2160 nostro
1539 2105 1754 2159 domno
1806 2103 2033 2159 Odiloni
2062 2104 2256 2159 abbati
2291 2109 2348 2158 et

708 2194 1142 2253 successoribus
1173 2193 1714 2265 ejus,ecenobioque
1745 2192 2113 2248 Cluniacensi
2136 2193 2193 2247 in
2217 2210 2346 2264 per-

707 2289 935 2357 petuum
970 2282 1293 2356 regendum
1327 2287 1382 2336 et
1412 2280 2343 2355 regulariordinedisponendum,

707 2391 804 2446 per
831 2372 1507 2429 consiliumnostrorum
1540 2370 1881 2427 clericorurn
1912 2374 1969 2426 et
2007 2374 2345 2425 earterorum

707 2462 867 2519 nobis
896 2480 930 2517 a
959 2461 1079 2517 Deo
1121 2459 1448 2517 commissa:
1497 2459 1766 2515 Ecclesiae
1815 2458 2068 2513 ﬁliorum
2102 2475 2114 2513 :
2149 2476 2216 2514 ea
2264 2477 2348 2513 ra-

709 2550 878 2615 tione,
914 2555 977 2605 ut
1005 2547 1282 2621 superius
1320 2546 1459 2610 dixi.
1496 2552 1562 2603 ut
1610 2547 1854 2603 societas
1901 2547 2085 2602 nostri
2135 2546 2242 2602 loci
2290 2552 2349 2603 ct

708 2636 1104 2695 Cluniacensis
1153 2635 1398 2693 ecenobii
1446 2652 1548 2707 per
1594 2634 1965 2691 suceedentia
2012 2640 2346 2708 temporum

709 2726 893 2800 spatia
943 2742 1181 2798 semper
1223 2724 1299 2780 sit
1347 2724 1650 2780 charitatis
1692 2723 1924 2780 vinculo
1977 2723 2248 2796 colligata
2292 2729 2349 2781 et

708 2816 1033 2887 conjuncta,
1069 2818 1248 2886 atque
1292 2812 1371 2867 ibi
1419 2812 1577 2868 omni
1625 2816 1886 2885 tempore
1932 2817 2053 2867 tam
2087 2813 2346 2868 vivorum

707 2920 881 2975 quam
910 2903 1323 2959 defunctorum
1356 2900 1621 2956 Ecclesia:
1652 2902 1820 2957 nobis
1844 2902 2168 2957 commissa:
2190 2901 2351 2957 cleri-

711 3008 906 3048 corum
936 2995 1151 3064 agatur
1171 2990 1456 3046 memoria
1494 2990 1689 3061 digna.
1725 2988 2118 3062 Similiterque
2148 3007 2348 3047 eorum

712 3080 988 3137 memoria
1021 3080 1082 3135 in
1118 3082 1333 3134 nostra
1381 3078 1704 3133 celebretur
1751 3077 2020 3133 Ecclesia.
2055 3079 2170 3134 Hoc
2217 3097 2349 3135 vero

712 3183 901 3241 agens,
935 3184 1053 3226 non
1080 3170 1149 3222 ut
1191 3165 1406 3229 videar,
1442 3167 1594 3238 quod
1643 3164 1978 3235 absitlloei
2009 3165 2153 3222 mihi
2192 3183 2349 3223 com-

711 3256 867 3313 missi
892 3258 1246 3321 destruetor,
1272 3256 1399 3327 jam
1431 3254 1651 3310 dictum
1687 3255 2106 3310 monasterium
2157 3273 2272 3312 non
2317 3266 2350 3312 a

710 3346 989 3414 potestate
1017 3358 1424 3398 successorum
1459 3358 1721 3396 meorum
1752 3346 1808 3396 et
1855 3347 2064 3398 sanctae
2092 3342 2348 3399 ecclesia:
2380 3324 2421 3389 (ἶ

708 3430 1255 3504 Augustoduneusis
1309 3430 1532 3495 aufero,
1564 3431 1663 3484 sed
1717 3429 1909 3501 potius
1954 3430 2033 3485 ita
2082 3431 2352 3488 ordinare

711 3517 991 3591 disposui,
1022 3524 1092 3575 ut
1122 3518 1454 3574 Cluniensis
1486 3518 1668 3575 abbas
1698 3522 1756 3574 et
1804 3534 2169 3575 successores
2200 3522 2350 3592 ejus,

710 3607 1030 3680 fratresque
1088 3607 1279 3681 ipsius
1332 3606 1441 3665 loci
1500 3623 1603 3678 per
1651 3606 1961 3663 consilium
2018 3613 2350 3687 nostrorum

711 3712 1116 3753 successorum
1148 3695 1551 3768 episcoporum
1583 3698 1639 3749 et
1670 3694 2080 3753 canonicorum
2128 3696 2351 3770 regula-

710 3783 845 3840 riter
872 3786 1406 3851 ordiuent,teneant
1435 3787 1492 3839 et
1520 3783 1873 3855 possideant.
1909 3783 2139 3856 Ipsique
2169 3787 2352 3841 nostri

712 3889 1078 3930 successores
1102 3871 1362 3945 episcopi
1394 3877 1451 3927 et
1470 3871 1735 3927 canonici
1758 3888 1861 3943 per
1872 3877 2134 3929 nostram
2150 3874 2352 3945 depre-

713 3962 993 4019 cationem
1029 3967 1089 4020 et
1119 3960 1582 4019 obsecrationem
1631 3960 1783 4016 hanc
1828 3966 2087 4017 nostram
2136 3963 2351 4018 descri-

711 4050 963 4121 ptionem
1000 4069 1111 4108 sua
1140 4050 1459 4123 pontificali
1490 4050 1772 4122 dignitate
1802 4055 1858 4105 et
1903 4050 2266 4117 auctoritate,
2300 4056 2355 4108 et

712 4141 775 4193 ut
802 4138 888 4211 (si)
922 4138 1111 4195 nostri
1143 4138 1260 4194 voti
1293 4136 1603 4209 participes
1632 4136 2050 4211 sint,rogamus
2074 4142 2128 4192 et
2156 4139 2355 4212 depre-

706 4241 910 4282 camur
939 4231 1005 4283 ut
1033 4242 1269 4298 semper
1298 4225 1354 4280 in
1391 4224 1601 4281 melius
1631 4226 2003 4304 corroborent
2030 4230 2096 4281 et
2143 4228 2351 4281 conﬁr-

712 4318 891 4382 ment,
925 4318 983 4370 et
1015 4312 1341 4369 secundum
1381 4313 1479 4369 Dei
1533 4312 1947 4385 omnipotentis
1992 4312 2352 4371 voluntatem

709 4405 765 4457 et
790 4402 970 4474 hujus
1004 4406 1218 4458 nostrae
1251 4401 1660 4472 descriptionis
1691 4417 2005 4472 congruam
2028 4401 2355 4472 dispositio-

710 4504 839 4544 nem
869 4490 1204 4563 guberneut
1231 4493 1287 4544 et
1317 4493 1539 4561 regant,
1560 4493 1617 4544 et
1644 4488 1830 4561 ipsius
1861 4488 1991 4554 loci,
2014 4493 2080 4544 ut
2109 4489 2351 4561 dignum

706 4581 810 4643 est,
858 4595 1098 4650 semper
1145 4577 1264 4635 sint
1306 4577 1590 4642 advocati,
1625 4580 1681 4632 et
1726 4580 1925 4631 contra
1972 4577 2355 4638 adversitates

708 4664 996 4721 malorum
1027 4664 1338 4721 hominum
1369 4665 1664 4735 adjutores
1697 4664 2019 4720 fortissimi.
2056 4665 2171 4722 Hoc
2217 4684 2354 4725 vero
2386 4684 2430 4748 ί)

704 4754 1027 4811 statuimus
1057 4757 1117 4809 et
1145 4752 1381 4809 omnino
1413 4752 1903 4818 contradimus,ut
1932 4752 2129 4811 nullus
2154 4760 2353 4827 noster

706 4856 1013 4897 successor
1043 4840 1571 4913 episc0pus,neque
1601 4838 1797 4911 aliqua
1826 4838 2075 4913 alicujus
2107 4847 2356 4914 potesta-

709 4925 779 4984 tis
810 4944 1090 4999 persona,
1124 4927 1380 5000 aliquem
1412 4927 1492 4982 ibi
1520 4928 1788 4983 abbatem
1826 4933 1927 4983 aut
1979 4930 2354 5001 praepositum

707 5014 974 5072 ordinare
1007 5020 1328 5088 praesumat
1358 5015 1482 5071 sine
1514 5014 1747 5071 licentia
1776 5015 2134 5073 etvoluntate
2156 5036 2355 5091 supra-

707 5101 841 5159 dicti
900 5104 1141 5161 abbatis
1181 5103 1586 5161 ,Cluniacensis
1632 5107 1694 5159 et
1739 5120 2144 5161 successorum
2202 5108 2349 5176 ejus.

702 5190 1112 5250 Cluniacensis
1143 5210 1377 5265 quoque
1407 5192 1587 5248 abbas
1619 5196 1674 5246 et
1705 5191 1910 5247 fratres
1940 5191 2124 5263 ipsius
2153 5193 2356 5262 loci,et

702 5295 1082 5339 successores
1129 5297 1357 5348 eorum,
1385 5279 1581 5351 ipsum
1621 5280 1975 5351 jamdictum
2018 5282 2350 5340 cmnohium

704 5383 832 5423 cum
863 5368 1121 5426 consilio
1152 5372 1486 5425 nostrorum
1519 5384 1921 5423 successorum
1946 5368 2348 5441 episcoporum

702 5457 757 5511 et
810 5456 1263 5522 eanonicorum,
1320 5454 1587 5510 videlicet
1657 5455 1940 5511 bonorum
2009 5456 2349 5529 Christoque

703 5542 899 5601 devote
931 5541 1375 5609 famulantium,
1409 5543 1677 5600 ordinent
1724 5547 1783 5598 et
1828 5542 2156 5613 disponant.
2193 5547 2348 5602 Hane

699 5645 828 5687 vero
859 5635 1135 5689 nostram
1160 5629 1615 5701 descriptionem
1646 5628 2044 5699 disposuimus
2078 5632 2345 5689 roborare

698 5721 753 5774 et
802 5720 1090 5775 Romanis
1141 5717 1503 5775 auctoritatis
1548 5714 1867 5789 privilegio,
1900 5721 1955 5771 et
1991 5718 2171 5789 regali
2202 5737 2344 5791 prac-

2450 688 2631 758 hujus
2663 686 3251 759 chartaaapographo
3305 703 3440 741 cum
3482 686 3761 743 Walterio
3792 696 4090 761 peccatore

2450 776 2743 848 episeopo,
2771 781 2836 831 ut
2865 776 2957 830 hic
2987 775 3222 842 dicitur,
3252 774 3673 848 subscripsisse
3698 783 4095 834 memorantur

2451 865 2816 921 Humbaldus
2849 864 3394 932 abbas,Hemericus
3424 864 3819 933 abbas,Autus
3849 883 4096 939 prmceu-

2451 958 2559 1019 tor,
2594 957 2649 1010 ét
2677 954 3032 1010 Ansehcrius
3060 952 3528 1019 archidiaconus,

2522 1045 2613 1097 72.
2648 1043 2951 1110 Rodult‘us,
2981 1042 3070 1097 vir
3098 1042 3331 1108 nobilis,
3363 1041 3627 1098 condidit
3671 1045 4093 1102 monasterium

2453 1133 2791 1195 Beracense,
2833 1131 2987 1203 quod
3039 1130 3287 1203 propriis
3336 1130 3809 1202 possessionibus
3855 1134 4093 1191 dotavit.

2453 1219 2833 1277 Fundationis
2863 1219 3225 1275 occasionem
3257 1218 3506 1291 ipsemet
3542 1220 3829 1277 Rod-uli‘us
3858 1225 4096 1296 exponit

2452 1309 2545 1365 his
2574 1310 2791 1365 verbis:
2824 1331 2851 1357 ‹‹
2886 1308 3001 1380 Ego
3033 1308 3210 1380 igitur
3236 1307 3296 1362 in
3328 1308 3425 1363 Dei
3460 1309 3695 1364 nomine
3727 1310 4090 1384 Rodulphus,

2453 1398 2694 1455 audiens
2708 1397 2968 1470 quotidie
2998 1415 3100 1470 per
3126 1414 3425 1452 sacrarum
3449 1398 3881 1470 Seripturarum
3902 1407 4095 1459 aucto-

2452 1487 2680 1543 ritatem
2712 1486 2862 1542 male
2895 1487 3203 1559 agentibus
3234 1485 3444 1542 minari
3479 1491 3759 1561 pmuaset
3780 1490 3941 1561 juste
3960 1508 4094 1564 ope-

2451 1578 2717 1633 rantibus
2749 1575 3009 1649 promitti
3056 1575 3315 1631 sidereas
3364 1575 3719 1645 mansiones,
3756 1578 4095 1637 desiderans

2453 1665 2709 1721 invenire
2744 1664 2977 1736 aliquod
3008 1663 3348 1737 confugium
3382 1664 3480 1719 ubi
3532 1666 3755 1737 possim
3804 1667 4094 1724 declinare

2454 1753 2697 1809 insidias
2727 1770 2988 1808 meorum
3020 1752 3693 1825 peccaminum,nullum
3720 1756 3837 1809 tam
3860 1755 4095 1813 salubre

2453 1842 2614 1914 potui
2650 1841 2900 1912 reperire
2931 1840 3449 1913 eonsilium,quam
3482 1841 3528 1897 si
3561 1843 4096 1917 aediﬁcaremjuxta

2376 1959 2424 2025 Β
2456 1930 2900 2004 possibilitatem
2934 1946 3144 1995 meam,
3177 1929 3413 2003 aliquod
3448 1932 3866 1988 monasterium
3898 1950 4094 1990 mona-

2453 2020 2610 2076 sticae
2642 2018 2907 2091 religioni
2940 2023 3164 2091 aptum,
3197 2019 3297 2074 ubi
3331 2018 3591 2091 quotidie
3621 2020 3735 2077 Deo
3771 2025 3829 2077 et
3874 2022 4095 2079 sanctis

2454 2108 2581 2179 ejns
2611 2123 2932 2180 congruum
2953 2106 3319 2162 exhiberetur
3348 2107 3753 2163 servitium.Ad
3776 2108 3883 2164 hoc
3898 2113 4094 2166 tamen

2454 2197 2744 2269 agendum
2777 2200 2831 2249 et
2860 2195 3299 2267 perficiendum,
3319 2195 3390 2250 ad
3424 2196 3862 2254 Paterniacense
3892 2216 4091 2256 mona-

2454 2282 2698 2340 sterium
2729 2281 3074 2339 venerabilis
3102 2282 3362 2339 Odilonis
3393 2283 3622 2339 abbatis
3668 2286 3913 2343 emnobii
3961 2287 4090 2344 Clu-

2455 2371 3134 2443 niacensis,fratrumque
3164 2370 3244 2425 ibi
3276 2371 3610 2442 degentium
3634 2372 3706 2426 ivi
3735 2374 4092 2446 expetiturus

2454 2459 2738 2516 auxilium
2772 2476 2785 2515 :
2821 2476 3068 2532 quorum
3094 2458 3338 2514 consilio
3361 2460 3900 2527 eonfortatus,anno
3920 2463 3992 2519 ab
4010 2464 4095 2520 in-

2455 2549 2789 2604 carnatione
2819 2548 3051 2604 Domini
3080 2549 3207 2616 998,
3244 2548 3452 2619 quinto
3480 2549 3752 2606 videlicet
3793 2568 3945 2608 anno
3985 2552 4091 2609 Ro-

2454 2634 2655 2710 dulphi
2691 2637 2842 2710 regis
2860 2636 3541 2704 nobilissimi,convoeavi
3568 2638 3849 2694 domuum
3870 2640 4096 2696 Aindri-

2456 2743 2589 2783 cum
2622 2724 3036 2780 Lausanieusis
3067 2724 3331 2781 Ecclesia:
3362 2726 3694 2798 prmsulem,
3725 2729 3796 2784 ad
3827 2729 4094 2786 dedican-

2455 2815 2599 2870 dum
2631 2814 2825 2887 ipsum
2858 2814 3505 2888 monasterium,qui,ut
3531 2819 3619 2873 est
3648 2816 3838 2873 bonus
3861 2820 3919 2873 et
3938 2816 4096 2873 uobi-

2453 2902 2805 2975 lis,benigne
2834 2907 2890 2957 et
2918 2901 3189 2959 nobiliter
3218 2908 3482 2959 nostrum
3514 2903 3848 2976 adim-plevit
3866 2905 4096 2963 deside-

2457 2989 2633 3045 rium.
2664 2991 2764 3045 Est
2789 2993 2983 3045 autem
3018 2990 3214 3061 ipsum
3249 2991 3670 3047 monasterium
3703 3009 3880 3066 super
3907 2992 4093 3066 ripam

2458 3078 2566 3134 laci
2598 3077 3025 3134 Everduuensis
3055 3079 3319 3146 situm,in
3338 3079 3671 3151 episcopatu
3690 3081 3957 3138 videlicet
3969 3099 4097 3138 san-

2457 3169 2559 3222 cta:
2591 3164 2842 3221 ecclesia:
2875 3166 3265 3221 Lausauensis
3295 3167 3354 3222 iu
3386 3167 3665 3224 comitatu
3697 3168 4092 3237 Waldensi,in

2458 3253 2674 3309 honore
2721 3253 2907 3309 sancti
2955 3253 3201 3326 apostoli
3252 3255 3399 3310 Petri
3439 3255 3717 3311 dicatum.
3751 3256 3868 3313 Hoc
3897 3261 4091 3313 autem

2461 3341 2881 3398 monasterium
2911 3342 3062 3397 dono
3106 3342 3221 3397 Deo
3264 3347 3321 3398 et
3368 3348 3567 3399 sancto
3600 3343 3796 3400 Petro.
3833 3344 4094 3400 Concedo

2459 3428 2632 3485 etiam
2663 3429 2771 3500 ipsi
2807 3428 3156 3485 monasterio
3204 3430 3312 3486 has
3362 3434 3568 3502 terras,
3605 3454 3632 3481 η
3662 3435 3769 3488 etc.
3803 3432 3866 3488 In
3916 3432 4095 3488 altero

2459 3517 2638 3589 hujus
2670 3518 2883 3574 chartae
2902 3518 3235 3591 apographo
3257 3519 3565 3591 episcopus
3587 3518 3978 3576 Lausaneusis
4000 3519 4095 3575 hic

2462 3611 2820 3662 memoratus
2853 3606 3179 3679 appellatur
3227 3607 3508 3675 Amcdcus,
3539 3610 3639 3664 sed
3685 3608 3988 3665 retinenda
4011 3612 4101 3664 est

2461 3694 2645 3750 nostri
2696 3694 3043 3766 exemplaris
3087 3694 3274 3751 lectio.
3308 3697 3363 3752 Is
3411 3696 3566 3752 enim
3613 3697 3896 3753 Henricus
3922 3697 4098 3769 (quod

2462 3798 2674 3837 nomen
2707 3780 3017 3854 aliquando
3049 3782 3357 3850 Az'ndrz'cus,
3389 3801 3492 3840 seu
3540 3785 3814 3850 Ainricus,
3850 3784 3907 3840 in
3956 3787 4104 3841 vete-

2464 3870 2628 3926 ribus
2655 3870 2873 3925 chartis
2902 3871 3185 3941 scriptum
3218 3870 3586 3944 lcgitur),qui
3618 3872 3920 3929 eceiesiam
3953 3872 4103 3928 Lau-

2462 3974 2773 4013 sauensem
2806 3957 3017 4014 saeculo
3048 3958 3271 4013 decimo
3301 3963 3544 4015 exeunte
3574 3957 4041 4015 administrabat.

2531 4047 2620 4100 75.
2654 4044 2865 4099 Iisdem
2898 4046 3081 4101 ferme
3110 4045 3472 4117 temporibus
3493 4051 3692 4103 sancto
3719 4045 4101 4103 Odilonidata

2464 4132 2719 4189 creditur
2747 4133 2991 4189 ecclesia
3016 4135 3202 4189 sancti
3230 4133 3490 4191 Mauricii
3523 4135 3594 4189 de
3611 4133 4101 4201 Maltaeena,aiias

2463 4220 2533 4276 de
2565 4221 2831 4292 Burgeto,
2864 4219 2965 4281 ubi
2997 4220 3266 4276 monachi
3295 4221 3708 4277 Cluniacenses
3755 4221 3988 4276 fuerunt
4013 4221 4099 4277 in-

2464 4308 2675 4372 stituti,
2703 4312 2767 4362 ut
2797 4313 2954 4380 patet
2976 4326 3044 4365 ex
3071 4308 3246 4365 variis
3276 4308 3578 4365 Humberti
3609 4309 3841 4365 comitis
3861 4313 3917 4364 et
3937 4312 4102 4366 Ame-

2463 4396 2553 4452 dei
2585 4397 2711 4467 ejus
2743 4393 2848 4450 filii
2879 4396 3293 4453 donationibus
3326 4401 3522 4471 postea
3550 4397 3875 4469 factisque:
3895 4395 3954 4453 in
3976 4413 4103 4469 pro-

2464 4482 2799 4540 bationibus
2830 4483 3091 4539 Historia:
3123 4485 3460 4540 Sabaudicm
3491 4502 3525 4539 a
3546 4484 3921 4541 Guichenone
3937 4483 4103 4540 edita

2464 4575 2621 4629 sunt.
2654 4572 2913 4627 Habetur
2938 4572 2997 4627 in
3029 4570 3387 4629 Bibliotheca
3414 4571 3801 4641 Cluniacensi,
3835 4571 3942 4628 col.
3974 4573 4100 4643 412,

2463 4662 2666 4719 charta
2696 4660 2924 4717 Rodulfi
2952 4659 3103 4733 regis
3132 4678 3198 4717 ea
3227 4661 3296 4717 de
3328 4678 3388 4717 re
3418 4677 3569 4716 anno
3601 4661 3738 4715 1024
3768 4660 3922 4716 data.

2530 4751 2620 4804 74.
2647 4749 2730 4803 Ad
2762 4748 2916 4803 idem
2946 4753 3197 4821 tempus,
3215 4753 3279 4804 ut
3304 4747 3447 4804 mihi
3471 4747 3708 4820 quidem
3737 4747 3982 4816 videtur,
4008 4764 4098 4803 re-

2463 4838 2649 4893 vocari
2684 4841 2872 4908 potest
2903 4837 3319 4893 monachorum
3337 4835 3625 4892 institutio
3650 4836 3808 4908 apud
3831 4840 4101 4891 sanctum

2462 4927 2753 4983 Victorem
2784 4924 2841 4978 in
2876 4925 3016 4981 urbe
3048 4926 3388 4982 Geuevensi.
3421 4926 3553 4981 Erat
3592 4926 3810 4998 quippe
3840 4928 4100 4981 tunece-

2462 5012 2640 5069 lebris
2663 5012 2905 5068 ecclesia
2933 5012 3034 5068 illa
3064 5015 3247 5070 sancti
3278 5014 3730 5085 Victoris,quam
3748 5014 4035 5085 antiquam
4052 5021 4106 5069 et

2462 5103 2700 5159 nobilem
2742 5098 2994 5172 appellat
3047 5107 3249 5158 auctor
3276 5102 3417 5158 Vitae
3470 5101 3655 5157 sancti
3703 5101 3967 5157 Odilonis
4001 5118 4013 5155 :
4049 5107 4104 5157 et

2466 5190 2724 5262 quidem,
2748 5189 2804 5243 in
2835 5190 3161 5262 Fredegarii
3194 5191 3476 5247 Chronico
3509 5208 3635 5263 cap.
3658 5193 3746 5257 2'2,
3772 5194 4101 5247 constructa

2462 5277 2676 5333 dicitur
2699 5294 2733 5331 a
2763 5277 3056 5333 Sedelcuba
3082 5280 3295 5349 regina,
3331 5280 3389 5334 in
3419 5280 3736 5334 suburbano
3770 5279 4097 5335 Genavensi.

2460 5369 2594 5433 Qua:
2625 5364 2871 5422 Seleuba
2901 5382 3065 5421 soror
3091 5366 3201 5421 fuit
3231 5366 3536 5424 Chlotildis
3584 5367 3781 5424 uxoris
3827 5364 4090 5421 Clodovei

2460 5454 2674 5526 Magni,
2702 5452 3004 5524 Chilperiei
3040 5454 3523 5526 Burgundionum
3568 5455 3719 5528 regis
3768 5453 3907 5508 filia.
3941 5452 4096 5506 Hauc

2458 5548 2653 5599 autem
2667 5541 2967 5597 ecclesiam
2987 5542 3187 5613 paucis
3201 5543 3403 5599 auteid
3424 5548 3657 5615 tempus
3675 5539 4094 5597 annisvisitaas

2456 5628 2728 5687 Adhelais
2758 5629 3263 5702 imperatrix,pene
3295 5630 3611 5691 desolatam
3626 5620 4085 5699 repereratgquod

2455 5736 2603 5792 aegre
2631 5717 3077 5790 ferens,Hugoni
3106 5720 3369 5791 ejusdem
3401 5718 3648 5777 civitatis
3666 5712 3930 5785 episc0po
3960 5722 4082 5774 per-
