4954 6398
2177 454 2552 522 ELOGIUM.
3840 494 3845 497 ·
3915 463 4041 529 869

553 484 564 529 δ
668 462 781 527 861

554 636 555 671 1
669 595 900 654 habetur
945 591 1003 648 in
1051 590 1408 650 Bibliotheca
1453 590 1843 660 Cluniacensi,
1873 591 1980 649 col.
2015 592 2137 648 409.
2184 592 2285 648 Hic
2317 590 2369 657 Α

554 736 560 751 ,
664 702 783 743 vero
811 682 965 739 locus
980 681 1372 738 nobilissimus
1390 683 1606 737 dicitur
1626 683 1683 737 in
1712 683 1846 737 Vita
1873 681 2056 738 sancti
2089 682 2283 737 Odilo-

2467 591 2555 647 79.
2590 591 2754 646 Anno
2786 591 2944 657 1022,
2977 589 3142 647 Odilo
3174 589 3474 650 Lirinense
3504 595 3921 653 monasterium
3953 614 4036 654 re-

2390 680 2643 751 gendum
2674 680 2949 750 suscepit,
2974 680 3142 751 eique
3166 682 3394 752 praefuit
3415 683 3486 737 ad
3510 699 3726 739 annum
3754 687 4034 757 1028,quo

665 774 765 839 nis,
795 777 849 827 et
873 773 1107 825 multum
1136 770 1208 825 ab
1240 772 1444 826 eodem
1477 776 1675 826 sancto
1706 771 1827 825 viro
1857 771 2138 826 adauctus.

721 864 803 915 77.
851 861 1013 915 Anno
1058 876 1129 914 xv
1183 860 1413 914 Roherti
1467 860 1644 931 regis,
1688 876 1888 915 mense
1937 858 2281 930 Septembri,

662 947 999 1022 proindeque
1025 964 1177 1002 anno
1222 965 1346 1001 aera:
1375 947 1635 1019 vulgaris
1669 949 1823 1014 1011,
1857 947 1904 1001 si
1955 949 2025 1001 de
2052 964 2282 1001 monar-

556 1046 564 1066 ‘
662 1037 780 1094 chia
828 1034 1204 1108 intelligatur,
1237 1035 1431 1103 Wido,
1466 1036 1678 1091 nobilis
1723 1037 1830 1102 vir,
1864 1036 2283 1091 monasterium

662 1125 997 1181 Thiernense
1026 1141 1061 1178 a
1087 1125 1207 1179 suis
1228 1124 1574 1196 parentibus
1597 1125 1888 1196 quondam
1919 1124 2287 1179 smculurilcr

659 1228 953 1283 possessum
980 1211 1255 1268 Cluniaco
1277 1214 1543 1284 subjecit,
1564 1213 1914 1268 assentiente
1946 1213 2111 1267 Petro
2135 1212 2287 1282 ejus-

554 1358 559 1367 ,
662 1303 782 1356 dem
812 1300 915 1355 loci
943 1300 1173 1367 abbate,
1206 1301 1299 1355 cui
1339 1305 1457 1356 toto
1494 1301 1621 1355 vitm
1653 1318 1770 1355 suae
1806 1305 2064 1371 tempore
2096 1317 2283 1355 reser-

554 1386 557 1455 ξ
660 1395 778 1444 vata
805 1393 943 1443 sunt
970 1388 1200 1443 abbatis
1226 1390 1363 1458 jura
1386 1394 1444 1444 et
1475 1388 1878 1460 praerogativae.
1913 1389 1993 1443 De
2025 1389 2285 1460 reliquiis

554 1476 558 1550 ξ
660 1478 831 1532 sancti
862 1476 1276 1547 Symphoriani
1298 1478 1357 1532 in
1390 1477 1555 1533 altari
1586 1477 1839 1533 ecclesiw
1870 1465 2285 1550 'I‘Kigernensis

553 1546 559 1555 ’
657 1564 953 1621 reconditis
970 1546 1092 1637 agit
1107 1565 1419 1637 Gregorius
1437 1567 1815 1633 Turonensis,
1830 1566 1929 1622 lib.
1950 1584 1987 1621 1.
2011 1572 2086 1622 De
2102 1566 2289 1638 gloria

554 1714 557 1723 _
656 1657 985 1726 martyrum,
1017 1670 1146 1724 cap.
1168 1656 1259 1724 52,
1291 1655 1362 1710 de
1392 1655 1621 1710 Genesii
1654 1654 1924 1728 martyris
1955 1655 2286 1711 inventione

554 1804 555 1819 γ
655 1741 855 1797 ibidem
888 1741 1059 1811 facta,
1095 1742 1284 1814 capite
1311 1745 1381 1797 67
1411 1745 1675 1814 ejusdem
1704 1743 1858 1799 libri.

715 1832 802 1885 78.
846 1830 1060 1886 Eodem
1103 1831 1312 1886 saeculo
1339 1833 1647 1887 undecimo
1678 1833 1932 1898 ineunte,
1967 1834 2066 1888 sed
2102 1832 2287 1888 incer-

554 1920 557 1927 '
656 1923 769 1974 tum
800 1936 915 2005 quo
945 1936 1123 1985 anno,
1157 1920 1401 1991 contigit
1432 1922 1767 1976 monasterii
1807 1922 1961 1992 apud
1993 1921 2286 1977 Valentio-
2321 1955 2366 2019 Β

652 2006 758 2061 lam
790 2006 847 2061 in
870 2007 1210 2079 episcopatu
1234 2009 1479 2079 Regensi
1506 2010 1734 2065 erectio.
1763 2010 1903 2065 Huic
1924 2010 2287 2065 occasionem

653 2093 802 2149 dedit
829 2095 1068 2150 donatio
1101 2096 1283 2151 curtis
1314 2097 1371 2151 in
1407 2099 1609 2153 eodem
1640 2098 1784 2166 loco,
1818 2099 1988 2169 cujus
2023 2099 2290 2154 meminit

651 2182 955 2255 Gregorius
981 2184 1113 2238 Vin
1135 2184 1431 2255 bullajam
1456 2204 1490 2240 a
1510 2186 1678 2241 nobis
1699 2186 2109 2243 laudata.Cum
2131 2188 2289 2243 enim

650 2271 829 2342 ipsam
855 2272 1213 2327 monasterio
1235 2275 1585 2329 exstruendo
1606 2278 1803 2346 aptam
1818 2274 2145 2346 judicasset
2164 2278 2290 2332 bea-

648 2362 736 2415 tus
760 2359 947 2427 Odilo,
970 2360 1126 2415 hanc
1156 2360 1450 2416 licentiam
1483 2363 1554 2417 ab
1587 2363 1855 2435 episcopo
1884 2364 2047 2435 petiit
2067 2370 2123 2420 et
2147 2365 2291 2420 obti-

648 2447 785 2513 nuit,
818 2452 884 2502 ut
932 2452 1094 2519 patet
1124 2464 1193 2503 ex
1220 2450 1394 2504 veteri
1446 2451 1649 2505 notitia
1695 2468 1871 2522 quam
1904 2469 1969 2507 ex
2001 2453 2289 2509 chartario

643 2532 1006 2592 Cluniacensi
1025 2537 1381 2608 descriptam
1402 2538 1707 2605 habemus,
1724 2540 1822 2594 ubi
1846 2540 1962 2595 hinc
1985 2541 2286 2613 leguntur:

646 2644 672 2671 «
703 2622 868 2678 Odilo
900 2624 1091 2679 abbas
1121 2625 1302 2680 mittit
1332 2626 1648 2682 monachos
1679 2628 1748 2681 ad
1780 2628 2152 2684 Almeradum
2184 2631 2289 2686 Bc-

641 2727 874 2781 gensem
892 2713 1263 2784 episcopum,
1283 2713 1381 2785 qui
1402 2713 1761 2785 postularent
1782 2716 2074 2772 licentiam
2098 2735 2293 2773 mona-

643 2798 797 2853 sterii
819 2801 1156 2855 aedificandi
1170 2801 1342 2871 juxta
1357 2800 1659 2858 ecclesiam
1682 2803 1740 2858 in
1765 2804 1979 2860 honore
2000 2805 2137 2861 almi
2161 2824 2292 2862 con-

640 2888 878 2944 fessoris
908 2888 1150 2944 Maximi
1185 2889 1514 2961 antiquitus
1534 2896 1927 2948 consecratam
1952 2893 2011 2948 in
2033 2894 2168 2950 villa
2186 2895 2293 2951 Va-

640 2974 899 3033 lentiola.
936 2977 1047 3033 Cui
1080 2978 1398 3048 consensit,
1432 2979 1797 3050 decrevitque
1846 2985 1911 3035 ut
1958 2981 2118 3039 nulla
2159 3001 2291 3055 per-

640 3081 781 3121 sona
810 3065 1037 3122 habeat
1067 3066 1525 3121 dominationem
1572 3073 1672 3122 aut
1721 3070 2201 3126 consuetudinem
2232 3073 2291 3126 in

640 3152 792 3209 dicto
819 3153 974 3219 loco,
1009 3158 1190 3225 atque
1222 3155 1427 3210 fratres
1476 3155 1556 3210 ibi
1600 3164 2024 3213 commorantes
2056 3166 2294 3231 possent

554 3254 555 3259 ‘
637 3257 761 3311 quae
794 3259 829 3297 a
861 3242 1143 3297 fidelibus
1174 3243 1519 3298 offerrentur
1539 3244 1816 3315 accipere.
1846 3269 1871 3293 ››
1894 3246 2062 3304 Nulla
2083 3252 2173 3303 est
2192 3266 2290 3321 ap-

2393 768 2451 822 in
2481 770 2609 838 ejus
2636 767 2827 822 locum
2861 770 3140 823 suffectus
3172 774 3259 824 est
3289 769 3636 838 Amalricus,
3662 777 3726 826 ut
3751 773 4035 831 discimus

2391 873 2459 911 ex
2489 856 2719 910 duobus
2748 855 3037 939 chronicis
3065 874 3204 912 mss.
3233 874 3358 929 quae
3387 875 3562 929 penes
3594 876 3698 915 nos
3727 861 4038 931 habemus,

2369 961 2641 1015 .quorum
2670 944 3073 999 chronicorum
3106 962 3213 1016 ope
3241 947 3641 1004 emendandus
3671 953 3760 1003 est
3788 950 4037 1006 Vincen-

2393 1032 2509 1087 tius
2530 1032 2802 1097 Barralis,
2821 1033 2868 1103 ej
2882 1033 3082 1088 usdem
3106 1033 3212 1089 loci
3238 1036 3578 1101 monachus,
3612 1038 3711 1109 qui
3735 1039 4037 1096 Odilonem

2394 1120 2680 1175 Lirinensi
2715 1121 2916 1175 insulae
2949 1122 3120 1192 paulo
3170 1127 3301 1193 post
3336 1125 3520 1179 sancti
3568 1126 3757 1181 Maioli
3809 1129 4036 1184 obitum

2392 1208 2725 1279 praefectum
2751 1208 2928 1264 fuisse
2950 1210 3183 1281 scripsit
3204 1212 3261 1266 in
3288 1211 3671 1287 Chronologia
3700 1221 4034 1273 sanctorum

2394 1296 2803 1352 Lirinensium.
2823 1297 2977 1353 Duas
3008 1296 3163 1353 idem
3194 1304 3395 1354 auctor
3423 1301 3654 1357 chartas
3685 1305 3877 1372 refert,
3905 1322 4034 1376 quae

2393 1384 2632 1441 Odilone
2671 1385 2958 1440 Lirinensi
3005 1387 3214 1443 abbate
3261 1388 3407 1443 datas
3453 1393 3626 1457 sunt;
3662 1392 3763 1446 sed
3808 1393 4029 1450 nullam

2394 1473 2609 1528 habent
2642 1474 2921 1544 temporis
2970 1480 3189 1541 notam,
3224 1475 3374 1530 sicut
3425 1494 3526 1533 nec
3575 1478 3633 1533 in
3678 1479 4037 1539 Bibliotheca

2393 1560 2780 1627 Cluniacensi,
2812 1562 2911 1617 ubi
2941 1561 3150 1617 iterum
3181 1564 3345 1618 editae
3372 1564 3677 1622 habentur.

2464 1652 2551 1704 80.
2584 1650 2789 1706 Varias
2817 1649 2968 1706 vices
3017 1668 3192 1723 passa
3242 1657 3331 1708 est
3375 1653 3726 1712 Juliacensis
3771 1658 4034 1727 ecclesia,

2396 1737 2549 1793 unde
2578 1738 2989 1793 difficillimum
3024 1744 3112 1793 est
3142 1743 3373 1811 tempus
3401 1742 3701 1814 assignare
3720 1761 3834 1815 quo
3856 1763 3890 1801 a
3918 1763 4037 1804 mo-

2397 1826 2601 1881 nachis
2649 1826 3128 1882 Cluniacensibus
3178 1828 3434 1900 primum
3481 1829 3804 1888 inhabitata
3841 1834 4037 1891 fuerit.

2395 1918 2554 1970 Certe
2578 1915 2704 1985 jam
2752 1931 2932 1985 supra
2980 1915 3346 1972 laudavimus
3397 1918 3656 1975 chartam
3685 1919 3914 1979 Ottonis
3943 1940 4040 1980 co-

2395 2009 2711 2075 gnomento
2758 2002 3050 2069 Willelmi,
3084 2005 3431 2076 Burgundiae
3481 2007 3666 2073 ducis,
3713 2010 3907 2067 datam
3949 2029 4040 2067 re-

2396 2095 2610 2163 gnante
2639 2091 2962 2163 Bodulpho,
2998 2092 3056 2147 in
3087 2109 3222 2163 qua,
3257 2098 3566 2166 postquam
3612 2098 3805 2154 fassus
3835 2100 4042 2156 fuisset

2398 2196 2457 2235 se
2488 2179 2680 2235 Maioli
2710 2185 2765 2235 et
2794 2179 3055 2235 Odilonis
3082 2181 3360 2237 abbatum
3383 2200 3549 2239 voces
3571 2186 3749 2242 surda
3775 2204 3914 2243 aure
3936 2189 4037 2244 diu

2397 2268 2707 2331 audivisse,
2725 2272 3108 2338 compunctus
3128 2270 3363 2325 tandem
3382 2270 3673 2327 Juliacum
3707 2275 4038 2333 restituisse

2397 2356 2631 2411 dicitur.

2467 2448 2556 2500 81.
2590 2446 2804 2500 Verum
2853 2450 2985 2516 post
3034 2446 3243 2501 factam
3296 2447 3777 2507 Cluniacensibus
3827 2452 4037 2509 Juliaci

2399 2531 2821 2587 restitutionem
2853 2533 2924 2587 ab
2954 2532 3161 2588 Ottone
3193 2534 3508 2600 Willelmo,
3542 2539 3813 2594 eumdem
3846 2539 4037 2596 locum

2399 2619 2662 2676 nonnulli
2693 2620 2999 2676 saeculares
3027 2621 3131 2676 viri
3167 2622 3277 2677 sibi
3305 2624 3618 2680 attribuere
3645 2631 4037 2696 tentaverunt,

2400 2726 2649 2780 quorum
2680 2714 2922 2764 conatus
2954 2709 3184 2765 nonnisi
3214 2710 3476 2781 .alterius
3523 2718 3685 2769 terra;
3733 2714 4042 2789 largitione

2401 2799 2707 2853 retundere
2738 2798 2927 2869 potuit
2971 2815 3167 2854 comes
3215 2800 3570 2872 Raynaldus,
3602 2802 3831 2860 Ottonis
3861 2804 4038 2862 filius.

2400 2887 2460 2940 Id
2490 2887 2804 2957 probamus
2834 2904 2901 2941 ex
2926 2887 3102 2941 veteri
3136 2888 3342 2943 notitia
3371 2906 3496 2961 quze
3515 2889 3575 2945 in
3598 2891 3889 2949 chartario
3918 2894 4045 2950 Clu-

2401 2973 2658 3029 niacensi
2690 2973 2939 3029 habetur
2966 2974 3060 3030 his
3089 2975 3278 3031 verbis
3304 2993 3317 3031 :
3343 2999 3372 3026 «
3404 2978 3539 3032 Otto
3571 2996 3784 3047 comes,
3817 2981 3917 3052 qui
3948 2999 4042 3038 co-

2399 3062 2777 3134 gnominatur
2804 3060 3156 3126 Willelmus,
3179 3063 3430 3118 reddidit
3451 3066 3752 3123 monachis
3776 3069 3835 3123 in
3867 3070 4046 3126 famo-

2401 3150 2635 3205 sissimo
2666 3151 2923 3205 coenobio
2969 3150 3263 3206 Cluniensi
3318 3153 3434 3208 Deo
3465 3154 3850 3213 servientibus
3882 3162 4041 3230 pote-

2402 3244 2611 3294 statem
2636 3256 2763 3310 quae
2793 3237 3006 3307 dicitur
3033 3238 3313 3295 Juliacus.
3350 3240 3544 3315 Longo
3573 3245 3830 3315 tempore
3851 3249 4039 3301 trans-

554 3344 555 3349 η
635 3327 823 3398 posita
849 3329 1014 3396 data,
1037 3330 1137 3385 sed
1159 3346 1225 3384 ex
1245 3346 1310 3385 eo
1337 3311 1680 3401 conﬁcimus
1704 3332 2075 3390 Almcmdum
2100 3311 2291 3394 5339,1311
2323 3311 2366 3379 C
2402 3332 2549 3396 acto,
2583 3331 2956 3382 surrexerunt
2983 3331 3162 3399 Aymo
3202 3333 3259 3383 et
3308 3311 3579 3386 Otbertus
3627 3311 3727 3386 filii
3778 3332 4038 3401 Aldonis,

554 3406 556 3439 ἱ
634 3417 931 3473 undecimi
969 3418 1141 3473 initio
1190 3418 1451 3475 Ecclesia:
1494 3420 1739 3491 Regensi
1771 3423 2093 3493 praefuisse,
2137 3427 2290 3496 quod

633 3504 925 3562 Lirinensi
980 3507 1363 3573 monasterio,
1397 3508 1489 3563 cui
1538 3513 1677 3565 tunc
1725 3510 2067 3567 Warnerius
2111 3515 2291 3571 abbas

554 3584 557 3617 ⁵
629 3599 898 3663 praeerat,
918 3594 1155 3667 aliquot
1176 3595 1327 3650 bona
1357 3596 1684 3651 contulerit.
1708 3598 2049 3657 Warnerius
2077 3603 2293 3674 quippe

628 3682 684 3737 in
718 3683 1061 3740 Lirinensis
1094 3684 1430 3739 monasterii
1476 3685 1755 3757 regimine
1786 3692 2051 3744 sanctum
2097 3691 2290 3746 Odilo-

556 3772 557 3777 “
628 3787 758 3825 nem
794 3773 1134 3844 praecessit.
1158 3772 1315 3827 Idem
1347 3772 1717 3840 Almeradus,
1744 3793 1867 3842 seu,
1893 3781 1956 3832 ut
1983 3777 2061 3832 ibi
2095 3780 2293 3836 scribi-

554 3854 555 3857 “
622 3863 738 3927 tur,
773 3859 1201 3927 Helmeradus,
1228 3860 1284 3915 in
1315 3860 1517 3916 charta
1545 3862 1820 3932 quadam,
1847 3871 2050 3935 agente
2079 3867 2292 3925 domno

554 3964 555 3967 η
623 3946 943 4005 Warnerio
976 3947 1352 4004 Cluniacensi
1375 3949 1702 4021 praeposito,
1727 3953 1960 4023 agnovit
1984 3972 2177 4014 coram
2205 3975 2291 4014 re-

618 4035 824 4108 liquiis
845 4036 911 4093 in
935 4037 1207 4109 imagine
1223 4038 1409 4093 sancti
1432 4038 1581 4093 Petri
1603 4040 1893 4095 contentis
1911 4042 2021 4097 sibi
2038 4043 2293 4099 decimas

617 4126 843 4197 proprii
877 4125 1117 4181 laboris
1148 4142 1261 4179 non
1307 4124 1502 4180 deberi
1552 4125 1609 4179 in
1655 4126 1825 4182 terris
1872 4128 2207 4186 Valentiolae
2237 4137 2295 4189 et

615 4212 874 4270 aliarum
940 4213 1397 4285 possessionum
1456 4230 1490 4268 a
1545 4212 1818 4270 Cluniaco
1888 4217 2289 4287 pendentium.

614 4300 832 4356 Charta
862 4302 1016 4357 data
1041 4304 1135 4356 est
1163 4300 1223 4355 in
1256 4302 1382 4372 ipsa
1412 4300 1656 4357 ecclesia
1686 4290 2171 4374 Valentiolae,’sed
2204 4313 2294 4364 est

610 4390 844 4462 absque
870 4390 1047 4455 data,
1085 4387 1237 4444 sicut
1263 4392 1320 4443 et
1350 4388 1538 4455 tertia,
1573 4388 1671 4457 ubi
1703 4388 1854 4444 idem
1888 4392 2129 4448 antistes
2156 4412 2291 4451 san-

2399 3416 2825 3489 proclamantes
2856 3432 2982 3471 eam
3041 3420 3383 3487 potestatem
3433 3436 3599 3475 suam
3644 3420 4035 3478 hereditatem

2398 3520 2526 3561 esse
2546 3523 2563 3560 :
2586 3505 2684 3560 sed
2719 3504 2838 3560 huic
2869 3504 3162 3560 calumnia
3191 3505 3434 3561 cessavit
3459 3506 3519 3561 in
3549 3509 3858 3580 prazsentia
3888 3510 4039 3582 Bay-

2399 3592 2555 3648 naldi
2586 3592 2836 3658 comitis,
2870 3592 2970 3647 filii
3003 3594 3323 3665 supradicti
3352 3594 3632 3661 Willcmi,
3668 3597 3765 3668 qui
3797 3615 3899 3671 pro
3930 3599 4041 3655 hac

2400 3681 2692 3737 calumnia
2739 3681 2898 3737 dedit
2944 3683 3198 3753 prmfatis
3238 3684 3483 3755 Aymoni
3515 3688 3572 3740 et
3601 3685 3835 3743 Otherto
3865 3686 4043 3743 aliam

2400 3771 2716 3842 quamdam
2751 3775 3117 3841 potestatem,
3137 3788 3315 3842 quam
3339 3779 3745 3844 susceperunt,
3768 3780 3826 3830 et
3847 3792 4047 3847 quere-

2400 3858 2515 3913 lam
2540 3860 2953 3929 deposuerunt.
2972 3859 3215 3931 Signum
3239 3860 3519 3931 Raynaldi
3543 3862 4043 3935 comitis.Signum

2399 3946 2733 4002 Adheleidis
2765 3946 2960 4001 uxoris
2990 3948 3139 4018 ejus.
3190 3947 3434 4020 Signum
3466 3949 3682 4004 Azelmi
3714 3950 3943 4006 abbatis
3972 3952 4046 4008 de

2399 4036 2589 4091 Monte
2619 4034 3107 4092 Sancti—Joannis.
3125 4036 3264 4090 Acta
3285 4039 3424 4090 sunt
3447 4035 3568 4090 haec
3596 4038 3750 4108 apud
3781 4041 4042 4094 castrum

2399 4124 2759 4189 Divionense,
2793 4138 2946 4178 anno
2980 4124 3133 4189 1022,
3161 4122 3475 4178 indictione
3501 4141 3574 4191 v1,
3606 4125 3878 4180 Rotberto
3910 4142 4042 4198 rege

2402 4214 2773 4268 Francorum.
2801 4234 2826 4257 υ
2851 4209 3120 4265 Nondum
3152 4214 3345 4266 tamen
3378 4228 3531 4267 anno
3564 4213 3704 4267 1022
3731 4210 4040 4270 defunctus

2398 4305 2523 4356 erat
2552 4297 3050 4354 Otto-Willelmus
3075 4316 3088 4366 ;
3122 4298 3223 4354 sed
3252 4315 3414 4354 error
3440 4303 3529 4354 est
3557 4299 3796 4355 librarii.
3822 4300 4042 4358 Utrius-

2398 4406 2510 4461 que
2532 4405 2662 4443 vero
2684 4385 3069 4442 restitutionis
3092 4387 3357 4443 meminit
3374 4388 3658 4443 Robertus
3681 4388 4042 4460 Burgundio-

609 4482 702 4533 cto
734 4477 987 4534 Odiloni
1021 4476 1271 4532 dimittit
1294 4494 1520 4532 annuos
1549 4478 1834 4549 quosdam
1868 4480 2110 4549 reditus,
2145 4500 2293 4555 quos
2398 4494 2541 4532 num
2573 4476 2691 4531 dux
2716 4476 2775 4530 in
2804 4474 2982 4529 veteri
3010 4475 3262 4546 quadam
3289 4474 3515 4540 notitia,
3537 4491 3606 4531 ex
3635 4477 3837 4533 eodem
3870 4476 4040 4532 char-

604 4567 863 4625 ecclesia
896 4564 1257 4623 Valentiolaa
1297 4565 1520 4621 solebat
1548 4566 1815 4638 episc0po
1845 4568 2082 4624 solvere.
2116 4571 2293 4627 Deni-
2398 4564 2565 4632 tario,
2586 4569 2844 4636 tempore
2870 4562 3093 4618 Henrici
3116 4563 3268 4635 regis
3298 4563 3495 4619 fratris
3524 4563 3615 4619 sui
3641 4565 3814 4632 data;
3839 4564 3898 4620 in
3921 4582 4041 4638 qua

606 4672 720 4727 que
770 4654 1247 4711 Archimbertus
1294 4653 1532 4724 quidam
1575 4659 1632 4708 et
1673 4654 1914 4711 Pontius
1958 4656 2116 4712 filius
2163 4660 2291 4730 ejus
2322 4675 2366 4739 Β
2397 4655 2634 4726 quidem
2666 4652 2870 4709 notitia
2900 4656 3141 4707 testatur
3175 4651 3459 4708 Robertus
3507 4651 3864 4709 Willelmum
3910 4655 4039 4725 ejus

599 4742 1126 4801 Cluniacensibus
1142 4740 2125 4814 monachisdimiserequidquidsui
2144 4746 2288 4817 juris
2396 4759 2508 4814 que
2540 4743 2726 4797 filium
2766 4739 3149 4813 Raynaldum,
3181 4740 3528 4796 auctoritate
3555 4746 3613 4797 et
3650 4741 3822 4813 jussu
3854 4742 4040 4814 patris

598 4831 659 4886 in
689 4832 837 4888 villa
887 4828 1270 4893 Valentiolze,
1318 4833 1454 4895 etc.,
1504 4816 1633 4884 esse
1675 4830 2121 4887 contendebant.
2171 4834 2289 4890 Hoc
2397 4832 2487 4886 sui
2521 4830 2755 4887 Roberti
2785 4829 2959 4901 regis,
2978 4827 3268 4884 Juliacum
3291 4828 3654 4886 Cluniacensi
3688 4830 4039 4888 monasterio

593 4925 800 4977 actum
833 4924 937 4978 est
970 4918 1042 4973 in
1079 4915 1322 4973 concilio
1370 4916 1526 4988 quod
1576 4917 1686 4971 fuit
1716 4916 1775 4971 in
1818 4934 1955 4990 capu
1982 4920 2089 4991 (sic
2115 4921 2290 4978 habet
2394 4919 2740 4985 restituisse,
2775 4936 2908 4973 cum
2938 4934 3226 4973 consensu
3256 4917 3517 4990 Hugonis
3547 4917 3779 4975 comitis
3808 4917 4039 4975 Cabilo-

592 5015 884 5066 nostrum
915 5004 1365 5079 apographum,
1386 5022 1459 5059 an
1483 5004 1796 5076 legendum
1815 5022 2002 5078 campo
2023 5013 2125 5065 aut
2145 5013 2290 5082 capi-
2397 5008 2620 5073 nensis,
2649 5007 3013 5078 aliorumque
3043 5007 3299 5076 virorum
3329 5006 3597 5062 nobilium
3626 5008 3911 5079 utriusque
3938 5010 4040 5064 mi-

588 5100 706 5156 ιιιιο
727 5102 778 5171 .9)
814 5095 1030 5155 sancti
1067 5093 1340 5161 Romani,
1365 5097 1651 5165 praesente
1678 5093 1965 5150 Joscelino
1991 5097 2284 5169 episcopo,
2397 5097 2556 5161 litim,
2589 5096 2743 5167 quod
2776 5094 2899 5165 ipse
2928 5095 3237 5150 confirmat
3265 5099 3323 5149 et
3352 5096 3701 5152 corroborat.

587 5194 645 5243 et
673 5188 829 5249 aliis
869 5182 1374 5258 quampluribus,
1408 5182 1466 5235 in
1515 5181 1852 5252 episcopatu
1884 5183 2283 5240 Fricdunensi.
2466 5188 2555 5239 82.
2589 5187 2756 5238 Anno
2788 5185 2944 5249 1025,
2973 5184 3179 5239 beatus
3209 5183 3373 5238 Odilo
3404 5184 3827 5240 monasterium
3859 5183 4041 5239 Volta:

582 5276 799 5332 Annus
836 5290 970 5330 non
1007 5269 1366 5341 exprimitur
1395 5285 1408 5324 :
1443 5269 1577 5341 quis
1624 5285 1755 5324 vero
1805 5269 1881 5324 sit
1917 5270 2284 5343 episc0patus
2392 5273 2454 5328 in
2486 5278 2723 5344 paterno
2756 5272 2935 5325 fundo
2966 5272 3307 5327 construxit.
3340 5272 3457 5327 Hoc
3487 5272 3667 5337 enim,
3691 5274 3843 5345 quod
3869 5290 3903 5327 a
3925 5274 4037 5328 fra-

583 5360 1072 5426 Fricdunensis,
1110 5358 1203 5413 cui
1235 5357 1342 5412 iste
1384 5358 1690 5428 prefectus
1739 5357 1930 5417 fuerit.
1965 5376 2071 5415 nos
2101 5359 2280 5429 latet;
2392 5362 2582 5416 tribus
2599 5360 2722 5415 suis
2737 5365 2871 5415 ante
2892 5359 3222 5430 complures
3243 5377 3428 5417 annos
3447 5361 3803 5433 promissum
3828 5363 4034 5424 fuerat,

582 5451 696 5507 nisi
732 5452 900 5510 forte
962 5446 1297 5519 legendum
1349 5445 1424 5500 sit
1471 5446 1850 5515 Forojuliensi,
1885 5446 1976 5499 cui
2021 5446 2283 5502 Ecclesiae
2392 5467 2498 5506 nec
2529 5448 2863 5503 satisfacere
2894 5452 3217 5519 potuerant,
3237 5447 3364 5519 ipse
3393 5465 3523 5505 cum
3552 5449 3861 5520 nepotibus
3889 5447 4038 5508 suis,

577 5541 741 5597 circa
774 5541 911 5595 haec
950 5542 1239 5606 tempora
1268 5537 1508 5604 praeerat
1535 5532 1879 5587 Gaucclmus
1915 5533 2035 5589 sive
2063 5536 2281 5591 Goceli-
2392 5554 2593 5593 eorum
2617 5536 2769 5603 filiis,
2790 5534 3144 5606 adimplevit.
3166 5536 3363 5590 Exstat
3381 5538 3555 5591 etiam
3582 5554 3757 5601 nunc,
3778 5540 3841 5590 ut
3862 5538 4035 5587 testa-

573 5646 712 5698 nus,
750 5629 866 5702 qui
906 5623 1130 5682 multa
1159 5626 1311 5677 bona
1360 5621 1646 5677 Lirinensi
1698 5621 2049 5676 monasterio
2080 5628 2280 5678 contu-

567 5720 720 5780 lisse
757 5718 1037 5774 dicitur.
2393 5712 2677 5779 Odilonis,
2702 5709 2949 5782 append.
2985 5708 3347 5765 Bibliotheca:
3376 5709 3631 5765 Cluniae.
3650 5723 3782 5777 pag.
3803 5704 3889 5767 74,
3914 5716 4034 5753 ver-

2392 5629 2491 5680 tur
2518 5625 2775 5680 Andreas
2807 5622 3174 5677 Duchesnius
3205 5624 3262 5677 in
3296 5623 3449 5678 notis
3498 5623 3569 5678 ad
3623 5621 3813 5675 Vitam
3848 5615 4035 5673 sancti
4118 5630 4123 5633 '
