4954 6414
1437 465 1555 545 863

2359 478 2424 540 S.
2472 475 2833 540 ODILONIS
2877 473 3440 537 CLUNIACENSIS
3483 474 3814 537 ABBATIS
3860 474 3936 538 ν.

4740 473 4856 538 861

1439 631 1564 683 sus,
1593 613 2035 688 suprajanuam
2058 611 2310 669 ecclesia
2333 611 2592 684 ejusdem
2617 610 2870 683 loci,qua
2889 611 3083 666 aditus
3113 608 3167 676 Α
3196 608 3469 664 Chartam
3519 606 3803 680 integram
3847 608 4021 664 refert
4051 606 4359 675 Perardus,
4392 625 4524 682 pag.
4561 609 4692 675 177,
4729 624 4851 681 qua

1439 710 1530 761 est
1561 705 1632 760 ad
1663 703 2010 772 claustrum,
2043 701 2390 775 insculptus,
2421 701 2518 773 qui
2552 701 2669 756 hrec
2700 700 2917 755 indicat
2949 719 3087 773 pau-

1441 795 1527 851 cis
1557 793 1688 851 istis
1716 791 1909 848 verbis
1936 809 1951 848 :

1525 885 1636 933 Hoc
1665 884 1778 942 tibi,
1811 883 1918 933 Rex
1947 895 2230 945 regum,....
2264 879 2521 936 condidit,
2548 879 2701 930 Odilo
2731 880 3007 942 templum.

1440 964 1657 1020 Verum
1688 967 1865 1019 totam
1900 961 1977 1016 rei
2008 965 2181 1032 gesta:
2205 960 2409 1015 seriem
2434 961 2668 1032 exponit
2695 961 2936 1031 ipsemet
2961 979 3088 1012 san-

1443 1057 1576 1108 ctus
1606 1051 1785 1107 abbas
1815 1051 1871 1107 in
1904 1051 2292 1106 instrumento
2320 1049 2702 1112 fundationis,
2727 1049 2881 1120 quod
2911 1067 3089 1120 supra

1441 1141 1804 1216 paragrapho
1833 1140 2088 1194 secundo
2123 1139 2410 1206 integrum
2439 1137 2729 1192 dedimus.

1507 1233 1596 1286 83.
1630 1230 1793 1286 Circa
1821 1229 1938 1284 haec
1967 1235 2228 1299 tempora
2257 1228 2589 1282 Kadolenus
2609 1229 2928 1281 vieecomes
2956 1244 3088 1281 cum

1441 1336 1616 1376 uxore
1647 1335 1753 1374 sua
1775 1323 1831 1374 et
1852 1317 1970 1372 filio
1992 1316 2288 1372 Willclmo
2310 1317 2466 1371 dedit
2491 1315 2844 1371 monasterio
2866 1316 3091 1370 Clunia-

1432 1409 1587 1465 censi
1621 1407 1816 1463 locum
1849 1407 1948 1478 qui
1981 1407 2287 1462 dicebatur
2328 1408 2522 1461 Sancti
2569 1405 2813 1461 Joannis
2845 1406 2913 1459 de
2948 1404 3088 1459 Mol-

1351 1531 1356 1536 -
1430 1515 1598 1571 gone,
1614 1497 1786 1568 cujus
1807 1497 1883 1550 rei
1900 1495 2205 1550 cmn'ilura
2221 1497 2611 1548 instrumenta
2626 1501 2742 1548 exst
2757 1494 2915 1548 itisse
2929 1493 3090 1548 colli-

1432 1588 1630 1659 gimus
1655 1602 1722 1639 ex
1747 1586 1918 1638 \‘dl'iia
1946 1604 1992 1637 ιιι
2025 1583 2166 1638 titiis
2189 1601 2313 1654 qua:
2340 1584 2395 1638 in
2421 1583 2904 1638 Cluniacensibus
2929 1583 3090 1637 char-

1433 1675 1601 1731 tariis
1631 1691 1700 1730 ea
1729 1675 1800 1728 de
1833 1691 1891 1727 re
1923 1673 2234 1728 habentur.
2269 1673 2396 1728 IIa-c
2431 1672 2663 1726 donatio
2691 1673 2838 1726 facta
2870 1673 2975 1726 fuit
3007 1691 3088 1726 re-

1432 1767 1638 1834 gnante
1669 1763 1896 1818 Roberlo
1926 1778 2048 1830 rege
2072 1767 2123 1816 c!
2141 1762 2468 1832 pn'z’sidmtc
2499 1763 2791 1832 Aquitanis
2817 1764 3092 1817 Willclmo

1432 1852 1954 1918 duce,menseﬂaio.
1972 1851 2030 1904 Ei
2049 1849 2398 1920 subscripsit
2418 1851 3091 1921 lsembertusepiscopus

1432 1941 1838 2005 Pictavicnsis,
1860 1939 1960 2012 qui
1981 1956 2107 1994 sese
2127 1937 2444 2011 pontiﬁcem
2471 1941 2864 2011 Aquitanorum
2893 1939 3084 2010 appel-

1433 2031 1538 2094 lat,
1560 2035 1618 2086 et
1648 2045 1782 2085 cum
1814 2045 1882 2084 eo
1907 2028 2181 2084 Jordanis
2215 2027 2524 2100 episcopus
2554 2028 3000 2090 Lemovicensis,
3033 2034 3086 2082 et

1435 2121 1600 2177 Roho
1630 2118 2102 2175 Encolismonsis.
2131 2118 2275 2174 Item
2304 2117 2596 2173 Jotl‘redus
2629 2121 2683 2171 et
2711 2117 2989 2171 Acfredus
3013 2118 3088 2170 vi-

1433 2208 1764 2274 cecomites,
1797 2212 1921 2263 tum
1956 2206 2288 2262 Willelmus
2319 2207 2389 2262 de
2421 2205 2752 2261 Parlcnaco.
2782 2206 3082 2276 Nusquam

1427 2315 1562 2354 vero
1585 2297 1916 2353 Kadolenus
1940 2295 2362 2368 subscripsisse
2393 2295 2624 2367 legitur,
2651 2295 2802 2366 quod
2839 2295 3083 2348 fortasse

1427 2387 1661 2444 nonnisi
1694 2390 1826 2460 post
1855 2385 2044 2458 ipsius
2075 2389 2320 2440 mortem
2353 2384 2745 2440 instrumenta
2790 2383 2966 2453 hujus
3001 2384 3078 2436 rei

1425 2477 1688 2534 confecta
1717 2474 1954 2532 fuerint.

1495 2567 1584 2621 84.
1617 2566 1745 2621 Non
1775 2563 1961 2635 liquet
1991 2580 2106 2634 quo
2139 2565 2399 2634 tempore
2437 2561 2777 2632 incmpcrint
2810 2559 3078 2615 monachi

1425 2654 1671 2710 domum
1696 2652 1768 2708 de
1789 2653 2032 2708 Sariano
2052 2651 2400 2705 inhabitare.
2427 2651 2595 2706 Initia
2616 2667 2724 2705 sua
2747 2651 2916 2705 debet
2940 2650 3077 2704 Leo-

1427 2743 1666 2815 degario
1697 2740 1952 2805 cuidam,
1987 2739 2274 2794 monacho
2303 2738 2688 2804 Cluniacensi,
2715 2738 2813 2810 qui
2843 2740 2919 2793 ibi
2957 2756 3079 2810 pro-

1429 2832 1556 2904 prio
1575 2829 1777 2886 labore
1797 2829 2101 2885 ecclesiam
2123 2829 2447 2884 construxit
2467 2847 2480 2895 ;
2499 2846 2614 2900 qua
2636 2829 3010 2892 dotata,factu
3022 2846 3076 2882 ιιι

1427 2922 1517 2977 est
1539 2924 1602 2974 ut
1620 2919 1700 2974 ibi
1728 2918 1994 2974 monachi
2022 2916 2484 2973 instituerentur.
2509 2919 2708 2973 Dicata
2728 2922 2814 2972 est
2837 2916 3077 2972 ecclesia

1427 3025 1464 3065 a
1491 3007 1872 3084 Regimbaldo
1914 3006 2236 3063 Arelatensi
2287 3006 2744 3080 archiepisc0po,
2795 3007 2890 3078 qui
2925 3024 3076 3060 anno

1425 3096 1654 3154 circiter
1683 3097 1812 3152 1031
1847 3096 1982 3152 huic
2018 3095 2273 3152 ecclesiae
2323 3113 2570 3168 przeesse
2600 3095 2791 3168 coepit.
2828 3095 2955 3150 Hazc
2987 3093 3077 3148 di-

1423 3185 1644 3243 scimus
1672 3203 1742 3243 ex
1769 3187 1946 3242 veteri
1995 3186 2249 3258 quadam
2293 3186 2516 3250 notitia,
2551 3203 2727 3258 quam
2763 3203 2938 3256 penes
2971 3201 3076 3238 nos

1418 3275 1707 3333 habemus
1738 3276 1795 3332 in
1825 3275 2121 3332 veteribus
2153 3275 2512 3330 membranis
2543 3275 2921 3346 descriptam,
2951 3271 3072 3333 ubi.

3196 699 3329 752 data
3361 704 3448 752 est
3485 699 3675 768 Logis,
3707 715 3860 752 anno
3895 699 4052 764 1029,
4101 698 4328 753 Rodulﬂ
4377 699 4532 769 regis
4563 715 4736 754 xxxv.
4776 699 4854 753 lbi

3196 787 3412 841 dicitur
3442 813 3466 834 «ι
3507 788 3927 842 monasterium
3963 786 4019 842 in
4053 787 4271 842 honore
4304 786 4402 842 Dei
4435 792 4492 842 et
4535 786 4856 842 Salvatoris

3199 877 3378 930 nostri
3430 875 3567 931 Jesu
3612 876 3847 942 Christi,
3881 877 4265 947 ejusdemque
4300 877 4608 947 genitricis
4638 876 4850 940 Maria,

3198 965 3498 1035 sanctique
3533 965 3678 1019 Petri
3701 965 3968 1036 apostoli,
3994 981 4216 1019 necnon
4249 971 4302 1019 et
4335 965 4485 1020 beati
4521 964 4746 1020 Nicolai
4780 965 4855 1018 al-

3200 1055 3276 1107 mi
3324 1055 3674 1108 confessoris
3718 1059 4139 1116 constructum,
4175 1053 4352 1108 situm
4404 1054 4462 1108 in
4515 1054 4851 1126 episcopatu

3203 1143 3635 1197 Bisoncioucnsi
3663 1143 3831 1210 juxta
3863 1141 4270 1208 Polliniacum,
4301 1142 4356 1196 in
4410 1143 4536 1198 loco
4568 1143 4674 1214 qui
4709 1151 4851 1197 recte.

3197 1231 3378 1285 \‘allis
3410 1237 3667 1299 vocatur,
3701 1236 4120 1284 constructum.
4156 1255 4182 1278 ιι
4227 1231 4400 1284 Porro
4429 1231 4854 1286 monasterium

3199 1320 3352 1374 istud
3379 1321 3448 1373 ab
3472 1319 4004 1374 Ottone-\\'illchno
4022 1337 4051 1372 η
4080 1319 4478 1373 fundamentis
4500 1320 4851 1374 aediﬁcatum

3202 1410 3381 1463 fuisse
3434 1408 3717 1462 discimus
3766 1425 3832 1463 ex
3883 1408 4084 1462 charta
4128 1408 4389 1479 l‘lugonis
4430 1408 4852 1480 archiepiscopi

3198 1497 3698 1562 Vesontionensis,
3725 1496 3819 1550 ubi
3854 1500 4160 1550 confirmat
4190 1497 4563 1552 donationem
4598 1497 4856 1551 decima-

3202 1604 3352 1648 rum,
3387 1586 3638 1639 oblation
3651 1604 3771 1651 um,
3795 1585 4255 1656 sepulturarum,
4274 1585 4701 1657 eappellarum,
4727 1593 4857 1646 εἰς..

3203 1676 3256 1728 in
3295 1674 3427 1727 villa
3459 1693 3583 1746 qum
3616 1675 3828 1728 dicitur
3851 1674 4266 1739 Mediolanum,
4292 1680 4346 1728 et
4368 1674 4645 1747 cappclle
4673 1677 4856 1729 sancti

3202 1763 3446 1816 Victoris
3484 1765 3630 1834 apud
3667 1763 4044 1826 Mndriaeum,
4066 1780 4096 1816 a
4118 1761 4401 1817 \Valtcrio
4435 1764 4857 1835 pnedecessore

3202 1872 3308 1907 suo
3344 1853 3549 1906 factum
3585 1852 3839 1906 ecclesiu-
3875 1852 3980 1906 loci
4011 1851 4216 1916 Vallis,
4249 1869 4450 1923 quam,
4482 1852 4859 1923 inquit,0tto-

3204 1941 3527 1996 Willclmus
3557 1945 3976 2005 construxerat,
4002 1946 4056 1995 et
4089 1943 4211 2011 ipse
4240 1940 4559 1995 Walterius
4592 1942 4651 1995 in
4685 1941 4856 1996 hono-

3200 2047 3318 2084 rem
3357 2031 3531 2083 beata?
3567 2029 3755 2083 Maria‘
3787 2034 4242 2084 consecraverat.
4289 2031 4347 2084 In
4379 2029 4494 2084 alio
4520 2016 4852 2102 apographo

3198 2119 3314 2172 ha-c
3348 2119 3542 2170 omnia
3570 2117 3958 2171 intercedente
3977 2117 4218 2171 Odilone
4249 2119 4458 2172 abbate
4491 2121 4849 2174 concessisse

3195 2207 3410 2261 dicitur
3455 2208 3575 2277 ipse
3609 2207 3792 2276 litigo.
3829 2207 3972 2260 Data
4003 2211 4090 2260 est
4121 2225 4273 2261 anno
4317 2208 4473 2271 1033,
4521 2208 4619 2261 die
4669 2211 4843 2262 sancti

3191 2297 3455 2359 Joannis,
3480 2302 3534 2349 et
3569 2296 4042 2366 subscripserunt
4075 2296 4140 2350 lt.
4171 2296 4536 2367 prmpositus,
4565 2297 4846 2352 Robertus

3194 2387 3395 2450 abbas,
3432 2390 3554 2438 tum
3603 2384 3996 2439 archidiaConi
4045 2385 4180 2450 duo,
4219 2384 4517 2440 ltadaldus
4559 2387 4766 2452 abbas,
4797 2393 4850 2440 et

3193 2473 3287 2528 alii
3323 2474 3654 2544 complures
3686 2472 3949 2526 canonici
3983 2476 4038 2527 et
4071 2472 4399 2528 sa-eulares.

3261 2566 3347 2615 86.
3381 2565 3525 2617 Ante
3571 2578 3789 2616 annum
3843 2563 3976 2616 1031
4029 2563 4428 2632 consignanda
4459 2568 4553 2618 est
4585 2563 4848 2619 fundatio

3191 2652 3525 2707 monasterii
3565 2651 3634 2705 de
3679 2650 4022 2716 Chauriaco,
4071 2667 4195 2721 qua:
4231 2667 4264 2703 a
4309 2651 4610 2723 Stephano
4662 2654 4847 2707 Claro—

3190 2742 3477 2796 montensi
3529 2741 3799 2812 episcopo
3834 2741 3980 2792 facta
4026 2744 4115 2794 est
4163 2740 4274 2794 sub
4323 2739 4611 2811 regimine
4666 2744 4842 2796 sancti

3187 2831 3471 2894 Oililouis,
3502 2828 3555 2882 in
3590 2829 3834 2898 gratiam
3881 2828 4338 2882 Celsinianensis
4368 2831 4740 2884 monasterii.
4773 2833 4842 2884 Eo

3186 2919 3399 2990 quippe
3431 2935 3582 2972 anno
3621 2919 3745 2986 jam
3800 2917 4014 2983 ltenco,
4063 2917 4336 2989 Stephani
4392 2917 4464 2972 ιγ
4517 2935 4842 2974 successor.

3186 3008 3450 3064 Ecclesi'e
3482 3006 3946 3061 Claromoutensi
3982 3011 4245 3076 praeerat,
4295 3022 4474 3078 quam
4521 3007 4839 3063 Ecclesiam

3186 3097 3375 3152 adhuc
3409 3113 3560 3150 anno
3597 3097 3731 3149 1052
3763 3097 4016 3166 regebat.
4051 3095 4238 3165 Hujus
4272 3112 4442 3166 porro
4475 3097 4842 3152 fundationis

3187 3185 3449 3241 notitiam
3476 3185 3759 3238 habemus
3787 3185 3841 3238 in
3867 3184 4157 3238 chartario
4183 3183 4640 3240 Celsinianensi:
4669 3210 4699 3232 α
4729 3189 4847 3241 Ste-

3187 3275 3414 3348 phanus
3447 3279 3656 3327 sanctae
3683 3273 3779 3327 Dei
3805 3271 4065 3327 Ecclesia:
4092 3272 4594 3328 Claromontensis
4624 3276 4848 3346 episco-

1417 3365 1722 3438 praemissa
1749 3364 1906 3421 brevi
1937 3363 2209 3432 formula,
2240 3363 2360 3418 haec
2405 3363 2684 3435 leguntur
2717 3380 2730 3417 :
2768 3385 2794 3412 «
2825 3360 3070 3425 Quidam
3105 3353 3147 3419 C
3189 3382 3319 3437 pus,
3353 3369 3406 3417 et
3433 3367 3617 3416 mater
3638 3380 3742 3416 sua
3764 3366 3819 3415 et
3863 3363 4070 3415 fratres
4111 3361 4224 3428 sui,
4254 3361 4549 3434 simulque
4591 3363 4846 3435 Rorgius

1421 3455 1518 3512 Dei
1539 3452 1820 3519 famulus,
1841 3452 2078 3507 nomine
2096 3450 2510 3522 Leodegarius,
2528 3449 2856 3506 Cluniensis
2884 3467 3077 3504 mona-

1421 3541 1581 3599 sterii
1613 3541 1792 3596 frater
1820 3545 1878 3595 et
1902 3538 2248 3604 monachus,
2274 3539 2335 3594 in
2362 3538 2499 3593 villa
2529 3557 2654 3611 qua:
2686 3544 2924 3593 vocatur
2949 3539 3077 3592 Sar-

1422 3628 1625 3695 rianis,
1648 3645 1829 3700 quam
1860 3625 2193 3684 Willelmus
2223 3628 2519 3699 quondam
2547 3627 2662 3682 dux
2696 3626 2996 3698 provinciae
3020 3632 3076 3681 et

1423 3719 1588 3791 pater
1615 3716 1833 3789 patriae,
1861 3720 2198 3772 sanctorum
2231 3714 2628 3787 apostolorum
2659 3715 2808 3771 Petri
2835 3721 2888 3770 et
2914 3711 3072 3770 Pauli

1421 3809 1480 3863 et
1507 3803 1860 3862 monasterio
1889 3802 2185 3859 Cluniensi
2233 3809 2292 3860 et
2331 3803 2455 3860 loco
2491 3805 2549 3859 in
2599 3821 2712 3876 quo
2746 3822 2806 3860 se
2840 3796 3071 3876 sepeliri

1421 3893 1667 3967 rogavit,
1699 3897 1756 3948 et
1785 3894 1952 3948 beato
1984 3891 2192 3949 Maiolo
2222 3892 2415 3948 adhuc
2447 3891 2507 3947 in
2539 3911 2708 3949 carne
2738 3894 2982 3959 vivente,
3018 3895 3074 3947 et

1415 3983 1618 4040 vivens
1647 3981 1953 4056 delegavit,
1985 3986 2042 4037 et
2073 3982 2328 4038 moriens
2361 3982 2632 4038 donando
2663 3982 2951 4048 attribuit,
2978 3999 3072 4037 ec-

1415 4071 1656 4129 clesiam
1703 4075 2041 4128 construere
2087 4070 2334 4137 studuit,
2365 4075 2423 4126 et
2471 4088 2600 4128 eam
2647 4089 2984 4128 consecrare
3015 4075 3072 4126 et

1415 4160 1681 4218 dedicare
1712 4160 1937 4233 rogavit
1958 4179 1992 4216 a
2009 4160 2225 4216 domno
2251 4163 2309 4216 et
2338 4159 2649 4215 venerabili
2686 4159 3069 4231 Regimba'do

1411 4247 1840 4307 Arelatensium
1870 4247 2326 4322 archiepiscOpo,
2348 4249 2418 4304 ad
2451 4249 2726 4304 honorem
2751 4249 2850 4304 Dei
2876 4254 2932 4304 et
2955 4267 3072 4306 me-

1415 4338 1664 4395 moriam
1694 4337 2009 4394 Dominica:
2031 4343 2088 4394 et
2116 4337 2606 4394 victoriosissimae
2629 4337 2840 4407 crucis,
2855 4341 2911 4393 et
2933 4356 3066 4393 san-

1387 4431 1640 4506 ctorum
1662 4425 2060 4499 apostolorum
2082 4426 2233 4482 Petri
2257 4431 2315 4483 et
2348 4425 2531 4492 Pauli,
2557 4431 2613 4481 et
2633 4427 2784 4482 beati
2811 4427 3066 4482 Marcelli

1411 4531 1576 4589 papa:
1588 4519 1648 4572 et
1666 4515 1964 4588 martyris,
1985 4519 2042 4572 et
2057 4515 2211 4571 beati
2233 4515 2534 4570 Saturnini
2556 4516 2828 4588 martyris
2843 4515 3063 4588 inclyti,

1410 4609 1471 4663 et
1485 4604 1748 4661 omnium
1768 4608 2109 4660 sanctorum
2131 4602 2446 4659 viventium
2464 4607 2521 4659 et
2539 4604 2907 4675 regnantium
2929 4622 3062 4660 cum

3185 3458 3241 3508 et
3265 3453 3419 3506 tilius
3441 3453 3568 3522 ejus
3593 3451 4017 3515 Faramundus,
4039 3455 4094 3504 et
4113 3468 4317 3506 omnes
4339 3452 4605 3506 canonici
4623 3460 4845 3507 sancta;

3189 3541 3448 3597 Ecclesia:
3497 3540 4012 3604 Claromontensis,
4048 3539 4332 3595 dederunt
4379 3540 4497 3595 Deo
4543 3545 4602 3595 et
4639 3547 4849 3596 sancto

3187 3632 3349 3687 Petro
3381 3635 3436 3684 et
3468 3629 3535 3683 ad
3571 3628 3762 3683 locum
3804 3628 4312 3695 Celsiniacensem,
4343 3629 4444 3700 qui
4480 3631 4708 3700 regitur
4733 3633 4849 3685 sub

3185 3719 3606 3792 gubernatione
3637 3717 3835 3772 domui
3867 3717 4128 3771 Odilonis
4150 3717 4401 3783 abbatis,
4421 3722 4539 3772 tres
4558 3718 4852 3776 ecclesias

3183 3815 3238 3865 et
3271 3825 3368 3864 sex
3398 3807 3824 3878 appendarias;
3859 3805 4050 3877 prima
4093 3805 4337 3861 ecclesia
4367 3813 4605 3862 vocatur
4641 3808 4851 3863 Chau-

3183 3898 3396 3964 riacus,
3433 3901 3497 3950 ut
3529 3896 3604 3950 ibi
3664 3895 4081 3950 monasterium
4132 3900 4544 3963 construatur;
4577 3900 4846 3953 secunda

3183 3992 3386 4042 sancta
3417 3986 3595 4040 Maria
3622 4004 3634 4052 ;
3659 3985 3849 4048 tertia,
3883 3990 4085 4039 sancta
4113 3983 4382 4042 Marcella
4410 4001 4546 4041 cum
4575 3987 4846 4043 decima-

3182 4077 3298 4131 rias
3346 4076 3488 4144 (sic),
3522 4072 3900 4144 baptisteriis,
3949 4072 4288 4144 sepulturis,
4335 4074 4580 4145 campis,
4625 4077 4844 4147 pratis,

3180 4171 3288 4221 etc.
3327 4164 3495 4218 Facta
3525 4168 3612 4218 est
3643 4162 3762 4216 haec
3795 4160 4031 4217 donatio
4063 4178 4264 4216 mense
4297 4161 4658 4231 Decembrio,
4696 4165 4844 4220 feria

3177 4253 3367 4320 tertia,
3403 4256 3677 4322 regnante
3709 4251 3954 4305 Domino
3986 4254 4186 4305 nostro
4211 4250 4351 4307 Jesu
4383 4249 4632 4307 Christo.
4663 4275 4694 4300 ι»

3247 4343 3336 4395 87.
3370 4340 3490 4394 Sub
3523 4339 3786 4409 ejusdem
3819 4338 4094 4410 Stephani
4130 4337 4492 4410 pontiﬁcatu,
4523 4343 4706 4412 atque.
4739 4343 4844 4396 iis-

3177 4431 3309 4486 dem
3340 4429 3453 4483 fere
3483 4427 3934 4491 conditionibus,
3958 4428 4264 4482 fundatum
4288 4432 4378 4482 est
4404 4431 4836 4485 monasterium

3176 4519 3360 4575 sancti
3396 4517 3541 4572 li‘lori
3575 4517 3726 4589 apud
3780 4518 4087 4580 Arvernos,
4140 4517 4295 4587 quod
4341 4515 4838 4574 Cluniacensibus

3176 4607 3480 4664 monachis
3499 4607 3608 4660 sub
3626 4606 3777 4661 beati
3795 4604 4058 4661 Odilonis
4083 4606 4366 4677 regimine
4388 4605 4448 4662 in
4467 4610 4834 4664 monasterio

1411 4693 1598 4766 capite
1627 4709 1735 4750 suo
1765 4692 1994 4749 Christo
2039 4709 2144 4766 per
2186 4691 2384 4748 omnia
2433 4692 2648 4749 smcula
2695 4693 3058 4750 sccculorum.
3091 4713 3138 4778 Β
3171 4694 3585 4752 Cclsinianensi
3619 4693 3970 4764 degentibus
4016 4710 4356 4750 concessere
4385 4694 4750 4751 Amblardus
4779 4706 4830 4753 et

1412 4782 1603 4838 Donat
1625 4782 1800 4838 etiam
1831 4781 2204 4855 supradictus
2239 4782 2415 4838 frater
2433 4781 2779 4855 supradictae
2809 4781 3062 4838 ecclesia}

1412 4871 1507 4926 die
1535 4871 1988 4928 consecrationis
2015 4889 2138 4928 suae
2184 4888 2456 4928 mansum
2487 4887 2695 4940 unum,
2725 4872 2795 4927 ad
2829 4876 3058 4928 susten-

1413 4957 1690 5015 tationem
1713 4963 1770 5015 et
1790 4960 2096 5016 utilitatem
2123 4977 2224 5033 per
2242 4959 2616 5016 suecedentia
2631 4963 2895 5032 tempora
2918 4959 3060 5015 inibi

1413 5047 1529 5104 Deo
1545 5047 1941 5105 servientium.
1965 5072 1992 5098 υ
2009 5048 2150 5104 Etin
2174 5051 2310 5117 ﬁne,
2330 5051 2554 5121 absque
2571 5047 2692 5104 ulla
2705 5050 3058 5120 cujusquam

1414 5135 1859 5209 subscriptione,
1873 5137 2128 5194 habetur
2147 5138 2270 5193 haec
2287 5137 2585 5194 clausula:
2614 5160 2642 5187 «
2662 5137 2906 5193 Valeant
2925 5154 3064 5193 cun-

1413 5223 1486 5280 cti
1513 5224 1734 5293 ﬁdeles,
1767 5226 1948 5296 hujus
1983 5229 2195 5282 nostrae
2241 5227 2598 5298 Operationis
2645 5226 2996 5281 laudatores.
3033 5250 3059 5276 ››

1481 5315 1570 5369 85.
1589 5315 1755 5370 Anno
1779 5316 1936 5381 1029,
1957 5312 2626 5387 Rodulfus,Burgundia2
2649 5315 3059 5386 Transjuranae

1411 5419 1532 5467 rex,
1564 5399 1638 5457 ad
1685 5401 2029 5472 petitionem
2079 5401 2342 5456 Reinoldi
2387 5401 2641 5472 comitis,
2699 5401 2802 5456 filii
2832 5403 3061 5458 Ottonis

1409 5492 1796 5563 cognomento
1815 5477 2116 5554 \Villel-mi,
2136 5491 2423 5546 concessit
2441 5489 2924 5548 Cluniacensibus
2945 5509 3063 5549 mo-

1413 5575 1736 5632 nasterium
1765 5575 1950 5632 Vallis
1993 5575 2052 5631 in
2099 5577 2329 5634 dicecesi
2381 5578 2824 5636 Vesontionensi
2858 5582 3061 5648 situm,

1413 5663 1837 5737 conﬁrmatque
1868 5664 1918 5722 ei
1952 5683 2152 5722 omnia
2181 5683 2307 5739 quae
2339 5671 2459 5724 tam
2499 5667 2572 5722 ab
2600 5668 3062 5726 Ottone-Willel-

1417 5763 1513 5810 mo
1553 5769 1730 5824 quam
1758 5771 1794 5812 a
1825 5754 2102 5812 Reinoldo
2148 5756 2340 5828 ipsius
2389 5755 2507 5810 ﬁlio
2555 5755 2766 5813 collata
2813 5756 3060 5814 fuerant.

3175 4784 3538 4857 Eustorgius,
3562 4783 3667 4838 viri
3694 4783 3938 4851 nobiles,
3967 4800 4214 4855 quorum
4249 4783 4588 4840 donationis
4615 4785 4834 4841 instru-

3173 4880 3434 4930 mentum
3467 4873 3524 4928 in
3557 4871 3975 4927 Celsinianensi
4018 4872 4306 4928 chartario
4353 4872 4626 4939 habetur,
4661 4877 4828 4947 eique

3173 4981 3306 5020 cum
3337 4962 3717 5017 donatoribus
3748 4961 4227 5034 subscripserunt
4248 4962 4585 5034 Stephanus
4605 4965 4830 5036 episeo-

3170 5069 3281 5124 pus
3310 5049 3803 5106 Claromontensis
3833 5055 3890 5104 et
3920 5050 4206 5105 ltobertus
4237 5050 4583 5106 vicecomes.
4627 5052 4828 5108 Mona-

3171 5141 3414 5196 sterium
3447 5139 3634 5195 sancti
3667 5138 3814 5193 Flori
3862 5139 3972 5193 sub
4001 5139 4404 5195 Cluniacensis
4434 5140 4666 5196 ordinis
4693 5143 4828 5197 obe-

3170 5229 3391 5284 dientia
3437 5226 3824 5300 perseveravit
3869 5243 4054 5298 usque
4101 5227 4172 5282 ad
4221 5243 4444 5283 annum
4493 5229 4656 5294 1317,
4689 5247 4825 5302 quo,

3169 5318 3476 5390 repudiata
3500 5333 3535 5372 a
3563 5316 3817 5371 Gerardo
3847 5316 4056 5371 abbate
4083 5315 4464 5372 Auriliacensi
4507 5317 4824 5390 episcopali

3171 5405 3474 5479 dignitate,
3504 5404 3887 5477 Raymundus
3931 5404 4183 5472 Vehens,
4217 5405 4376 5477 prior
4425 5406 4616 5462 sancti
4653 5407 4822 5466 l-‘lori.

3171 5497 3481 5568 episeOpus
3513 5494 3701 5548 factus
3717 5497 3824 5560 est,
3850 5498 3908 5548 et
3935 5494 4064 5564 ejus
4095 5494 4521 5550 monasterium
4550 5495 4610 5550 in
4637 5497 4830 5551 cathe-

3170 5583 3393 5640 dralem
3425 5586 3738 5638 mutatum.
3761 5582 3841 5637 lbi
3863 5586 4056 5637 tamen
4081 5588 4528 5655 perseverarunt
4551 5584 4822 5640 monachi

3171 5690 3359 5745 usque
3413 5673 3485 5727 ad
3527 5689 3746 5726 annum
3801 5673 3955 5738 1476,
3991 5688 4108 5742 quo
4137 5691 4171 5728 a
4201 5673 4360 5750 Sixto
4405 5672 4477 5728 IV
4525 5673 4824 5730 saecularis

3172 5767 3309 5834 toga
3333 5763 3418 5818 eis
3449 5761 3674 5816 indulta
3703 5765 3810 5816 est.
