4954 6414
666 461 776 522 865

2165 402 2541 510 ELOGIUM.

3916 456 4039 541 see

734 596 818 647 88.
850 593 1014 646 Anno
1040 590 1195 655 1037,
1218 587 1633 643 monasterium
1659 586 1841 641 sancti
1868 582 2120 639 Marcelli
2143 582 2292 653 apud
2328 582 2374 645 Α
2412 580 2568 632 rado.
2595 578 2661 632 Et
2683 577 2912 649 quidem
2949 577 3096 632 hanc
3120 577 3487 634 donationem
3513 582 4039 641 eonfirmavitidem

671 681 1005 744 Saleiaeum,
1039 678 1097 732 in
1157 676 1489 749 episcopatu
1548 681 1605 731 et
1660 673 1936 731 comitatu
1994 671 2298 725 Valentino

671 774 1079 831 constructum,
1098 765 1404 822 monachis
1425 762 1906 820 CIUniacensibus
1920 761 2199 816 traditum
2214 763 2303 814 est

671 862 735 915 ad
766 857 1204 914 instaurandam
1257 854 1339 910 ibi
1388 852 1759 925 disciplinam
1799 849 2147 923 regularem,
2175 864 2303 918 quas

672 949 772 1004 sub
804 945 1113 1003 abbatibus
1137 944 1241 999 tibi
1269 943 1605 999 constitutis
1631 938 1846 997 servari
1869 955 1984 993 non
2016 939 2300 1009 potuerat.

672 1034 952 1089 Habemus
974 1032 1106 1102 ejus
1130 1028 1525 1085 concessionis
1546 1027 1830 1097 chartam,
1854 1041 2029 1098 quam
2057 1041 2123 1079 ex
2144 1022 2305 1078 char-

674 1122 809 1178 tario
829 1119 1191 1176 Cluniacensi
1216 1117 1589 1190 proferimus.
1608 1139 1633 1167 ‹‹
1652 1115 1841 1170 Primo
1862 1114 2097 1168 homine
2121 1116 2307 1166 trans-

674 1209 978 1284 grediente,
999 1213 1110 1263 etc.
1145 1208 1263 1279 Ego
1292 1206 1618 1261 Ademarus
1647 1218 1861 1269 comes,
1895 1206 1951 1258 et
1980 1218 2125 1256 uxor
2154 1215 2303 1265 mea,

678 1298 898 1354 nomine
920 1296 1191 1360 Rotildis,
1223 1312 1343 1349 una
1358 1312 1489 1350 eum
1515 1293 1650 1349 ﬁliis
1671 1290 2121 1356 nostris,Pontio
2149 1288 2306 1342 vide-

679 1388 802 1443 licet
828 1387 1121 1459 episcopo,
1142 1385 1402 1456 Hugone,
1424 1372 1751 1447 Lamberto,
1774 1380 2089 1447 Gontardo,
2113 1376 2306 1433 Geral-

681 1478 763 1544 do,
795 1475 1108 1547 quemdam
1140 1473 1354 1533 locum,
1388 1470 1704 1527 Saltiacum
1746 1469 2005 1538 nomine,
2036 1468 2216 1523 situm
2248 1465 2307 1519 in

680 1564 999 1636 episcopatu
1032 1566 1091 1617 et
1122 1561 1405 1616 comitatu
1448 1559 1769 1614 Valentius:
1800 1556 2071 1623 civitatis,
2106 1570 2306 1610 conse-

680 1656 888 1707 cratum
909 1650 968 1705 in
991 1649 1213 1704 honoro
1244 1647 1431 1703 sancti
1462 1645 1712 1701 Marcelli
1736 1644 2028 1716 martyris,
2053 1643 2163 1697 sub
2186 1641 2311 1713 qui-

682 1739 913 1795 busdam
939 1738 1254 1793 abbatibus
1278 1735 1631 1791 hactenusin
1648 1733 2001 1806 negligentia
2021 1749 2169 1786 cura:
2191 1730 2312 1786 ani-

684 1845 897 1884 marum
928 1827 1293 1900 positum,ut
1312 1826 1383 1880 ad
1415 1829 1634 1879 statum
1668 1822 1925 1879 melioris
1947 1820 2310 1877 rectitudinis

683 1918 855 1973 valeat
883 1916 1160 1982 converti,
1186 1931 1319 1969 cum
1352 1913 1625 1968 omnibus
1657 1928 1783 1983 quae
1805 1911 1876 1965 ad
1902 1910 2096 1981 ipsum
2117 1906 2307 1962 locum

687 2006 978 2079 pertinent,
1011 2003 1285 2059 videlicet
1332 2002 1526 2069 terris,
1571 1999 1826 2073 pascuis,
1872 1998 2052 2063 silvis,
2103 1996 2310 2063 vineis,

687 2092 1249 2167 aquis,molendinis,
1275 2090 1456 2163 pratis
1478 2094 1533 2144 et
1552 2088 1777 2144 eunetis
1800 2088 1920 2143 suis
1942 2084 2314 2158 appenditiis,

689 2186 961 2241 donamus
992 2182 1111 2236 Deo
1143 2184 1197 2235 et
1229 2178 1448 2235 sanctis
1478 2176 1756 2250 apostolis
1785 2176 1948 2231 Petro
1971 2181 2026 2229 et
2049 2173 2317 2240 f’aulo,et

691 2271 977 2327 monachis
1008 2267 1519 2335 Cluniacensibus,
1553 2265 1769 2337 quibus
1816 2268 2022 2336 prmest
2067 2264 2317 2317 domnus

692 2360 842 2417 Odilo
859 2361 1060 2426 abbas,
1079 2358 1150 2414 ad
1172 2356 1592 2430 possidendum
1617 2358 1673 2409 et
1695 2354 2107 2416 ordinandum,
2124 2352 2319 2420 etjure

692 2447 1043 2505 hereditario
1066 2445 1355 2518 quidquid
1376 2461 1544 2517 agere
1565 2442 1850 2498 voluerint
1870 2441 2320 2513 agendum.ldeo

696 2543 874 2594 autem
899 2537 1015 2591 haec
1034 2535 1286 2591 facimus
1319 2538 1607 2605 quatenus
1637 2537 1755 2586 tam
1787 2548 1892 2585 nos
1923 2546 2100 2601 quam
2132 2528 2321 2584 cuncti

701 2626 996 2701 propinqui
1028 2629 1087 2680 et
1112 2623 1283 2679 amici
1306 2620 1723 2689 nostri,anima
1743 2620 1915 2675 etiam
1939 2618 2137 2673 domni
2163 2619 2327 2672 Lam—

701 2715 837 2770 berti
867 2713 1118 2780 comitis,
1139 2712 1225 2767 vel
1250 2711 1456 2766 animae
1480 2709 1742 2765 omnium
1766 2706 2024 2763 fidelium
2057 2706 2324 2762 Christia-

704 2821 898 2859 norum
932 2805 1266 2858 mereantur
1294 2795 1861 2854 haberesoeietatem
1885 2799 1941 2850 et
1962 2799 2182 2866 partem
2208 2811 2331 2848 ora-

704 2892 918 2948 tionum
950 2905 1250 2946 servorum
1282 2887 1380 2941 Dei
1414 2886 1518 2957 [in]
1550 2884 1819 2940 Cluniaco
1860 2880 2211 2938 monasterio
2241 2882 2330 2938 vel

706 2980 757 3034 in
777 2979 997 3035 cunctis
1018 2978 1149 3033 suis
1174 2973 1527 3048 appenditiis
1548 2973 1776 3029 Christo
1800 2971 2197 3026 militantium.
2231 2973 2332 3025 Ac-

713 3073 828 3122 tum
858 3067 1131 3140 plublice,
1164 3081 1316 3119 anno
1346 3063 1418 3118 ab
1453 3060 1848 3117 incarnatione
1895 3059 2121 3114 Domini
2174 3060 2330 3124 1037,

714 3161 976 3229 regnante
1031 3159 1264 3213 Conone
1323 3153 1690 3224 imperatore,
1742 3165 1894 3204 anno
1935 3165 1971 3202 ι
2017 3147 2177 3218 regni
2216 3148 2330 3202 sui.

711 3246 900 3307 Testes
928 3245 1253 3301 Ademarus
1283 3257 1496 3309 eomes,
1530 3244 1585 3295 ct
1615 3255 1758 3293 uxor
1788 3254 1894 3294 sua
1934 3235 2200 3304 Rotildis,
2235 3235 2333 3308 qui

2408 668 2726 733 Conradus,
2761 682 2912 720 anno
2942 683 3067 722 XLVI
3102 668 3259 737 regni
3291 668 3402 735 sui,
3428 668 3485 722 id
3518 676 3606 724 est
3635 687 3758 725 mra!
3780 673 4041 745 ,vulgaris

2410 773 2562 811 anno
2590 756 2714 809 983.

2480 844 2569 896 90.
2602 845 2767 898 Anno
2809 844 2945 899 1039
2992 843 3392 917 consignanda
3441 850 3530 902 est
3587 847 3846 905 fundatio
3891 850 4045 907 cellas

2365 1006 2370 1010 ⁵
2414 932 2599 987 sancti
2633 932 2926 987 Laurentii
2957 932 3014 986 in
3048 949 3194 1005 pago
3243 934 3673 1005 Matisconensi,
3709 943 3772 993 ut
3798 943 3957 1009 patet
3979 957 4049 995 ex

2414 1020 2615 1075 charta
2643 1018 3037 1076 Archimbaldi
3069 1021 3551 1096 vicecomitis,qui
3580 1024 3687 1081 hoc
3718 1026 3844 1098 ipso
3873 1044 4047 1093 anno,

2414 1109 2731 1164 indictione
2759 1124 2857 1176 vn,
2895 1115 3166 1181 regnante
3193 1111 3434 1167 Henrico
3466 1129 3618 1185 rege,
3633 1114 3793 1170 dedit
3822 1115 4049 1172 Odiloni

2415 1197 2609 1281 abbati
2638 1214 2908 1253 mansum
2930 1196 3149 1253 vineale
3168 1198 3225 1253 in
3245 1215 3393 1272 pago
3420 1201 3826 1259 Matisconensi
3847 1204 4048 1273 situm,

2416 1302 2482 1340 ea
2513 1286 2730 1341 scilicet
2758 1287 3085 1343 conditione
3119 1292 3181 1342 u‘t
3212 1288 3268 1342 in
3300 1286 3540 1345 ecclesia
3568 1292 3755 1346 sancti
3792 1294 4051 1350 Lauren-

2416 1374 2500 1441 tii,
2535 1392 2709 1446 quam
2744 1375 3013 1446 ipsejam
3053 1379 3223 1430 antea
3273 1376 3640 1433 Cluniacensi
3700 1369 4052 1439 monasterio

2417 1462 2757 1530 contulerat,
2805 1464 3223 1520 monachorum
3273 1466 3381 1521 sub
3432 1467 3743 1540 disciplina
3792 1460 4052 1527 Cluniaci

2419 1552 2695 1607 abbatum
2725 1551 3038 1607 viventium
3071 1558 3388 1608 conventus
3411 1555 3896 1624 iustitueretur,in
3918 1577 4056 1631 quo-

2420 1656 2549 1694 rum
2581 1658 2724 1695 usus
2756 1657 3025 1695 mansum
3060 1640 3202 1695 illud
3249 1659 3383 1696 cum
3435 1645 3655 1700 caeteris
3685 1647 3757 1702 ad
3789 1649 4055 1704 eamdem

2420 1727 2723 1783 ecclesiam
2758 1729 3181 1800 pertinentibus
3210 1732 3458 1788 cederet.

2489 1818 2578 1872 91.
2611 1819 2775 1872 Anno
2809 1819 2966 1885 1045,
2999 1817 3091 1872 cui
3141 1823 3337 1875 tamen
3396 1821 3633 1879 indictio
3679 1840 3758 1892 x1,
3792 1840 3967 1897 quam
4000 1826 4057 1881 in

2423 1905 2754 1977 apographo
2776 1905 2977 1960 charta
3002 1907 3252 1978 praafert,
3278 1925 3390 1963 non
3414 1911 3744 1979 concordat,
3770 1918 4058 1970 monaste-

2424 1994 2575 2048 rium
2606 1995 2791 2049 sancti
2821 1993 3128 2052 Salvatoris
3158 1996 3532 2053 Nivernensis
3579 1998 4061 2059 Cluniacensibus

2425 2082 2754 2153 subjectum
2790 2083 2897 2137 fuit
2928 2084 2998 2137 ab
3028 2083 3268 2156 Ilugone
3300 2087 3562 2156 eiusdem
3585 2088 3747 2144 urbis
3769 2091 4059 2164 episcopo,

2426 2172 2881 2227 assentientibus
2930 2171 3228 2228 Adalelmo
3276 2173 3384 2228 loci
3436 2180 3653 2233 rectore
3683 2183 3740 2233 et
3768 2180 4062 2236 canonicis

2427 2259 2679 2314 ecclesia:
2712 2260 2895 2314 sancti
2918 2259 3121 2333 Cyrici,
3148 2262 3219 2315 ad
3243 2279 3489 2333 quorum
3506 2265 3608 2335 jus
3628 2271 3796 2322 antea
3819 2269 4065 2340 pertine-

2428 2348 2545 2401 bat.
2576 2351 3033 2401 lnstrumentum
3056 2364 3119 2401 ea
3149 2348 3219 2402 de
3252 2365 3310 2402 re
3343 2351 3665 2407 confectum
3691 2353 3751 2408 in
3773 2342 4062 2411 chartario

2429 2434 2789 2489 Cluniacensi
2811 2438 3015 2502 exstat,
3039 2435 3239 2490 datum
3259 2436 3489 2508 publice
3511 2440 3568 2493 in
3590 2447 3791 2497 sancta
3821 2445 4060 2516 synodo,

2433 2542 2583 2579 anno
2616 2524 2770 2589 1045,
2803 2522 3118 2579 indictione
3147 2540 3225 2590 xu,
3276 2530 3473 2582 octavo
3520 2528 3658 2584 Idus
3699 2530 4058 2593 Novembris.

2501 2614 2589 2667 92.
2622 2612 2739 2665 Sub
2772 2611 3014 2667 Henrico
3030 2629 3164 2683 rege
3194 2613 3564 2682 Francorum,
3588 2620 3646 2672 at
3668 2618 3954 2676 incertum
3978 2628 4067 2680 est

2435 2719 2548 2773 quo
2581 2717 2750 2763 anno,
2771 2700 2970 2754 Petrus
2993 2700 3219 2772 Rogerii
3242 2702 3549 2775 episcopus
3571 2706 3895 2765 Tolosanus
3911 2712 4064 2782 apud

2437 2790 2779 2845 Cluniacum
2827 2789 3100 2857 existens,
3137 2790 3553 2847 monachorum
3602 2793 3681 2848 ibi
3729 2797 4066 2869 degentium

2438 2878 2805 2935 sanctitatem
2839 2877 3104 2943 miratus,
3139 2878 3385 2934 contulit
3412 2880 3494 2935 eis
3525 2882 3828 2940 ecclesiam
3858 2872 4069 2943 sanctae

2439 2966 2729 3022 Columbae
2760 2965 2819 3019 in
2853 2982 2961 3019 sua
2990 2965 3220 3021 dioecesi
3253 2967 3448 3023 sitam.
3490 2970 3708 3027 Ibidem
3752 2976 4070 3033 monachos

2440 3055 2618 3110 fuisse
2641 3054 2937 3108 institutos
2958 3052 3288 3125 colligimus
3309 3072 3419 3110 non
3443 3056 3631 3113 solum
3656 3062 3810 3131 quod
3828 3064 3898 3117 ad
3922 3064 4071 3120 hanc

2440 3142 2741 3199 ecclesiam
2790 3140 2983 3195 multm
3028 3141 3151 3196 alia:
3189 3159 3321 3197 eum
3370 3146 3604 3216 prazdiis
3632 3152 3690 3203 et
3719 3151 4070 3223 appenditiis

2442 3231 2784 3295 attinebant,
2807 3246 3005 3283 verum
3029 3230 3203 3284 etiam
3226 3232 3377 3303 quod
3402 3232 3458 3287 in
3483 3233 3799 3306 diplomate
3823 3237 4073 3295 Pascha-

709 3334 847 3390 hanc
876 3304 1248 3390 donationem
1284 3304 1561 3395 fecerunt,
1595 3333 1652 3383 et
1682 3328 1876 3382 decem
1911 3324 2115 3380 uncias
2146 3304 2270 3378 auri
2302 3342 2335 3378 a
2362 3304 2404 3370 (ἶ
2443 3316 2515 3374 lis
2536 3319 2602 3385 II,
2627 3318 2684 3372 in
2706 3316 3062 3373 Bibliotheca
3080 3317 3465 3383 Cluniacensi,
3491 3304 3621 3394 pag.
3644 3324 3768 3392 571,
3791 3324 3939 3381 inter
3959 3327 4074 3384 alia

709 3422 995 3480 monachis
1017 3440 1122 3495 pro
1144 3438 1211 3476 ea
1230 3421 1595 3491 acceperunt,
1619 3420 1671 3471 et
1704 3412 1987 3470 Edraldus
2012 3412 2334 3468 monachus

708 3530 973 3586 magnum
1016 3510 1321 3568 servitium
1353 3508 1437 3563 eis
1470 3506 1621 3571 fecit,
1651 3505 1748 3577 qui
1785 3521 1910 3558 eam
1940 3507 2138 3558 sancto
2168 3503 2334 3556 Petro

704 3602 1018 3674 acquisivit.
1044 3598 1288 3656 Pontius
1310 3596 1639 3670 cpiscopus,
1664 3599 1719 3648 et
1741 3594 1913 3648 frater
1932 3593 2058 3662 ejus
2090 3592 2338 3663 Hugo,et

706 3689 1052 3759 Lambertus,
1102 3687 1457 3748 Gontardus,
1513 3682 1795 3739 Geraldus
1849 3681 2053 3735 fratres
2110 3696 2332 3735 eorum.

709 3778 1020 3834 Rainardus
1054 3776 1354 3848 presbyter
1377 3773 1629 3844 scripsit,
1657 3770 1908 3827 dictante
1935 3767 2270 3823 Raintardo.
2307 3788 2334 3815 »

708 3866 933 3921 Pontius
954 3866 1289 3939 episcopus,
1314 3860 1581 3917 Ademari
1611 3858 1786 3925 ﬁlius,
1809 3857 1910 3929 qui
1931 3857 1987 3911 in
2012 3857 2117 3911 hac
2135 3857 2338 3912 charta

712 3960 1051 4009 memoratur
1074 3954 1244 4025 eique
1271 3948 1641 4021 subscripsit,
1665 3945 2133 4002 Valentinensem
2155 3942 2339 3999 Eccle-

712 4042 846 4097 siam
863 4042 1327 4115 postGuigonem
1348 4038 1510 4094 rexit.
1528 4036 1775 4091 Sedcbat
1799 4033 1989 4088 adhuc
2012 4049 2164 4088 anno
2184 4032 2334 4099 1047,

715 4135 772 4184 ut
791 4148 853 4185 ex
877 4129 1173 4186 nonnullis
1206 4126 1423 4183 chartis
1455 4123 1774 4195 colligitur;
1804 4125 1861 4177 at
1883 4137 1994 4192 quo
2016 4137 2167 4176 anno
2190 4120 2339 4174 hanc

715 4220 898 4274 sedem
913 4212 1715 4279 inici-itautdimiserit,nobis
1728 4213 2086 4281 compertum
2102 4224 2216 4263 non
2229 4211 2335 4261 est.

777 4308 860 4361 80.
891 4308 1064 4362 Porro
1099 4305 1444 4361 Lambertus
1469 4317 1684 4365 comes,
1710 4297 1925 4354 ibidem
1957 4301 2336 4361 memoratus,

708 4393 969 4449 Ademari
1026 4390 1325 4448 donatoris
1382 4394 1545 4461 pater
1603 4385 1728 4451 fuit,
1763 4383 1859 4455 qui
1919 4380 2339 4437 monasterium

714 4481 893 4554 ipsum
919 4482 1105 4539 sancti
1138 4478 1393 4536 Marcelli
1415 4475 1645 4549 penitus
1671 4471 1995 4528 desolatam
2026 4468 2339 4524 restaurari

711 4575 1019 4638 curaverat,
1052 4574 1116 4625 ut
1146 4586 1214 4624 ex
1245 4567 1361 4623 alia
1388 4566 1588 4620 charta
1632 4566 1808 4633 patet,
1841 4558 1899 4614 in
1944 4574 2061 4630 qua
2092 4556 2175 4613 sic
2205 4574 2339 4612 cum

713 4675 877 4714 uxore
907 4676 1014 4715 sua
1043 4655 1356 4713 Fuletrude
1387 4652 1676 4724 loquitur:
1704 4649 2046 4704 «Donamus
2068 4646 2138 4701 de
2167 4646 2340 4700 rebus

714 4746 1076 4821 preprietatis
1108 4750 1317 4801 nostrae
1349 4743 1462 4799 Deo
1487 4744 1542 4796 et
1572 4741 1775 4795 sancto
1808 4733 2096 4802 Marcello,
2130 4738 2183 4788 et
2215 4750 2337 4789 mo-

716 4835 907 4891 nachis
936 4834 1160 4890 Oddoni
1188 4837 1243 4889 et
1273 4832 1572 4895 Duranno,
1603 4831 1660 4882 et
1688 4826 1760 4881 ad
1788 4823 1920 4878 illos
1947 4822 2045 4894 qui
2074 4822 2145 4877 ad
2177 4821 2342 4877 illum

716 4919 896 4979 locum
928 4921 1437 4987 venerint,damus
1456 4933 1558 4990 pro
1578 4914 1716 4970 filiis
1747 4911 1965 4968 nostris
1989 4911 2272 4965 Ademaro
2289 4914 2346 4966 et

718 5009 1014 5067 Lamberto
1044 5014 1104 5066 et
1147 5006 1485 5083 parentibus
1532 5002 1769 5068 nostris,
1803 5003 1868 5055 ut
1896 4998 2135 5055 ecclesia
2161 4998 2345 5053 sancti

717 5097 958 5154 Marcelli
993 5098 1074 5154 ibi
1107 5095 1505 5161 reaedificetur,
1544 5088 2082 5159 monasteriumque
2110 5086 2189 5140 ibi
2222 5087 2344 5153 fiat,

718 5186 966 5259 nullique
980 5187 1106 5243 loco
1121 5188 1245 5260 ipse
1260 5185 1423 5240 locus
1438 5180 1548 5238 nisi
1564 5182 1766 5236 sancto
1781 5177 1944 5233 Petro
1958 5174 2138 5264 princi
2145 5175 2201 5247 pi
2217 5192 2349 5247 apo-

716 5274 987 5331 stolorum
1005 5275 1084 5331 sit
1105 5274 1428 5346 subjectus.
1442 5269 1723 5325 Abbatem
1738 5266 1859 5337 (sic)
1874 5263 2105 5336 quoque
2118 5263 2175 5317 in
2193 5263 2345 5319 dicto

716 5360 831 5418 loco
852 5364 1040 5420 sancti
1063 5361 1318 5419 Marcelli
1342 5360 1412 5415 de
1436 5355 1693 5426 Fellinis,
1717 5370 1829 5409 non
1853 5352 2139 5407 habeatur
2160 5368 2347 5423 neque

714 5448 970 5522 eligatur,
990 5450 1102 5506 nisi
1125 5450 1232 5523 qui
1261 5446 1522 5521 regulam
1553 5441 1739 5500 sancti
1760 5438 2054 5496 Benedicti
2086 5442 2277 5494 teneat
2292 5443 2348 5494 et

712 5541 1015 5606 custodiat,
1032 5545 1091 5595 et
1114 5540 1184 5595 ad
1216 5538 1326 5594 hoc
1358 5536 1563 5591 fratres
1586 5531 1695 5586 sibi
1724 5527 1989 5586 subditos
2011 5526 2346 5583 charitative

710 5628 1052 5700 compellat»
1071 5627 1156 5683 Ob
1178 5626 1436 5682 lacerum
1461 5621 1665 5677 folium
1690 5619 1825 5673 data
1848 5632 1962 5669 non
1987 5613 2261 5684 habetur;
2286 5615 2345 5671 in

685 5716 830 5790 .ejus
862 5722 1056 5774 tamen
1089 5713 1256 5773 titulo
1288 5713 1438 5771 facta
1468 5709 1646 5768 fuisse
1676 5704 1889 5763 dicitur
1920 5703 2029 5761 sub
2052 5717 2184 5779 rege
2204 5703 2346 5760 Con-

2444 3425 2568 3479 qum
2601 3405 3079 3460 Cluniaeensibus
3110 3408 3434 3473 confirmat,
3467 3412 3732 3479 occurrit,
3766 3414 3825 3468 in
3865 3417 4072 3486 episco-

2439 3504 2570 3568 patu
2602 3495 2853 3550 Tolosano
2902 3497 3290 3550 monasterium
3336 3508 3535 3555 sancta?
3572 3502 3871 3559 Columbae.
3904 3490 4073 3559 Eam-

2444 3586 2574 3639 dem
2607 3582 2929 3647 ecclesiam,
2964 3583 3159 3638 nescio
3190 3600 3303 3656 quo
3334 3590 3502 3658 pacto
3532 3605 3565 3642 a
3595 3587 4078 3647 Cluniacensibus

2445 3673 2754 3727 alienatum
2791 3670 2936 3743 ipsis
2968 3672 3221 3727 restituit
3240 3674 3497 3732 Amelius
3519 3676 3827 3751 episc0pus
3849 3680 4080 3736 Tolosa-

2448 3778 2581 3827 nus,
2615 3760 2814 3815 Pontio
2872 3764 3013 3814 tunc
3065 3759 3434 3818 Cluniacensi
3493 3765 3723 3832 abbate,
3753 3772 3819 3822 ut
3857 3783 3926 3822 ex
3954 3770 4081 3841 ejus

2446 3848 2645 3904 charta
2687 3851 2863 3920 patet,
2896 3848 3032 3902 data
3081 3865 3232 3904 anno
3279 3852 3437 3919 1110,
3471 3859 3748 3926 regnante
3797 3857 4081 3913 Ludovico

2447 3954 2597 4010 rege,
2635 3954 2759 4009 quae
2805 3936 3031 4008 integra
3081 3937 3331 3993 habetur
3359 3939 3418 3995 in
3464 3941 3820 3998 Bibliotheca
3850 3943 4081 4000 Clunia-

2447 4024 2625 4089 censi,
2651 4023 2758 4079 col.
2787 4026 2911 4078 578.
2942 4024 3252 4081 Anselmus
3298 4027 3612 4082 canonieus
3659 4028 3914 4086 ecclesia:
3941 4032 4081 4087 Leo-

2447 4115 2687 4177 diensis,
2710 4113 2766 4167 in
2786 4112 2932 4168 libro
2955 4113 3034 4168 De
3060 4115 3242 4187 gestis
3270 4115 3533 4184 ejusdem
3565 4116 3817 4172 ecclesia:
3848 4120 4080 4191 pontifi-

2422 4221 2600 4274 cum,
2635 4202 2822 4274 capite
2851 4201 2937 4269 53,
2973 4202 3174 4257 scribit
3203 4203 3440 4258 beatum
3487 4205 3788 4260 Odilonem
3838 4207 4080 4281 ejusque

2449 4306 2812 4349 successores
2862 4290 3047 4361 plures
3101 4292 3350 4346 ecclesias
3398 4293 3457 4347 in
3499 4294 3761 4364 parochia
3804 4296 4083 4351 Leodiensi

2449 4378 2821 4452 acquisivisse
2849 4396 2862 4445 ;
2898 4379 2957 4433 in
2985 4379 3203 4450 quibus,
3233 4378 3440 4451 inquit,
3474 4381 3720 4450 religiosi
3745 4385 4000 4440 monachi
4013 4386 4081 4440 ab

2448 4472 2562 4542 ipso
2592 4468 2691 4523 sub
2728 4469 2950 4522 nomine
2993 4469 3267 4539 prioratus
3305 4477 3433 4523 sunt
3485 4471 3701 4537 statuti,
3734 4473 3830 4543 qui
3853 4480 4002 4528 nocte
4030 4481 4082 4528 et

2447 4560 2533 4614 die
2559 4574 2656 4630 pro
2684 4566 2828 4613 statu
2857 4557 3096 4613 ecclesia:
3122 4573 3282 4635 aures
3311 4556 3519 4614 divinae
3548 4559 3944 4618 misericordiae
3971 4576 4079 4617 non

2369 4667 2417 4733 Β
2448 4655 2655 4704 cessant
2682 4646 3008 4719 permilsare.

2516 4737 2605 4791 93.
2642 4736 2770 4791 Haec
2795 4736 3027 4790 fuerunt
3049 4734 3335 4807 praecipua
3357 4737 3705 4793 monasteria
3733 4754 4082 4810 quamquam

2452 4831 2575 4897 tum
2601 4825 2821 4880 discere
2842 4824 3138 4897 potuimus
3161 4841 3230 4879 ex
3243 4824 3501 4896 antiquis
3532 4826 4084 4892 monumentis,0di-

2453 4890 2604 4969 lonis
2651 4917 2932 4985 tempore,
2972 4913 3250 4967 abbatum
3298 4912 3768 4969 Cluniacensium
3814 4914 4083 4988 regimini

2453 5002 2767 5058 commissa
2790 5003 3041 5069 luerunt,
3059 5006 3263 5074 prmter
3286 5001 3399 5057 alia
3420 5004 3561 5058 bene
3582 5002 3785 5071 multa,
3802 5021 3949 5076 quas,
3957 5004 4083 5075 jam

2453 5096 2624 5147 antea
2652 5091 2761 5147 sub
2808 5090 2936 5161 ejus
2985 5092 3435 5162 praecessoribus
3480 5091 3752 5148 Cluniaco
3800 5093 4085 5164 subjecta,

2454 5178 2802 5234 restauravit
2831 5182 2934 5233 aut
2964 5178 3132 5250 plane
3177 5180 3486 5247 renovavit,
3516 5186 3582 5236 ut
3612 5184 3861 5237 testatur
3900 5180 4089 5253 ipsius

2451 5268 2594 5322 Vitae
2627 5270 2845 5322 auctor.
2877 5267 2985 5322 Sed
3034 5273 3240 5339 praeter
3285 5268 3427 5346 hac,
3462 5269 3623 5325 varia
3652 5269 3790 5325 item
3821 5269 3935 5325 alia
3964 5286 4086 5323 mo-

2452 5354 3209 5427 nasteria,quzetemporum
3233 5356 4082 5428 injuriaautincuriaabbatum

2455 5460 2488 5499 a
2508 5440 2830 5514 disciplinas
2861 5442 3143 5514 regularis
3174 5445 3392 5500 fervore
3420 5446 3766 5513 defecerant,
3789 5446 3861 5501 ad
3888 5443 4085 5499 melio-

2454 5548 2575 5585 rem
2598 5531 2821 5603 frugem
2846 5529 3129 5585 revocavit
3147 5531 3332 5598 Odilo,
3358 5550 3484 5604 quas
3514 5538 3708 5589 tamen
3741 5531 4084 5587 Cluniacen-

2453 5619 2616 5674 sibus
2646 5619 2907 5688 subjecta
2940 5634 3051 5675 non
3084 5618 3260 5673 fuere.
3294 5620 3375 5674 Ex
3422 5620 3516 5676 his
3565 5620 3831 5675 exstitere
3862 5615 4082 5672 celebre

2452 5706 2637 5766 sancti
2679 5707 2936 5786 Dionysii
2983 5707 3425 5779 monasterium,
3457 5708 3687 5785 aliaque
3713 5705 3858 5761 bene
3898 5698 4081 5758 multa
