4954 6400
678 410 790 470 869

2190 419 2568 485 ELOGIUM.

3951 433 4077 494 870

684 543 836 608 1435,
868 540 1163 612 Eugenius
1195 547 1440 614 quartus
1470 543 1881 601 Carrioncnses
1912 548 2151 622 priores,
2186 551 2317 607 Clu-
2347 553 2402 619 Α
2436 554 2573 625 priis
2588 556 2922 611 nominibus
2938 557 3222 629 designat,
3249 560 3734 616 ohinoimdienler
3752 564 4076 635 neglectam

681 631 1050 686 niacensibus
1081 631 1434 699 subtractos,
1468 633 1700 689 abbatis
1734 635 1900 690 titulo
1933 637 2183 694 donavit.

678 737 764 793 Vl.
800 737 1153 793 Summorum
1180 740 1518 810 pontiﬁcum,
1554 757 1633 795 rer

884 811 1069 866 cibum
1096 825 1228 866 erga
1266 818 1516 865 sanctum
1555 759 1643 866 0d,:

1648 758 1759 817 um,
1795 742 2138 817 aliorumque
2161 748 2322 817 prin-

884 811 1069 881 cipum
1096 825 1228 878 erga
1266 818 1516 865 sanctum

1635 813 1836 868 ilonem
1865 813 2109 886 affectus.

740 898 830 953 95.
864 898 1052 953 Tanta
1101 901 1226 953 erat
1253 898 1724 956 Cluniacensium
1759 903 2179 960 monachorum
2212 906 2322 960 sub

678 986 826 1043 beati
857 985 1120 1043 Odilonis
1151 986 1433 1059 regimine
1465 989 1792 1045 sanctitatis
1824 991 1999 1058 fama,
2026 998 2093 1048 ut
2123 993 2323 1049 ﬁdeles

677 1075 893 1148 quique
908 1092 975 1130 ac
991 1075 1071 1147 pii
1093 1075 1201 1130 viri
1215 1092 1315 1131 eos
1335 1076 1633 1134 beneﬁciis
1651 1082 1752 1133 aut
1771 1080 2187 1137 donationibus
2209 1081 2323 1138 sibi

677 1163 967 1220 devincire
996 1168 1276 1236 cuperent
1299 1165 1408 1219 rati
1436 1165 1582 1221 nihil
1606 1166 1717 1222 sibi
1740 1168 2099 1237 defuturum,
2125 1171 2172 1227 si
2201 1175 2325 1226 tan-

676 1258 868 1309 torum
899 1253 1156 1309 virorum
1190 1253 1459 1325 precibus
1495 1259 1552 1309 et
1582 1257 1905 1327 patrocinio
1949 1259 2102 1330 apud
2137 1260 2321 1314 Deum

678 1342 1111 1413 adjuvarentur.
1135 1341 1279 1396 Hinc
1300 1345 1385 1397 tot
1404 1342 1744 1414 pontiﬁcum
1776 1344 1990 1411 bullas,
2009 1349 2094 1401 tot
2118 1363 2321 1419 regum

674 1435 727 1487 et
754 1429 1176 1502 imperatorum
1209 1429 1529 1502 diplomata
1559 1431 1618 1487 in
1650 1448 1850 1488 eorum
1891 1435 2139 1506 gratiam
2187 1436 2325 1489 data

676 1518 946 1591 legimus,
973 1518 1142 1590 queis
1163 1523 1266 1573 aut
1282 1523 1474 1574 vetera
1494 1519 1794 1593 privilegia
1814 1524 2320 1592 conﬁrmarentur,

540 1607 547 1641 τ
573 1660 579 1665 .
675 1612 771 1662 aut
799 1623 956 1662 nova
979 1607 1463 1676 concederentur;
1491 1612 1577 1663 tot
1600 1608 1929 1682 principum
1957 1612 2324 1685 aliorumque

676 1696 957 1760 virorum,
990 1694 1275 1749 nobilium
1317 1694 1494 1750 simul
1541 1681 1616 1751 et
1644 1681 2015 1767 ignobilium,
2067 1681 2339 1768 chartas;

671 1784 890 1855 quibus
922 1788 1024 1839 aut
1054 1800 1201 1838 nova
1248 1783 1707 1841 instituebantur
1736 1788 2000 1843 coenobio
2030 1806 2064 1843 a
2093 1787 2323 1843 Clunia-

672 1872 822 1927 censi
834 1871 950 1927 bus
980 1870 1286 1926 monachis
1314 1871 1714 1937 inhabitanda,
1750 1880 1849 1930 aut
1879 1880 2030 1931 certe
2050 1878 2176 1947 jam
2207 1894 2324 1932 ere-

670 1965 757 2016 cta
791 1958 1032 2032 praediis
1049 1960 1341 2031 variisque
1366 1960 1835 2031 possessionibus
1857 1964 2241 2035 augebantur,
2258 1970 2322 2020 ut

671 2050 726 2103 in
758 2049 848 2104 eis
877 2046 1087 2103 saltem
1120 2055 1474 2104 accresseret
1502 2049 1618 2105 Deo
1649 2052 1758 2106 sub
1786 2055 1902 2106 tam
1928 2058 2132 2108 sancta
2153 2054 2323 2108 disci-

670 2136 825 2209 plina
846 2135 1231 2191 servientium
1256 2154 1557 2192 numerns.
1575 2137 1804 2194 Certare
1818 2139 2162 2196 videbantur
2179 2158 2320 2212 pon-

666 2227 857 2280 tifices
877 2228 940 2280 et
969 2240 1159 2297 reges,
1195 2225 1311 2279 utri
1341 2242 1543 2280 eorum
1576 2242 1713 2299 erga
1755 2226 2162 2286 Cluniacenses
2195 2245 2322 2283 ma-

663 2313 1106 2387 gniﬁcentiores
1128 2318 1345 2369 essent.
1373 2314 1683 2370 Pontiﬁces
1706 2314 2196 2372 intercedentibus
2227 2335 2325 2371 sa}-

657 2403 772 2458 culi
802 2400 1176 2475 principibus
1207 2401 1511 2474 privilegia
1534 2402 2046 2475 impertiebantur;
2071 2405 2165 2460 isti
2190 2422 2322 2460 vero

664 2489 1181 2546 commendatione
1229 2490 1593 2562 pontiﬁcum,
1625 2509 1735 2548 sua
1781 2493 2120 2548 auctoritate
2172 2494 2326 2550 bona

662 2579 1030 2635 monasterio
1048 2580 1173 2649 jam
1205 2585 1374 2651 parta
1398 2581 1734 2646 tuebantur,
1759 2582 2039 2653 novisque
2062 2582 2324 2638 donatio-

666 2668 843 2723 nibus
875 2672 1079 2722 vetera
1107 2667 1567 2739 ampliﬁcabant.

732 2758 827 2811 9t.
858 2755 1075 2811 Videre
1106 2760 1195 2811 est
1226 2756 1283 2810 in
1334 2755 1496 2812 bulla
1525 2756 1783 2829 Gregorii
1816 2757 2024 2829 quinti,
2057 2775 2231 2830 quam
2265 2775 2328 2816 se

666 2847 1011 2900 interventu
1035 2844 1264 2899 Ottonis
1293 2844 1662 2916 imperatoris
1685 2847 2044 2902 concessisse
2059 2852 2327 2913 testatur,

540 2950 541 2975 ι
646 2951 851 3006 quam
907 2937 1180 2988 accurate
1210 2937 1268 2987 et
1304 2933 1638 2990 minutatim
1683 2936 1901 3013 omnia
1929 2935 2330 2991 Cluniacensis

669 3021 1029 3078 monasterii
1086 3021 1241 3076 bona
1290 3024 1662 3090 recensuerit,
1695 3040 1768 3078 ne
1812 3040 1930 3095 qua
1965 3028 2161 3079 essent
2203 3041 2329 3095 quae

665 3111 866 3184 ipsius
897 3111 1346 3166 conﬁrmatione
1374 3116 1657 3167 carerent.
1688 3112 1853 3167 Edita
1870 3116 1960 3167 est
1990 3112 2048 3167 in
2077 3112 2329 3167 Bullario

663 3198 1071 3265 Cluniacensi,
1094 3215 1227 3272 pag.
1252 3199 1340 3267 lO,
1364 3215 1543 3270 quam
1567 3199 1695 3254 ideo
1720 3200 1836 3256 huc
1867 3200 2119 3273 proferre
2141 3200 2328 3255 visum

2434 643 2715 698 bonorum
2742 644 3140 701 Cluniacensis
3170 649 3504 703 monasterii
3529 651 3945 707 restitutionem
3979 672 4074 708 ex-

2431 733 2982 789 communicationis
3038 735 3269 790 vinculo
3327 736 3609 792 innodare
3651 756 3764 793 non
3823 740 4073 796 differat.

2432 817 2686 875 Joannes
2715 821 2855 891 XIX,
2879 826 2943 876 ut
2971 823 3201 894 praefert
3226 823 3437 880 titulus
3468 825 3525 880 in
3561 825 3813 883 Bullario
3843 827 4079 884 Clunia-

2431 908 2608 976 censi,
2634 924 2766 981 pag.
2786 910 2840 977 8,
2871 909 3198 966 interventu
3219 912 3404 967 sancti
3428 913 3659 969 Henrici
3685 914 4077 986 imperatoris,

2371 993 2376 996 ’
2423 995 2564 1065 jura
2592 997 2791 1053 omnia
2809 1000 2928 1052 tam
2961 998 3291 1070 spiritualia
3308 1017 3485 1072 quam
3503 1002 3851 1075 temporalia
3873 1020 4077 1060 mona-

2433 1082 2594 1136 sterii
2623 1083 3022 1140 Cluniacensis
3052 1087 3304 1143 asseruit
3332 1088 3391 1143 in
3423 1088 3672 1161 epistola
3702 1107 3877 1163 quam
3909 1108 3977 1148 ea
4006 1092 4079 1148 de

2432 1186 2492 1225 re
2525 1172 2761 1243 scripsit
2785 1172 3036 1229 Odiloni.
3071 1174 3371 1231 Laudatur
3398 1177 3615 1233 ibidem
3650 1178 3765 1235 alia
3814 1181 4080 1251 ejusdem

2431 1259 2725 1330 pontiﬁcis
2757 1261 3024 1332 epistola,
3057 1279 3175 1334 qua
3205 1264 3533 1320 interventu
3557 1268 3802 1323 Conradi
3825 1268 4082 1340 impera-

2430 1347 2574 1423 toris
2605 1349 2804 1403 omnia
2846 1351 3181 1406 monasterii
3230 1351 3629 1409 Cluniacensis
3672 1355 3825 1410 bona
3855 1360 3913 1411 et
3940 1358 4081 1427 jura

2432 1435 2760 1492 conﬁrmat.
2794 1436 2949 1492 Idem
2983 1438 3257 1510 pontifex,
3292 1440 3352 1495 in
3385 1441 3629 1513 epistola
3651 1443 3723 1497 ad
3757 1442 4077 1500 Robertum

2436 1524 2786 1579 Francorum
2822 1541 3035 1596 regem,
3078 1542 3211 1581 eum
3246 1530 3310 1581 ut
3338 1528 3608 1583 eumdem
3640 1528 3830 1584 locum
3875 1535 4080 1586 contra

2432 1612 2726 1667 invasores
2775 1616 3009 1668 tueatur
3038 1614 3264 1669 invitat.
3298 1615 3542 1687 Scripsit
3580 1620 3633 1670 et
3666 1616 3738 1672 ad
3788 1616 4079 1672 Burchar-

2432 1701 2507 1755 du
2519 1719 2570 1755 [ι]
2596 1701 3049 1773 Lugdunensem
3065 1702 3590 1775 archiepiscopum,
3616 1708 3741 1759 tum
3763 1704 3833 1759 ad
3848 1704 4084 1761 Gausle-

2433 1805 2574 1843 num
2598 1789 3104 1856 Matisconensem,
3128 1807 3231 1861 pro
3253 1793 3567 1846 asserenda
3589 1793 3854 1862 ejusdem
3877 1809 4079 1848 mona-

2434 1877 2594 1931 sterii
2626 1876 3000 1933 immunitate
3031 1880 3101 1933 ab
3125 1878 3709 1950 omnijurisdictione
3739 1879 4074 1953 episcopali.

2432 1966 2493 2020 In
2525 1962 2772 2036 epistola
2793 1969 2989 2020 autem
3022 1967 3090 2022 ad
3117 1966 3413 2022 universes
3444 1967 3644 2023 ﬁdeles
3666 1968 3884 2024 directa
3903 1973 4082 2025 testa-

2430 2059 2526 2108 tur
2556 2069 2641 2119 se,
2673 2060 3110 2109 antecessorum
3135 2071 3378 2109 suorum
3399 2054 4079 2127 vestigiisinhazrentem,

2428 2157 2561 2195 cum
2594 2156 2881 2195 consensu
2915 2140 3240 2196 multorum
3273 2141 3683 2214 episcoporum
3717 2147 3857 2199 tunc
3888 2144 4081 2200 Romae

2428 2228 2488 2283 in
2520 2229 2738 2299 synodo
2769 2228 2827 2282 in
2861 2229 3170 2300 praesentia
3199 2229 3402 2284 domni
3435 2230 3680 2285 Conradi
3712 2230 4082 2304 imperatoris

2428 2333 2615 2387 nuper
2642 2317 2896 2371 coronati
2928 2323 3437 2389 congregatarum,
3488 2318 3687 2373 omnia
3734 2319 4081 2375 Cluniacen-

2431 2404 2583 2459 sium
2616 2404 2917 2477 privilegia
2943 2410 3000 2460 et
3031 2405 3437 2461 immunitates
3480 2407 3882 2464 conﬁrmasse.
3937 2412 4083 2463 Data

2431 2498 2520 2548 est
2549 2492 2752 2564 quinto
2799 2493 3088 2549 Kalendas
3130 2493 3366 2566 Aprilis,
3408 2511 3561 2550 anno
3622 2495 3867 2551 Joannis
3916 2512 4079 2568 papae

2432 2581 2622 2649 tertio,
2654 2580 2969 2636 indictione
2990 2599 3055 2649 x;
3080 2597 3205 2653 quae
3229 2582 3464 2654 quidem
3490 2581 3905 2655 chronologice:
3930 2589 4077 2640 note:

2433 2687 2585 2726 anno
2620 2671 2754 2725 1027
2785 2670 3003 2742 Optime
3034 2675 3382 2744 congruunt.
3426 2671 3685 2743 Denique
3733 2670 4000 2729 Clemens
4032 2672 4080 2728 Il

2436 2758 2506 2812 ad
2540 2758 2862 2830 episcopos,
2891 2758 3183 2831 principes
3204 2763 3259 2813 et
3282 2764 3586 2830 magnetes
3605 2758 3802 2814 Gallize
3826 2760 4079 2832 scripsit,

2437 2849 2502 2901 ut
2539 2845 2622 2901 eis
2676 2846 2893 2917 pariter
2939 2845 3336 2902 Cluniacensis
3383 2847 3719 2902 monasterii
3775 2848 4081 2903 tuitionem

2436 2936 2890 2991 commendaret.

2504 3024 2592 3079 97.
2627 3024 2749 3086 Quo
2781 3026 2975 3078 autem
3009 3022 3135 3079 loco
3166 3024 3317 3095 apud
3353 3023 3550 3079 saeculi
3593 3024 3887 3097 principes
3915 3024 4079 3080 habi-

2436 3116 2531 3166 tus
2563 3110 2736 3165 fuerit
2781 3109 2967 3178 Odilo,
3011 3112 3263 3183 probant
3312 3110 3643 3184 complures
3698 3112 4079 3169 donationum

2437 3200 2648 3254 chartas
2681 3215 2828 3270 quas
2860 3215 3040 3270 supra
3071 3198 3460 3265 laudavimus,
3496 3204 3553 3254 et
3574 3199 3732 3254 varia
3761 3199 4083 3271 diplomata

662 3305 783 3342 non
799 3285 2325 3359 est.Observationedignasuntquaaibidem,pag.it,
2358 3274 2402 3343 C
2440 3288 2499 3343 in
2529 3288 2657 3358 ejus
2699 3287 2961 3359 gratiam
2994 3287 3147 3343 data.
3188 3288 3346 3343 Idem
3396 3291 3687 3343 testantur
3734 3287 4077 3361 pontiﬁcum

659 3374 1654 3447 SilvesterlI,Gregoriisuccessor,
1682 3377 1751 3431 ad
1767 3377 2001 3433 beatum
2025 3375 2327 3432 Odilcnem
2435 3374 2624 3443 bullae,
2658 3374 2715 3429 in
2746 3375 2961 3447 quibus
2994 3374 3240 3430 Romani
3272 3375 3574 3447 pontiﬁces
3605 3375 4077 3432 Cluniacensium

656 3463 919 3520 scribit:
951 3463 1304 3518 Silvester....
1352 3462 1572 3518 Odiloni
1616 3463 1810 3520 dilecto
1859 3465 1995 3534 ﬁlio,
2045 3469 2097 3520 et
2142 3465 2331 3520 abbati
2435 3480 2636 3519 curam
2668 3479 2730 3518 se
2762 3463 3092 3535 suscepisse
3122 3467 3431 3531 testantur,
3473 3465 3544 3519 ad
3594 3464 3651 3519 id
3705 3463 4077 3537 potissimum

540 3566 547 3599 ί
651 3554 963 3625 praeclaro,
985 3555 1148 3623 atque
1168 3553 1446 3608 universae
1463 3555 1876 3622 congregationi
1900 3555 2013 3609 sibi
2036 3556 2329 3609 commissae
2434 3552 2852 3624 imperatorum
2879 3556 2978 3607 aut
3012 3569 3216 3623 regum
3244 3552 3571 3607 interventu
3608 3553 3875 3625 permoti.
3908 3552 4075 3608 Certe

652 3643 898 3697 charum
927 3640 1169 3696 salutem
1202 3648 1253 3696 et
1269 3641 1620 3711 apostolicam
1650 3641 2092 3697 benedictionem.
2134 3643 2327 3698 Vestris
2436 3642 2568 3696 Otto
2586 3641 2813 3708 tertius,
2837 3657 2952 3712 quo
2976 3640 3297 3712 imperante
3318 3639 3482 3696 Odilo
3505 3641 3562 3696 in
3587 3640 4045 3707 monasteriiClu

650 3747 753 3785 nos
783 3730 1166 3785 sanctissimis
1195 3730 1347 3787 omni
1375 3737 1613 3799 tempore
1643 3732 2027 3786 com-mittimus
2064 3732 2327 3786 orationi-
2437 3729 2725 3785 niacensis
2762 3729 3020 3802 regimen
3052 3734 3396 3802 assumptus
3426 3734 3537 3795 est,
3571 3728 3934 3785 conﬁrmavit
3963 3728 4078 3802 ipsi

540 3834 544 3867 τ
650 3820 776 3884 bus,
813 3828 871 3874 et
905 3827 972 3874 ut
1002 3820 1246 3889 accipere
1274 3818 1581 3888 dignemini
1604 3819 1856 3889 ﬁdelibus
1875 3817 2164 3875 exoramus
2187 3821 2327 3891 peti-
2436 3817 2853 3874 monasterium
2887 3817 3071 3873 sancti
3104 3815 3291 3873 Maioli
3318 3818 3472 3890 apud
3506 3818 3764 3889 Papiam,
3800 3822 3864 3873 ut
3890 3834 3960 3873 ex
3988 3818 4077 3871 di-

540 3924 543 3957 ε
648 3908 909 3964 tionibus
932 3925 954 3963 :
998 3908 1133 3978 quia
1187 3908 1245 3961 in
1286 3922 1604 3977 quocunque
1647 3911 1831 3962 noster
1858 3909 2094 3963 valuerit
2133 3916 2323 3976 status,
2434 3904 2690 3976 plomate
2721 3921 2787 3960 ea
2809 3904 2879 3959 de
2901 3921 2961 3959 re
2983 3904 3243 3960 confecto
3265 3905 3602 3976 patet,quod
3635 3920 3702 3959 ex
3724 3903 4078 3960 Bibliotheca

540 4014 543 4029 ν
645 3998 813 4053 nullo
845 3995 1018 4052 modo
1071 4003 1243 4051 vester
1296 3994 1563 4065 defectum
1619 3997 1813 4052 sentiet
1867 3998 2154 4068 profectus,
2214 4003 2322 4050 etc.
2434 3993 2796 4048 Cluniacensi
2810 3993 2935 4064 jam
2957 4009 3135 4064 supra
3155 3991 3542 4047 laudavimus.
3568 3992 3686 4046 Prae
3710 3991 4079 4061 caeterisvero

540 4114 543 4121 ν
643 4086 977 4140 Habemus
994 4083 1143 4137 duas
1162 4082 1456 4138 Benedicti
1476 4082 2176 4154 Vlllepistolasadversus
2190 4084 2325 4139 Clu-
2434 4080 2732 4137 Odilcnem
2766 4080 2945 4135 coluit
2973 4079 3250 4135 Adhelais
3275 4082 3557 4151 Angusta,
3587 4079 3813 4135 Ottonis
3838 4079 3858 4134 Ι
3893 4079 4075 4152 impe-

540 4192 541 4201 η
642 4172 971 4229 niacensis
1003 4171 1343 4226 monasterii
1377 4171 1662 4226 bonorum
1693 4171 2010 4228 invasores.
2046 4173 2105 4228 In
2146 4172 2322 4244 priori
2434 4170 2642 4226 ratoris
2680 4186 2842 4236 uxor,
2874 4169 3044 4240 cujus
3067 4167 3258 4223 Vitam
3284 4168 3408 4239 ipse
3438 4168 3526 4223 vir
3549 4171 3786 4223 sanctus
3817 4167 4078 4222 conscri-

637 4261 913 4334 epistola
964 4259 1312 4315 adhortatur
1338 4259 1683 4331 Aquitaniae,
1718 4261 2066 4332 Burgundia:
2091 4277 2158 4316 ac
2190 4262 2320 4316 Pro-
2432 4259 2566 4331 psit.
2602 4257 2846 4313 Unicum
2880 4256 3072 4311 locum
3099 4257 3353 4328 proferre
3379 4255 3654 4324 sufficiet,
3678 4258 3747 4310 ei:
3776 4272 3891 4327 quo
3914 4259 4075 4327 pate-

634 4351 855 4407 vinciae
880 4348 1219 4421 episcopos,
1244 4347 1459 4420 quibus
1490 4348 1616 4420 ipsa
1646 4348 1928 4422 inscripta
1957 4353 2063 4417 est,
2099 4354 2162 4404 ut
2182 4349 2321 4403 viri-
2432 4346 2517 4401 bit
2547 4350 2764 4418 quanta
2792 4349 2849 4400 et
2878 4360 3054 4417 quam
3090 4345 3319 4400 sincera
3362 4344 3537 4399 fuerit
3566 4344 3745 4398 beatas
3777 4343 3958 4414 hujus
3988 4344 4075 4398 fe-

632 4440 776 4495 liter
811 4440 1014 4510 agant
1041 4436 1101 4492 in
1132 4436 1349 4492 tuendo
1370 4432 1735 4492 Cluniacensi
1768 4436 2139 4505 monasterio,
2164 4438 2318 4508 quod
2431 4435 2600 4490 minae
2632 4451 2767 4506 erga
2794 4438 3057 4488 sanctum
3091 4433 3362 4488 abbatem
3391 4432 3701 4487 veneratio.
3733 4431 3822 4486 Sic
3853 4432 4072 4504 quippe

632 4545 667 4583 a
701 4525 1033 4582 Willelmo
1066 4523 1432 4579 nobilissimo
1455 4524 1878 4596 Aquitanorum
1900 4524 2160 4597 principe
2182 4541 2319 4580 con-
2429 4540 2499 4580 ea
2511 4524 2581 4579 de
2596 4540 2655 4578 re
2680 4521 3077 4594 loquituripse
3090 4519 3357 4588 Odilo,de
3378 4536 3460 4587 se,
3477 4519 3798 4575 tacitolicet
3814 4520 4073 4585 nomine,

628 4621 989 4681 structum,
1013 4616 1071 4668 et
1100 4612 1172 4668 ab
1204 4629 1291 4680 eo,
1322 4611 1617 4684 simulque
1638 4612 2014 4669 laudantibus
2041 4620 2098 4669 et
2117 4630 2321 4686 appro-
2350 4636 2398 4702 Β
2430 4614 2513 4668 sic
2539 4613 2784 4702 loquens
2811 4627 2823 4667 :
2861 4615 2991 4668 Erat
3033 4609 3251 4681 quidem
3302 4610 3382 4664 ibi
3411 4610 3467 4702 in
3520 4610 3819 4702 praesentia
3876 4608 4071 4680 ipsius,

627 4704 945 4761 bantibus
984 4701 1383 4757 Romanorum
1406 4700 1778 4772 imperatore,
1802 4718 1867 4757 ac
1887 4702 2240 4758 Francorum
2265 4707 2324 4758 et
2350 4695 2391 4702 ”
2430 4701 2604 4774 paulo
2636 4701 2854 4757 scilicet
2879 4702 3049 4755 antea
3078 4714 3255 4770 quam
3286 4700 3440 4753 esset
3467 4712 3498 4752 e
3529 4697 3645 4752 vita
3676 4695 3924 4764 exitura,
3955 4711 4074 4751 mo-

624 4791 1162 4867 Burgundionum
1183 4789 1567 4861 regibus,sub
1584 4789 1823 4861 speciali
1841 4790 2112 4846 Romanae
2134 4791 2321 4847 Eccle-
2423 4791 2652 4857 nachus,
2684 4792 2800 4861 qui,
2833 4789 2957 4844 licet
2983 4796 3117 4844 esset
3146 4787 3407 4856 indignus
3434 4786 3602 4842 abbas
3632 4786 3882 4852 vocitari,
3905 4785 3974 4840 ab
4003 4799 4071 4838 ea

623 4883 730 4938 size
764 4879 983 4936 tutela
1018 4877 1272 4949 positum
1299 4878 1506 4933 fuerat.
1535 4878 1615 4932 Ex
1646 4878 1849 4934 eadem
1879 4879 2123 4950 epistola
2151 4878 2316 4935 eolli-
2431 4884 2614 4935 tamen
2654 4878 2952 4950 putabatur
3001 4876 3236 4948 alicujus
3263 4891 3374 4931 esse
3403 4876 3706 4931 momenti:
3750 4889 3910 4945 quem
3951 4888 4074 4929 eum

620 4973 843 5045 gimus
880 4966 1222 5023 Robertum
1254 4966 1611 5022 Francorum
1645 4981 1837 5038 regem
1867 4968 2157 5039 ejusmodi
2191 4985 2321 5024 mo-
2430 4968 2531 5022 illa
2560 4968 2865 5038 respiceret,
2889 4973 2941 5021 et
2970 4966 3084 5037 ipse
3102 4981 3223 5020 eam
3241 4972 3373 5020 esset
3396 4965 3648 5031 intuitus,
3675 4964 3832 5034 coepit
3849 4970 4076 5034 uterque

616 5060 989 5116 nacborum
1018 5052 1487 5110 Cluniacensium
1501 5054 1832 5110 vexationes
1844 5072 1994 5128 aegre
2004 5057 2073 5111 ad
2083 5056 2320 5111 modum
2428 5058 2560 5126 ﬂere
2586 5056 2829 5110 uberius.
2850 5056 3047 5109 Dicam
3064 5069 3185 5108 eam
3194 5053 3321 5124 plus
3346 5054 3556 5126 fecisse,
3578 5067 3745 5124 quam
3772 5052 3821 5106 si
3839 5050 4075 5107 dicerem

614 5149 874 5215 tulisse,
908 5142 1221 5214 siquidem
1243 5142 1499 5215 pontifex
1518 5146 1767 5199 testatur
1788 5143 2053 5215 querelas
2074 5161 2142 5200 ca
2169 5144 2240 5200 de
2261 5161 2321 5199 re
2427 5160 2549 5199 eam
2576 5144 2776 5198 multos
2805 5143 3054 5214 inﬁrmos
3098 5157 3338 5197 sanasse.
3380 5142 3583 5197 Vestem
3627 5141 3775 5196 enim
3817 5142 3952 5195 satis
3982 5141 4073 5194 in-

609 5239 686 5293 ad
713 5254 786 5292 se
812 5232 1033 5291 fuisse
1053 5229 1277 5286 delatas
1306 5231 1367 5284 in
1391 5231 1692 5302 praesentia
1738 5231 1844 5286 Deo
1890 5232 2066 5288 devoti
2108 5232 2321 5288 domini
2426 5234 2651 5295 cultam,
2684 5248 2793 5303 qua
2841 5238 2958 5286 erat
2988 5229 3235 5297 indutus,
3269 5230 3554 5286 humiliter
3597 5227 3972 5301 apprehendit,
4021 5237 4074 5284 et

606 5326 853 5384 Roberti
886 5318 1058 5389 regis
1084 5321 1439 5386 Francorum,
1467 5320 1892 5391 principumque
1935 5321 2052 5391 ejus
2080 5325 2133 5375 et
2178 5323 2316 5392 opti-
2424 5321 2780 5377 sanctissimis
2827 5318 3020 5386 oculis,
3052 5326 3105 5374 et
3131 5320 3492 5375 serenissima
3531 5332 3651 5374 suae
3694 5317 3862 5389 faciei
3921 5332 4071 5372 oscu-

603 5420 866 5478 matum,
909 5408 1029 5482 qui
1058 5423 1182 5462 cum
1208 5423 1269 5463 eo
1312 5411 1578 5462 venerunt
1604 5407 1673 5462 ad
1704 5408 1903 5463 limina
1929 5409 2312 5480 apostolorum.
2427 5411 2588 5466 tando
2620 5411 2915 5481 impressit,
2946 5409 3102 5479 eique
3124 5408 3412 5479 humiliter
3435 5419 3486 5465 et
3513 5425 3638 5464 cum
3660 5409 3880 5465 silentio
3895 5406 4070 5461 dixit:

596 5493 2003 5568 AlteraBenedictipapaeepistolainscriptaest
2021 5496 2316 5567 Stephano
2427 5522 2455 5547 ‹‹
2488 5499 2742 5555 Memento
2796 5498 2924 5563 mei,
2955 5497 3058 5566 ﬁli,
3106 5498 3168 5551 in
3220 5498 3674 5569 contemplativis,
3719 5504 3771 5551 et
3819 5496 3958 5550 scias
3985 5507 4071 5545 me

598 5583 1011 5650 Arvernensi
1051 5581 1345 5654 episcopo,
1395 5582 1489 5637 cui
1523 5583 1763 5638 mandat
1794 5588 1859 5639 ut
1887 5582 2200 5639 nonnullos
2248 5602 2317 5641 ex
2423 5604 2533 5642 non
2589 5587 2828 5658 amplius
2884 5594 2932 5640 te
2968 5585 3212 5640 visuram
3264 5586 3634 5657 corporalibus
3691 5583 3880 5649 oculis.
3932 5579 4066 5633 Cum

592 5677 943 5746 recensitis
969 5672 1049 5730 in
1066 5669 1353 5746 superiori
1369 5670 2163 5749 epistolainvasoribus,quos
2178 5689 2314 5750 pro-
2420 5678 2573 5737 enim
2600 5674 2856 5732 humanis
2892 5675 3051 5732 rebus
3099 5688 3392 5744 excessero,
3443 5670 3779 5732 orationibus
3821 5669 4060 5746 fratrum
