4954 6414
1399 393 1514 453 871

2325 391 2388 449 S.
2435 389 2794 450 ODILONIS
2840 385 3399 447 CLUNIACENSIS
3443 385 3776 446 ABBATIS
3821 385 3894 446 V.

4699 382 4830 444 872

1401 526 1647 580 animum
1679 539 1857 578 nu’am
1886 523 2184 578 cmmnitto.
2209 545 2235 570 ››
2270 521 2396 576 tmte
2415 538 2510 592 per
2537 523 2640 574 iter
2667 537 2770 590 quo
2803 521 3041 582 rcncrat,
3077 523 3121 584 Α
3160 534 3447 569 (ηιςςιηνεηιι
3482 518 3636 582 data,
3671 518 3764 571 ubi
3803 518 3884 571 sic
3916 515 4212 588 loquitur:
4245 515 4458 572 Scimus
4493 517 4703 587 itaque,
4749 532 4823 570 ea:

1399 615 1650 686 pervenit
1679 612 1749 667 ad
1779 613 1958 667 locum
1986 612 2102 679 ubi,
2135 611 2420 666 ordinante
2448 612 2572 677 Deo,
2614 608 2919 662 decreverat
2945 606 3053 659 sibi

1401 704 1598 775 parari
1624 701 1958 773 sepulcrum.
2007 700 2199 755 Ottoni
2233 699 2563 772 imperaturi
2597 697 2878 754 successit
2910 712 3049 750 san-

1407 797 1543 849 ctus
1569 791 1874 859 Henricus,
1909 789 2326 846 monachorum
2373 794 2546 854 tutor,
2580 786 2677 859 qui
2710 801 2885 841 suum
2914 800 3054 854 erga

1405 880 1748 937 Cluniacum
1796 881 2068 936 allectum
2114 878 2283 935 donis
2334 876 2660 949 magniticis
2709 875 3050 945 comproba-

1403 969 1505 1025 vit.
1541 969 1696 1026 Inter
1742 985 1810 1024 ea
1861 972 2044 1034 erant,
2081 972 2143 1023 ut
2187 969 2362 1022 refert
2405 967 2730 1021 Ademarus
2781 963 2838 1016 in
2868 962 3050 1017 Chro-

1406 1059 1537 1114 nico
1564 1062 1834 1129 sceptrum
1880 1073 2129 1121 aureum,
2175 1057 2395 1128 sphwra
2442 1071 2631 1116 aurea,
2673 1053 3051 1106 vestimentum

1402 1148 1688 1220 imperiale
1727 1164 1976 1211 aureum,
2024 1163 2222 1202 corona
2254 1161 2449 1208 aurea,
2500 1144 2796 1212 crucifixus
2825 1155 3046 1202 aureus,

1399 1238 1684 1308 pemantiu
1713 1235 1884 1291 simul
1915 1235 2085 1290 libras
2113 1243 2352 1299 emtum,
2383 1241 2434 1288 et
2463 1233 2580 1287 alin
2611 1232 2802 1285 niuttn.
2832 1229 2940 1283 Sed
2967 1233 3046 1294 et,

1401 1326 1482 1382 uti
1507 1324 1878 1397 prosequitur
1907 1323 2182 1380 laudatus
2209 1328 2430 1388 auctor,
2457 1339 2582 1376 cum
2605 1321 2830 1375 Otlitone
2858 1318 3049 1372 abbate

1395 1414 1630 1488 ejmdem
1659 1415 1764 1470 loci
1790 1413 2038 1470 crebrius
2061 1415 2400 1484 colloquium
2429 1411 2714 1482 [nuntiare
2743 1409 3044 1473 exercebat,

1393 1515 1446 1561 et
1473 1507 1534 1560 in
1562 1504 1693 1558 aula
1722 1503 1917 1575 palatii
1948 1504 2039 1557 sui
2066 1519 2188 1556 cum
2209 1501 2544 1573 primoribus
2565 1498 2806 1552 ducebat.
2835 1496 3044 1549 Eadem

1395 1591 1603 1664 repetit
1632 1597 1836 1648 auctor
1866 1589 2137 1646 Chronici
2171 1590 2353 1646 sancti
2382 1588 2654 1644 Maxentii
2686 1603 2788 1641 seu
2813 1584 3042 1641 Malleo-

1397 1681 1616 1739 censis.

1467 1771 1560 1826 98.
1593 1769 1922 1842 Diplomata
1951 1769 2111 1824 varia
2139 1767 2400 1839 Hugonis
2422 1767 2770 1823 Francorum
2795 1762 2964 1834 regis,
2989 1766 3046 1816 et

1401 1860 1632 1918 Boberti
1650 1861 1778 1930 ejus
1803 1857 1905 1914 filii
1927 1863 1983 1914 ct
2004 1858 2378 1923 successoris,
2405 1856 2554 1910 ultro
2581 1854 2826 1927 probant
2848 1871 2962 1924 qua
2986 1851 3042 1904 in

1397 1948 1769 2006 veneratione
1812 1947 1966 2020 apud
1999 1965 2098 2003 eos
2148 1952 2344 2001 essent
2389 1944 2648 2002 0dilonis
2681 1943 2960 1998 sanctitas
2989 1944 3044 1996 et

1399 2053 1633 2092 morum
1665 2036 2014 2092 innocentia.
2053 2035 2200 2090 Eum
2233 2051 2362 2090 cum
2398 2033 2527 2088 aliis
2561 2033 2717 2103 regni
2753 2031 3042 2102 episcopis

1397 2129 1455 2182 et
1483 2125 1820 2198 proceribus
1863 2124 2067 2179 adesse
2117 2123 2298 2179 voluit
2346 2123 2631 2178 ltobertus
2675 2117 3040 2175 translationi

1396 2214 1654 2288 corporis
1680 2213 1866 2270 sancti
1897 2212 2106 2268 Aniani
2131 2213 2284 2285 apud
2311 2210 2674 2277 Aurelianos,
2701 2225 2876 2280 quam
2901 2207 3039 2278 piis-

1393 2305 1581 2360 simus
1616 2303 1881 2375 princeps
1909 2301 2347 2357 celeberrimam
2395 2317 2523 2355 esse
2569 2299 2817 2354 volebat.
2854 2321 2880 2345 ιι
2915 2297 3037 2351 Non

1390 2392 1573 2448 defuit
1601 2393 1798 2458 etiam,
1825 2415 1852 2440 »
1877 2389 2068 2463 inquit
2098 2389 2414 2458 llelgadus,
2451 2413 2477 2436 ‹‹
2507 2386 2814 2460 praesentia
2838 2386 3039 2440 domui

1389 2487 1446 2538 et
1487 2481 1834 2538 venerabilis
1863 2479 2128 2534 Odilonis
2175 2478 2646 2534 Cluniacensium
2696 2476 2946 2539 abbatis,
2983 2479 3041 2528 et

1389 2571 1638 2628 aliorum
1666 2571 1956 2626 bonorum
1987 2568 2242 2624 virorum
2269 2584 2380 2622 non
2415 2566 2642 2620 minimi
2669 2563 2882 2629 meriti,
2903 2579 3037 2617 cum

1391 2660 1608 2732 quibus
1645 2674 1878 2728 semper
1905 2657 2277 2712 desiderabat
2309 2654 2632 2724 colloqui.»
2663 2653 2871 2716 Quanti
2907 2667 3038 2705 vero

1391 2747 1656 2806 0dilonis
1677 2746 2046 2802 sanctitatem
2061 2752 2429 2800 veneraretur
2450 2744 2756 2807 ltobcrtus,
2775 2759 2842 2795 ex
2864 2740 3038 2795 Chro-

1394 2836 1524 2892 nico
1555 2834 1891 2892 Divionensi
1933 2833 2252 2904 intelligere
2287 2849 2622 2905 possumus,
2647 2832 2743 2886 ubi
2787 2829 3037 2899 legimus

1392 2925 1548 2998 quod
1565 2941 1698 2978 cum
1723 2921 2047 2979 Willelmus
2065 2921 2249 2976 sancti
2266 2921 2504 2994 Bsnigni
2523 2921 2702 2974 abbas
2717 2920 3036 2990 accepisset

1391 3014 1705 3069 Robertum
1721 3028 1912 3084 regem
1930 3009 2325 3082 inBurgundia
2338 3007 2534 3064 omnia
2547 3006 3038 3064 devastanteml)i-

1391 3102 1620 3160 vioncm
1633 3101 1900 3156 accedere
1917 3097 2080 3166 velle,
2106 3121 2130 3146 ‹‹
2141 3099 2415 3170 prmfatus
2429 3098 2610 3152 abbas
2623 3094 2878 3150 Willclm
2889 3112 2976 3161 us,
3005 3117 3032 3143 ››

1388 3192 1470 3249 ait
1488 3187 2000 3261 Chronographus,
2025 3212 2050 3236 ‹‹
2070 3187 2385 3243 monachos
2414 3203 2515 3258 per
2544 3186 2656 3241 alia
2678 3183 3034 3240 monasteria

3165 604 3539 660 in.ti.s-.wtutu'ti
3573 608 3963 676 fanu’tinritatc
3993 615 4044 661 et
4089 608 4340 662 societate
4368 621 4477 677 qua
4505 605 4642 659 olim
4667 604 4830 676 patri

3163 702 3332 749 vestro
3375 697 3675 767 probamur
3711 697 3972 767 copulati,
4008 697 4084 750 ita
4115 696 4172 750 in
4220 703 4394 750 vestra
4431 694 4701 766 ﬁdelitate
4727 694 4822 748 de-

3163 785 3288 850 roti,
3322 790 3429 838 etc.
3465 785 3602 853 Ejus
3636 784 3909 856 implorat
3939 801 4109 856 Opem
4151 787 4412 856 tempore
4444 782 4644 852 famis,
4691 799 4820 855 qua

3152 872 3278 942 jam
3311 890 3344 928 ει
3375 873 3607 927 biennio
3642 873 3696 928 iu
3727 873 3930 929 Galliis
3967 872 4310 930 invaluerat.

3236 963 3353 1015 too.
3388 962 3613 1024 Quanta
3644 968 3838 1018 autem
3865 961 4105 1035 polleret
4131 961 4286 1033 apud
4311 960 4612 1034 principes
4638 960 4819 1016 simul

3159 1053 3215 1103 et
3233 1050 3478 1122 populos
3500 1052 3582 1106 eis
3606 1053 3898 1122 subjectos
3922 1052 4268 1106 auctoritate
4289 1049 4521 1124 probari
4541 1054 4735 1122 potest
4752 1066 4820 1106 ex

3161 1139 3381 1193 famoso
3412 1141 3507 1194 illo
3543 1140 3750 1193 ttodere
3785 1139 4038 1211 publico,
4081 1139 4236 1212 quod
4269 1138 4442 1211 vulgo
4479 1139 4819 1195 Treura-Dei

3157 1228 3505 1299 appellatur,
3558 1229 3629 1281 ab
3680 1229 3804 1300 ipso
3853 1229 4094 1283 ()dilone
4123 1227 4485 1301 oratorisque,
4521 1233 4586 1283 ut
4637 1229 4818 1284 refert

3160 1317 3322 1387 llugo
3359 1318 3806 1372 Flavinium-usis
3855 1319 3911 1371 in
3961 1316 4244 1372 Chronico
4274 1317 4346 1372 ad
4387 1334 4613 1372 annum
4650 1317 4816 1382 10H,

3157 1407 3293 1461 viris
3341 1408 3451 1478 piis
3505 1408 3709 1461 divinis
3760 1408 4184 1462 rcrctaliunibus
4243 1409 4574 1462 institutum.
4635 1406 4814 1462 Aliud

3155 1494 3482 1567 exemptum
3536 1496 3898 1550 auctoritatis
3929 1497 4058 1566 ejus
4093 1497 4147 1550 in
4181 1495 4428 1567 populos
4473 1495 4816 1568 suppeditat

3155 1585 3478 1639 Ademarus
3511 1584 3567 1638 in
3591 1585 3895 1651 Chronico,
3925 1585 4020 1639 ubi
4043 1587 4215 1639 refert
4236 1584 4389 1642 cives
4411 1585 4815 1640 Bituricenses

3154 1673 3412 1742 (loslino,
3465 1675 3562 1746 qui
3595 1692 3661 1728 ex
3711 1674 3994 1728 monacho
4038 1675 4221 1728 sancti
4277 1673 4568 1730 Benedicti
4618 1673 4814 1729 factus

3155 1764 3340 1817 fuerat
3373 1781 3404 1816 a
3439 1764 3685 1818 ltobcrto
3732 1781 3861 1835 rcge
3893 1764 4370 1836 archiepiscopus
4401 1762 4809 1831 Bituricensis,

3157 1870 3254 1922 per
3277 1854 3747 1924 quinquennium
3774 1854 4080 1919 restitisse,
4105 1853 4256 1925 quod
4282 1851 4582 1919 Goslinus,
4606 1852 4718 1908 etsi
4741 1869 4810 1908 ex

3151 1942 3330 2014 stirpe
3365 1943 3542 2012 regia,
3577 1960 3644 1996 ex
3688 1947 3879 1997 scorto
3913 1947 4105 1997 tamen
4158 1946 4331 1997 natus
4381 1941 4627 1997 fuisset:
4681 1943 4806 2007 sed,

3149 2041 3416 2100 sequestro
3449 2031 3662 2085 tuinlem
3690 2032 3939 2097 Oilituuc,
3987 2030 4179 2102 inquit
4229 2029 4323 2087 illc
4369 2036 4594 2099 auctor,
4650 2031 4805 2102 regis

3151 2119 3319 2173 volun
3335 2127 3421 2174 tus
3445 2119 3762 2192 praevaluit.
3787 2119 4049 2174 0dilonis
4071 2126 4261 2174 tamen
4283 2119 4695 2176 auctoritatem
4717 2137 4807 2175 ex-

3151 2227 3309 2262 osum
3348 2209 3609 2263 nonnulli
3645 2209 3914 2263 habuere.
3949 2208 4108 2264 Talis
4134 2208 4548 2264 fuitAdalbero
4573 2209 4807 2264 Lauda-

3152 2298 3796 2369 nensiscpiscopus,qui
3815 2298 3868 2352 in
3885 2298 4224 2353 carniincad
4245 2298 4562 2352 Robertum
4581 2313 4798 2369 regem,

3150 2387 3302 2457 quod
3339 2387 3600 2441 Valesius
3632 2389 3832 2454 edidit,
3858 2387 4160 2443 Udilonom
4186 2405 4364 2456 regem
4391 2405 4492 2461 per
4511 2388 4804 2444 deridicu-

3151 2474 3269 2530 lum
3297 2483 3614 2548 nuncupat.

3227 2565 3340 2620 ltll.
3373 2567 3443 2620 At
3478 2583 3645 2619 nemo
3677 2565 3968 2621 existimet
4000 2565 4335 2638 principum
4383 2565 4636 2637 gratiam
4669 2565 4798 2620 0di-

3146 2652 3335 2708 lonem
3388 2655 3822 2709 adulationibus
3875 2659 3975 2708 aut
4026 2654 4183 2709 molli
4239 2656 4662 2719 assentatione,
4711 2654 4797 2708 vel

3146 2743 3319 2797 etiam
3354 2744 3504 2814 apud
3541 2743 3836 2814 simplices
3870 2745 4019 2797 fastu
4058 2743 4165 2798 sibi
4201 2743 4567 2808 conciliasse,
4601 2760 4738 2797 cum
4769 2760 4799 2798 e

3145 2832 3434 2886 contrario
3485 2834 3797 2886 maximam
3844 2831 3992 2887 hanc
4042 2832 4446 2887 auctoritatem
4483 2831 4799 2888 sanctitate

3147 2938 3374 2975 morum
3395 2926 3446 2975 ct
3468 2921 3599 2976 boni
3625 2921 3818 2975 studio
3843 2921 4239 2992 promovendi,
4266 2922 4440 2976 etiam
4469 2918 4795 2993 aliquando

3145 3010 3530 3064 severioribus
3561 3011 3774 3074 verbis,
3818 3011 4051 3064 acribus
4102 3009 4680 3081 reprehensionibus,
4731 3025 4798 3064 ac

3144 3098 3320 3151 minis
3343 3099 3411 3152 de
3430 3098 3858 3168 divinojudicio
3883 3097 4185 3154 intentatis
4211 3098 4318 3152 sibi
4344 3098 4794 3170 comparaverit.

3142 3187 3417 3240 Testatur
3463 3188 3592 3241 Otto
3643 3186 4121 3242 Willclmusdux
4167 3186 4680 3259 Burgundionum,
4709 3188 4800 3241 vir

1377 3281 1558 3352 jussit
1588 3279 1974 3344 secedere....,
2007 3276 2208 3348 paucis
2229 3277 2302 3332 ob
2333 3274 2662 3332 custodiam
2689 3273 2795 3328 loci
2819 3277 2874 3328 ct
2896 3290 3029 3328 san-
3063 3263 3104 3328 C
3146 3275 3387 3330 istorum
3424 3282 3750 3348 temporum
3781 3276 4246 3348 potentissimus,
4281 3277 4338 3331 in
4371 3275 4576 3330 charta
4599 3277 4729 3347 jam
4761 3294 4798 3332 ι

1383 3369 1461 3426 cti
1485 3369 1724 3441 Benigni
1757 3367 2061 3422 servitium
2079 3383 2216 3421 cum
2238 3367 2455 3421 domno
2483 3363 2690 3419 abbate
2707 3362 2948 3418 0di!one
2973 3361 3030 3415 in

1384 3459 1495 3514 hoc
1523 3457 1647 3513 loco
1691 3455 1990 3512 dimissis:
2025 3471 2202 3526 quem
2245 3454 2316 3509 ad
2347 3453 2458 3508 hoc
2490 3456 2827 3519 accerserat,
2862 3455 2946 3519 ut,
2981 3451 3030 3506 si

1386 3549 1535 3603 forte
1563 3562 1666 3601 rex
1687 3544 1909 3616 aliquid
1934 3542 2074 3599 mali
2096 3547 2296 3598 contra
2320 3542 2474 3599 hunc
2493 3543 2682 3597 locum
2707 3541 3031 3606 moliretur,

1388 3633 1547 3690 illius
1567 3633 1841 3706 precibus
1869 3637 2139 3688 exoratus
2165 3631 2500 3687 dimitteret.
2523 3654 2551 3679 ››
2579 3631 2642 3685 Et
2672 3647 2730 3685 re
2765 3631 2890 3701 ipsa
2919 3631 3029 3684 Ro-

1388 3724 1591 3779 bertus
1621 3720 1768 3777 nihil
1799 3721 1935 3776 mali
1971 3719 2321 3777 monasterio
2344 3719 2556 3775 intulit.
2583 3720 2869 3775 ltobertus
2889 3718 3030 3773 Bur-

1387 3811 1756 3884 gundionum
1787 3810 1926 3878 dux,
1957 3811 2188 3881 ejudem
2219 3810 2452 3866 Roberti
2495 3809 2645 3880 regis
2676 3809 2855 3874 titius,
2889 3825 3032 3862 san-

1387 3905 1547 3956 ctum
1577 3899 1880 3956 Odilonem
1934 3916 2045 3956 suae
2097 3900 2374 3956 saluti.“
2400 3899 2622 3954 honoris
2677 3897 2926 3952 devotum
2979 3906 3031 3952 et

1383 3991 1600 4062 ﬁdelem
1627 3991 1871 4046 amicum
1911 3989 2184 4063 appellat.
2216 3988 2552 4044 Willelmus
2598 3989 3026 4061 Aquitanorum

1383 4080 1502 4136 dux
1530 4079 1611 4136 ita
1641 4095 1778 4134 eum
1807 4079 2215 4146 venerabatur,
2252 4082 2334 4146 ut,
2367 4083 2512 4133 teste
2542 4078 2848 4147 Ademaro,
2877 4094 2937 4132 se
2967 4077 3025 4132 in

1377 4185 1438 4224 eo
1465 4168 1710 4241 Spiritu:
1733 4170 1913 4224 sancti
1939 4169 2203 4240 templum
2231 4168 2592 4239 contemplari
2622 4171 2824 4239 putare
2873 4165 3025 4221 dice-

1379 4261 1484 4325 ret,
1514 4273 1676 4328 seque
1701 4258 1757 4312 ei
1785 4259 1846 4312 in
1873 4257 2125 4312 itionibus
2165 4256 2600 4311 commendatum
2637 4256 2889 4324 traderet,
2932 4255 3025 4312 cui

1377 4345 1531 4412 ideo,
1561 4351 1629 4401 ut
1657 4362 1837 4419 supra
1866 4345 2326 4414 observavimus,
2360 4343 2587 4417 aliquot
2638 4345 2876 4400 ditionis
2906 4361 3024 4399 suae

1376 4434 1735 4490 monasteria
1763 4433 2031 4504 subjecit.

1445 4523 1536 4578 99.
1567 4523 1856 4579 Rodulfus
1888 4523 2299 4593 Transjurante
2333 4522 2682 4594 Burgundia:
2706 4540 2820 4590 rex,
2845 4521 3026 4594 hujus

1376 4611 1632 4677 nominis
1661 4613 1892 4678 tertius,
1925 4612 1979 4666 in
2030 4613 2158 4684 ipso
2195 4611 2357 4684 regni
2407 4613 2496 4667 sui
2550 4611 2716 4667 initio
2759 4611 3020 4668 chartam
3053 4637 3102 4702 Β

1375 4702 1581 4769 edidit,
1615 4719 1732 4774 qua
1747 4700 2006 4758 declarat
2021 4719 2081 4757 se
2100 4699 2442 4758 monasterii
2457 4700 2858 4758 Cluniacensis
2879 4702 3022 4758 velle

1375 4807 1504 4847 esse
1535 4795 1765 4848 tutorem
1783 4793 2222 4859 invictissimum,
2249 4806 2571 4862 omnesque
2592 4790 2756 4862 regni
2779 4790 2868 4846 sui
2891 4808 3024 4864 pro-

1378 4897 1537 4936 ceres
1579 4897 1648 4936 ac
1681 4880 1914 4952 judices
1945 4884 2314 4936 contestatur
2341 4884 2407 4934 ut
2437 4879 2590 4934 idem
2646 4878 2756 4950 ipsi
2789 4880 3020 4935 faciant.

1377 4968 1634 5024 Habetur
1653 4969 1761 5025 hoc
1772 4969 2030 5042 diploma
2045 4970 2107 5025 in
2140 4967 2496 5024 Bibliotheca
2515 4968 2857 5036 Sebusiana,
2888 4986 3023 5025 cen-

1379 5057 1533 5114 turia
1551 5075 1592 5126 ι,
1615 5073 1743 5130 cap.
1771 5057 2046 5114 55.Plura
2074 5058 2145 5114 de
2174 5058 2291 5113 hoc'
2309 5055 2569 5130 principe
2591 5074 2900 5129 congerere
2922 5075 3020 5115 su-

1377 5147 1668 5218 perﬂuum
1697 5151 1872 5214 esset,
1913 5163 2052 5202 cum
2079 5147 2270 5202 varias
2295 5146 2484 5218 ipsius
2514 5146 2748 5204 chartas
2797 5149 3021 5220 passim

1377 5251 1558 5308 supra
1585 5233 2038 5290 laudaverimus.
2071 5233 2237 5290 Hand
2261 5233 2452 5290 minor
2470 5241 2593 5292 erat
2613 5236 2768 5308 apud
2790 5242 3016 5294 exteras

1375 5327 1580 5396 gentes
1603 5319 1868 5377 0dilonis
1890 5320 2046 5376 fama
2062 5337 2242 5392 quam
2254 5321 2406 5392 apud
2422 5321 2637 5378 Gallos.
2653 5322 2798 5378 Eum
2813 5322 3021 5379 Sancio

1375 5411 1434 5466 in
1463 5407 1752 5480 Hispania
1779 5407 1900 5479 regi
1929 5409 2176 5478 ejusque
2205 5407 2323 5466 tilio
2359 5409 2658 5466 Ranimiro
2685 5411 3020 5484 acceptissi-

1377 5512 1548 5554 mum
1571 5494 1754 5550 fuisse
1774 5495 1964 5568 colligi
1997 5501 2188 5570 potest
2205 5515 2272 5553 ex
2291 5498 2479 5571 ipsius
2496 5499 2755 5556 Odilonis
2777 5502 3024 5574 epistola

1377 5586 1450 5642 ad
1485 5584 1824 5650 Paternum,
1853 5601 2029 5657 quam
2055 5603 2232 5659 supra
2256 5586 2644 5645 laudavimus.
2682 5589 2836 5647 Idem
2861 5597 3023 5664 patet

1377 5691 1450 5736 ex
1477 5670 1664 5748 altera
1693 5672 1958 5750 epistola,
1990 5677 2062 5734 ad
2093 5677 2360 5736 Garciam
2390 5675 2586 5734 Sancii
2608 5677 2792 5738 ﬁlium
2813 5687 2870 5739 et
2891 5699 3021 5738 suc-

3144 3365 3312 3419 nobis
3343 3367 3611 3436 superius
3643 3365 3898 3432 laudata,
3935 3381 3995 3418 se
4021 3365 4244 3420 diutius
4265 3364 4434 3420 surda
4460 3381 4598 3420 aure
4614 3367 4800 3420 sancti

3142 3455 3328 3508 Maioti
3381 3463 3432 3509 et
3498 3456 3685 3509 (lomni
3748 3455 4002 3511 Ulli/onis
4056 3455 4320 3510 clamore:
4395 3456 4796 3525 pra’lerit'isse,

3141 3541 3340 3614 eisque
3373 3545 3606 3598 tandem
3631 3561 3848 3598 morem
3875 3544 4151 3615 gessisse.
4178 3543 4383 3598 Narrat
4404 3560 4639 3615 quoque
4663 3543 4801 3598 Gla-

3142 3631 3242 3684 ber
3275 3632 3577 3700 Rodulfus,
3611 3633 3872 3689 Historia:
3894 3651 4010 3687 sua:
4034 3633 4182 3688 libro
4208 3649 4269 3699 ιι,
4301 3649 4429 3704 cap.
4461 3637 4518 3698 8,
4551 3632 4798 3687 beatum

3139 3721 3441 3776 Odilonem
3469 3722 3717 3776 Roberto
3742 3723 3856 3792 rogi
3882 3739 4014 3776 cum
4031 3721 4284 3777 exercitu
4308 3739 4417 3777 suo
4438 3720 4509 3776 ad
4530 3721 4798 3777 obsidio-

3141 3827 3272 3864 nem
3304 3810 3478 3865 castri
3539 3811 3722 3865 sancti
3776 3810 4050 3866 Germani
4085 3828 4287 3882 propc.
4312 3809 4798 3865 Antissiodorum

3141 3900 3341 3954 urbem
3378 3899 3707 3971 properanti
3739 3899 4102 3966 occurrisse;
4137 3899 4237 3954 sed
4285 3915 4441 3964 cum,
4495 3897 4581 3952 uti
4633 3897 4798 3954 idem

3137 3993 3338 4042 auctor
3353 3989 3744 4060 prosequitur,
3762 4005 3951 4059 regem
3975 3989 4222 4060 ejusque
4240 3989 4522 4060 primates
4544 3986 4632 4041 vir
4652 4006 4798 4042 san-

3136 4081 3264 4132 ctus
3296 4077 3710 4148 redarguisset,
3735 4078 3888 4149 quod
3913 4078 4193 4132 adversus
4215 4081 4442 4132 tantum
4469 4076 4566 4131 Dei
4590 4077 4796 4148 ponti—

3137 4168 3324 4235 ficem,
3357 4172 3622 4222 sanctum
3656 4169 4031 4232 Germanum,
4067 4165 4264 4221 hostili
4298 4183 4477 4220 manu
4515 4165 4792 4238 insurge-

3135 4260 3283 4324 rent,
3318 4257 3547 4328 ipsique
3578 4255 3680 4310 viri
3717 4255 3812 4310 Dei
3847 4255 4072 4310 monita
4099 4254 4614 4326 contempsissent,
4660 4260 4794 4310 sta-

3135 4345 3236 4399 tim
3259 4345 3491 4411 nebula,
3515 4345 3795 4400 divinitus
3808 4350 4025 4412 exorta,
4047 4349 4308 4400 castrum
4330 4343 4572 4398 omnino
4585 4348 4794 4399 conle-

3133 4439 3291 4489 ctum
3316 4435 3444 4500 fuit,
3471 4452 3587 4506 qua
3606 4434 3815 4490 muniti
3840 4434 4061 4489 obsessi
4083 4450 4357 4505 magnam
4381 4431 4788 4488 obsidentium

3133 4528 3386 4594 stragem
3434 4523 3635 4578 fecere.
3676 4521 3864 4577 Simili
3913 4523 4029 4578 fere
4077 4521 4381 4590 miraculo,
4426 4519 4788 4589 Willelmus,

3131 4612 3478 4683 cognomine
3497 4610 3919 4676 Bucca-Uncta,
3938 4628 4132 4666 comes
4153 4609 4624 4676 Matisconensis,
4645 4626 4788 4665 cum

3131 4700 3514 4755 exstruxisset
3567 4706 3824 4755 castrum
3875 4704 4077 4755 contra
4127 4699 4494 4762 Cluniacum,
4547 4704 4788 4770 repente

3134 4790 3380 4846 claudus
3402 4790 3588 4844 factus
3610 4794 3720 4856 est,
3741 4795 3799 4846 et
3819 4789 3939 4861 ['go
3960 4805 4156 4845 comes
4176 4790 4307 4862 ejus
4331 4787 4520 4843 hostis
4541 4793 4789 4859 captum

3133 4877 3307 4951 paulo
3332 4884 3456 4951 post
3481 4883 3737 4934 castrum
3761 4877 3904 4933 illud
3923 4877 4126 4946 diruit,
4149 4882 4215 4933 ut
4234 4879 4436 4934 narrat
4454 4876 4788 4932 Ademarus

3133 4969 3191 5023 in
3222 4968 3505 5023 Chronico
3535 4968 3607 5022 ad
3640 4984 3861 5022 annum
3895 4968 4050 5022 1020.
4091 4965 4548 5039 Ermengardem
4599 4965 4784 5020 comi-

3132 5059 3360 5125 tissam,
3393 5075 3519 5128 quae
3541 5055 3844 5112 Odilonem
3861 5057 3932 5112 ad
3955 5056 4314 5128 peccandum
4337 5055 4617 5110 incitasse
4638 5054 4782 5108 dici-

3131 5153 3248 5213 tur,
3302 5145 3385 5201 ita
3423 5163 3550 5202 sese
3596 5163 3773 5217 super
3818 5147 4097 5200 carbones
4143 5144 4414 5200 ardentes
4461 5141 4780 5198 volutando

3128 5235 3502 5303 deterruit,ut
3532 5234 3651 5290 haec
3687 5234 3798 5306 piis
3829 5235 4106 5307 operibus
4135 5233 4207 5289 de
4238 5234 4298 5288 in
4333 5233 4560 5288 intenta
4589 5231 4782 5288 multa

3128 5325 3282 5380 bona
3302 5324 3657 5380 monasterio
3670 5323 3999 5379 contulerit.
4015 5324 4308 5380 Carbones
4327 5321 4410 5380 illi
4427 5321 4604 5378 etiam
4623 5336 4778 5378 nunc

3128 5418 3504 5470 asservantur
3537 5413 3594 5467 in
3645 5411 3897 5468 sacrario
3935 5411 4367 5468 Silviniacensis
4415 5409 4778 5468 monasterii.

3129 5503 3350 5559 Ibidem
3373 5519 3507 5558 vero
3527 5501 3937 5573 Ermengardis
3959 5500 4425 5558 anniversarium
4441 5497 4784 5556 solemniter

3129 5592 3540 5648 celebrandum
3605 5595 3961 5646 memoratur
4018 5591 4074 5646 in
4131 5587 4472 5663 Necrologio
4513 5585 4778 5644 Gaufridi

3128 5681 3347 5740 Cholcti
3397 5698 3552 5737 anno
3586 5681 3723 5738 1453
3771 5678 3994 5755 scripti,
4053 5679 4112 5735 in
4146 5696 4262 5754 quo
4293 5677 4414 5734 haec
4464 5677 4776 5752 leguntur:
