4954 6472
680 428 687 435 ’
722 446 834 505 s73

2226 440 2602 504 ELOGIUM.

3989 438 4109 499 874

724 605 747 630 ‹‹
780 594 831 633 xi
864 574 987 633 Kal.
1022 574 1281 631 ofﬁcium
1314 575 1414 630 ﬁat
1446 572 1683 647 plenum
1717 590 1819 645 pro
1848 573 2087 628 domina
2124 575 2362 629 Ermen-
2393 574 2447 641 Α
2478 576 2651 628 esset.
2686 572 2766 627 Ea
2796 570 2906 626 fuit
2931 586 3175 637 occasio,
3222 569 3281 624 ni
3322 568 3509 636 fallor,
3556 586 3660 623 cur
3703 568 3951 625 Joannes
3988 569 4111 625 XIX

721 667 889 742 garde
916 664 1235 731 comitissa,
1270 681 1397 736 quse
1429 664 1648 717 donum
1700 661 1881 717 sancti
1936 661 2195 716 Mauricii
2227 678 2361 716 cum

722 753 1075 831 appendiciis
1107 751 1230 808 suis
1263 753 1336 809 ad
1371 750 1670 807 servitium
1713 754 1768 806 et
1798 750 2210 805 rccreationem
2243 750 2362 805 fra-

718 850 868 900 trum
899 841 1179 898 debilium
1211 845 1268 896 et
1297 839 1666 894 inﬁrmorum
1699 839 1769 894 de
1787 842 2070 893 conventu
2094 836 2360 892 Silvinia-

723 932 871 991 censi
903 948 1005 1003 per
1037 946 1277 985 manum
1310 927 1633 984 beatissimi
1666 928 1725 981 P.
1759 927 1826 981 N.
1851 925 2112 981 Odilonis
2162 926 2276 981 Deo
2308 929 2366 980 et

723 1020 971 1079 ecclesiae
1029 1015 1437 1073 Silviniacensi
1483 1014 1736 1070 donavit.
1772 1014 1913 1071 Item
1973 1014 2132 1069 dedit
2188 1004 2363 1068 etiam

725 1115 952 1187 portum
985 1107 1056 1163 de
1080 1106 1379 1162 Firmitate
1402 1121 1577 1176 super
1595 1103 1680 1158 Ali
1688 1103 2041 1175 gerim.ltem
2063 1101 2220 1157 dedit
2241 1106 2363 1156 ma-

724 1215 895 1274 gnam
927 1211 1159 1253 crucem
1194 1193 1602 1261 auream.ltem
1631 1193 1746 1246 duo
1777 1190 2124 1247 candelabra
2157 1206 2365 1262 argen-

719 1294 827 1344 tea.
853 1287 995 1341 Item
1028 1285 1176 1339 duos
1207 1299 1432 1355 pannos
1478 1285 1850 1352 purpuratos,
1900 1279 2199 1351 multaque
2251 1276 2365 1333 alia

723 1378 870 1431 bona
900 1373 1038 1429 huic
1071 1370 1425 1427 monasterio
1458 1368 1592 1425 fecit
1617 1373 1674 1422 et
1705 1367 1864 1423 dedit
1892 1368 1948 1421 in
1972 1368 2142 1422 terris
2163 1369 2217 1422 et
2242 1382 2366 1438 pra-

727 1466 816 1520 lis.

720 1569 837 1625 VII.
878 1566 1210 1624 Monasterii
1264 1565 1536 1619 libertates
1593 1570 1795 1632 turtur,
1845 1562 2366 1634 archiepiscopatum

1208 1636 1613 1707 Lugdunensem
1647 1643 1875 1689 recusat.

790 1730 912 1783 102.
941 1720 1169 1782 Tantus
1200 1724 1541 1797 pontiﬁcum
1556 1727 1612 1777 et
1627 1722 1956 1794 principum
1973 1738 2110 1794 erga
2126 1721 2362 1775 beatum

719 1820 1017 1876 Odilonem
1051 1832 1117 1870 ac
1148 1813 1557 1868 Cluniacenscs
1588 1810 1827 1867 aifcctus
1849 1810 2116 1866 cohibere
2133 1826 2246 1863 non
2272 1825 2366 1880 po-

717 1907 825 1963 tuit
854 1902 1280 1961 monachorum
1314 1899 1848 1971 mmulatores,quin
1881 1899 1964 1954 eis
2013 1899 2243 1973 negotia
2276 1899 2362 1952 fa-

714 1997 1166 2058 'ccssercnt,tum
1199 1991 1270 2046 ob
1300 1980 1713 2061 temporalium
1746 1989 2029 2042 bonorum
2052 1987 2368 2059 possessio-

719 2100 838 2149 nes,
871 2087 1002 2137 tum
1035 2080 1107 2135 ob
1153 2077 1452 2153 privilegia
1484 2078 1567 2133 eis
1597 2093 1893 2139 concessa,
1927 2092 2053 2148 quae
2098 2074 2365 2130 nonnulli

717 2168 1041 2227 convellere
1090 2167 1229 2222 totis
1276 2164 1502 2221 viribus
1551 2165 1742 2221 conati
1795 2168 1950 2219 sunt.
1998 2163 2367 2236 Paragrapho

714 2258 1005 2333 superiori
1018 2254 1211 2312 bullas
1227 2253 1449 2326 aliquot
1463 2252 1803 2325 pontiﬁcum
1823 2252 2186 2307 laudavimus
2201 2252 2367 2324 queis

713 2350 864 2405 viros
895 2347 960 2401 in
977 2343 1190 2401 saeculo
1213 2346 1476 2414 potentes
1500 2341 2221 2414 rcdarguebantbonorum
2245 2357 2367 2395 mo-

716 2434 956 2492 nasterii
992 2433 1387 2488 invasores.At
1415 2429 1597 2485 multo
1628 2428 1925 2484 difﬁcilius
1956 2429 2062 2484 fuit
2100 2427 2369 2483 Matisco-

720 2525 992 2581 nensium
1026 2521 1433 2594 episcoporum
1457 2518 1760 2573 conatibus
1784 2517 2189 2588 obsistere,qui
2222 2532 2369 2587 mgre

719 2614 984 2669 ferebant
1015 2608 1437 2665 monasterium
1467 2604 1862 2671 Cluniacense,
1897 2605 2050 2659 intra
2079 2621 2195 2658 sua:
2229 2603 2367 2658 dicc-

716 2718 913 2757 ceseos
948 2700 1098 2753 ﬁnes
1130 2699 1593 2760 constructum,a
1623 2711 1730 2749 sua
1753 2693 1938 2765 ipsius
1957 2691 2369 2764 jurisdictione

716 2790 910 2845 eximi.
944 2790 1365 2843 Concesserant
1389 2784 1603 2856 quippe
1635 2782 1938 2854 pontiﬁces
1974 2781 2219 2836 Romani
2254 2781 2367 2851 pri-

718 2878 929 2951 vilegia
958 2874 1463 2939 Cluniacensibus,
1486 2871 1699 2944 quibus
1723 2888 1789 2926 ex
1805 2869 2085 2925 Willelmi
2109 2870 2368 2924 condito-

717 2967 796 3022 ris
826 2964 1168 3022 testamenti
1200 2962 1537 3035 prznscripto
1582 2978 1647 3015 ac
1694 2977 1892 3033 regum
1943 2963 2000 3014 et
2039 2958 2365 3031 principum

718 3072 1002 3111 concessu
1025 3051 1371 3108 immunitas
1394 3049 1730 3104 omnimoda
1751 3047 2102 3103 monasterio
2136 3045 2367 3100 Clunia-

717 3145 874 3199 censi
900 3140 1277 3198 assercbatur
1311 3155 1325 3194 :
1360 3136 1581 3193 scilicet
1604 3133 2371 3191 utmonachiCluniacensis

719 3228 1067 3287 monasterii
1099 3246 1130 3284 a
1164 3243 1514 3300 quocunque
1540 3226 2011 3297 episcopo,prout
2036 3224 2226 3278 abbati
2255 3222 2372 3294 pla-

2473 662 2771 716 Itomanus
2804 658 3054 731 pontifex
3077 658 3147 713 ad
3179 656 3675 725 Gauslinum,tum
3701 656 3871 712 etiam
3885 659 3955 712 ad
3974 660 4114 713 Bur-

2473 749 2757 804 chardum
2788 748 3235 820 Lugdunensem
3265 745 3487 801 litteras
3517 744 3832 818 scripserit,
3848 762 3945 802 eos
3975 762 4111 819 gra-

2462 830 2619 892 ‘viter
2644 836 3071 909 reprehendens
3102 836 3255 907 quod
3276 834 3695 890 monasterium
3713 830 4113 903 Cluniacense,

2474 924 2707 998 speciali
2731 924 3059 997 apostolicae
3078 922 3311 979 tuitioni
3330 922 3794 990 commissum,et
3813 921 4112 979 Odilonem

2476 1014 2913 1069 sanctissimum
2967 1014 3235 1068 abbatem
3266 1016 3554 1068 vexarent.
3605 1011 3887 1067 Defuncto
3916 1002 4111 1067 tamen

2474 1102 2649 1178 paulo
2679 1108 2810 1176 post
2839 1103 3138 1172 Gauslino,
3168 1101 3429 1176 vestigiis
3461 1101 3647 1173 ipsius
3670 1101 3881 1157 institit
3899 1100 4114 1157 Walte-

2476 1193 2597 1248 rius
2625 1194 2752 1264 ejus
2784 1209 3108 1259 successor,
3137 1196 3199 1247 ut
3228 1194 3468 1247 narrant
3486 1190 3692 1246 Petrus
3713 1207 3747 1245 a
3773 1190 3983 1246 Sancto
4012 1189 4115 1244 Ju-

2476 1282 2652 1351 liano,
2688 1281 2901 1354 aliique
2933 1281 3151 1353 passim
3185 1278 3695 1353 scriptorcs.Unde
3728 1295 3931 1334 ansam
3955 1294 4113 1333 sum-

2476 1371 2610 1444 psit,
2662 1370 2746 1425 uti
2789 1370 3032 1438 vidctur,
3075 1369 3229 1425 idem
3271 1370 3529 1424 Joannes
3579 1368 3835 1440 pontifex
3864 1367 4111 1425 Roberto

2476 1459 2595 1533 rogi
2645 1459 2935 1514 scribendi
2987 1459 3265 1514 adversus
3302 1474 3400 1513 eos
3445 1456 3774 1513 sacerdotes
3811 1455 3908 1528 qui
3942 1450 4112 1528 privi-

2474 1548 2625 1618 legia
2654 1565 2756 1620 per
2767 1547 2961 1602 sedem
2977 1545 3355 1619 apostolicam
3373 1544 3737 1601 Cluniacensi
3758 1538 4111 1600 monasterio

2473 1654 2750 1693 concessa
2778 1635 3093 1691 convellere
3123 1634 3572 1690 tentabant.Imo
3586 1649 3705 1689 rem
3732 1634 3803 1688 ad
3826 1633 4111 1706 synodum

2473 1743 2598 1797 qua:
2628 1726 2821 1781 Roma:
2879 1742 3031 1780 anno
3072 1725 3210 1779 1027
3270 1723 3464 1779 habita
3522 1726 3608 1778 est
3637 1721 3887 1777 delatam
3933 1720 4115 1778 fuisse

2473 1819 2628 1887 patet
2678 1832 2745 1870 ex
2787 1814 3051 1885 ejusdem
3102 1811 3392 1885 pontiﬁcis
3433 1809 3678 1883 epistola
3708 1810 3778 1866 ad
3814 1809 4114 1866 universos

2477 1903 2698 1973 ﬁdeles,
2730 1904 2788 1958 in
2823 1919 2956 1975 qua,
2989 1899 3348 1956 conﬁrmatis
3381 1900 3448 1956 dc
3480 1915 3764 1955 consensu
3797 1898 4115 1955 astantium

2477 1992 2818 2064 pontiﬁcum
2851 1989 3183 2046 monasterii
3218 1987 3614 2043 Cluniacensis
3637 1985 4119 2060 privilegiis,przs-

2477 2085 2637 2136 sente
2668 2081 2841 2136 etiam
2874 2079 3134 2135 Conrado
3164 2078 3532 2151 imperatore,
3563 2074 3734 2149 paulo
3756 2079 3927 2131 antea
3957 2091 4116 2131 coro-

2478 2175 2632 2236 nato,
2685 2169 2954 2241 prohibet
3010 2184 3080 2222 ne
3139 2167 3271 2239 quis
3331 2164 3648 2221 monachos
3702 2163 4117 2221 Cluniacenses

2476 2257 2977 2313 excommunicare
3010 2257 3237 2322 audeat,
3273 2253 3501 2327 aliaque
3524 2252 3711 2309 fusius
3732 2252 4115 2326 exponitque

2475 2346 2655 2401 videri
2690 2350 2934 2417 possunt
2960 2345 3019 2399 in
3053 2343 3306 2399 Bullario
3336 2341 3722 2410 Cluniacensi,
3758 2357 3890 2414 pag.
3922 2340 3974 2395 9.
3999 2341 4114 2397 ϐεε-

2479 2438 2665 2489 terum
2700 2434 2820 2489 limc
2851 2432 3242 2489 controversia
3274 2430 3484 2503 smpius
3508 2434 3707 2503 postea
3725 2430 3834 2486 sub
3854 2429 4115 2486 Odilonis

2478 2523 2914 2578 successoribus
2941 2520 3270 2587 recruduit;
3304 2521 3401 2575 sed
3435 2520 3575 2591 quid
3609 2512 3841 2575 ta‘ndem
3864 2535 3931 2574 ea
3960 2534 4119 2574 occa-

2478 2612 2640 2666 sione
2671 2612 2728 2665 in
2763 2610 3006 2667 concilio
3043 2609 3311 2665 Remensi
3343 2608 3451 2663 sub
3483 2606 3717 2663 Callisto
3752 2607 3799 2662 Ιῐ
3830 2610 4115 2673 statutum

2478 2700 2651 2755 fuerit
2683 2699 2891 2772 legcsis
2923 2699 3075 2771 apud
3109 2697 3446 2753 0rdericum
3475 2694 3744 2751 Vitalem.

2551 2790 2670 2843 104.
2694 2789 2831 2843 Eam
2856 2805 2988 2843 vero
3018 2785 3351 2843 monasterii
3371 2785 3461 2841 sui
3488 2783 3874 2841 immunitatis
3894 2782 4117 2839 tuendae

2479 2876 2957 2945 sollicitudinem,
2992 2893 3109 2948 qua
3156 2875 3465 2931 tenebatur
3513 2873 3601 2929 vir
3649 2876 3907 2941 sanctus,
3940 2870 4118 2927 ambi-

2478 2965 2619 3020 tioni
2652 2981 3017 3036 nequaquam
3064 2979 3191 3019 esse
3241 2960 3613 3018 tribuendam
3653 2960 3738 3016 vel
3783 2977 3853 3016 ex
3900 2977 3965 3016 eo
3996 2958 4118 3014 solo

2478 3058 2636 3126 patet
2667 3054 2819 3125 quod
2853 3052 3251 3125 amplissimas
3281 3051 3597 3123 dignitates
3625 3046 3780 3104 ultro
3818 3048 3928 3105 sibi
3958 3047 4121 3103 obla-

2477 3146 2567 3195 tas
2598 3144 2928 3196 constanter
2984 3139 3356 3201 recusaverit.
3412 3138 3599 3211 Hujus
3657 3137 3737 3192 rei
3787 3135 4117 3208 exemplum

2479 3229 2705 3285 illustre
2737 3228 3071 3301 suppeditat
3108 3226 3278 3283 nobis
3326 3224 3535 3282 Glaber
3577 3225 3859 3281 Rodulfus
3908 3223 4055 3280 libro
4085 3241 4120 3279 ν

717 3316 1163 3385 ceret,ordinari
1196 3319 1469 3388 possent;
1504 3330 1607 3369 nec
1632 3313 1950 3385 quidquam
1968 3312 2121 3383 juris
2153 3311 2208 3369 in
2244 3311 2366 3365 loco
2398 3303 2443 3369 C
2483 3318 2744 3373 Historia}
2777 3308 2914 3384 suae,
2949 3333 3073 3388 cap.
3110 3318 3160 3380 4,
3194 3314 3313 3383 ubi,
3357 3318 3487 3388 post
3532 3313 3745 3370 relatas
3784 3312 3971 3369 varias
4000 3312 4119 3369 dis-

718 3408 819 3464 illo
850 3407 1099 3463 haberet
1127 3405 1436 3477 episcopus
1467 3401 1930 3467 Matisconensis,
1965 3401 2082 3455 imo
2127 3417 2230 3455 nec
2262 3400 2371 3456 nisi

722 3497 793 3551 ab
827 3495 1047 3550 abbate
1080 3492 1357 3547 invitatus
1381 3490 1519 3545 illuc
1551 3491 1823 3545 accedere
1870 3494 2085 3561 posset.
2121 3489 2247 3544 Haec
2289 3489 2375 3543 di-

721 3588 875 3640 serte
905 3583 1207 3639 habentur
1235 3581 1293 3636 in
1320 3578 1481 3634 bulla
1509 3579 1764 3651 Gregorii
1799 3578 1983 3650 quinti
2019 3595 2051 3633 a
2081 3578 2250 3634 nobis
2282 3594 2377 3650 pa-

720 3671 1025 3745 ragrapho
1057 3668 1342 3741 superiori
1384 3668 1639 3734 laudata,
1672 3684 1797 3739 qua:
1826 3684 1858 3721 a
1888 3667 2378 3738 subsequentibus

723 3759 1113 3831 pontiﬁcibus
1145 3758 1488 3812 conﬁrmata
1518 3756 1768 3810 fuerunt.

792 3849 921 3903 103.
959 3845 1288 3917 Privilegiis
1321 3845 1449 3900 istis
1482 3843 1743 3898 munitus
1775 3842 1942 3898 Odilo
1977 3842 2379 3898 Burehardum

721 3937 1125 3992 Viennensem
1156 3933 1657 4006 archiepiscopum
1690 3931 1953 3986 invitavit
1982 3937 2047 3985 ut
2066 3931 2381 3987 ordinatio-

723 4042 826 4081 nes
858 4024 1025 4097 apud
1058 4022 1398 4077 Cluniacum
1424 4020 1925 4087 celebraret.Quod
1951 4036 2082 4075 cum
2101 4019 2197 4075 ille
2218 4020 2382 4074 fecis-

721 4112 1105 4186 set,graviter
1121 4114 1479 4182 conquestus
1509 4113 1595 4165 est
1612 4107 1846 4164 Gauslin
1859 4126 1925 4164 us
1945 4106 2385 4164 Matisconcnsis

719 4202 1045 4273 episcopus
1068 4200 1347 4254 adversus
1367 4214 1771 4269 eum,remque
1785 4196 1993 4252 detulit
2007 4197 2076 4251 ad
2096 4198 2385 4269 synodum

719 4290 1155 4361 Ansanam,cui
1188 4306 1339 4344 anno
1374 4288 1511 4342 1025
1535 4287 1745 4342 habitae
1776 4287 1927 4341 inter
1971 4286 2116 4342 alios
2156 4286 2387 4359 pontiﬁ-

724 4396 822 4434 ces
857 4380 1151 4434 intererat
1181 4392 1413 4448 quoque
1444 4376 1831 4431 Burchardus.
1864 4375 1968 4439 Qui
1999 4392 2131 4430 cum
2181 4392 2215 4430 a
2245 4377 2394 4431 Gau—

718 4467 873 4522 slino
896 4483 969 4522 ea
1001 4467 1079 4521 de
1108 4481 1169 4520 re
1200 4481 1392 4520 coram
1426 4464 1694 4519 Palribus
1745 4468 2134 4531 accusaretur,
2159 4464 2391 4536 culpam

719 4573 964 4612 omnem
1003 4555 1067 4609 in
1099 4554 1402 4609 Odilonem
1432 4552 1650 4623 rejecit.
1671 4553 1997 4608 Accersitus
2030 4551 2226 4623 itaque
2257 4569 2393 4607 san-

718 4650 854 4701 ctus
886 4644 1085 4699 abbas
1117 4658 1251 4696 cum
1272 4640 1495 4712 aliquot
1514 4657 1545 4695 e
1567 4639 1691 4695 suis
1726 4639 2026 4695 monachis
2048 4642 2392 4712 comparuit,

715 4733 1101 4806 protulitque
1130 4730 1189 4785 in
1224 4728 1484 4785 medium
1499 4728 1796 4801 privilegia
1811 4745 1936 4800 quae
1952 4729 2122 4784 modo
2141 4745 2395 4785 recense-

718 4818 1156 4892 bamus,queis
1186 4816 1410 4872 licitum
1431 4821 1519 4871 est
1541 4816 1735 4872 abbati
1761 4815 2129 4873 Cluniacensi
2152 4822 2396 4889 ut,post-

718 4908 928 4964 habito
965 4905 1390 4963 Matisconensi
1421 4904 1714 4977 episcopo,
1750 4921 2158 4977 quemcunque
2199 4905 2397 4961 mallet

718 4998 1084 5070 episcOpum
1116 4999 1315 5066 posset
1344 5010 1637 5049 accersere
1667 4993 1737 5049 ad
1772 4994 2148 5050 celebrandas
2180 4995 2237 5048 in
2271 5011 2395 5051 mo-

715 5085 988 5141 nasterio
1022 5081 1397 5139 Cluniacensi
1425 5081 1929 5137 ordinationes.At
1958 5083 2155 5138 Patres
2186 5083 2283 5154 qui
2319 5083 2399 5138 ibi

721 5175 1006 5238 aderant,
1043 5170 1216 5226 lectis
1261 5168 1470 5242 synodi
1517 5168 2006 5225 Chalcedonensis
2056 5171 2398 5238 canonibus,

722 5260 993 5334 aliisque
1027 5257 1409 5330 antiquorum
1456 5257 1834 5313 conciliorum
1865 5258 2132 5327 decretis,
2167 5276 2406 5315 censue-

717 5356 865 5407 runt
899 5351 994 5405 eis
1030 5346 1295 5420 praeponi
1331 5362 1445 5401 non
1478 5346 1686 5401 debere
1707 5347 1860 5418 quod
1888 5347 2314 5402 obtendebatur
2335 5348 2408 5402 ab

719 5438 983 5493 Odilone
1018 5433 1421 5508 privilegium.
1456 5436 1641 5499 Quare
1673 5434 2105 5499 Burchardus,a
2130 5434 2408 5491 Gauslino

715 5528 973 5583 obtenta
1002 5522 1203 5589 venia,
1259 5522 1551 5594 pollicitus
1595 5526 1685 5577 est
1733 5539 1813 5591 se,
1864 5523 2123 5593 quandiu
2176 5523 2233 5576 in
2264 5523 2409 5581 vivis

720 5619 952 5689 ageret,
987 5614 1233 5668 tantum
1268 5611 1377 5666 olei
1411 5626 1538 5667 sese
1586 5610 1634 5666 ei
1670 5611 2086 5683 praestiturum,
2121 5615 2407 5683 quantum

715 5722 825 5786 pro
857 5702 1212 5762 chrismate
1244 5716 1408 5755 sacro
1430 5698 1679 5774 singulis
1693 5698 1862 5757 annis
1882 5699 2239 5758 conficiendo
2262 5719 2409 5778 opus

1075 5825 1350 5889 PATROL.
1397 5825 1629 5889 CLXII.

2487 3407 2838 3479 ceptationes
2875 3423 3001 3478 qua:
3034 3409 3162 3477 post
3212 3404 3529 3460 Burchardi
3571 3401 3978 3476 Lugdunensis
4008 3400 4124 3473 epi-

2466 3494 2644 3568 _sc0pi
2681 3497 2925 3550 mortem
2957 3494 3032 3548 in'
3070 3492 3425 3549 successoris
3455 3491 3732 3548 electione
3760 3494 3966 3547 exorta:
3998 3490 4124 3546 fue-

2488 3588 2643 3652 runt,
2667 3583 2787 3638 hznc
2808 3582 3113 3656 subjungit
3136 3600 3149 3637 :
3173 3606 3198 3631 ‹‹
3221 3583 3354 3646 Qua:
3368 3581 3567 3636 omnia
3586 3581 3726 3637 dum
3745 3578 3966 3654 perlata
3988 3578 4127 3634 fuis-

2489 3678 2619 3729 sent
2671 3673 2931 3728 Romano
2982 3672 3264 3745 pontiﬁci,
3303 3675 3643 3745 suggestum
3689 3674 3777 3727 est
3823 3657 3872 3725 ei
3912 3686 3946 3724 a
3990 3668 4129 3725 viris

2490 3760 2758 3816 ﬁdelibus
2790 3764 2853 3815 ut
2883 3777 2989 3816 sua
3019 3760 3360 3815 auctoritate
3393 3761 3619 3817 Patrem
3651 3758 3975 3829 Odilonem,
4005 3758 4134 3815 Clu-

2490 3848 2783 3905 niacensis
2809 3848 3144 3904 monasterii
3172 3847 3694 3917 abbatem,ibidem
3727 3848 3961 3921 eligeret
3990 3864 4132 3903 con-

2492 3936 2703 3993 secrari
2755 3935 3125 4009 pontiﬁcem;
3160 3937 3242 3993 sic
3273 3936 3428 3992 enim
3483 3936 3660 3992 totius
3717 3921 3851 3993 clcri
3898 3954 3963 3992 ac
4010 3936 4130 4009 ple-

2493 4026 2582 4080 bis
2613 4029 2823 4098 optans
2854 4024 3212 4080 acclamabat
3242 4024 3489 4080 devotio.
3524 4024 3629 4091 Qui
3678 4025 3945 4096 protinus
3995 4025 4132 4080 mit-

2494 4119 2622 4169 tens
2649 4114 2832 4169 eidem
2886 4112 3037 4169 Patri
3078 4111 3319 4185 pallium
3351 4112 3531 4168 simul
3567 4117 3625 4169 et
3671 4112 3976 4182 annulum,
4025 4112 4137 4169 im-

2496 4202 2716 4276 peravit
2763 4203 3030 4257 eumdem
3088 4200 3373 4272 praedicta:
3418 4200 3634 4257 civitati
3684 4201 3805 4258 fore
3861 4202 4140 4274 archiepi-

2499 4307 2760 4364 scnpum.
2795 4290 2902 4345 Sed
2922 4289 3005 4344 vir
3018 4289 3322 4361 religiosus
3337 4307 3454 4344 sua:
3469 4289 3822 4346 humilitatis
3835 4291 4139 4347 attendens

2498 4380 2861 4453 prOpositum
2893 4377 3247 4434 omnimodis
3280 4379 3471 4434 renuit
3504 4378 3645 4445 ﬁeri,
3674 4378 3916 4451 pallium
3949 4383 4006 4435 et
4035 4397 4137 4455 an-

2503 4468 2708 4525 nulum
2742 4467 3089 4540 suscipiens,
3123 4465 3206 4522 illi
3231 4466 3332 4539 qui
3353 4467 3466 4523 Deo
3498 4467 3713 4541 dignus
3732 4468 4145 4537 exsisteret,re-

2505 4557 2750 4613 servavit
2764 4557 2955 4612 futuro
2970 4544 3223 4630 pontiﬁci
3244 4556 3505 4627 ejusdem
3525 4556 3700 4612 sedis.
3723 4577 3751 4605 »
3774 4556 3931 4612 Idem
3946 4561 4145 4614 narrat

2426 4670 2471 4734 D
2506 4647 2669 4719 liugo
2697 4646 2877 4701 abbas
2904 4645 3350 4702 Flaviniacensis
3383 4645 3440 4700 in
3464 4644 3742 4701 Chronico
3763 4645 4142 4717 Virdunensi,

2504 4736 2602 4789 ubi
2635 4735 2693 4789 id
2726 4753 2758 4790 a
2787 4735 3058 4807 Gregorio
3091 4752 3239 4807 papa
3269 4735 3482 4789 factum
3518 4733 3697 4789 fuisse
3728 4732 3947 4801 scribit,
3969 4751 4141 4807 quem

2506 4823 2743 4895 quidem
2760 4824 3099 4896 Gregorium
3116 4824 3242 4894 ejus
3259 4822 3513 4897 nominis
3527 4826 3752 4879 sextum
3776 4822 3953 4878 fuisse
3967 4822 4143 4879 refert

2503 4917 2668 4967 vetus
2700 4916 2900 4967 auctor
2931 4911 3195 4967 Clironici
3225 4910 3626 4968 Cluniacensis
3659 4928 3770 4966 ms.
3813 4914 3888 4965 At
3933 4910 4147 4983 Grego-

2508 4999 2631 5079 rius
2662 5017 2813 5056 anno
2846 5000 2983 5055 1044
3013 5000 3229 5055 electus
3261 5001 3420 5056 estin
3446 5001 3772 5056 Romanum
3796 4999 4149 5073 pontiﬁcem,

2509 5105 2624 5160 quo
2652 5092 2909 5159 tempore
2931 5089 3057 5159 jam
3089 5089 3160 5144 ab
3192 5089 3412 5161 aliquot
3433 5089 3601 5145 annis
3619 5086 4042 5161 Odelricus,qui
4060 5104 4153 5143 re-

2510 5175 2712 5232 nuenti
2745 5176 2970 5232 Odiloni
3004 5176 3360 5234 substitutus
3376 5177 3867 5251 est.Lugdunensi
3889 5177 4153 5235 Ecclesia:

2518 5264 2822 5337 praefectus
2857 5264 3059 5319 fuerat.
3095 5264 3162 5319 Et
3193 5266 3425 5337 quidem
3461 5266 3624 5337 Hugo
3644 5266 3766 5339 ipse
3792 5266 3965 5321 refert
3993 5263 4157 5320 Odel-

2517 5353 2700 5408 rieum
2735 5353 2807 5408 ab
2843 5352 3448 5425 chricoimpcratore
3475 5356 3827 5427 Lugdunum
3849 5368 4157 5410 cumornao

2519 5444 2731 5496 mentis
2764 5440 3193 5512 pontiﬁcalibus
3226 5459 3378 5498 anno
3429 5443 3557 5499 1041
3598 5443 3884 5498 directum
3927 5442 4105 5498 fuisse
4138 5455 4153 5507 ;

2519 5529 2750 5584 aliunde
2781 5546 2915 5585 vero
2944 5533 3171 5585 eertum
3203 5535 3291 5585 est
3332 5530 3769 5599 Odelricum,ex
3796 5547 3913 5606 quo
3946 5530 4004 5585 in
4034 5525 4153 5598 epi-

2519 5633 2760 5691 scopum
2792 5620 3131 5691 assumptus
3158 5620 3471 5685 est,sedem
3493 5637 3662 5676 suam
3687 5618 3920 5675 nemine
3939 5617 4157 5673 contrav-

2520 5707 2743 5766 dicente
2774 5706 3057 5766 tenuisse.
3087 5706 3250 5765 Unde
3281 5708 3594 5767 Garnerius
3625 5708 3680 5763 iu
3705 5705 3862 5761 notis
3891 5706 3963 5763 ad
3994 5696 4158 5770 cap-4

3756 5824 3842 5910 εξ

4133 5886 4163 5913 ιδ
