4954 6464
747 562 853 623 877

2230 567 2605 631 ELOGIUM.

3988 569 4112 633 878

749 699 822 759 ut,
856 693 1206 762 negotiorum
1237 691 1372 748 licet
1403 711 1548 765 pene
1595 695 1952 750 iulinilorum
1995 696 2366 752 multitudine
2396 703 2449 768 Α
2480 701 2690 766 tuerat,
2727 703 2986 754 mortuos
3017 696 3288 754 detractis
3319 699 3567 772 propriis
3625 699 3884 756 vestibus
3912 705 3969 754 et
3998 702 4110 754 cir-

747 783 992 847 obrutus,
1025 797 1328 852 nunquam
1359 783 1652 838 omitteret
1683 783 1913 856 pietatis
1942 785 2366 858 exercitia,qui-

744 873 844 926 bus
873 869 969 924 illa
1013 868 1284 924 aleretur.
1344 871 1458 926 Nec
1503 871 1779 926 itinerum
1831 872 2226 944 difficultates,
2261 891 2366 929 nec

743 958 1210 1014 monasteriorum
1238 975 1510 1025 cura,nec
1541 959 1654 1015 alia
1675 959 1946 1034 quaelibet
1969 963 2194 1018 occasio
2229 978 2388 1018 eum.

738 1049 804 1102 ab
833 1047 1114 1103 offerendo
1133 1047 1394 1118 quotidie
1418 1053 1785 1104 sacrosancto
1803 1049 2178 1106 Eucharistiaa
2191 1050 2366 1106 sacri-

739 1137 857 1191 ficio
873 1151 1103 1190 avocare
1126 1140 1412 1206 poterant,
1437 1139 1589 1209 quod
1615 1137 1838 1193 solebat
1867 1155 1998 1194 cum
2027 1138 2363 1195 exuberanti

734 1224 1105 1298 lacrymarum
1139 1225 1420 1281 eil‘usione
1473 1230 1780 1297 praestare;
1812 1228 2173 1282 tremendam
2221 1228 2362 1283 adeo

733 1311 1000 1368 actionem
1025 1311 1285 1368 excubiis
1298 1313 2019 1386 sacrisjejuniis,aliisque
2038 1315 2296 1386 corporis
2309 1319 2365 1370 et

731 1401 926 1456 anima:
945 1401 1441 1457 macerationibus
1456 1402 1832 1472 praeveniens,
1865 1407 1929 1458 ut
1949 1404 2148 1474 purior
2184 1403 2254 1458 ad
2278 1402 2331 1458 al

729 1494 842 1545 tare
866 1504 1098 1544 sacrum
1133 1489 1452 1544 accederet.
1473 1489 1876 1563 Virginitatem
1899 1491 2042 1545 adeo
2068 1491 2264 1559 coluit,
2300 1493 2364 1546 ut

728 1576 889 1649 vulgo
905 1577 1054 1646 virgo
1065 1579 1415 1632 centenarias
1427 1579 1458 1632 d
1470 1578 1481 1631 i
1491 1582 1805 1644 ceretur,ut
1823 1579 1967 1634 disci
1977 1595 2104 1634 mus
2119 1579 2364 1636 exChro—

723 1666 842 1720 nico
864 1665 1418 1733 Lemovicensi,tum
1443 1683 1511 1720 ex
1525 1667 1843 1722 Senonensi
1861 1669 2044 1723 sancti
2069 1667 2219 1722 Petri
2236 1667 2361 1722 Vivi

717 1755 768 1808 in
792 1753 1081 1826 Spicilegii
1113 1757 1274 1809 tomo
1288 1755 1502 1810 ILInde
1525 1756 2359 1812 nascebaturinbeatissimam

711 1843 1000 1915 Virginem
1026 1843 1096 1898 ad
1117 1859 1182 1897 eo
1208 1845 1432 1899 fervens
1465 1844 1783 1908 devotio,ut
1815 1861 1944 1899 cum
1979 1850 2280 1900 caneretur
2301 1846 2356 1899 in

713 1931 948 1986 ecclesia
976 1948 1192 1986 versus
1230 1931 1364 1986 ille:
1399 1935 1470 1988 Tu
1517 1933 1586 1988 ad
1631 1934 1976 1988 liberandum
2015 1942 2359 2005 suscepturus

711 2021 997 2087 hominem,
1058 2035 1181 2074 non
1228 2021 1498 2076 horruisli
1551 2022 1791 2089 Virginis
1849 2030 2082 2088 uterum,
2133 2022 2356 2090 statim,

709 2113 846 2163 teste
879 2109 1044 2164 Petro
1075 2108 1374 2171 Damiani,
1425 2107 1482 2162 in
1537 2113 1748 2164 terram
1800 2111 2127 2165 reverentiae
2185 2127 2361 2166 causa

707 2213 918 2267 pronus
950 2200 1278 2251 corrueret.
1331 2196 1609 2252 Observat
1657 2197 1958 2252 Jotsaldus
2010 2197 2070 2251 in
2119 2197 2359 2252 Planctu

707 2285 940 2339 metrico
971 2285 1046 2338 de
1097 2285 1369 2354 ejusdem
1417 2284 1566 2338 beati
1627 2283 1732 2338 viri
1782 2285 1964 2348 obitu,
1997 2301 2129 2340 eum
2162 2290 2359 2341 tenero

701 2373 901 2428 affectu
967 2371 1386 2428 beatissimam
1433 2372 1730 2444 Virginem
1785 2389 2014 2444 semper
2072 2373 2354 2428 coluisse:

700 2463 863 2533 cujus
897 2463 1030 2518 ideo
1053 2465 1113 2516 et
1141 2461 1594 2533 aliorumipsius
1613 2461 1946 2516 tutelarium
1973 2462 2356 2534 patrocinium

695 2550 992 2623 implorat,
1029 2556 1101 2606 ut
1137 2566 1270 2606 eum
1303 2550 1620 2622 dignentur
1666 2549 1723 2604 in
1769 2550 1857 2604 sui
1893 2550 2224 2605 societatem
2257 2551 2357 2605 ad-

697 2640 944 2695 mittere.

753 2729 876 2784 110.
907 2729 1105 2794 Quam
1143 2743 1282 2798 erga
1311 2727 1494 2782 Deum
1526 2726 1779 2782 habebat
1819 2726 1908 2781 vir
1951 2731 2190 2782 sanctus
2222 2727 2357 2782 cha-

685 2816 942 2886 ritatem,
976 2817 1042 2872 in
1078 2815 1422 2888 proximum
1473 2815 1672 2881 etiam,
1707 2816 1848 2869 dum
1908 2833 2034 2870 sese
2083 2817 2360 2871 otl‘erebat

681 2905 933 2972 occasio,
975 2903 1318 2960 diffundere
1352 2920 1655 2974 nunquam
1687 2903 1904 2958 omisit.
1937 2904 2098 2966 Quod
2129 2904 2357 2975 potissi-

679 3011 841 3048 mum
877 2993 1073 3048 eluxit
1105 2997 1370 3064 tempore
1412 2993 1606 3058 famis,
1643 3008 1760 3063 qua
1809 2992 2190 3047 invalescente
2219 3010 2358 3048 vasa

675 3099 843 3139 sacra
875 3099 945 3138 ac
980 3081 1510 3154 pretiosaquzeque
1549 3087 1914 3146 ornamenta,
1942 3081 2238 3152 quibusex
2261 3097 2350 3135 re-

671 3188 810 3244 gum
835 3189 906 3226 ac
932 3169 1287 3243 principum
1334 3167 1592 3223 donariis
1635 3169 1910 3222 affluebat
1955 3168 2354 3224 Cluniacensis

570 3254 578 3290 ⁵
667 3258 1304 3326 ecclesia,distrahere
1321 3273 1386 3310 ac
1409 3257 1654 3312 vendere
1686 3273 1796 3310 non
1821 3257 2196 3319 dubitavit,ut
2219 3274 2356 3328 pau-

667 3365 876 3418 perum
924 3345 1398 3402 necessitatibus
1447 3345 1798 3400 subveniret.
1835 3345 2117 3400 Coronam
2161 3345 2348 3417 ipsam

666 3435 1276 3509 imperialem,quam
1299 3438 1536 3488 sanctus
1559 3433 1842 3487 Henricus
1863 3432 2162 3487 beatorum
2189 3451 2350 3504 apos-
2379 3420 2422 3486 C

567 3547 574 3558 υ
659 3525 927 3580 telorum
950 3523 1120 3580 Petri
1147 3527 1208 3576 et
1234 3521 1391 3576 Pauli
1412 3521 1576 3577 altari
1596 3521 1929 3592 impositam
1955 3521 2036 3575 eis
2060 3537 2356 3576 consecra-

661 3619 844 3681 verat,
883 3613 1003 3669 hac
1033 3610 1355 3667 occasione
1401 3610 1778 3676 venundedit,
1815 3614 1974 3664 ratus
2014 3609 2158 3664 nihil
2193 3625 2352 3682 pror-

564 3724 570 3733 ·
654 3720 759 3758 sus
793 3719 934 3758 esse
970 3700 1395 3756 membrorum
1440 3697 1652 3752 Christi
1704 3697 1832 3751 vitae
1859 3699 2348 3769 anteponendum.

653 3791 721 3844 Et
750 3789 1013 3863 quidem
1053 3787 1360 3860 ejusmodi
1393 3785 2200 3858 largitionibusCluniacense
2230 3803 2352 3840 mo-

648 3879 1002 3934 nasterium
1041 3874 1430 3932 difﬁcillimis
1463 3873 1580 3928 illis
1602 3873 1962 3945 temporibus
1983 3875 2125 3928 adeo
2143 3874 2355 3930 exhau-

566 3972 568 3977 ’
646 3973 813 4022 stum
854 3967 998 4032 fuit,
1041 3969 1118 4020 ut
1153 3965 1226 4019 ab
1275 3962 1483 4017 exteris
1514 3962 1787 4034 gentibus
1843 3979 2006 4034 opem
2037 3961 2352 4034 efflagitare

560 4086 567 4096 -
642 4057 828 4112 fuerit
882 4058 1186 4120 coactus,
1229 4068 1363 4106 cum
1415 4049 1564 4104 nihil
1615 4050 2016 4104 sustentandis
2066 4051 2193 4120 ejus
2244 4050 2351 4105 loci

562 4149 572 4184 ἲ
641 4145 972 4211 fratribus,
1011 4147 1079 4197 et
1117 4139 1358 4214 populis
1389 4127 1594 4194 vicinis
1624 4137 1970 4210 adjuvandis
2001 4143 2349 4210 superesset.

560 4239 566 4265 "
636 4233 697 4288 Id
734 4236 914 4306 patet
947 4249 1028 4287 ex
1069 4229 1214 4300 ejus
1243 4227 1487 4300 epistola
1519 4227 1590 4282 ad
1623 4226 1888 4282 Garsiam
1920 4241 2134 4297 regem,
2160 4227 2258 4282 ubi
2286 4244 2354 4283 ea

562 4327 568 4362 '-
634 4322 710 4376 de
743 4338 808 4377 re
845 4321 942 4376 sic
979 4317 1252 4375 scribit:
1284 4337 1312 4366 «
1348 4315 1503 4370 Licet
1534 4332 1645 4370 non
1682 4315 1808 4370 sine
1863 4315 2070 4369 rubore
2101 4315 2351 4387 pandere

555 4419 564 4456 ι’
628 4409 932 4483 cogimur
965 4409 1202 4463 vestrae
1253 4402 1635 4475 sublimitatis
1687 4401 2095 4456 muniﬁcentiae
2142 4409 2350 4459 nostrae

558 4507 563 4542 ἱ
626 4497 858 4569 inopiae
896 4493 1374 4560 necessitatem,
1409 4508 1521 4564 qua
1547 4491 1670 4561 jam
1717 4507 1819 4561 per
1845 4491 1991 4544 duos
2045 4494 2101 4545 et
2129 4507 2196 4546 eo
2227 4508 2351 4546 am-

620 4585 791 4657 plius
829 4600 1056 4642 annos
1096 4580 1430 4653 affligimur
1458 4578 1752 4634 continue.
1785 4578 1930 4632 Nam
1963 4577 2247 4649 generalis
2271 4585 2352 4635 to-

616 4675 746 4730 tius
779 4673 975 4746 regni
1015 4673 1378 4744 paupertas,
1426 4665 1600 4722 famis
1649 4682 1878 4738 quoque
1909 4671 1964 4721 et
2003 4665 2210 4738 inepiae
2241 4685 2350 4724 nos

610 4762 932 4837 opprimit
969 4757 1334 4820 calamitas,
1368 4755 1520 4812 sicut
1549 4758 1605 4810 et
1634 4753 1778 4809 alios
1798 4759 2006 4808 nostrae
2035 4754 2348 4811 vicinitatis
2379 4779 2426 4843 Β

609 4851 1103 4926 compatriotas
1139 4844 1316 4917 :quod
1337 4841 1656 4916 periculum
1684 4845 1748 4896 ut
1772 4841 2010 4897 evadere
2031 4843 2346 4914 possimus,

603 4945 822 4997 vestro
857 4932 1301 5003 adminiculo,
1335 4933 1385 4988 si
1442 4929 1647 5003 placet,
1681 4947 1962 5002 perquam
2021 4931 2344 5002 plurimum

600 5030 1026 5102 indigemus,
1073 5045 1110 5073 ››
1150 5022 1264 5077 Sed
1297 5019 1442 5075 nihil
1484 5018 1670 5090 magis
1730 5019 1991 5074 Oclilonis
2023 5019 2345 5076 miscricor-

596 5117 774 5174 diam
817 5118 888 5172 in
965 5127 1296 5187 pauperes
1349 5107 1740 5171 commendat,
1783 5123 1958 5178 quam
2019 5108 2172 5178 quod
2225 5109 2348 5180 ipse

594 5206 794 5261 habet
824 5206 896 5260 in
939 5199 1230 5276 prologo
1263 5199 1335 5254 ad
1365 5197 1560 5252 Vitam
1613 5195 1798 5250 sancti
1833 5194 2024 5250 Maioli
2057 5212 2091 5250 a
2119 5213 2179 5252 se
2209 5213 2346 5252 con-

590 5294 950 5368 scriptam,
980 5286 1112 5344 ubi
1146 5286 1451 5350 fatetur,se
1483 5285 1564 5340 ita
1588 5285 1891 5356 provincia:
1913 5284 2345 5353 calamitatibus,

585 5401 656 5439 ac
684 5395 1071 5456 pauperum
1111 5373 1330 5444 grandi
1371 5372 1820 5444 lamentabiliquc
1873 5370 2154 5442 dispendio
2209 5373 2348 5428 aﬂ‘e-

582 5477 764 5530 ctum
807 5472 1078 5534 fuisse,
1122 5465 1202 5518 ut
1231 5462 1409 5518 etiam
1437 5465 1636 5516 noctes
1692 5458 1991 5531 perplures
2049 5459 2347 5516 insomnes

577 5559 1035 5634 transegerit.
1083 5551 1366 5622 Denique
1397 5566 1530 5604 cum
1561 5548 1876 5620 aliquando
1913 5547 2194 5618 improbis
2230 5547 2346 5604 illis

569 5650 776 5707 famis
839 5636 1288 5716 temporibus
1340 5637 1450 5692 iter
1493 5653 1670 5709 agens
1726 5635 1874 5690 duos
1929 5651 2138 5706 pueros
2196 5637 2346 5692 fame

565 5745 848 5797 enectos
892 5725 1261 5790 mediisin
1310 5725 1467 5797 agris
1525 5722 1854 5796 reperisset,
1889 5727 2178 5777 commota
2206 5729 2346 5780 sunt

566 5812 834 5888 viscera
874 5817 1162 5901 ejus,et
1197 5829 1344 5887 quos
1372 5811 1564 5869 adhuc
1593 5811 2072 5885 viventesjuvare
2104 5827 2218 5870 non
2249 5830 2347 5890 po.

2475 789 2796 844 cumtectos
2823 787 3052 860 sepeliri
3084 787 3326 844 curavit.

2545 893 3086 966 lX.Comme-mcratio
3114 894 3359 965 ﬁdelium
3389 895 3764 966 defunctorum
3794 911 3828 950 α
3857 899 4043 950 sancto

2899 965 3122 1020 0dilone
3147 967 3389 1038 primum
3420 965 3693 1022 instituta.

2546 1053 2666 1107 111.
2699 1053 2951 1109 Celebris
2982 1058 3070 1109 est
3096 1053 3155 1108 in
3189 1057 3312 1109 tota
3335 1054 3590 1110 Ecclesia
3632 1053 3914 1110 memoria
3961 1053 4114 1108 beati

2473 1139 2754 1207 0dilonis,
2789 1142 2944 1214 quod
2975 1141 3200 1213 primus
3230 1141 3495 1198 omnium
3514 1141 3666 1197 diem
3699 1157 4114 1200 commemora.-

2471 1227 2613 1282 tioni
2639 1229 2889 1301 generali
2908 1231 3169 1286 omnium
3184 1231 3286 1286 def
3285 1248 3316 1286 u
3327 1235 3590 1286 nctorum
3604 1229 3942 1286 solemniter
3963 1228 4111 1286 cele-

2471 1315 2704 1370 brandae
2737 1317 3103 1388 peculiariter
3125 1319 3456 1374 dedicatum
3497 1317 3898 1386 constituerit;
3931 1333 4108 1389 quem

2471 1403 2649 1458 ritum
2683 1421 2814 1460 cum
2847 1405 3034 1478 primo
3066 1405 3190 1462 suis
3219 1405 3277 1461 in
3318 1405 3686 1462 monasteriis
3732 1405 4106 1474 instituisset,

2469 1496 2670 1562 postea
2701 1493 3047 1548 universalis
3086 1495 3424 1566 approbavit
3470 1493 3743 1560 Ecclesia,
3775 1497 3833 1548 et
3853 1493 4108 1566 generali

2469 1579 2696 1635 decreto
2727 1581 2946 1653 ubique
2977 1583 3402 1637 observandum
3436 1581 3944 1654 praescripsitJam
3976 1582 4106 1654 qui-

2469 1667 2600 1722 dem
2633 1673 2802 1724 antea
2832 1664 3215 1742 in'plerisque
3242 1669 3387 1725 locis
3419 1670 3593 1724 ﬁebat
3607 1669 3802 1740 aliquo
3831 1673 3986 1724 certo
4015 1670 4110 1724 die

2469 1758 2942 1812 commemoratio
2991 1759 3420 1822 defunctorum,
3451 1761 3515 1812 ut
3572 1761 3731 1828 patet
3789 1772 3856 1812 ex
3906 1755 4108 1811 multis

2468 1843 2685 1914 passim
2711 1845 3000 1900 veteribus
3049 1845 3474 1917 Martyrologiis
3505 1849 3562 1900 et
3589 1843 3964 1917 Necrologiis,
3990 1843 4107 1900 imo

2467 1934 2524 1984 et
2551 1948 2619 1986 ex
2648 1932 3042 2005 Udalrico,qui
3068 1934 3127 1988 in
3160 1933 3692 1990 Consuetudinibus
3717 1931 4110 1990 Cluniacensi-

2470 2019 2577 2074 bus
2607 2021 2872 2077 observat
2903 2022 3046 2078 feria
3103 2023 3358 2078 secunda
3409 2026 3542 2094 post
3595 2021 3806 2078 festum
3859 2021 4106 2078 sanctis-

2465 2106 2626 2162 simm
2676 2110 2976 2166 Trinitatis
3029 2111 3642 2166 commemorationem
3700 2111 4108 2166 defunctorum

2467 2199 2619 2268 apud
2651 2198 3060 2255 Cluniacenses
3092 2199 3365 2255 celebrari
3408 2199 3638 2254 solitam
3689 2197 3888 2254 fuisse.
3921 2198 4016 2254 Sic
4045 2198 4106 2254 in

2465 2285 2858 2343 vetustissimo
2912 2287 3246 2343 Kalendario
3280 2305 3389 2342 ms.
3448 2286 3941 2342 Antissiodorensi
3991 2285 4106 2342 ista

2467 2376 2938 2432 commemoratio
2995 2394 3030 2431 x
3081 2375 3203 2431 Kal.
3264 2374 3557 2430 Februarii
3615 2378 3994 2440 memoratur,
4047 2378 4106 2430 et

2467 2460 2634 2533 longe
2666 2467 2796 2518 ante
2829 2464 2884 2519 id
2917 2468 3149 2536 tempus
3181 2463 3237 2518 in
3271 2480 3396 2535 cap.
3431 2462 3638 2518 ultimo
3669 2461 3898 2534 Regulae
3948 2460 4105 2518 beati

2468 2550 2694 2617 Isidori,
2719 2553 3034 2624 quotannis
3052 2552 3406 2608 sacrificium
3429 2551 3609 2606 altera
3630 2551 3724 2606 die
3743 2554 3876 2622 post
3895 2551 4106 2606 Pente-

2415 2633 2422 2640 ’
2467 2642 2659 2694 costen
2685 2641 3080 2711 praescribitur
3101 2657 3203 2712 pro
3222 2638 3521 2710 spiritibus
3545 2639 3968 2694 defunctorum.
3993 2639 4105 2694 Sed

2466 2728 2755 2796 ejusmodi
2789 2745 2988 2801 preces
3015 2745 3119 2800 pro
3151 2729 3222 2784 iis
3248 2727 3616 2783 solummodo
3638 2727 3874 2792 fiebant,
3907 2727 4004 2798 qui
4037 2741 4106 2782 ex

2465 2816 2664 2870 eadem
2697 2817 3141 2888 congregatione
3177 2819 3278 2871 aut
3329 2815 3526 2886 aliqua
3570 2813 3777 2870 saltem
3831 2815 4104 2871 societate

2465 2903 2574 2974 ipsi
2606 2903 2900 2974 conjuncti
2933 2905 3180 2970 fuerant,
3213 2909 3314 2958 aut
3343 2907 3495 2959 certe
3545 2902 3644 2974 qui
3670 2903 3821 2958 hanc
3850 2903 4098 2974 gratiam

2461 2991 2892 3058 donationibus,
2949 2991 3472 3064 consanguinitate,
3524 2996 3627 3046 aut
3683 2990 4096 3057 familiaritate,

2463 3079 2708 3150 aliisque
2740 3080 3054 3146 beneﬁciis,
3089 3085 3417 3135 meruerant
3444 3096 3456 3146 ;
3491 3084 3550 3134 at
3579 3078 3942 3150 0dilo,cujus
3969 3079 4101 3134 cha-

2462 3169 2602 3222 ritas
2635 3168 2785 3224 intra
2817 3167 3032 3224 limites
3062 3169 3203 3223 adeo
3229 3171 3509 3241 angustos
3539 3167 3816 3222 coarctari
3850 3185 3964 3222 non
3994 3183 4097 3239 po-

2458 3261 2626 3323 terat,
2660 3257 2810 3312 banc
2839 3257 2910 3322 ad
2941 3271 3142 3312 omnes
3173 3257 3408 3312 omnino
3431 3255 3629 3312 fideles
3649 3255 3951 3311 defunctos
3972 3271 4100 3327 gra-

2459 3344 2598 3399 tiam
2633 3345 2860 3400 extendi
2895 3343 3093 3400 voluit.

2532 3435 2650 3488 112.
2685 3434 2870 3504 Hujus
2899 3431 3266 3489 instituendas
3320 3432 3891 3490 commemorationis
3934 3448 4098 3488 occa-

2462 3523 2683 3577 sionem
2719 3522 2844 3577 fuse
2893 3523 3232 3578 describunt
3275 3522 3574 3578 Jotsaldus
3631 3527 3687 3578 et
3736 3523 3940 3578 Petrus
3987 3526 4103 3578 Da-

2464 3610 2639 3666 miani
2673 3611 2732 3666 in
2761 3611 2912 3666 beati
2940 3611 3046 3666 viri
3073 3611 3237 3679 Vita;
3271 3628 3449 3684 quare
3495 3611 3638 3667 satis
3665 3611 3857 3666 visum
3887 3615 3978 3666 est
4005 3609 4102 3666 hic

2463 3701 2716 3771 proferre
2747 3699 3063 3755 Burchardi
3113 3701 3416 3772 cujusdam
3472 3699 3740 3756 monachi
3793 3697 4102 3772 epistolam

2463 3787 2571 3842 hac
2597 3789 2667 3843 de
2699 3805 2756 3843 re
2787 3788 3084 3860 scriptam,
3117 3805 3294 3860 quam
3326 3805 3393 3843 ex
3425 3805 3534 3844 ms.
3585 3788 3782 3843 codice
3811 3787 4101 3844 Thuaneze

2462 3875 2822 3932 bibliothecae
2853 3876 3172 3932 habemus:
3203 3876 3520 3931 «Dominus
3547 3875 3812 3930 Patribus
3833 3879 3890 3930 et
3917 3875 4102 3932 senio-

2462 3965 2624 4020 ribus
2637 3963 3288 4019 Cluniacensiscmnobii
3306 3963 3975 4034 Burcharduspauperet
3986 3963 4100 4016 exi-

2461 4068 2612 4124 gnus
2641 4051 2900 4123 ipsorum
2934 4068 3134 4106 servus
3166 4056 3221 4106 et
3265 4050 3603 4118 monachus,
3636 4049 3885 4104 ccelestis
3905 4048 4098 4121 gloriae

2461 4155 2698 4194 munus.
2733 4139 2877 4202 Quia
2896 4138 3050 4194 enim
3080 4138 3208 4194 novi
3230 4155 3330 4193 vos
3357 4137 3810 4192 ferventissimus
3831 4150 4098 4192 commu-
4143 4139 4148 4146 '

2462 4227 2552 4283 nis
2583 4226 2800 4282 domini
2834 4231 2889 4281 et
2919 4225 3103 4281 Patris
3133 4225 3316 4281 nostri
3337 4225 3599 4281 0dilonis
3619 4241 3841 4280 coronaa
3871 4223 4099 4297 gloriae-

2461 4333 2572 4388 que
2603 4314 2996 4387 propalatores
3026 4319 3082 4370 et
3115 4312 3968 4378 commendatores,sanctitatis
3997 4329 4098 4369 ve-

2459 4409 2590 4459 strae
2621 4403 2860 4458 auribus
2890 4401 3416 4474 intimamus,quod
3439 4402 3509 4456 de
3533 4401 3796 4472 ejusdem
3826 4400 4100 4473 prmeonii

2460 4491 2731 4546 laudibus
2761 4489 3029 4546 veridicis
3057 4489 3303 4545 testibus
3335 4505 3520 4562 nuper
3547 4489 4096 4546 audivimusJiomo

2459 4579 2699 4652 quidam
2729 4578 3036 4650 religiosus
3067 4581 3124 4634 et
3153 4577 3320 4633 miles
3371 4577 3598 4634 abbatis
3643 4577 3936 4633 Voltensis
3967 4593 4097 4649 per-

2459 4667 2604 4722 rexit
2631 4665 3043 4737 Hierosolymis
3089 4683 3266 4722 causa
3311 4665 3589 4722 orationis
3646 4666 3718 4721 ad
3763 4665 4095 4738 sepulcrum

2459 4753 2716 4822 Domini;
2742 4771 2994 4826 cumque
3020 4755 3172 4811 idem
3196 4758 3575 4810 reverteretur
3594 4754 3666 4809 ad
3689 4754 3943 4826 propria,
3967 4771 4096 4826 per-

2459 4843 2608 4898 didit
2636 4843 2787 4899 viam
2820 4842 2960 4898 recti
2989 4843 3213 4899 itineris
3237 4861 3250 4898 :
3285 4844 3385 4916 qui
3424 4841 3726 4914 ingressus
3755 4843 3814 4898 in
3841 4841 4095 4914 quadam

2455 4932 2601 4987 silva
2631 4932 2834 5004 grandi
2866 4933 3112 4987 errando
3138 4933 3460 5005 vagabatur
3500 4931 3768 4987 nesciens
3818 4947 3934 5002 quo
3963 4930 4094 4986 iret.

2455 5020 2709 5092 Contigit
2739 5023 2932 5075 autem
2965 5025 3108 5075 nutu
3134 5020 3233 5075 Dei
3261 5021 3402 5076 dum
3432 5024 3648 5075 erraret
3676 5019 3735 5074 in
3762 5018 4100 5086 silva,utin-

2454 5109 2674 5164 veniret
2703 5109 3014 5179 quemdam
3049 5125 3247 5163 sanem
3298 5108 3598 5164 eremitam
3657 5105 4097 5163 sanctissimum

2453 5197 2816 5253 virum.Cum
2849 5212 2984 5268 ergo
3013 5196 3254 5252 vidisset
3281 5213 3416 5252 eum
3434 5211 3607 5252 senex
3638 5196 3753 5264 ille,
3785 5195 4100 5268 interroga-

2454 5285 2536 5340 vit
2564 5284 2730 5340 illum
2763 5283 2896 5356 quis
2927 5288 3100 5352 esset,
3132 5289 3233 5339 aut
3283 5285 3422 5356 quid
3472 5289 3773 5358 quzereret,
3820 5283 3910 5340 vel
3942 5284 4096 5339 unde

2454 5372 2884 5443 veniret,quove
2915 5372 3220 5426 tenderet?
3250 5373 3321 5426 At
3351 5371 3447 5428 ille
3479 5372 3778 5428 humiliter
3807 5371 4096 5427 intimavit

2454 5462 2502 5518 ei
2537 5477 2776 5516 causam
2802 5459 3015 5516 erroris
3047 5465 3105 5515 et
3131 5461 3285 5515 unde
3314 5465 3486 5525 esset,
3519 5465 3576 5516 et
3614 5461 3767 5532 quod
3796 5460 3868 5515 de
3897 5459 4095 5514 Hiero-

2455 5549 2694 5621 solymis
2725 5547 3142 5618 rediret,seque
3173 5548 3324 5604 viam
3348 5549 3483 5603 recti
3503 5547 3728 5603 itineris
3750 5545 4088 5618 perdidisse.

2453 5638 2709 5692 Audiens
2739 5639 2934 5692 autem
2968 5635 3062 5690 ille
3111 5652 3286 5691 senex
3335 5636 3578 5692 eremita
3623 5635 3778 5706 quod
3809 5633 3880 5686 de
3909 5627 4091 5685 Gallia

2453 5729 2626 5794 esset,
2660 5723 2963 5796 inquisivit
2993 5724 3065 5780 ab
3097 5740 3162 5779 eo
3195 5741 3267 5779 an
3313 5724 3422 5781 sibi
3481 5727 3653 5778 notus
3709 5724 3766 5774 et
3821 5715 4086 5786 cognitus

2455 5815 2662 5872 fuisset
2691 5813 2852 5871 locus
2877 5811 3210 5885 Cluniacus,
3239 5816 3297 5871 et
3325 5811 3504 5869 abbas
3558 5805 3742 5883 ipsius
3787 5801 3917 5868 loci,
3950 5810 4082 5852 san-
