4954 6480
1319 580 1438 655 8,79

2238 579 2300 639 S.
2350 578 2710 640 ODlLONlS
2755 574 3318 638 CLUNIACENCIS
3367 578 3694 640 ABBA'I‘lS
3741 580 3812 638 V.

4621 579 4744 639 880

1323 715 1454 768 ctus
1483 708 1650 766 Odilo
1681 709 1939 768 nomine.
1970 709 2076 766 Cui
2133 709 2297 767 miles
2345 710 2441 765 ille
2489 708 2830 782 peregrinus
2878 724 2964 763 re-
2996 709 3050 775 Α
3079 712 3136 763 et
3169 709 3626 781 pra~«-ipiniiis,ut
3657 715 3776 766 tam
3803 712 3856 766 iu
3875 712 3981 766 hoc
4009 712 4133 766 loco
4162 726 4338 784 quam
4377 712 4434 767 in
4468 713 4738 768 cunctis;

1325 799 1563 874 spondit
1583 799 1696 855 sibi
1727 799 1964 872 quidem
1985 799 2176 856 locum
2198 799 2390 872 ipsum
2412 805 2466 854 et
2491 800 2758 854 abbatem
2785 797 2970 870 ipsius

1323 889 1437 945 loci
1468 905 1596 946 esse
1626 887 2011 961 incognitum,
2045 889 2144 944 sed
2198 893 2314 943 tam
2377 887 2738 959 frequentius
2778 904 2837 941 se
2869 904 2970 940 au-

1327 977 1486 1034 disse
1517 995 1548 1034 a
1581 995 1688 1034 suo
1721 977 1944 1034 seniore
1995 977 2225 1043 abbate,
2281 977 2502 1032 scilicet
2550 977 2621 1030 de
2650 975 2836 1039 Volta,
2873 993 2970 1029 su-

1329 1066 1576 1140 pradicti
1606 1065 1714 1122 loci
1748 1071 1920 1140 atque
1950 1067 2179 1122 abbatis
2212 1084 2272 1122 se
2331 1083 2480 1120 esse.
2511 1066 2592 1120 Ad
2629 1065 2748 1119 haec
2782 1065 2976 1118 senior

1332 1155 1479 1211 dixit
1508 1155 1593 1212 ei:
1625 1158 1730 1228 Ego
1759 1155 1897 1228 quod
1952 1157 2094 1211 mihi
2150 1156 2213 1211 de
2265 1173 2324 1211 eo
2379 1155 2568 1209 dicina
2616 1157 2793 1226 pictas
2826 1170 2970 1208 rece—

1333 1245 1742 1314 lavit,indicabo
1772 1245 1888 1301 tibi.
1926 1246 2097 1301 Abbas
2143 1245 2452 1316 supradicti
2479 1246 2715 1298 ca'noliii
2755 1251 2974 1297 sanctus

1334 1334 1496 1393 Odilo
1525 1339 1696 1392 tanta:
1749 1335 2090 1392 excellentia:
2143 1344 2193 1390 et
2254 1337 2399 1390 tanti
2457 1335 2644 1388 meriti
2698 1338 2775 1388 est
2830 1331 2975 1404 apud

1325 1428 1518 1492 Deum,
1552 1431 1611 1480 ut
1639 1423 1939 1480 obtinuerit
1967 1425 2036 1477 ab
2087 1425 2220 1496 ipso,
2271 1423 2412 1494 quod
2467 1423 2613 1476 nulli
2657 1431 2971 1476 sanctorum

1321 1529 1566 1585 unquam
1613 1529 1942 1582 concessum,
1978 1522 2038 1569 ut
2083 1513 2214 1567 duos
2262 1515 2487 1582 insuper
2540 1512 2672 1576 dies,
2731 1511 2976 1564 videlicet

1323 1601 1555 1661 secunda
1585 1603 1729 1673 feria
1749 1610 1800 1657 et
1821 1604 1981 1657 tertia
2005 1603 2168 1672 feria,
2205 1603 2397 1656 liberie
2425 1602 2535 1655 sint
2563 1617 2744 1654 omnes
2772 1618 2839 1652 an
2851 1602 2978 1653 imre

1325 1689 1701 1762 defunctorum
1731 1690 1976 1760 ﬁdelium
2017 1708 2050 1744 a
2095 1695 2487 1745 tornu'ntorum
2534 1691 2802 1750 cruciatu,
2836 1689 2977 1742 etab

1327 1778 1582 1836 omnibus
1613 1779 1870 1850 gehennae
1894 1779 2162 1834 incendiis
2203 1787 2362 1850 atque
2410 1779 2714 1849 suppliciis.
2754 1779 2822 1830 Tu
2857 1792 2979 1830 vero

1327 1870 1432 1924 viae
1457 1876 1570 1925 tua?
1597 1869 1758 1924 citius
1788 1868 2049 1936 redderis,
2083 1869 2198 1940 qui,
2254 1872 2309 1922 ut
2367 1867 2484 1923 ltl’t'
2538 1867 2755 1921 audires
2811 1884 2840 1920 (ι
2874 1883 2976 1930 mc,

1329 1958 1607 2014 voluntate
1631 1958 1731 2014 Dei
1754 1959 2058 2029 permissus
2105 1973 2160 2012 es
2198 1957 2486 2028 paululum
2519 1956 2583 2010 de
2631 1957 2716 2009 via
2749 1971 2975 2010 errasse.

1336 2048 1574 2121 Cumque
1603 2047 1662 2102 in
1687 2047 1877 2118 patria
1909 2051 2005 2101 tua
2042 2062 2286 2101 reversus
2314 2047 2509 2115 fueris,
2543 2045 2851 2115 ubicunque
2880 2061 2978 2114 ρος
3013 2080 3058 2143 Β

1335 2137 1487 2204 teris,
1519 2152 1715 2192 nomen
1743 2135 1906 2208 hujus
1935 2137 2113 2191 sancti
2142 2133 2382 2189 0dilonis
2409 2135 2739 2203 divulgaliis,
2771 2133 2980 2186 denun-

1337 2227 1482 2282 tia-ns
1507 2226 1758 2282 omnibus
1810 2224 2141 2290 hominibus,
2201 2224 2465 2278 diuitibus
2521 2228 2571 2277 et
2626 2223 2979 2294 paulu'rilms,

1333 2315 1636 2388 majoribus
1663 2320 1716 2371 et
1746 2314 2071 2381 minoribus,
2105 2322 2163 2368 ut
2185 2315 2557 2384 unusquisque
2583 2329 2682 2382 pro
2711 2313 2824 2365 suis
2856 2312 2984 2364 ciri-

1336 2404 1430 2460 bus
1458 2406 1728 2460 orationes
1757 2411 1808 2458 et
1830 2403 2196 2475 eleemosynas
2227 2402 2476 2457 studeant
2515 2404 2694 2472 facere
2721 2418 2818 2470 pro
2861 2401 2980 2468 glo-

1332 2493 1636 2565 riﬁcatione
1668 2493 1826 2548 illius
1854 2495 2077 2560 animae,
2101 2492 2258 2563 cujus
2293 2492 2674 2546 intercessione
2705 2489 2984 2556 singulari

1330 2583 1496 2638 etiam
1550 2581 1820 2654 defunctis
1873 2582 2264 2654 peccatoribus,
2306 2583 2420 2635 sive
2475 2583 2638 2634 etiam
2688 2578 2978 2642 damnatis,

1332 2675 1446 2728 tam
1475 2671 1725 2728 inaudito
1756 2679 1807 2727 et
1849 2676 1960 2726 tam
2011 2672 2246 2741 benigna
2299 2675 2460 2740 atque
2520 2669 2919 2722 imrstimaliilis
2950 2685 2982 2720 α

1331 2761 1437 2816 Deo
1465 2776 1716 2816 concessa
1740 2767 1819 2815 est
1873 2760 2274 2814 misericordia.
2309 2759 2454 2822 Quid
2487 2758 2620 2812 inde
2653 2757 2978 2810 faciendum

1334 2848 1414 2903 sit
1442 2847 1702 2920 sapietis,
1736 2847 2094 2904 sanctissimi
2127 2848 2344 2903 Patres.
2380 2847 2590 2900 Scitote
2622 2851 2812 2899 tamen
2847 2845 2982 2916 quia

1335 2935 1499 2992 nulla
1521 2937 1806 2992 remansit
1835 2935 2080 2992 ecclesia
2109 2937 2166 2992 in
2221 2937 2548 3001 Germania,
2575 2935 2669 2990 ubi
2707 2953 2817 2988 non
2856 2933 2981 3005 pul-

1337 3025 1482 3082 satis
1513 3026 1787 3082 omnibus
1819 3026 2004 3098 signis
2029 3025 2088 3081 in
2121 3025 2472 3099 supradictis
2518 3025 2747 3079 duobus
2778 3024 2987 3078 diebus

1339 3114 1576 3188 publica
1605 3119 1660 3172 et
1690 3113 2024 3188 largissime
2075 3133 2180 3188 pro
2236 3117 2362 3185 ejus
2422 3114 2702 3170 charitatc
2731 3113 2877 3167 facta
2908 3111 2984 3167 sit

1338 3203 1724 3278 eleemosyna.
1760 3225 1788 3253 ››

1411 3293 1532 3350 113.
1563 3293 1709 3350 Huic
1730 3293 1986 3366 epistolae
2011 3293 2430 3365 subjungimus
2453 3293 2747 3346 decretum
2773 3291 2840 3344 de
2867 3295 2981 3344 tam

1338 3380 1550 3440 celebri
1598 3382 1966 3438 institutione
2015 3399 2047 3436 a
2089 3382 2260 3436 beato
2322 3382 2530 3436 abbate
2593 3379 2980 3449 factum,jam

3081 797 3222 853 locis
3254 800 3322 853 ad
3358 799 3532 854 istum
3567 800 3758 855 locum
3795 801 4225 872 pertinentibus
4278 805 4568 870 servetur,
4603 805 4660 857 et
4689 801 4740 856 si

3081 887 3230 942 alius
3264 888 3475 960 aliquis
3503 907 3568 944 ex
3613 891 3720 945 ista
3755 896 3952 945 nostra
3999 890 4153 944 fideli
4207 889 4542 945 inventione
4576 908 4738 947 sum-

3084 978 3262 1048 pscrit
3293 978 3644 1049 exemplum.
3677 980 3963 1050 particeps
3994 979 4258 1034 omnium
4293 980 4584 1034 bonorum
4615 980 4740 1034 effi-

3084 1065 3581 1122 ciaturvotorum.
3641 1068 3784 1138 Ergo
3825 1068 4075 1139 qualiter
4130 1069 4396 1122 omnium
4457 1069 4743 1124 memoria

3084 1155 3558 1210 Christicolarum
3595 1156 3773 1211 semel
3798 1157 3852 1212 in
3889 1175 4039 1212 anno
4059 1163 4284 1228 agatur,
4316 1157 4660 1213 monuimus
4685 1163 4740 1212 et

3083 1245 3472 1316 praecipimus,
3526 1246 3767 1314 dignum
3802 1248 4056 1317 profecto
4089 1247 4457 1312 ducimus,ut
4489 1265 4591 1319 pro
4643 1265 4741 1302 no.

3086 1340 3340 1388 strorum
3403 1336 3646 1389 fratrum
3707 1336 4018 1391 animabus
4074 1336 4186 1390 sub
4245 1336 4382 1391 ulmi
4443 1335 4740 1390 Benedicti

3088 1441 3290 1476 norma
3325 1423 3378 1477 in
3413 1424 3690 1478 cwnoliiis
3722 1424 3965 1480 Domino
3998 1426 4408 1495 militantibus,
4433 1430 4498 1478 ut
4525 1425 4743 1480 divinis

3086 1512 3303 1582 aliquid
3337 1514 3632 1583 obsequiis
3657 1513 3789 1584 plus
3815 1532 3971 1568 more
3992 1514 4160 1568 Solito
4184 1515 4745 1586 adaugcamus,ncc-

3091 1619 3199 1654 non
3231 1607 3287 1654 ut
3305 1602 3754 1657 meuuu-iachari
3776 1604 3954 1658 nostri
3975 1604 4343 1675 imperatoris
4361 1604 4588 1659 llcnrici
4606 1622 4744 1659 cum

3088 1690 3306 1745 eisdem
3345 1692 3632 1762 prmcipue
3672 1697 3880 1760 agatur
3938 1693 4377 1763 constituimus,
4411 1699 4473 1747 ut
4533 1694 4746 1748 merito

3090 1778 3388 1842 debemus,
3425 1779 3624 1834 multis
3655 1782 3726 1833 ab
3775 1779 3900 1852 ipso
3954 1780 4118 1835 dilati
4153 1783 4383 1853 Opibus,
4420 1781 4640 1837 scilicet
4672 1783 4744 1836 ad

3087 1866 3343 1936 vigiliam
3381 1874 3743 1922 mortuorum
3802 1873 3931 1939 post
3963 1887 3974 1940 ι
4002 1868 4254 1924 salinum
4287 1887 4299 1924 :
4335 1869 4410 1924 Ad
4457 1871 4746 1925 dominum

3087 1973 3210 2009 cum
3236 1957 3552 2024 tribu/acer,
3589 1957 3682 2028 qui
3719 1962 3849 2029 post
3883 1957 4155 2012 lectiones
4184 1957 4744 2026 recitatur,Donn’ne,

3088 2046 3218 2116 quid
3238 2047 4024 2116 multiplicatisunt,dicamus
4053 2048 4142 2107 :ad
4171 2049 4492 2102 matutinas
4516 2047 4744 2116 laudes,

3094 2140 3224 2205 post
3255 2139 3331 2189 De
3358 2136 3665 2205 profundis,
3722 2137 4020 2205 l'squequo,
4073 2139 4349 2200 Domine;
4399 2137 4470 2191 ad
4524 2137 4746 2210 Vespe-

3094 2240 3185 2278 ras
3218 2229 3344 2294 post
3407 2225 3606 2288 Lauda,
3643 2226 3828 2277 anima
3879 2243 4020 2289 mea,
4075 2228 4393 2292 Dominum,
4445 2226 4566 2280 Nisi
4613 2229 4748 2299 quia

3092 2315 3354 2366 Dominus
3377 2315 3700 2377 ,-ad...Deus,
3729 2314 3957 2367 auribus
3990 2317 4210 2378 uestris,
4240 2320 4366 2386 post
4398 2315 4628 2371 Domine
4657 2334 4746 2372 re-

3088 2404 3318 2472 fugiam.
3334 2403 3592 2456 Dominus
3625 2405 3759 2471 rcqil
3794 2419 3876 2456 mc
3901 2420 3913 2456 :
3938 2404 4020 2457 Ad
4058 2403 4371 2473 Litaniam,
4399 2404 4606 2463 Judica
4638 2422 4744 2471 me,

3091 2491 3302 2558 l)eus,ct
3335 2491 3596 2546 discerne.
3662 2492 3726 2544 Et
3779 2492 3856 2545 ita
3910 2491 4105 2546 divina
4165 2493 4388 2547 favente
4446 2493 4658 2566 gratia,
4683 2500 4749 2548 ut

3092 2579 3709 2650 pra:misimus.corum
3745 2585 3952 2650 agatur
3984 2581 4265 2635 memoria
4287 2598 4388 2653 per
4417 2583 4618 2638 omnia
4652 2584 4746 2637 fu-

3091 2673 3222 2721 tura
3251 2675 3528 2739 tempora,
3565 2674 3679 2722 tam
3718 2669 3772 2722 in
3808 2669 3912 2722 hoc
3941 2668 4087 2730 loco,
4121 2685 4297 2740 quam
4359 2671 4416 2725 in
4465 2672 4750 2727 omnibus

3091 2757 3160 2810 ad
3195 2757 3346 2810 hunc
3382 2757 3844 2828 respicientibus.
3881 2781 3904 2806 »ι

3163 2847 3283 2900 114.
3349 2846 3530 2915 Hujus
3589 2847 3841 2900 instituti
3909 2847 4176 2902 meminit
4233 2847 4533 2904 Ulalricus
4595 2847 4748 2903 libro

3091 2935 3587 2989 Consuetudinum
3624 2935 4121 3003 (lluniacensium,
4172 2954 4298 3009 cap.
4331 2939 4417 3003 42,
4452 2937 4577 3005 ubi,
4609 2955 4748 2992 cum

3091 3025 3304 3096 PngSt'i.
3334 3025 3404 3077 de
3439 3025 3742 3080 festivitate
3761 3025 4033 3080 Omnium
4055 3027 4646 3094 Sanctorum,subdit
4677 3028 4752 3082 de

3093 3114 3358 3184 sequenti
3393 3114 3502 3178 die,
3540 3114 3834 3167 decretum
3895 3132 4022 3168 esse
4081 3133 4114 3169 a
4163 3115 4330 3168 Patre
4381 3115 4651 3180 0dilone,
4687 3122 4754 3170 ut

3094 3203 3245 3257 sicut
3278 3202 3331 3256 in
3369 3203 3542 3273 priori
3577 3204 3670 3255 die
3729 3202 4206 3258 commemoralio
4268 3203 4390 3258 fieri
4436 3204 4588 3259 solet
4619 3222 4749 3260 am-

3095 3289 3254 3344 nium
3290 3296 3644 3356 sanctorum,
3676 3292 3756 3343 sic
3789 3297 3841 3344 et
3895 3292 3952 3345 in
3995 3291 4262 3363 sequenti
4299 3293 4458 3346 fieret
4488 3310 4754 3348 commc-

3095 3380 3340 3432 moratio
3373 3380 3634 3433 omnium
3690 3379 3946 3433 ῐίιίιιιίυιιι
4011 3382 4442 3438 defunctorum.
4492 3382 4646 3436 Tum
4680 3383 4758 3438 de

1339 3470 1580 3542 quidem
1613 3470 1836 3527 editum
1869 3487 1904 3526 a
1949 3470 2200 3525 Chesnio
2249 3470 2308 3524 in
2370 3469 2723 3523 Bibliotheca
2753 3467 2983 3522 Clunia-
3015 3452 3058 3517 C
3098 3469 3395 3523 occasione
3430 3469 3796 3522 instituenda'
3823 3470 3999 3540 hujus
4019 3470 4462 3526 consuetudinis
4496 3470 4580 3526 sic
4615 3488 4760 3542 pr0~

1337 3559 1498 3618 censi
1524 3578 1538 3628 ;
1563 3559 1662 3614 sed
1695 3557 1840 3614 illud
1871 3558 1985 3614 huc
2013 3557 2363 3630 proferimus
2407 3575 2472 3612 ex
2502 3558 2673 3612 veteri
2708 3574 2816 3611 ms.
2847 3556 2979 3610 Clu-

1339 3645 1634 3703 niacensis
1659 3646 2022 3713 monasterii,
2049 3647 2106 3702 in
2134 3663 2250 3718 quo
2281 3647 2364 3701 sic
2406 3646 2686 3701 habetur:
2717 3671 2743 3696 ‹‹
2778 3646 2981 3700 Decre-

1337 3739 1468 3790 tum
1497 3739 1585 3792 est
1607 3734 1996 3791 abeatissimo
2019 3735 2181 3791 Patre
2211 3736 2424 3790 domno
2447 3735 2832 3805 0dilone,una
2848 3751 2978 3789 cum

1338 3841 1631 3880 consensu
1663 3829 1720 3880 et
1753 3829 1957 3897 rogatu
2015 3825 2277 3880 omnium
2334 3825 2580 3879 fratrum
2638 3824 2982 3879 Cluniacen-

1339 3913 1516 3982 sium,
1552 3916 1616 3968 ut
1645 3913 1796 3970 sicut
1825 3913 1881 3968 in
1905 3914 2162 3970 ccclesiis
2185 3915 2305 3979 Dei,
2350 3931 2474 3985 qua:
2512 3931 2613 3986 per
2637 3914 2833 3967 orbem
2869 3917 2979 3968 ter-

1338 4017 1537 4058 rarum
1560 4000 1730 4075 longe
1760 4001 1988 4075 lateque
2019 4007 2363 4058 constructae
2387 4007 2543 4067 sunt,
2565 4001 2622 4056 in
2648 4002 2738 4056 die
2771 4001 2978 4057 Kalen-

1335 4091 1544 4146 darum
1575 4089 1992 4147 Novembrium
2024 4091 2218 4164 agitur
2241 4091 2522 4146 festivitas
2541 4091 2812 4146 Omnium
2838 4096 2977 4145 San-

1334 4179 1669 4249 etorum,ita
1689 4181 1844 4253 apud
1869 4199 1972 4236 nos
1996 4186 2205 4253 agatur
2229 4181 2429 4235 festivo
2451 4198 2607 4235 more
2633 4198 2978 4234 commemo-

1333 4267 1480 4324 ratio
1513 4269 1779 4326 omnium
1813 4269 2074 4325 fidelium
2105 4270 2540 4337 defunctorum,
2575 4269 2674 4340 qui
2707 4271 2780 4323 ab
2813 4269 2979 4324 initio

1333 4358 1536 4414 mundi
1570 4359 1808 4414 fuerunt
1837 4376 2022 4431 usque
2048 4358 2104 4414 in
2139 4359 2336 4424 finem,
2365 4359 2464 4413 tali
2497 4359 2690 4414 modo.
2724 4362 2854 4429 Ipso
2887 4359 2979 4414 die

1328 4447 1822 4520 supradicto,post
1853 4447 2176 4520 capitulum
2205 4448 2416 4502 facient
2438 4446 2862 4518 eleemosynam
2888 4447 2981 4501 de-

1326 4550 1509 4590 canus
1538 4540 1595 4591 et
1623 4533 1909 4591 cellerarii
1941 4536 2014 4590 de
2046 4551 2198 4608 pane
2229 4539 2283 4590 et
2315 4535 2446 4590 vino
2481 4535 2754 4590 omnibus
2782 4553 2978 4607 super-

1325 4623 1690 4680 venientibus
1739 4625 2118 4698 pauperibus,
2153 4625 2303 4680 sicut
2363 4641 2488 4678 mos
2545 4628 2635 4678 est
2678 4623 2883 4694 agendi
2917 4623 2975 4678 in

1324 4711 1498 4769 Cana
1528 4713 1754 4769 Domini
1780 4731 1795 4782 ;
1823 4717 1882 4769 et
1932 4713 2217 4786 quidquid
2270 4713 2394 4785 ipso
2426 4711 2518 4768 die
2569 4729 2636 4767 cx
2667 4712 2976 4768 refectione

3095 3558 3396 3628 sequitur:
3435 3559 3577 3613 Unde
3597 3559 3855 3613 acciderit
3884 3558 4024 3630 quod
4063 3560 4159 3613 hoc
4187 3561 4311 3630 pius
4363 3564 4522 3615 Pater
4549 3563 4762 3614 consti-

3093 3649 3216 3711 tuit,
3237 3650 3333 3718 qui
3359 3649 3475 3717 ejus
3513 3649 3680 3702 l'ilam
3706 3649 3920 3714 legerit,
3955 3649 4034 3702 ibi
4064 3650 4195 3703 bene
4215 3649 4313 3702 hoc
4338 3651 4516 3720 ipsum
4545 3666 4758 3718 cogno-

3090 3753 3238 3791 scere
3263 3745 3451 3807 potest.
3487 3738 3621 3800 Qua:
3654 3736 3903 3791 t’dalrici
3935 3738 4106 3792 verba
4138 3738 4488 3792 confirmant
4519 3755 4588 3792 ea
4620 3756 4760 3811 quae

3095 3826 3150 3878 in
3187 3830 3432 3896 utraque
3475 3825 3622 3879 beati
3677 3825 3782 3879 viri
3835 3825 3967 3880 Vita
4024 3827 4094 3881 de
4143 3826 4249 3881 hac
4311 3842 4371 3882 re
4430 3825 4760 3883 habentur.

3092 3916 3457 3984 Sulfragatur
3486 3931 3715 3986 quoque
3761 3914 4077 3969 Gaufcidus
4131 3916 4289 3986 prior
4343 3915 4649 3970 Vosiensis
4692 3917 4762 3971 in

3091 4003 3729 4074 Chronico,cap.l2,ubi
3757 4004 3834 4058 ait
3868 4004 4170 4058 ()dilonem
4196 4004 4382 4058 dicina
4419 4007 4769 4061 reuelatione

3090 4092 3416 4148 instituisse
3439 4096 3638 4163 festum
3671 4092 4072 4162 defunctorum,
4107 4093 4262 4164 quod
4303 4102 4421 4164 post
4473 4097 4765 4164 festivita-

3089 4190 3194 4236 tem
3224 4183 3470 4234 omnium
3500 4190 3811 4235 sanctorum
3839 4182 4152 4246 celebravit,
4191 4189 4241 4235 et
4289 4182 4388 4235 toti
4439 4181 4632 4235 ordini
4661 4197 4772 4237 suo

3087 4271 3468 4325 celebrandum
3504 4271 3726 4324 indicit.
3754 4273 3885 4335 Qua]
3921 4269 4210 4324 institutio
4244 4269 4400 4324 brevi
4424 4270 4580 4341 apud
4611 4270 4772 4325 alias

3089 4376 3320 4431 quoque
3354 4358 3638 4412 Ecclesias
3687 4358 3949 4422 invaluit,
3983 4363 4047 4413 ut
4105 4360 4253 4412 inter
4305 4356 4453 4412 alios
4503 4363 4774 4414 testatur

3088 4448 3425 4519 Sigebertus
3479 4447 3915 4500 (:cuiblaccnsis
3950 4447 4273 4501 monachus
4315 4447 4372 4501 in
4433 4446 4764 4514 Chronico,

3088 4537 3185 4590 ubi
3220 4541 3348 4607 post
3383 4535 3618 4590 relatam
3647 4537 3714 4589 ad
3743 4553 3960 4589 annum
3985 4539 4092 4590 928
4150 4553 4328 4606 supra
4359 4541 4761 4591 memoratam

3087 4625 3394 4690 visionem,
3431 4630 3486 4678 et
3518 4623 3780 4678 (Milonis
3814 4625 3884 4679 de
3928 4622 4276 4678 celebranda
4329 4623 4758 4678 defunctorum

3087 4714 3368 4769 memoria
3398 4713 3902 4777 constitutionem,
3962 4713 4302 4782 subjungit:
4339 4713 4445 4780 Qui
4487 4715 4639 4768 ritus
4677 4715 4761 4768 ad

1323 4801 1568 4858 fratrum
1605 4802 1954 4858 remanserit
1991 4803 2062 4858 ad
2108 4803 2447 4876 prandium,
2479 4818 2546 4856 ex
2576 4801 2803 4874 integro
2832 4802 2973 4856 reci-
3006 4821 3052 4887 Ι)
3087 4805 3285 4858 multas
3344 4803 3594 4856 ecclesias
3661 4803 3952 4868 transiens,
4031 4802 4278 4870 ﬁdelium
4361 4802 4760 4871 defunctorum

1322 4887 1447 4960 piat
1475 4889 1992 4964 eleemosynarius,
2025 4891 2139 4947 nisi
2173 4894 2401 4947 tantum
2438 4907 2646 4963 panem
2690 4895 2746 4944 et
2772 4889 2972 4945 vinum

1323 4993 1449 5050 quae
1479 4996 1583 5051 pro
1609 4997 1773 5036 coena
1801 4980 2200 5053 recipiet.lpso
2222 4981 2402 5036 etiam
2425 4979 2518 5034 die
2540 4984 2671 5051 post
2701 4980 2973 5052 vesperti-

1322 5065 1516 5124 nalem
1543 5069 1808 5140 synaxim
1839 5068 2155 5141 pulsentur
2199 5070 2399 5125 omnia
2446 5067 2634 5141 signa,
2666 5071 2724 5124 et
2765 5075 2975 5140 agatur

1319 5154 1583 5229 Vespera:
1615 5175 1717 5229 pro
1749 5157 2061 5213 defunctis.
2087 5158 2150 5214 In
2182 5158 2437 5214 crastino
2469 5162 2662 5212 autem
2697 5163 2831 5230 post
2854 5158 2970 5212 Ma-

1321 5243 1541 5300 tutinas
1570 5245 1878 5316 pulsentur
1924 5247 2115 5300 denuo
2169 5247 2368 5302 omnia
2421 5247 2608 5318 signa,
2669 5251 2727 5301 et
2766 5252 2974 5318 agatur

1319 5331 1579 5388 ofﬁcium
1595 5349 1698 5404 pro
1718 5332 2010 5388 defunctis
2035 5335 2126 5400 ;ad
2157 5335 2398 5392 missam
2415 5353 2548 5390 vero
2564 5335 2971 5391 matutinalem

1315 5419 1524 5476 festivo
1557 5435 1716 5475 more
1746 5425 1953 5492 agatur
1983 5421 2263 5488 ofﬁcium,
2287 5423 2487 5479 omnia
2539 5425 2708 5495 signa
2740 5423 2971 5496 pulsen-

1317 5511 1440 5578 tur,
1470 5510 1722 5563 tractum
1755 5525 1790 5564 a
1835 5509 2065 5566 duobus
2114 5511 2390 5568 fratribus
2449 5518 2732 5569 cantetur.
2765 5512 2968 5569 Cuncti

1315 5595 1533 5652 fratres
1553 5596 1796 5652 otl‘erant
1823 5596 2092 5671 privatim
2117 5616 2132 5665 ;
2161 5603 2218 5654 et
2275 5600 2504 5671 publice
2548 5603 2790 5657 missam
2820 5602 2967 5658 cele-

1315 5682 1618 5758 brentpro
1649 5684 1852 5758 requie
1908 5685 2174 5741 omnium
2227 5687 2554 5743 animarum
2605 5689 2887 5754 fidelium,
2912 5695 2968 5744 et

1315 5770 1621 5829 duodecim
1657 5790 1943 5847 pauperes
1972 5774 2404 5832 reficiantur.Et
2437 5782 2498 5831 ut
2527 5777 2636 5831 hoc
2667 5777 2963 5832 decretum

1309 5865 1660 5944 perpetuum
1691 5862 1946 5942 vigorem
1977 5863 2258 5933 obtineat,
2284 5863 2560 5920 volumus
2601 5869 2657 5919 et
2686 5865 2962 5939 petimus,

3083 4894 3402 4946 memoriam
3432 4891 3961 4960 solemnizarifecit.
4000 4891 4059 4944 Id
4108 4908 4142 4944 τι
4185 4890 4435 4961 Notgero
4467 4889 4756 4962 episcopo

3083 4981 3140 5034 in
3173 4980 3404 5035 diwcesi
3442 4979 3740 5034 Leodiensi
3778 4983 4073 5050 receptum
4110 4979 4289 5033 fuisse
4322 4983 4523 5032 monet
4543 4979 4758 5033 Ansel-

3081 5087 3238 5136 mus,
3271 5069 3534 5139 ejusdem
3598 5067 3853 5122 ecclesia
3912 5067 4250 5136 canonicus,
4303 5067 4494 5140 capite
4547 5069 4643 5132 53,
4686 5068 4755 5122 in

3080 5158 3269 5213 Gestis
3300 5158 3642 5228 pontificum
3675 5155 4212 5222 Leodiensium,ubi
4249 5161 4382 5227 post
4411 5157 4752 5227 expositam

3081 5246 3260 5318 hujus
3291 5245 3682 5302 solemnitatis
3728 5263 3761 5299 a
3809 5251 4012 5299 sancto
4063 5244 4303 5300 Odilone
4363 5244 4750 5300 instituenda

3081 5339 3470 5401 occasionem,
3507 5334 3814 5404 subjungit
3858 5351 3984 5388 eam
4018 5333 4192 5390 variis
4225 5333 4282 5388 in
4318 5333 4592 5388 Ecclesiis
4621 5338 4750 5388 sta-

3079 5425 3185 5482 tim
3219 5431 3508 5496 receptam
3545 5423 3742 5489 fuisse,
3778 5427 3924 5485 tum,
3951 5441 4112 5496 quam
4147 5423 4360 5495 inquit,
4389 5423 4747 5478 consuetudi-

3079 5531 3204 5569 nem
3234 5517 3400 5569 etiam
3430 5515 3706 5584 episcoyus
3739 5512 3940 5566 Christi
3996 5514 4259 5582 Notgerus
4307 5511 4377 5566 ad
4407 5528 4571 5565 suam
4599 5510 4746 5565 diie-

3075 5606 3236 5658 cesim
3268 5605 3575 5666 transtulit,
3606 5617 3829 5672 eamque
3860 5602 4174 5656 solemnitcr
4202 5603 4328 5671 ﬁeri
4360 5601 4665 5654 ordinant.

3149 5692 3270 5746 415.
3301 5690 3662 5746 'l‘rithemius
3694 5689 3750 5743 in
3793 5689 3966 5744 veteri
4011 5690 4268 5745 editione
4298 5688 4570 5744 Cbronici
4605 5688 4748 5742 Hir-

3076 5779 3403 5850 saugiemis
3437 5781 3736 5833 decretum
3788 5795 3856 5832 ea
3911 5779 3982 5833 de
4040 5796 4100 5834 re
4147 5796 4182 5833 a
4239 5783 4442 5834 sancto
4489 5777 4748 5832 Odilone

3077 5870 3296 5926 factum
3326 5869 3632 5942 consignat
3662 5883 3815 5924 anno
3838 5866 4015 5936 4010;
4051 5883 4168 5942 quo
4215 5883 4369 5926 anno
4409 5871 4614 5924 narrat
4644 5866 4750 5923 bi-
