3910 6422
208 445 318 508 88
333 451 366 511 1
1782 459 1884 521 Εῐιι

2091 457 2156 523 ii.
3551 469 3672 540 88!

213 580 502 639 storiam
533 579 835 658 vulgatam
861 583 1250 660 eremitae,qui
1284 585 1420 645 huic
1450 587 1798 646 institutioni
1826 607 1914 647 oc-
1941 592 1992 660 Α
2025 591 2271 651 Odilonis
2306 599 2537 668 peteme
2593 597 2824 672 imperio
2879 599 3132 661 obediens
3208 603 3440 680 scripsit
3492 614 3670 682 Syrus

213 670 560 727 casionem
595 673 910 746 praebuisse
949 673 1187 730 dicitur.
1221 677 1364 731 Eum
1397 693 1528 732 vero
1555 676 1914 735 inhabitasse
2023 684 2366 740 monachus.
2401 688 2615 744 Getera
2642 670 2990 758 omittimus,
3019 697 3084 748 ut
3130 670 3397 752 dicamus
3439 670 3664 770 aliquid

210 759 458 815 scribit
478 777 744 816 eremum
768 761 938 832 juxta
970 768 1231 819 montem
1262 763 1482 820 Ethna:
1537 783 1638 822 seu
1669 767 1914 823 Vulcani
2021 771 2090 826 de
2123 771 2390 843 ipsismet
2419 775 2569 830 beati
2598 777 2826 834 abbatis
2858 781 3130 852 operibus
3161 788 3219 837 et
3248 783 3530 840 doctrina.

209 849 286 904 in
365 848 579 906 Sicilia
629 851 828 906 situm.
861 851 992 906 Haec
1053 853 1279 921 eadem,
1314 854 1414 908 sed
1463 853 1636 926 paulo
1695 856 1907 924 fusius,
2093 860 2212 914 117.
2247 848 2915 936 Odiloniseloquentiam
2939 866 3138 924 laudat
3157 871 3318 926 Abbo
3341 871 3661 930 Floriacen-

211 939 462 1010 repetit
493 938 552 993 in
591 956 737 994 nova
769 940 1036 1027 ejusdem
1072 941 1340 996 Clironici
1373 942 1623 998 editione
1665 945 1909 1015 Sangal-
2018 947 2100 1002 sis
2145 948 2326 1004 abbas
2387 951 2444 1005 in
2497 953 2742 1024 epistola
2787 956 3057 1027 superius
3089 956 3662 1018 Iaudata.Jotsaldus

207 1025 421 1091 Iensi,
455 1026 572 1081 nisi
599 1028 754 1099 quod
783 1026 908 1083 loco
936 1029 1195 1084 eren'iitze
1220 1030 1569 1085 monachum
1595 1033 1907 1103 quemdam
2017 1050 2149 1090 vero
2174 1037 2436 1107 eiusdem
2469 1040 2526 1094 in
2558 1025 2877 1114 Scripturis
2919 1045 3306 1102 eruditionem
3355 1052 3411 1104 et
3459 1049 3518 1104 in
3548 1067 3659 1106 ser-

209 1113 630 1187 peregrinum
685 1132 714 1171 e
743 1115 1116 1173 Cluniacensi
1157 1117 1379 1173 familia
1423 1117 1664 1175 inducit.
1699 1121 1910 1176 Subdit
2017 1139 2189 1178 mone
2222 1124 2550 1184 facundiam
2578 1113 2844 1201 pluribus
2873 1135 3327 1191 oommendatin
3359 1137 3488 1209 ejus
3504 1137 3655 1195 Vita.

205 1203 460 1258 deinde
511 1202 854 1260 institutum
910 1203 1057 1260 illud
1109 1223 1142 1260 a
1188 1206 1410 1262 Joanne
1433 1207 1606 1263 XVIII
1637 1209 1907 1280 pontifice
2015 1211 2290 1282 Ejusdem
2319 1216 2720 1274 exhortationes
2767 1219 2968 1276 laudat
3015 1222 3218 1280 Petrus
3261 1202 3553 1283 Blesensis
3597 1227 3656 1282 in

208 1292 511 1347 Romano
532 1293 946 1349 conﬁrmatum
976 1293 1180 1350 fuisse.
1209 1295 1370 1361 Quod
1400 1297 1595 1366 potius
1635 1297 1706 1352 ad
1735 1297 1906 1354 Joan-
2013 1299 2257 1371 epistola
2287 1302 2548 1376 l23,qute
2580 1313 2667 1362 est
2696 1309 2766 1363 ad
2802 1309 3156 1367 Richardum
3185 1313 3654 1371 Londoniensem

207 1397 370 1436 nem
410 1380 536 1435 XIX
569 1381 766 1436 referri
798 1382 988 1446 debet,
1007 1382 1059 1437 si
1094 1382 1213 1438 huic
1245 1383 1373 1454 ipsa
1403 1383 1742 1439 constitutio
1775 1389 1906 1457 post
2012 1387 2372 1461 episc0pum,
2393 1393 2490 1448 ubi
2523 1395 2694 1450 refert
2719 1396 2941 1468 aliquot
2972 1399 3157 1454 sancti
3181 1401 3410 1457 abbatis
3431 1400 3557 1459 loca
3583 1403 3655 1459 de

211 1469 483 1526 Ilcnrici
511 1469 762 1541 Augusti
793 1471 1123 1539 obitum,ut
1149 1472 1208 1526 in
1234 1472 1463 1527 decreto
1485 1489 1518 1527 a
1541 1473 1708 1528 nobis
1729 1490 1904 1546 supe-
2012 1476 2383 1535 sanctissimo
2431 1481 2806 1539 Eucharistizs
2854 1492 3237 1545 sacramento.
3272 1489 3651 1560 Trithemius,

209 1558 356 1614 rius
397 1557 648 1614 laudato
681 1557 911 1614 disertis
953 1559 1152 1614 verbis
1201 1559 1468 1627 habetur,
1501 1562 1653 1617 facta
1693 1561 1900 1631 fuerit;

207 1647 540 1721 siquidem
563 1647 823 1704 Joannes
844 1647 1021 1704 XVIII
1043 1649 1170 1720 jam
1205 1665 1234 1704 θ
1267 1648 1407 1704 vivis
1456 1655 1782 1705 excesserat
1828 1651 1900 1707 ab

202 1737 467 1809 aliquot
497 1736 698 1801 annis,
730 1753 862 1792 cum
886 1742 1127 1793 sanctus
1149 1737 1428 1793 Henricus
1451 1738 1612 1793 obiit.
1643 1739 1899 1811 Longius

207 1842 246 1881 a
274 1842 434 1881 vero
469 1825 833 1897 abest,quod
864 1823 923 1880 in
949 1825 1124 1880 veteri
1156 1825 1564 1897 Martyrologio
1593 1826 1810 1882 Adonis
1830 1843 1898 1882 ex

201 1911 574 1968 Corbeiensi
636 1911 822 1966 sancti
871 1909 1168 1966 Laurentii
1218 1911 1596 1983 prmpositura
1649 1912 1898 1968 habetur

204 2001 311 2057 his
343 1999 560 2056 verbis
596 2015 609 2052 :
645 2016 702 2054 iv
729 1999 908 2054 Nonas
927 2000 1455 2056 Novembris...item
1487 2003 1598 2072 ipso
1628 2002 1717 2056 die
1742 2018 1898 2072 gene-

203 2090 358 2146 ralis
387 2089 671 2144 memoria
699 2086 944 2158 ﬁdelium
967 2087 1366 2159 defunctorum,
1380 2091 1674 2144 constituta
1689 2107 1722 2144 a
1745 2091 1895 2146 beato

204 2177 485 2240 Odilone,
521 2177 863 2232 auctoriz-ata
895 2191 1018 2231 vero
1065 2183 1117 2231 et
1163 2177 1485 2247 conﬁrmata
1507 2194 1541 2231 a
1589 2177 1894 2235 beatissimo

197 2283 362 2338 papa
395 2266 600 2332 Leone,
641 2280 788 2319 anno
817 2264 885 2319 ab
917 2265 1296 2319 incarnatione
1337 2265 1558 2320 Domini
1601 2267 1894 2322 millesimo

200 2354 486 2411 secundo.
525 2353 644 2408 Hoc
669 2352 884 2424 quippe
913 2369 1067 2408 anno
1097 2351 1388 2420 Silvester,
1425 2370 1537 2408 non
1587 2370 1722 2408 vero
1757 2355 1888 2420 Leo,

209 2445 427 2500 Romae
461 2441 731 2498 sedebat.
762 2441 869 2496 Sed
901 2457 1064 2496 error
1093 2445 1183 2495 est
1213 2441 1456 2496 fortasse
1489 2441 1886 2506 amanuensis,

205 2533 316 2606 qui
364 2546 586 2586 vocem
634 2531 1086 2602 quinquagesimo
1133 2534 1363 2584 incaute
1411 2529 1691 2586 omiserit.
1723 2532 1888 2586 Anno

208 2620 448 2694 quippe
483 2619 673 2689 hujus
723 2617 916 2674 saeculi
967 2619 1223 2674 secundo
1273 2635 1452 2690 supra
1473 2618 1887 2691 quinquagesi-

208 2727 384 2765 mum
426 2709 552 2764 Leo
581 2707 652 2763 IX
677 2706 763 2762 vir
789 2707 1204 2763 sanctissimus
1227 2707 1548 2762 Romanam
1573 2707 1884 2764 Ecclesiam

209 2798 485 2871 regebat.

448 2885 525 2940 X.
561 2883 718 2938 Odilo
747 2883 930 2938 studia
953 2887 1251 2954 promovet.
1285 2884 1412 2954 Ejus
1438 2884 1660 2954 scripta.

286 2976 414 3031 116.
433 2972 754 3030 Odilonem
775 2971 1101 3027 litterarum
1117 2971 1416 3026 scientiam
1436 2988 1567 3026 cum
1587 2972 1884 3026 honestate

207 3080 458 3119 morum
495 3062 562 3116 in
597 3077 659 3115 se
692 3059 818 3131 ipso
850 3059 1585 3131 conjunxisse,probantea
1607 3076 1733 3130 qua:
1757 3060 1881 3129 jam

205 3153 279 3208 de
315 3152 522 3225 ipsius
555 3149 871 3206 virtutibus
901 3147 1157 3204 diximus
1203 3151 1260 3203 et
1305 3164 1479 3220 opera
1521 3164 1647 3218 quae
1679 3147 1878 3202 edidit.

208 3239 424 3294 Studia
455 3254 600 3293 vero
631 3236 805 3293 etiam
831 3235 887 3291 id
915 3235 1041 3290 suis
1081 3235 1435 3306 approbasse
1483 3233 1766 3291 discimus
1814 3252 1882 3290 ex

2013 1564 2112 1636 qui
2143 1566 2272 1636 ejus
2302 1566 2668 1626 solummodo
2699 1589 2999 1629 sermones
3028 1575 3267 1644 viderat,
3287 1593 3422 1633 eum
3449 1582 3650 1634 tamen

2011 1658 2270 1710 recenset
2290 1655 2442 1711 inter
2463 1657 2618 1714 viros
2643 1659 2844 1716 doctos
2875 1661 2978 1733 qui
3000 1663 3211 1720 saeculo
3230 1679 3284 1720 χι
3309 1665 3648 1722 ﬂoruerunt.

2008 1739 2208 1796 Eidem
2240 1759 2373 1798 cum
2405 1744 2475 1800 iis
2505 1747 2606 1817 qui
2636 1752 2764 1802 ortu
2796 1753 2854 1803 et
2877 1749 3144 1806 doctrina
3172 1751 3434 1824 insignes
3462 1758 3648 1820 erant,

2007 1826 2199 1884 locum
2230 1833 2520 1888 concessit
2549 1833 2794 1890 Platina.
2826 1838 2901 1890 Ad
2936 1836 3151 1893 calcem
3185 1839 3396 1896 veteris
3431 1840 3648 1898 codicis

2009 1932 2120 1972 ms.
2153 1917 2410 1976 ecclesiae
2436 1921 2762 1979 Aniciensis
2793 1928 3024 1982 exstant
3054 1927 3314 1983 nonnulli
3346 1945 3548 1987 versus
3573 1929 3647 1987 de

2005 2002 2280 2063 laudibus
2309 2008 2495 2063 sancti
2527 2009 2743 2079 Maioli,
2777 2012 2876 2082 qui
2909 2013 3076 2071 beato
3110 2011 3337 2072 Odiloni
3381 2016 3644 2090 inscripti

2003 2097 2160 2148 sunt.
2192 2098 2412 2152 Horum
2450 2097 2673 2169 aliquot
2721 2100 3092 2172 proferimus,
3123 2101 3184 2160 in
3233 2103 3450 2178 quibus
3489 2105 3644 2161 beati

2001 2179 2108 2236 viri
2138 2182 2401 2239 doctrina
2429 2184 2702 2242 laudatur
2733 2203 2746 2245 :

2093 2296 2312 2374 deelio
2346 2297 2564 2371 domino
2595 2299 2751 2374 Patri,
2781 2303 3048 2374 probitate
3079 2306 3318 2374 colando,

2094 2359 2342 2429 Qogmate
2373 2363 2670 2429 perspicuo,
2701 2359 2882 2429 divino
2904 2379 3126 2429 munere
3155 2359 3310 2429 fulto,

2091 2420 2255 2492 Quem
2286 2420 2894 2492 Deihini'thebunl-dat
2923 2428 3076 2477 nobis
3104 2420 3307 2480 onoma'
3329 2429 3591 2492 Gnaeum,

2089 2482 2221 2554 gum
2249 2497 2406 2545 grege
2437 2487 2730 2554 cqmmissq
2747 2487 2874 2554 Regi
2896 2494 3140 2554 parente
3159 2503 3412 2554 superno,

2093 2543 2243 2593 Hunc
2269 2543 2455 2594 omnes
2485 2548 2671 2597 fratres
2700 2543 2919 2600 Domini
2937 2553 3092 2601 matri
3119 2543 3434 2604 famulantes

2091 2605 2281 2655 V'allari
2303 2609 2552 2671 rogitant,
2582 2613 2634 2659 et
2662 2613 2941 2674 pervenire
2971 2618 3275 2677 peroptaut,
3299 2620 3397 2666 etc.

1996 2711 2211 2768 Omitto
2241 2717 2504 2771 auctores
2533 2716 2630 2788 qui
2673 2717 2928 2774 virorum
2978 2718 3295 2776 illustrium
3343 2722 3634 2796 catalogos

1996 2805 2368 2868 contexuere;
2389 2808 2447 2858 at
2477 2803 2677 2859 mirari
2709 2805 2854 2862 satis
2885 2824 2996 2864 non
3021 2824 3338 2879 possumus
3357 2811 3511 2868 beati
3527 2811 3632 2868 viri

1995 2885 2406 2957 humilitatem,
2440 2891 2539 2960 qui
2572 2892 2920 2965 sibimetipsi
2968 2895 3048 2951 ita
3091 2896 3225 2953 vilis
3265 2901 3324 2953 et
3369 2899 3630 2970 abiectus

1991 2976 2314 3043 videbatur,
2351 2984 2412 3033 ut
2440 2979 2629 3035 Vitam
2658 2981 2992 3039 Adheleidis
3022 2983 3430 3056 imperatricis,
3452 2997 3631 3060 quam

1991 3062 2187 3118 Basilii
2221 3069 2278 3120 et
2302 3065 2632 3139 Hieronymi
2659 3085 2816 3126 more
2851 3072 3208 3143 Epitaphium
3253 3075 3628 3148 nuncupavit,

1990 3167 2053 3206 se
2084 3150 2209 3206 ideo
2239 3151 2429 3208 solum
2462 3155 2798 3226 scripsisses
2821 3159 2919 3214 viti
2947 3161 3202 3232 brevique
3218 3173 3464 3220 sermne
3478 3163 3634 3220 dixe-

1991 3237 2082 3306 rit,
2117 3243 2180 3294 ut
2209 3240 2572 3298 occasionem
2605 3244 2885 3314 praeberet
2907 3245 3082 3302 alicui
3122 3247 3243 3304 viro
3284 3249 3510 3306 erudito
3556 3251 3631 3310 de

211 3326 285 3382 iis
316 3346 454 3399 qua:
488 3326 564 3383 ad
599 3325 699 3381 illa
724 3325 1119 3396 promovenda
1147 3325 1220 3378 ab
1249 3341 1315 3378 eo
1344 3325 1491 3379 facta
1521 3323 1701 3378 fuisse
1727 3323 1877 3394 apud
1911 3310 1954 3377 C
1995 3331 2109 3381 tam
2143 3333 2346 3384 sancta
2374 3310 2742 3402 imperatrice
2763 3333 2935 3405 digne
2956 3339 3014 3390 et
3042 3339 3634 3410 competenter,prout

211 3421 488 3472 vetustos
513 3417 786 3470 auctores
818 3413 1037 3485 passim
1076 3411 1344 3484 legimus.
1370 3413 1532 3467 Certe
1562 3411 1724 3467 Abbo
1757 3411 1882 3466 Flo-

214 3503 513 3560 riacensis
547 3503 858 3568 abbas,vir
889 3500 1122 3556 illorum
1155 3505 1482 3572 temporum
1507 3500 1812 3555 sanctitate
1829 3503 1886 3554 et

212 3593 493 3648 doctrina
504 3587 1498 3661 celeberrimus,scripsitepistolam
1516 3588 1880 3660 prolixiorem

217 3681 290 3736 ad
323 3681 651 3751 cujusdam
675 3678 940 3734 monachi
963 3677 1362 3734 Cluniacensis
1389 3679 1589 3733 attenti
1605 3682 1656 3733 et
1689 3677 1882 3732 docilis

215 3769 600 3841 petitionem,
627 3767 694 3822 de
725 3768 1045 3838 rejwtilionc
1072 3767 1342 3820 similium
1384 3782 1754 3834 numerorum,
1785 3769 1884 3838 qui

213 3859 494 3914 habentur
549 3857 899 3928 frequentius
957 3857 1015 3910 in
1070 3855 1370 3910 canonibus
1427 3857 1878 3924 Evangeliorum.

215 3949 406 4012 Quam
440 3947 692 4018 quidem
725 3944 1106 4016 quaestionem
1139 3959 1200 3998 se
1235 3943 1544 3998 mandasse
1565 3943 1882 4016 scriptis,et

216 4035 540 4106 prolixiora
574 4049 847 4090 sermone
894 4032 1229 4104 exposuisse
1273 4035 1539 4097 testatur,
1572 4032 1726 4103 quod
1781 4049 1880 4087 ne-

217 4122 513 4194 quivisset
547 4121 632 4177 illi
661 4137 731 4176 ex
763 4125 1022 4191 tempore
1053 4121 1237 4175 facere
1262 4120 1568 4184 satis,tum
1589 4120 1663 4175 ob
1696 4121 1880 4192 ipsius

219 4209 573 4282 quaestionis
605 4207 1166 4272 difﬁcultatem,tum
1197 4207 1348 4278 quod
1384 4210 1615 4278 tempus
1645 4209 1716 4263 ad
1741 4208 1883 4262 inte-

213 4313 385 4368 gram
421 4298 588 4355 illius
615 4296 1082 4369 explanationem
1112 4312 1225 4351 non
1253 4295 1577 4350 suffecisset
1610 4312 1624 4350 :
1659 4311 1727 4350 ex
1765 4312 1880 4366 quo

221 4391 381 4457 patet
425 4386 794 4443 monachum
839 4383 1007 4440 illum
1050 4384 1122 4438 ad
1162 4382 1519 4438 difﬁciliores
1567 4383 1878 4455 Scriptura:

221 4491 398 4529 sacrae
433 4475 796 4549 quaestiones
823 4471 1160 4528 enodandas
1189 4471 1453 4525 animum
1504 4471 1877 4542 applicuisse.

220 4563 445 4620 Studiis
475 4563 661 4620 etiam
693 4559 949 4617 historiae
979 4559 1396 4616 incumbebant
1434 4559 1701 4614 monachi
1745 4560 1879 4615 Clu-

223 4649 534 4708 niacenses
568 4653 682 4708 sub
713 4649 866 4705 beati
897 4647 1159 4705 Odilonis
1187 4647 1490 4719 regimine,
1523 4651 1585 4702 ut
1615 4652 1771 4720 patet
1811 4665 1878 4704 ex
1909 4669 1956 4734 ι)

220 4738 415 4796 Glabri
451 4740 692 4796 Rodulﬁ
723 4737 996 4807 Hisloria,
1017 4737 1249 4809 ipsimet
1270 4735 1496 4791 Odiloni
1523 4741 1874 4809 nuncupata,

219 4843 524 4900 quamque
556 4845 621 4884 se
643 4827 974 4898 suscepisse
995 4825 1362 4881 scribendam
1377 4823 1588 4880 Glaber
1611 4829 1881 4890 testatur,

221 4916 601 4973 studiosorum
655 4919 901 4988 [rutrum
967 4915 1326 4986 querimoniis
1391 4913 1725 4980 excitatum,
1782 4912 1882 4984 qui

222 5018 372 5073 aegre
407 5005 680 5061 ferebant
712 5002 1008 5058 neminem
1030 5001 1296 5068 inveniri,
1330 5002 1430 5073 qui
1462 5019 1704 5058 suorum
1737 5007 1882 5056 tem-

229 5105 435 5158 porum
467 5099 716 5150 eventus
737 5097 857 5146 tam
885 5093 940 5147 in
968 5091 1208 5148 ecclesiis
1238 5092 1334 5146 Dei
1361 5107 1522 5162 quam
1547 5091 1605 5144 in
1631 5091 1883 5161 plebibus

231 5182 555 5247 posteritati
610 5179 1068 5248 commendaret,
1102 5185 1227 5234 tum
1273 5178 1417 5233 dicit
1456 5194 1518 5234 se
1561 5177 1668 5232 hac
1719 5178 1776 5232 in
1823 5192 1883 5232 re

232 5265 492 5325 Odilonis
521 5269 888 5341 praeceptioni
915 5283 978 5322 ac
1003 5269 1246 5337 fratrum
1292 5267 1564 5321 voluntati
1607 5265 1882 5320 obedien-

229 5354 315 5408 tes
347 5356 716 5426 praestitisse.
751 5356 815 5411 Et
847 5372 917 5410 ne
949 5355 1080 5426 quis
1109 5358 1352 5411 fortasse
1383 5358 1544 5426 putet
1574 5352 1724 5408 hanc
1755 5353 1885 5408 His-

229 5443 438 5498 toriam
473 5462 577 5516 pro
612 5442 916 5500 monachis
961 5444 1240 5514 scriptam
1283 5460 1394 5498 non
1443 5441 1642 5506 fuisse,
1677 5441 1888 5496 Glaber

231 5524 380 5584 lianc
410 5531 605 5604 ipsam
633 5550 733 5605 pro
768 5532 1044 5600 religiosis
1076 5551 1138 5589 se
1169 5532 1474 5602 scripsisse
1505 5528 1741 5583 disertis
1771 5547 1890 5584 ver-

233 5613 324 5670 bis
351 5621 689 5677 affirmavit.
727 5618 918 5674 Vitam
952 5621 1138 5676 sancti
1175 5619 1369 5676 Maioli
1400 5634 1534 5672 cum
1566 5617 1796 5672 duobus
1826 5616 1889 5671 li-

241 5701 357 5760 bris
406 5706 830 5765 Miraculorum
876 5704 1063 5763 domni
1108 5726 1172 5764 ac
1218 5708 1636 5764 reuerentissimi
1679 5705 1890 5760 abbatis

1994 3431 2098 3486 par
2139 3421 2280 3483 erat,
2315 3418 2629 3474 scribendi.
2665 3420 2876 3476 Eodem
2925 3423 3135 3494 spiritu
3181 3424 3394 3482 ductus
3438 3425 3631 3483 Vitam

1991 3505 2168 3560 srncti
2204 3505 2396 3561 Maioli
2429 3505 2518 3562 sui
2554 3510 2920 3578 praecessoris
2950 3512 3293 3584 conscripsit
3340 3514 3637 3571 semanima

1986 3595 2311 3664 parvitatem
2358 3595 2659 3650 intellectus
2705 3599 2814 3665 sui,
2852 3601 2916 3653 ut
2959 3598 3085 3670 ipse
3132 3600 3344 3657 aiedat.
3377 3602 3635 3675 Hymnos

1991 3681 2162 3736 etiam
2187 3687 2244 3737 et
2273 3683 2566 3740 orationes
2598 3685 2822 3756 aliquot
2847 3684 2905 3740 in
2925 3687 3144 3746 Ofﬁciis
3173 3689 3386 3746 divinis
3414 3691 3486 3746 de
3503 3707 3636 3748 san-

1989 3774 2082 3824 cto
2115 3769 2324 3826 Maiolo
2353 3777 2408 3826 et
2440 3777 2642 3827 sancta
2669 3773 3002 3843 Adheleide,
3028 3776 3086 3832 in
3117 3775 3326 3834 horum
3355 3763 3632 3834 festivius.-

1991 3857 2148 3912 tibus
2177 3858 2503 3914 recitandas
2535 3861 2862 3932 composuit
2899 3879 2912 3917 :
2945 3879 3072 3934 quas
3103 3865 3301 3921 omnia
3329 3865 3389 3922 in
3419 3865 3632 3923 Biblio-

1989 3945 2158 4000 theca
2187 3945 2550 4002 Cluniacensi
2582 3948 2738 4003 edita
2766 3952 2903 4004 sunt
2931 3965 3064 4005 cum
3085 3951 3215 4022 ejus
3238 3951 3630 4022 sermonibus,

1987 4031 2213 4104 aliquot
2255 4033 2538 4106 epistolis,
2573 4035 2928 4106 professione
2969 4037 3126 4103 ﬁdei,
3158 4041 3216 4092 et
3266 4037 3633 4112 orationibus

1989 4120 2308 4176 nonnullis.
2342 4123 2484 4178 Tres
2514 4121 2651 4177 item
2696 4123 2960 4193 ejusdem
3009 4123 3161 4178 beati
3204 4123 3312 4180 viri
3353 4123 3632 4198 epistolas

1987 4208 2172 4264 edidit
2203 4214 2402 4264 noster
2429 4209 2614 4264 Lucas
2636 4208 2954 4264 Dacherius
2986 4209 3045 4265 in
3061 4209 3356 4284 Spicilegii
3375 4215 3535 4268 tome
3555 4212 3628 4281 Il,

1987 4311 2135 4366 quas
2157 4311 2225 4348 ex
2253 4295 2502 4350 archivis
2519 4295 3000 4353 Cluniacensibus
3025 4299 3632 4370 descripserat.Unum

1987 4383 2125 4438 item
2157 4400 2225 4438 ex
2253 4385 2380 4454 ejus
2427 4384 2798 4440 sermonibus
2850 4384 3137 4441 ineditum
3185 4403 3302 4458 pra
3357 4385 3631 4446 manibus

1987 4470 2296 4536 habemus,
2315 4488 2488 4544 quem
2520 4472 2592 4526 de
2622 4471 2988 4529 solemnitate
3018 4478 3232 4530 sancte
3256 4474 3458 4530 Crucis
3477 4491 3637 4532 com-

1989 4559 2203 4630 posuit.
2237 4560 2382 4615 Huic
2411 4560 2584 4616 etiam
2621 4561 2870 4616 revocari
2905 4565 3098 4633 potest
3116 4561 3448 4620 sollicitudo
3479 4563 3634 4620 beati

1988 4647 2090 4702 viri
2123 4664 2226 4719 pro
2256 4647 2624 4704 asservandis
2674 4647 3114 4722 privilegiorum
3163 4655 3221 4707 et
3248 4650 3633 4710 donationem

1988 4736 2340 4790 monasterio
2373 4755 2479 4790 suo
2507 4738 2790 4792 factarum
2824 4736 3065 4806 chartis,
3098 4737 3202 4811 qui
3229 4755 3431 4796 earum
3461 4739 3632 4797 colle-

1994 4823 2244 4878 ctionem
2302 4829 2634 4879 accuratam
2686 4824 2809 4880 ﬁeri
2861 4825 3093 4897 sategit,
3124 4831 3189 4882 ut
3233 4825 3519 4884 discimus
3566 4844 3637 4885 ex

1993 4910 2316 4966 collectoris
2349 4912 2586 4984 prologo
2639 4912 2696 4966 in
2749 4913 2925 4969 veteri
2958 4931 3069 4970 ms.
3091 4913 3492 4972 Cluniacensis
3521 4931 3634 4974 cm-

1994 4999 2171 5055 nobii.
2202 4999 2462 5071 Denique
2495 5005 2702 5072 praeter
2749 5000 2870 5056 hinc
2899 5003 3118 5071 omnia,
3142 5019 3177 5058 a
3226 5002 3526 5061 nonnullis
3567 5019 3636 5062 ex

1993 5088 2120 5143 cod.
2155 5105 2265 5142 ms.
2298 5088 2572 5142 laudatur
2618 5089 2942 5146 chronicon
2992 5089 3287 5163 quoddam
3342 5095 3636 5150 vetustum

1989 5180 2188 5232 nostro
2217 5175 2446 5232 Odiloni
2482 5177 2799 5246 tributum;
2832 5179 2931 5234 sed
2983 5196 3116 5234 cum
3166 5180 3298 5252 ejus
3347 5181 3429 5238 rei
3481 5178 3638 5253 apud

1991 5269 2212 5319 veteres
2240 5263 2468 5319 nullum
2501 5270 2684 5321 exstet
2713 5265 3043 5340 vestigium,
3074 5268 3423 5340 conjicimus
3443 5267 3639 5326 Odilo-

1994 5353 2087 5407 nis
2122 5369 2328 5408 nomen
2362 5370 2466 5424 pro
2497 5353 2694 5410 Odone
2726 5355 2784 5411 in
2816 5355 2972 5411 hunc
3003 5357 3262 5414 codicem
3312 5356 3636 5430 irrepsisse.

1999 5441 2061 5496 Et
2092 5440 2328 5512 quidem
2358 5441 2678 5498 monachus
2709 5443 2947 5514 Majoris
2980 5445 3336 5513 Monasterii,
3359 5443 3459 5515 qui
3477 5443 3641 5515 gesta

1997 5527 2306 5583 consulum
2349 5529 2854 5600 Andegavensium
2900 5531 3151 5603 collegit,
3183 5533 3344 5587 edita
3390 5536 3547 5586 tome
3593 5522 3638 5577 Χ

1998 5615 2294 5687 Spicilegii
2326 5615 2872 5686 .-\cheriani,laudat
2897 5621 3181 5675 Thomam
3217 5617 3634 5674 Luochensem.

1999 5703 2097 5776 qui
2128 5706 2306 5759 breves
2326 5704 2492 5759 chron
2501 5707 2611 5762 icas
2633 5710 2852 5764 nomine
2880 5707 3080 5763 Odonis
3098 5705 3312 5761 abbatis
3335 5697 3635 5758 intimida“
