4954 6428
1310 391 1428 455 883

2232 394 2298 456 S.
2345 392 2709 456 ODILONIS
2753 390 3306 453 CLUNIACENSIS
3352 393 3680 455 ABBATIS
3724 394 3797 454 V.

4612 388 4738 452 884

1309 526 1688 600 conscripsit;
1714 545 1826 582 non
1861 525 2027 593 alias,
2061 526 2144 582 uti
2174 527 2422 592 videtur,
2456 526 2527 581 ab
2579 525 2649 580 iis
2698 542 2822 595 qua:
2875 522 2953 576 illi
2988 525 3040 590 Α
3067 524 3170 578 vit.
3197 524 3275 578 Ex
3307 525 3397 578 his
3432 525 3486 579 in
3521 526 3648 593 ejus
3667 526 3797 581 \‘ita
3824 543 3854 580 a
3879 530 4082 582 sancto
4107 521 4739 582 PetroDamianiedita

1314 616 1544 672 Odiloni
1579 627 1781 672 nostro
1813 617 2459 672 tribuerunt.Czeterum
2486 632 2550 668 ea
2573 631 2687 684 qua
2719 611 2970 684 pollebat

1314 705 1405 760 vir
1435 710 1678 760 sanctus
1710 705 2018 760 humilitas
2050 722 2162 760 non
2212 705 2406 758 minus
2459 703 2516 756 in
2565 703 2692 770 ejus
2738 700 2973 770 scriptis

1322 811 1503 866 quam
1533 793 1591 848 in
1625 795 1845 849 caeteris
1867 796 1994 848 vitae
2017 795 2143 864 ejus
2166 792 2492 846 actionibus
2509 789 2797 855 eluxit,ita
2822 795 2971 842 utea

1324 882 1580 955 propriis
1609 883 1783 938 etiam
1829 881 2130 953 discipulis
2171 879 2557 935 examinanda
2605 878 2972 932 Committere

1330 987 1448 1026 non
1479 972 1862 1027 erubesceret.
1897 971 2086 1026 Testis
2116 975 2201 1023 est
2225 969 2404 1037 hujus
2439 968 2516 1020 rei
2555 968 2796 1038 ipsemet
2841 983 2973 1020 san-

1331 1060 1635 1115 ctissimus
1661 1061 1858 1122 abbas,
1891 1060 1989 1130 qui
2019 1076 2085 1114 ea
2114 1059 2184 1112 de
2215 1073 2394 1112 causa
2426 1057 2611 1109 Vitam
2645 1054 2830 1109 sancti
2861 1054 2974 1108 Ma-

1333 1146 1434 1202 ioli
1463 1165 1497 1202 a
1522 1166 1582 1203 se
1611 1154 1899 1203 exaratam
1933 1146 2158 1217 Hugoni
2191 1150 2248 1199 et
2279 1144 2565 1198 Almanno
2586 1141 2974 1196 Cluniacensi-

1331 1235 1442 1292 bus
1474 1237 1772 1292 monachis
1803 1236 2254 1306 nuncupavit,ut
2289 1250 2358 1287 ex
2387 1231 2633 1304 epistola
2670 1231 2807 1284 \‘itte
2841 1248 2976 1301 pra:-

1327 1324 1441 1380 ﬁxa
1487 1329 1660 1396 patet,
1693 1342 1868 1397 quam
1919 1325 2012 1378 hic
2057 1322 2356 1376 brevitatis
2405 1338 2582 1374 causa
2623 1318 2972 1382 omittimus,

1326 1414 1478 1485 quod
1502 1415 1628 1485 jam
1661 1430 1774 1470 non
1807 1412 1986 1469 semel
2019 1413 2176 1466 edita
2199 1412 2293 1465 sit.

1604 1502 1695 1558 XI.
1731 1507 1806 1558 De
1829 1503 2044 1572 aliquot
2075 1502 2220 1555 beati
2249 1502 2356 1554 viri
2385 1500 2690 1570 discipulis.

1396 1593 1519 1646 118.
1554 1596 1643 1646 Ita
1672 1608 1852 1646 suave
1881 1595 2006 1646 erat
2030 1588 2242 1644 Christi
2276 1589 2487 1659 juguin
2531 1589 2642 1641 sub
2667 1586 2812 1640 beati
2843 1586 2974 1640 Odi-

1323 1679 1480 1736 Ionis
1510 1679 1816 1751 regimine,
1851 1684 1914 1733 ut
1945 1679 2160 1732 mirum
2194 1695 2304 1731 non
2340 1678 2410 1730 sit
2446 1676 2494 1730 si
2527 1675 2855 1745 complures
2888 1693 2978 1744 ge-

1328 1785 1468 1824 nere
1509 1767 1756 1838 aliisque
1806 1767 2040 1822 dotibus
2071 1767 2326 1821 illustres
2375 1765 2502 1832 viri,
2540 1764 2753 1818 relictis
2785 1763 2974 1817 sa-culi

1328 1856 2072 1930 pompis,Cluniaccnsibus
2103 1853 2396 1909 accenseri
2431 1853 2731 1916 voluerint,
2758 1858 2975 1905 cotem-
3010 1889 3052 1953 Β

1329 1961 1470 2016 pore
1501 1962 1615 2016 quo
1641 1943 1958 2015 percelebri
1988 1942 2070 1996 illi
2106 1942 2456 1996 monasterio
2491 1942 2790 2012 pra-fectus
2830 1946 2971 1994 erat.

1329 2033 1444 2089 Eos
1464 2051 1668 2088 omnes
1701 2049 1996 2088 recensere
2028 2049 2130 2086 nec
2160 2034 2448 2092 vacat,ncc
2476 2029 2614 2082 sinit
2639 2029 2970 2082 multitudo.

1332 2121 1660 2177 Nonnullos
1689 2140 1754 2176 ex
1777 2121 2190 2177 illustrioribus
2217 2137 2534 2173 memorare
2558 2119 2975 2188 sul'ticial,prze-

1326 2214 1418 2266 ter
1443 2228 1542 2266 eos
1568 2228 1714 2282 quos
1745 2227 1924 2282 supra
1949 2227 2016 2264 ex
2047 2208 2219 2263 variis
2239 2207 2456 2261 chartis
2489 2208 2542 2260 in
2580 2222 2774 2277 parag.
2795 2207 2823 2260 4
2851 2206 2971 2258 lau-

1326 2299 1613 2354 davimus.
1651 2304 1805 2354 lnter
1829 2315 1927 2354 eos
1958 2315 2089 2352 vero
2121 2297 2216 2368 qui
2253 2296 2494 2350 scientia
2544 2301 2600 2349 et
2649 2295 2972 2348 litterarum

1326 2388 1518 2444 studio
1549 2388 1803 2444 illustres
1832 2389 2083 2452 fuerunt,
2103 2384 2672 2447 Sirus,.\rlebaldus,
2691 2389 2742 2435 et
2765 2383 2974 2437 Jotsal-

1326 2476 1436 2532 dns
1467 2476 1659 2532 locum
1692 2476 1904 2532 habere
1933 2469 2180 2541 debent';
2203 2474 2300 2528 sed
2349 2491 2500 2527 unus
2550 2473 2814 2526 omnium
2852 2470 2974 2524 loco

1323 2581 1451 2621 esse
1481 2569 1670 2638 potest
1698 2570 1940 2622 sanctus
1972 2564 2156 2635 llugo,
2178 2562 2503 2616 sanctitatis
2535 2562 2670 2630 ejus
2717 2559 2891 2613 simul
2921 2564 2976 2612 et

1329 2653 1631 2727 dignitatis
1659 2653 2110 2709 successor.l\'ec
2131 2651 2440 2704 defuerunt
2466 2649 2718 2720 episcopi
2745 2648 2842 2719 qui
2867 2649 2974 2701 sub

1330 2742 1594 2798 Odilonis
1624 2741 1939 2814 disciplina
1965 2740 2142 2794 vitam
2177 2738 2459 2792 humilem
2499 2739 2708 2791 ducere
2757 2735 2975 2790 malue-

1331 2837 1489 2900 runt,
1522 2848 1700 2904 quam
1731 2829 1952 2885 caeteris
1984 2844 2249 2900 praeesse.
2273 2827 2435 2881 Certe
2467 2827 2696 2880 cuidam
2741 2826 2973 2890 chartae,

1333 2936 1512 2992 quam
1559 2937 1739 2992 supra
1787 2920 2040 2974 num.27
2075 2917 2456 2980 laudavimus,
2495 2921 2620 2987 post
2670 2915 2973 2968 ()dilonem

1333 3009 1604 3066 abbatem
1655 3012 1713 3063 et
1759 3006 2063 3064 Niviauum
2097 3005 2490 3078 praepositum,
2525 3004 2820 3058 Led/ialilus
2853 3004 2972 3072 epi-

1329 3115 1542 3171 scopus
1589 3095 1979 3168 subscripsit:
2016 3096 2168 3150 unde
2207 3093 2552 3163 conjicimus
2600 3109 2730 3146 eum
2775 3091 2973 3145 relicta

1323 3189 1462 3244 sede
1485 3184 1798 3260 episcopali
1831 3191 1967 3240 tunc
1992 3185 2270 3255 temporis
2291 3183 2444 3253 apud
2469 3180 2808 3235 Cluniacum
2850 3198 2970 3234 nio-

3080 611 3354 667 laudatur
3379 614 3666 669 Adraldus
3703 615 4095 670 Bremetensis
4119 615 4322 669 abbas.
4344 614 4456 668 Nec
4477 617 4739 682 repetere

3079 701 3172 756 hic
3205 708 3368 756 vacat
3399 721 3525 773 quze
3559 721 3738 774 supra
3769 705 4028 758 diximus
4064 705 4137 758 de
4172 705 4417 758 Paterno
4453 707 4510 755 et
4532 702 4742 757 Garsia

3080 791 3411 854 abbatibus,
3465 792 3562 862 qui
3623 792 3850 860 Regula)
3903 791 4313 856 Benedictinze,
4370 791 4552 845 simul
4601 806 4740 843 cum

3083 879 3367 932 institutis
3387 879 3788 935 Cluniacensis
3813 881 4515 938 monasterii.aceuratam
4541 879 4742 933 obser-

3081 968 3370 1022 vationem
3409 969 3463 1022 in
3499 967 3787 1039 Hispania:
3823 969 4195 1024 monasteriis
4229 971 4605 1022 renovarunt.
4629 967 4740 1021 Alii

3082 1056 3213 1110 aliis
3249 1056 3301 1110 in
3337 1056 3474 1111 locis
3511 1060 3727 1128 passim
3764 1063 4078 1113 occurrunt
4109 1057 4264 1128 apud
4309 1056 4584 1125 vulgatos
4636 1073 4738 1109 au-

3084 1151 3297 1210 ctores;
3334 1147 3430 1199 sed
3467 1147 3650 1201 multo
3682 1147 3876 1218 plures
3908 1153 4044 1201 sunt
4075 1146 4196 1218 qui,
4232 1145 4574 1200 hominibus
4609 1143 4740 1198 licet

3087 1233 3288 1302 ignoti,
3323 1234 3520 1288 vivunt
3556 1236 3609 1288 in
3645 1235 3881 1306 perenni
3915 1235 4120 1305 gloria.
4145 1233 4302 1289 Talis
4345 1233 4550 1288 fuisset
4584 1232 4740 1289 Wal-

3085 1322 3289 1387 terius,
3324 1325 3494 1390 cujus
3526 1341 3626 1377 nec
3659 1340 3891 1386 nomen.
3923 1341 4026 1378 nec
4059 1322 4178 1378 ulla
4219 1327 4386 1392 gesta
4433 1328 4740 1394 perspecta

3086 1409 3457 1476 haberemus,
3493 1412 3603 1466 nisi
3651 1412 3861 1466 Glaber
3904 1415 4031 1480 ejus
4057 1405 4393 1475 'mentione,
4431 1411 4740 1465 occasione

3086 1499 3251 1569 quasi
3288 1500 3684 1564 fortuita,eum
3717 1501 3884 1555 nobis
3911 1505 4111 1555 notum
4136 1499 4386 1555 fecisset.
4411 1500 4546 1554 Erat
4571 1501 4741 1572 quip-

3088 1605 3154 1658 pe
3189 1588 3359 1642 bomo
3394 1606 3495 1643 nec
3527 1589 3783 1660 corporis
3814 1595 3990 1650 statu.
4027 1605 4129 1644 nec
4164 1587 4380 1657 ingenii
4413 1588 4740 1644 subtilitate

3089 1677 3338 1730 multum
3372 1679 3895 1742 commendamlus,
3931 1678 4031 1733 sed
4065 1677 4374 1733 sanctitate
4419 1695 4651 1733 morum
4683 1685 4740 1733 et

3086 1766 3276 1818 cordis
3311 1766 3558 1836 puritate
3595 1767 3708 1819 Deo
3735 1767 4289 1837 acceptissimus,ut
4317 1782 4386 1820 ex
4431 1766 4560 1834 ejus
4609 1766 4741 1819 vita:

3085 1854 3236 1906 exitu
3276 1855 3482 1924 patuit.
3517 1856 3623 1907 Sed
3665 1855 3849 1925 ipsius
3893 1855 4121 1909 ltodulli
4154 1854 4352 1908 Glabri
4405 1855 4578 1909 verba
4611 1872 4743 1926 pro-

3087 1942 3231 1995 ferre
3287 1943 3531 2002 libo-Lex
3585 1944 3730 1996 libro
3764 1961 3792 1996 v
3836 1944 4118 2005 llislot‘ia',
4154 1960 4282 2014 cap.
4319 1944 4342 1997 1
4379 1959 4392 1997 :
4427 1965 4452 1990 ‹‹
4488 1944 4744 2013 Contigit

3085 2029 3298 2084 ibidem
3335 2034 3609 2091 \(Jlmu'uri
3665 2033 3788 2103 ipso
3847 2038 4106 2102 tempore
4139 2033 4337 2085 (sancti
4381 2031 4652 2098 Odilonis)
4683 2038 4746 2086 ut

3085 2119 3262 2188 aliqui
3296 2139 3323 2172 e
3360 2122 3633 2173 fratribus
3690 2122 4006 2189 migrarent
4052 2139 4116 2173 ex
4169 2121 4275 2174 hac
4316 2121 4454 2183 vita,
4486 2138 4742 2190 quorum

3085 2225 3259 2270 unus,
3292 2210 3524 2261 nomine
3557 2210 3894 2275 “alterius,
3921 2215 4326 2277 cognomento,
4355 2215 4414 2262 ut
4463 2214 4590 2263 erat
4623 2216 4740 2264 sta-

3084 2303 3232 2362 tura,
3273 2297 3542 2368 pusillus,
3577 2316 3640 2352 ac
3677 2305 3882 2352 natura
3908 2297 4739 2368 simpl‘cissimuancipiente

3088 2392 3250 2438 nocte
3274 2386 3464 2453 magni
3492 2388 3726 2440 Sabbati
3753 2386 4546 2441 ltesurrectionisDominicze
4575 2387 4741 2441 obiit.

3084 2475 3367 2544 Apparuit
3399 2474 3552 2527 enim
3587 2475 3642 2528 in
3681 2476 3818 2528 liora
3852 2476 3939 2528 sui
3974 2474 4161 2528 exitus
4207 2474 4742 2530 innumerabilibus

3084 2563 3219 2615 viris
3251 2581 3314 2614 ac
3350 2563 3691 2617 mulieribus
3723 2564 3998 2618 columna
4030 2564 4175 2617 lucis
4211 2564 4390 2634 igneae
4425 2582 4457 2618 τι
4479 2563 4742 2619 culmine

3087 2652 3419 2704 monasterii
3468 2653 3536 2706 ad
3599 2652 3808 2706 (‘tl'llllll
3873 2670 4056 2722 usque
4107 2652 4488 2722 pertingens:
4525 2653 4744 2723 quibus

3086 2758 3291 2810 nempe
3317 2759 3425 2794 non
3450 2741 3695 2794 dubium
3724 2742 3833 2794 fuit
3860 2741 4394 2794 misericordissimi
4423 2741 4518 2796 Dei
4544 2747 4742 2796 actum

3084 2828 3406 2897 largitione,
3442 2831 3539 2900 qui
3572 2831 3826 2884 animam
3863 2831 4056 2884 fratris
4092 2830 4257 2884 isiius
4307 2848 4426 2884 sua:
4467 2830 4742 2900 gloriosae

3084 2919 3525 2971 resurrectionis
3549 2919 3724 2972 voluit
3767 2920 4102 2989 participem
4129 2920 4267 2982 fore,
4303 2936 4368 2972 ac.
4401 2919 4742 2974 viventibus

3083 3007 3231 3059 viam
3269 3007 3606 3061 innocentiae
3640 3008 4058 3061 demonstrare.
4093 3005 4412 3061 “'alterius
4467 3005 4526 3060 in
4572 3006 4748 3061 fastis

3084 3095 3471 3148 Benedictinis
3503 3113 3632 3148 cum
3666 3095 3834 3148 titulo
3868 3096 4016 3148 beati
4063 3095 4254 3148 locum
4313 3095 4554 3161 invenit,
4589 3095 4686 3149 die
4713 3097 4749 3148 7

3081 3182 3308 3252 Aprilis.
3332 3182 3498 3236 Nullo
3533 3188 3722 3235 tamen
3757 3181 3912 3235 cultu
3939 3181 4170 3253 publico
4196 3199 4456 3251 unquam
4482 3182 4748 3236 donatus
4775 3223 4790 3230 -

1323 3253 1558 3334 nasticie
1588 3253 1715 3331 vita:
1752 3291 1964 3330 nomen
2015 3253 2267 3328 dedisse.
2302 3271 2494 3325 Alium
2547 3287 2680 3324 vero
2728 3268 2968 3324 Ledbal-
3002 3253 3043 3317 C
3085 3272 3209 3324 fuit.
3234 3271 3535 3325 Jotsaldus
3570 3272 3623 3324 in
3661 3270 3894 3324 Planctu
3932 3288 4104 3341 quem
4139 3269 4413 3324 ediditde
4434 3269 4745 3325 beatiOdi-

1319 3369 1460 3423 dum
1491 3365 1827 3438 episcopum
1858 3363 1991 3418 istis
2025 3361 2390 3432 temporibus
2425 3360 2741 3426 nescimus,
2770 3365 2978 3428 pt‘ﬂ‘lcl‘

1321 3454 1680 3512 Ledbaldum
1727 3452 2244 3514 Matisconensem,
2279 3447 2514 3502 aliunde
2559 3446 2702 3500 satis
2746 3451 2974 3510 notum,

1322 3545 1444 3616 qui,
1469 3547 1535 3598 ut
1561 3560 1628 3597 ex
1657 3540 1836 3595 variis
1865 3537 2085 3593 chartis
2117 3535 2427 3602 discimus,
2463 3535 2814 3589 monasterio
2847 3535 2978 3588 (llu-

1327 3631 1586 3688 niacensi
1623 3627 1908 3684 nonnulla
1935 3625 2385 3680 contulit.lluuc
2411 3629 2600 3677 tamen
2629 3624 2816 3693 ipsum
2850 3639 2978 3677 esse

1332 3721 1394 3774 in
1425 3735 1496 3774 ea
1543 3717 1745 3772 charta
1789 3718 2176 3770 memoratum
2224 3729 2553 3766 asseverare
2601 3713 2821 3782 absque
2865 3711 2978 3764 alio

1334 3810 1683 3880 argumento
1713 3821 1828 3859 non
1858 3801 2470 3857 audemus.Habemus
2495 3801 2630 3854 item
2657 3799 2713 3854 in
2735 3800 2981 3870 epistola

1335 3893 1598 3954 Silvestri
1627 3895 1674 3950 II
1704 3910 1888 3964 papae,
1921 3909 1954 3946 a
1977 3889 2140 3945 nobis
2176 3890 2445 3960 superius
2479 3889 2732 3952 laudata,
2765 3888 2982 3959 episco-

1335 4003 1475 4060 pum
1506 3983 1822 4056 quemdam
1848 3970 2018 4050 cujus
2046 3997 2256 4036 nomen
2292 3995 2405 4032 non
2435 3977 2738 4050 expressit,
2772 3977 2870 4048 qui
2901 3995 2980 4032 re-

1331 4075 1472 4130 licta
1501 4075 1635 4130 sede
1665 4089 1774 4128 sua
1804 4069 2142 4125 Cluniacum
2167 4069 2614 4124 seceSserat.An
2651 4065 2698 4120 is
2726 4067 2976 4120 fuitht-

1330 4161 1560 4228 baldus,
1589 4167 1692 4218 aut
1717 4159 1965 4216 Sancius
1997 4157 2330 4230 episcopus,
2365 4155 2651 4208 incertum
2691 4160 2798 4208 est.
2831 4157 2976 4209 San-

1329 4253 1486 4309 cium
1513 4251 1762 4306 dimisso
1809 4247 2147 4320 episcopatu
2199 4262 2267 4299 ex
2311 4244 2594 4314 Hispania
2633 4242 2974 4297 Cluniacum

1327 4342 1690 4406 adventasse,
1728 4337 1829 4392 ubi
1861 4336 1971 4392 sub
2005 4333 2269 4390 Odilonis
2319 4332 2598 4402 regimine
2644 4333 2974 4386 monasticm

1324 4430 1453 4486 vita:
1483 4429 1819 4486 institutum
1851 4425 2156 4498 paofessus
2185 4427 2293 4490 est,
2327 4421 2660 4492 colligimus
2705 4437 2772 4475 ex
2823 4421 2972 4476 beati

1323 4518 1433 4574 viri
1457 4517 1703 4591 epistola
1731 4516 1784 4584 Ι,
1816 4513 2106 4586 Spicilegii
2145 4518 2300 4567 tomo
2335 4511 2380 4565 Il
2430 4511 2605 4575 edita,
2639 4526 2815 4580 quam
2869 4511 2974 4564 Pa-

3083 3358 3234 3413 lonis
3265 3360 3449 3418 obitu.
3483 3360 3531 3412 ei
3568 3359 3898 3427 gratulatur
3929 3359 4081 3430 quod
4119 3360 4174 3412 in
4211 3359 4405 3412 futura
4437 3375 4742 3414 resurrec-

3084 3449 3240 3501 tione
3275 3447 3473 3501 multis
3500 3448 3805 3518 discipulis
3838 3449 4088 3518 stipatus
4119 3447 4349 3502 Christo
4383 3447 4634 3502 Domino
4669 3450 4750 3502 sit

3086 3536 3446 3590 obviaturus.

3239 3624 3388 3670 (Milo
3421 3629 3652 3685 tuncque
3686 3638 3854 3672 novus
3883 3624 4083 3672 cielesti
4112 3624 4309 3671 lumine
4342 3623 4532 3682 clarus,

3243 3690 3556 3735 Sallrtoruln
3592 3688 3794 3734 medius
3829 3687 4052 3742 incedet,
4085 3691 4134 3734 et
4164 3688 4348 3734 obvius
4380 3687 4492 3740 ibit,

3243 3750 3464 3806 Agmine
3497 3751 3782 3797 multorum
3817 3750 4041 3795 vallatus
4072 3751 4516 3798 coimnilitonum.

3242 3817 3384 3868 Quos
3414 3813 3634 3859 Domino
3667 3812 3859 3866 verbis,
3884 3813 4142 3873 exemplis
4173 3813 4518 3860 eonsociavit.

3163 3891 3281 3942 120.
3319 3891 3419 3944 llic
3468 3897 3659 3944 autem
3714 3891 3980 3944 omittere
4031 3908 4144 3944 non
4190 3890 4322 3946 licet
4364 3891 4755 3958 Casimiruin,

3089 3979 3340 4032 Miccslai
3378 3978 3422 4033 Il
3456 3979 3801 4033 l’olonorum
3845 3980 3996 4050 regis
4031 3979 4240 4044 lilium,
4265 3997 4439 4051 quem
4484 3979 4757 4035 historia":

3091 4067 3370 4122 Polonicae
3401 4067 3711 4138 scriptores
3746 4069 3907 4121 aiunt
3933 4074 4062 4138 post
4086 4069 4269 4139 patris
4296 4074 4564 4132 mortem,
4585 4071 4756 4140 quod

3088 4160 3242 4226 regni
3280 4174 3542 4227 proceres
3577 4157 3839 4210 ltiksclre
3877 4157 4078 4210 matris
4109 4158 4238 4227 ejus
4289 4155 4548 4228 regimen
4594 4159 4755 4213 ferre

3089 4263 3200 4298 non
3236 4250 3491 4316 possent,
3526 4245 4014 4314 adhucjuveuem
4065 4261 4096 4300 e
4145 4261 4323 4314 regno
4380 4244 4642 4317 pulsum,
4687 4246 4750 4300 in

3085 4333 3464 4388 Cluniacense
3516 4334 3932 4387 monasterium
3989 4333 4329 4401 secessisse;
4365 4333 4584 4405 ibique,
4638 4337 4755 4389 ab-

3075 4422 3249 4491 jectis
3283 4421 3474 4476 Szeculi
3504 4422 3750 4492 pompis,
3777 4422 4159 4476 monasticam
4191 4422 4370 4476 vitam
4405 4424 4750 4494 professum

3084 4511 3392 4564 diaconum
3431 4510 3610 4564 fuisse
3643 4511 4000 4565 ordinatum.
4023 4511 4131 4565 Sed
4160 4528 4291 4565 cum
4315 4511 4750 4567 crebrescenti-

1321 4611 1489 4664 terno
1513 4607 1784 4679 episcopo
1812 4603 1897 4659 sic
1926 4601 2230 4672 inscripsit
2262 4616 2276 4654 :
2309 4601 2458 4667 Igne,
2483 4599 2801 4668 etc.,frater
2818 4599 2972 4653 Odilo
3004 4619 3051 4684 Ι)
3085 4602 3194 4654 bus
3220 4600 3275 4653 in
3311 4599 3545 4654 I’alonia
3577 4598 3840 4653 dissidiis
3874 4599 4236 4653 calamitates
4269 4599 4513 4671 publica:
4536 4617 4604 4655 eo
4626 4617 4756 4655 cre-

1321 4712 1447 4751 cum
1469 4695 1664 4752 domno
1691 4695 1936 4766 episcopo
1965 4692 2174 4756 Samio,
2199 4690 2480 4759 omnisque
2506 4703 2812 4758 pauperum
2846 4691 2881 4744 C
2894 4690 2975 4742 Iu-

1319 4786 1661 4840 niacensium
1689 4782 2052 4851 congregatio,
2083 4783 2196 4834 etc.

1391 4873 1514 4928 419.
1549 4871 1904 4928 Richardum
1936 4867 2250 4941 quemdam
2273 4865 2616 4937 episcolium
2647 4862 2848 4918 laudat
2879 4882 2967 4920 se-

1319 4961 1434 5017 mel
1465 4965 1522 5017 et
1549 4961 1762 5016 iterum
1789 4959 2090 5015 Jotsaldus
2140 4955 2290 5010 libro
2341 4971 2401 5016 ιι,
2439 4970 2612 5022 quem
2665 4952 2820 5007 beati
2861 4954 2963 5007 viri

1317 5049 1670 5122 discipulum
1700 5055 1756 5104 et
1776 5049 1904 5115 ejus
1929 5048 2205 5102 itinerum
2239 5043 2512 5098 comitem
2541 5042 2717 5097 fuisse
2738 5043 2957 5099 scribit.

1317 5139 1574 5209 Denique
1605 5135 1942 5191 Walterium
1971 5135 2309 5206 episcopum
2365 5131 2851 5185 Matisconensem
2903 5130 2960 5184 in

1316 5224 1744 5280 monasterium
1765 5221 2142 5276 Cluniacense
2165 5218 2606 5283 secessissembi
2631 5219 2740 5272 sub
2763 5219 2965 5273 habitu

1319 5310 1684 5368 monasterio
1733 5307 2037 5362 defunctus
2084 5316 2194 5375 est,
2241 5313 2438 5362 narrat
2495 5307 2873 5376 Sanjulianus
2901 5326 2969 5362 ex

1313 5399 1496 5456 veteri
1557 5395 1847 5466 catalogo,
1891 5395 1948 5448 in
2001 5395 2260 5450 Historia
2313 5396 2767 5451 Matisconensi:
2811 5399 2963 5467 quod

1313 5489 1474 5543 idem
1509 5483 1731 5536 habent
1755 5497 1982 5551 quoque
2012 5483 2446 5536 Sammarthani
2482 5483 2536 5536 in
2569 5483 2755 5538 Gallia
2803 5484 2963 5538 Cbri-

1314 5569 1796 5630 stiana.Abbales
1824 5567 1946 5636 ejus
1979 5568 2250 5637 discipuli
2285 5576 2366 5623 tot
2391 5572 2668 5625 recenseri
2705 5580 2959 5644 possent,

1313 5658 1480 5733 quod
1513 5655 1630 5708 fere
1657 5655 2002 5710 monasteria
2031 5654 2107 5710 ad
2139 5654 2429 5710 meliorem
2472 5657 2693 5726 frugem
2729 5677 2961 5716 revoca-

3086 4690 3328 4754 vissent,
3365 4694 3428 4742 ut
3474 4688 3633 4742 nulla
3683 4687 4054 4742 restituenda:
4107 4687 4551 4758 tranquillitatis
4604 4706 4750 4760 spes

3083 4776 3404 4845 alfulgeret,
3426 4776 3535 4829 nisi
3588 4793 3830 4844 regnum
3865 4775 4149 4830 Casimiro
4181 4777 4609 4840 restitueretur,
4645 4795 4752 4832 rex

3081 4865 3152 4918 ab
3184 4864 3461 4919 omnibus
3487 4864 3810 4917 Casimirus
3841 4865 4014 4918 etiam
4047 4865 4260 4918 absens
4291 4864 4698 4936 proclamatur
4731 4885 4746 4921 :

3077 4958 3133 5008 et
3165 4951 3358 5022 legati,
3386 4953 3480 5024 qui
3515 4969 3650 5006 eum
3688 4959 4072 5017 accerserent,
4104 4969 4456 5024 quocunque
4506 4951 4562 5006 in
4617 4951 4748 5007 loco

3075 5041 3460 5102 delitescet-et,
3495 5059 3608 5112 quo
3640 5041 3794 5095 enim
3833 5039 3926 5094 ille
3959 5042 4302 5095 secessisset
4347 5040 4547 5095 nullus
4597 5042 4748 5095 scie-

3074 5131 3191 5195 bat,
3227 5130 3602 5198 deputantur.
3643 5129 3705 5182 lli
3739 5135 3868 5200 post
3900 5130 4090 5183 varias
4123 5131 4389 5182 fortunas
4422 5147 4452 5181 a
4482 5129 4742 5183 ltikscha

3080 5218 3377 5289 accipiunt
3433 5218 3784 5271 Casimirum
3829 5217 4088 5271 Cluniaci
4140 5217 4526 5271 monasticam
4558 5217 4741 5273 vitam

3079 5309 3434 5380 professum,
3473 5306 3610 5359 nihil
3637 5308 3762 5376 jam
3797 5307 3867 5360 de
3902 5307 4072 5360 rebus
4101 5306 4346 5360 terrenis
4375 5305 4741 5376 cogitantem

3077 5399 3302 5468 degere.
3349 5395 3430 5449 llli
3469 5401 3660 5449 tamen
3692 5395 4029 5449 Cluniacum
4060 5399 4282 5466 petunt,
4321 5411 4515 5464 regem
4559 5411 4741 5450 suum

3077 5485 3352 5546 salatant,
3377 5484 3764 5553 ablmtemque
3799 5488 4109 5553 precantur
4134 5489 4195 5536 ut
4230 5481 4526 5536 licentiam
4562 5482 4614 5537 ei
4641 5482 4742 5538 det

3076 5581 3254 5644 repeti
3279 5573 3372 5625 udi
3410 5574 3590 5641 regni,
3625 5591 3755 5625 eum
3791 5571 3903 5626 alia
3947 5591 4056 5625 non
4092 5575 4422 5642 snpercssct
4477 5571 4568 5626 κίε
4613 5574 4740 5627 tam

3079 5660 3331 5718 nobilem
3364 5662 3677 5716 Christiani
3711 5659 3869 5716 orbis
3901 5661 4226 5732 portionem
4278 5660 4350 5716 ab
4399 5658 4737 5719 imminenti
