4954 6394
693 396 810 465 885

2208 402 2581 467 ELOGIUM.

3961 398 4080 473 886

695 531 864 590 exitio
894 530 1199 590 liberandi.
1230 533 1415 610 Negat
1445 535 1628 604 Odilo,
1662 538 2018 609 protestatus
2047 535 2101 592 id
2143 535 2201 592 in
2233 554 2339 593 sua
2368 538 2422 603 Α
2452 533 2804 591 Halinardus
2834 535 3017 592 sancti
3051 534 3289 611 Benigni
3308 519 3454 611 “post
3480 534 3851 597 Guillelmum
3877 541 4079 615 abbas)

694 627 975 697 potestate
994 640 1107 678 non
1132 641 1258 681 esse
1280 627 1695 693 constitutum;
1716 643 1818 681 nec
1850 643 2108 698 unquam
2132 626 2186 680 id
2212 643 2333 697 per-

694 713 1015 769 missurum
1049 715 1362 785 respondet
1393 716 1613 787 absque
1644 714 1878 786 speciali
1914 714 2205 786 pontificis
2228 715 2333 769 Ro-

691 800 849 856 mani
882 804 1174 856 mandato.
1209 803 1452 857 Romam
1485 804 1680 875 itaque
1728 803 1901 874 legati
1954 803 2328 866 contendunt,

689 890 1085 963 expositisque
1118 892 1372 962 pontifici
1407 892 1476 962 (is
1515 896 1635 945 erat
1678 893 2019 947 Benedictus
2051 892 2141 961 IX)
2172 891 2329 961 regni

689 979 1205 1045 calan1itatibus,et
1235 981 1484 1051 acceptis
1511 981 1687 1035 variis
1720 980 2340 1051 conditionibus,quas'

691 1068 783 1121 isti
814 1073 1079 1123 auctores
1112 1073 1461 1135 memorant,
1490 1069 1779 1140 postulata
1807 1069 2334 1140 impetrantAtque

688 1156 770 1211 sic
797 1156 1142 1222 Casimirus,
1179 1156 1464 1211 dissoluto
1498 1157 1783 1212 castitatis
1827 1163 1978 1223 voto,
2013 1157 2334 1212 monachus

688 1243 863 1299 simul
899 1248 955 1299 et
986 1244 1269 1299 diaconus
1303 1245 1360 1299 in
1396 1244 1692 1300 Poloniam
1728 1245 2052 1309 revertitur,
2088 1262 2184 1300 rex
2228 1244 2334 1299 ite-

687 1350 815 1387 rum
852 1332 1269 1405 proclamatur,
1299 1350 1534 1388 uxorem
1564 1334 1908 1395 dueit,ﬁlios
1941 1334 2337 1405 procreatMe-

687 1438 815 1475 mor
844 1425 1038 1476 tamen
1058 1438 1175 1476 suae
1199 1421 1551 1477 conditionis
1572 1422 2087 1493 pristinzr,pictatis
2106 1421 2333 1487 ofﬁciis,

686 1512 973 1580 quantum
1005 1512 1193 1563 status
1226 1509 1463 1575 ferebat,
1499 1509 1761 1564 animum
1795 1508 2145 1581 applicuisse
2189 1508 2336 1563 dici-

684 1603 798 1664 tur,
832 1601 889 1651 et
927 1598 1088 1651 varia
1136 1598 1489 1652 monasteria
1536 1615 1638 1669 pro
1685 1598 1808 1652 suis
1856 1597 2337 1652 Cluniacensibus

683 1685 1161 1741 exstruxisse.Nc
1192 1703 1323 1741 vero
1353 1687 1497 1740 tanti
1527 1686 1789 1741 beneficii
1823 1687 2199 1741 immemores
2232 1685 2336 1741 ali-

684 1776 921 1847 quando
953 1779 1149 1830 essent
1182 1775 1400 1840 Poloni,
1435 1779 1672 1830 cautum
1706 1781 1793 1830 est
1824 1780 1887 1829 ut
1916 1781 2122 1847 praeter
2163 1793 2333 1829 num-

683 1880 850 1919 mum
875 1863 1052 1918 annui
1086 1880 1317 1929 census,
1336 1881 1508 1935 quem
1533 1865 1691 1936 regni
1719 1863 1941 1919 nobiles
1965 1865 2085 1919 sedi
2112 1868 2336 1936 aposto-

680 1953 802 2007 lica:
837 1952 1059 2007 solvere
1090 1955 1447 2019 tenerentur,
1469 1952 1549 2007 illi
1582 1954 1756 2007 etiam
1791 1954 2081 2007 cresariem
2114 1952 2169 2006 in
2206 1970 2331 2007 mo—

677 2044 823 2096 dum
856 2058 1079 2096 coronaa
1111 2042 1421 2106 deferrent,
1454 2047 1510 2096 et
1541 2041 1654 2095 alia
1687 2045 2025 2113 prmstarent
2066 2059 2191 2113 quae
2226 2046 2330 2096 Po-

675 2129 845 2185 lonize
874 2129 1133 2184 historici
1170 2130 1359 2185 fusius
1388 2135 1645 2190 narrant.
1667 2135 1740 2185 De
1768 2131 1875 2184 hac
1896 2131 2049 2185 enim
2083 2130 2219 2185 rein
2244 2148 2329 2185 vc-

672 2217 900 2273 teribus
932 2217 1332 2273 Cluniacensis
1365 2218 1698 2274 monasterii
1735 2219 2137 2273 instrumentis
2186 2219 2331 2273 nihil

671 2306 931 2379 reperire
962 2305 1149 2361 licuit.
1171 2307 1491 2362 Casimirus
1523 2325 1655 2362 vero
1692 2325 1937 2379 regnum
1972 2308 2170 2363 iniisse
2196 2308 2332 2362 dici-

671 2400 767 2450 tur
788 2412 949 2449 anno
977 2394 1136 2461 lO-il,
1173 2396 1327 2466 quod
1362 2396 1672 2451 defunctus
1704 2414 1854 2451 anno
1886 2398 2024 2450 1058
2066 2396 2185 2451 filio
2225 2414 2328 2451 suo

674 2482 945 2538 Boleslao
978 2483 1026 2537 ll
1062 2482 1317 2554 reliquit.
1353 2485 1632 2537 Caeterum
1668 2484 1833 2538 initio
1866 2484 2057 2538 smculi
2089 2502 2183 2539 xw
2215 2488 2329 2537 Vo-

675 2571 1124 2643 ladislaum,qui
1161 2570 1415 2643 primum
1450 2571 1864 2639 Cistercii,tum
1897 2574 1953 2627 in
1978 2574 2329 2627 monasterio

676 2660 867 2716 sancti
896 2660 1140 2731 Benigni
1161 2660 1521 2714 Divionensis
1544 2661 1865 2716 monachus
1884 2678 2194 2716 conversus
2217 2662 2333 2715 fue-

675 2752 784 2814 rat,
818 2766 855 2803 a
906 2749 1057 2803 votis
1103 2747 1349 2803 absolvit
1383 2748 1647 2805 Clemens
1676 2750 1724 2801 V
1754 2767 2020 2804 summus
2052 2750 2327 2821 pontifex,

677 2840 741 2891 ut
773 2836 1065 2891 Casimiro
1097 2836 1345 2892 POIODltD
1374 2838 1494 2911 regi
1526 2839 1794 2893 defuncto
1824 2840 2128 2894 succedere
2172 2839 2327 2893 vale-

678 2928 785 2979 ret.
823 2924 942 2979 Sed
978 2924 1168 2979 innuit
1201 2926 1457 2996 pontifex
1487 2926 1547 2979 in
1580 2926 1787 2981 litteris
1818 2944 1886 2982 ea
1934 2928 2004 2981 de
2056 2944 2114 2982 re
2153 2927 2325 2991 datis,

678 3029 807 3083 qua:
839 3012 1139 3068 habentur
1169 3018 1326 3068 tomo
1358 3014 1453 3068 VII
1486 3012 1774 3085 Spicilegii
1808 3014 2131 3080 Acheriani,
2161 3014 2328 3068 istius

674 3101 1107 3171 professionem
1141 3100 1381 3157 liberam
1414 3119 1528 3157 non
1562 3103 1759 3158 fuisse.
1798 3104 2147 3158 Casimirum
2192 3120 2326 3158 cum

674 3190 822 3244 beati
852 3188 1028 3244 titulo
1078 3195 1498 3246 commemorat
1542 3192 1851 3246 Bucclinus
1902 3192 1960 3246 in
1997 3191 2321 3263 Menologio

670 3277 1061 3335 Benedictino
1094 3277 1185 3333 die
1211 3282 1280 3332 28
1312 3279 1669 3335 Novembris.

742 3368 871 3421 121.
910 3366 1126 3422 Mirum
1184 3372 1272 3421 est
1318 3369 1522 3439 quanti
1578 3368 1818 3423 fecerint
1872 3370 2020 3424 beati
2063 3369 2324 3425 Odilonis

667 3454 923 3509 consilia
952 3454 1211 3527 plerique
1243 3457 1370 3525 ejus
1402 3456 1684 3526 temporis
1707 3457 1995 3512 antistites
2015 3462 2070 3512 et
2092 3457 2187 3513 alii
2219 3456 2324 3511 viri

668 3542 940 3614 potentia
962 3547 1018 3597 ct
1042 3543 1236 3598 saeculi
1261 3543 1647 3614 dignitatibus
1667 3544 1943 3611 illustres,
1960 3546 2175 3615 quibus
2192 3562 2325 3599 cum

666 3648 774 3703 pro
798 3650 926 3686 sua:
952 3632 1305 3687 conditionis
1328 3636 1483 3687 statu
1506 3635 1563 3686 in
1588 3633 1960 3688 monasteriis
1983 3634 2189 3705 degere
2213 3651 2327 3689 non

662 3720 893 3788 liceret,
913 3722 998 3775 ita
1028 3724 1222 3775 tamen
1252 3738 1378 3775 sese
1407 3738 1630 3792 suaque
1656 3723 1850 3777 omnia
1874 3722 2025 3777 beati
2056 3723 2161 3777 viri
2186 3723 2326 3793 regi-

664 3808 815 3864 mini
850 3807 1293 3877 commiserant,
1322 3814 1383 3863 ut
1410 3809 1550 3863 nihil
1583 3809 1830 3881 alicujus
1866 3811 2143 3866 momenti
2188 3812 2326 3868 abs-

665 3912 784 3967 que
816 3897 1017 3968 ipsius
1039 3896 1282 3952 consilio
1313 3900 1413 3951 aut
1433 3898 1605 3967 jussu
1641 3898 1823 3953 facere
1854 3899 2324 3969 aggrederentur.

664 3986 747 4040 Ex
782 3984 880 4041 his
906 3985 1020 4039 fuit
1051 3985 1358 4040 Fulbertus
1382 3984 1824 4041 Caruetensium
1856 3988 2326 4058 episcopus,pra:-

661 4071 1079 4127 clarissimum
1106 4072 1284 4143 hujus
1316 4072 1606 4128 undecimi
1640 4074 1832 4129 saeculi
1864 4074 2083 4141 lumen,
2116 4076 2212 4146 qui
2266 4092 2328 4129 se

664 4174 969 4216 excusans
996 4161 1153 4232 quod
1181 4161 1251 4216 ad
1286 4162 1520 4216 beatum
1549 4163 1735 4217 virum
1765 4164 2034 4218 accedere
2081 4180 2194 4217 non
2227 4181 2327 4235 po-

662 4249 885 4304 tuisset
919 4250 1175 4320 spondet
1205 4266 1331 4305 sese
1361 4248 1417 4304 id
1470 4266 1643 4322 quam
1694 4250 1949 4321 primum
1999 4250 2048 4307 ei
2080 4250 2324 4319 licuerit,

659 4336 997 4392 facturum.
1036 4338 1279 4405 Veniam,
1325 4336 1537 4409 inquit,
1587 4339 1881 4411 aliquando
1936 4340 2005 4393 ad
2061 4356 2168 4404 vos,
2201 4356 2329 4410 quos

660 4443 786 4481 vere
819 4426 1107 4481 inhabitat
1134 4427 1373 4498 Spiritus
1401 4435 1640 4489 sanctus,
1667 4428 1958 4482 consilium
1999 4428 2176 4482 divini
2204 4445 2328 4483 ora-

657 4516 779 4568 culi
802 4516 1112 4586 petiturus,
1137 4520 1245 4570 etc.
1268 4516 1335 4570 Et
1365 4520 1517 4571 certe
1544 4533 1611 4570 ex
1641 4515 1883 4586 epistola
1915 4533 2090 4587 quam
2123 4517 2329 4571 beatus

2440 625 2593 695 quod
2614 625 2825 680 absens
2848 626 3071 681 tardius
3094 627 3368 682 nuntium
3390 628 3705 701 accepisset
3728 631 3798 686 de
3815 631 4073 689 Odilonis

2442 713 2594 784 apud
2628 713 2924 769 Divioncm
2956 715 3339 782 adventu,ubi
3374 733 3507 771 eum
3540 718 3824 789 potuisset
3861 720 4073 777 videre.

2442 800 2525 854 En
2556 802 2683 870 ejus
2714 802 2887 856 verba
2920 820 2932 857 :
2972 825 2998 851 (ι
3030 804 3191 866 Quod
3242 804 3422 869 tarde,
3454 805 3664 876 inquit,
3696 807 3895 862 domni
3948 826 4078 864 san-

2444 887 2806 961 ctissimique
2831 890 3014 945 Patris
3045 890 3306 946 Odilonis
3338 893 3409 947 ad
3440 911 3541 948 vos
3575 894 3720 950 mihi
3769 896 4079 952 adventum

2445 976 2791 1043 mandastis,
2825 978 2989 1033 valde
3022 981 3260 1035 etfcetus
3308 998 3439 1036 sum
3486 982 3701 1050 tristis;
3726 984 3865 1056 quia
3906 1002 4084 1058 quem

2444 1063 2613 1135 longe
2647 1066 2901 1135 positum
2935 1067 3288 1123 dulcissimae
3320 1084 3386 1124 ac
3410 1070 3849 1142 benignissima
3900 1075 4089 1146 gratia

2443 1152 2859 1207 consolationis
2886 1153 3249 1211 decreveram
3294 1174 3569 1229 quaerere,
3604 1161 3899 1233 propriam
3948 1162 4086 1218 visi-

2441 1243 2660 1295 tantem
2698 1240 2945 1312 patriam
2980 1260 3093 1297 non
3126 1249 3324 1315 potero
3356 1246 3565 1315 videre,
3592 1270 3619 1297 »
3642 1253 3750 1304 etc.
3781 1248 4086 1305 Aliaocca-

2444 1328 2607 1384 sione
2636 1328 2948 1384 Alinardus
2979 1331 3124 1386 vidit
3172 1333 3404 1388 beatum
3445 1334 3767 1405 Odilonem,
3802 1342 3866 1393 ut
3903 1342 4087 1394 testa-

2443 1420 2542 1471 tur
2567 1417 2813 1489 ipsemet
2842 1418 3007 1474 Odilo
3040 1420 3097 1474 in
3130 1420 3331 1476 charta
3361 1424 3613 1494 quadam
3646 1427 4085 1498 compositionis

2444 1506 2605 1560 facta:
2634 1507 2783 1561 inter
2810 1524 2871 1562 se
2905 1507 3097 1579 ipsum
3132 1513 3191 1564 et
3236 1510 3530 1566 Elizabeth
3574 1511 3785 1568 Balma:
3831 1515 4088 1571 abbatis-

2445 1610 2593 1659 sam,
2615 1596 2782 1665 cujus
2815 1596 2892 1649 rei
2926 1596 3113 1667 gratia
3146 1596 3310 1653 Odilo
3329 1615 3462 1653 cum
3485 1598 3707 1671 aliquot
3728 1617 3757 1656 e
3779 1601 3925 1668 suis,
3945 1607 4001 1658 et
4018 1621 4088 1658 ex

2447 1679 2627 1736 altera
2650 1686 2809 1753 parte
2830 1684 3145 1750 abbatissa,
3174 1685 3448 1740 comitata
3474 1688 3690 1757 pariter
3710 1688 3930 1761 aliquot
3952 1708 4087 1746 san-

2447 1770 3082 1842 ctimonialibus,prout
3100 1773 3315 1827 ferebat
3342 1774 3588 1830 istorum
3612 1781 3940 1849 temporum
3958 1796 4089 1835 con-

2450 1859 2718 1925 suetudo,
2752 1860 2809 1913 in
2844 1858 3033 1914 locum
3062 1861 3432 1933 designatum
3462 1871 3868 1922 convenerant.
3904 1868 3964 1923 Id
3998 1867 4088 1941 ip-

2444 1962 2576 1999 sum
2608 1950 2807 2001 narrat
2829 1947 2993 2003 Odilo
3018 1947 3075 2002 in
3102 1950 3276 2003 veteri
3300 1950 3480 2022 huius
3504 1952 3581 2006 rei
3618 1954 3842 2021 notitia,
3867 1971 3994 2027 quae
4026 1956 4084 2011 in

2441 2034 2741 2089 Chartario
2785 2034 3148 2091 Cluniacensi
3200 2037 3464 2093 habetur.
3499 2062 3527 2089 ‹‹
3556 2042 3672 2113 Ego
3721 2042 3885 2099 Odilo
3915 2044 4081 2100 Clun.

2442 2123 2778 2177 monasterii
2811 2126 3111 2196 presbyter
3140 2129 3195 2179 et
3225 2128 3570 2197 monachus,
3592 2133 3650 2185 et
3680 2131 3931 2187 domnus
3950 2133 4084 2187 Rot-

2442 2211 2640 2266 bertus
2673 2213 2935 2282 ejusdem
2979 2213 3085 2267 loci
3122 2215 3487 2285 praepositus,
3521 2221 3724 2273 notum
3774 2237 3902 2275 esse
3931 2221 4085 2276 volu-

2441 2315 2593 2366 mus,
2629 2299 3054 2356 contentionem
3079 2318 3209 2356 cum
3236 2303 3455 2359 ratione
3476 2309 3534 2359 et
3555 2322 3692 2376 pace
3717 2306 3867 2362 inter
3895 2326 3998 2363 nos
4028 2313 4085 2364 et

2439 2387 2795 2442 abbatissam
2831 2390 3165 2443 monasterii
3197 2391 3267 2445 de
3319 2391 3517 2452 Balma
3566 2393 3857 2449 Elizabeth
3902 2396 4082 2452 fuisse

2440 2493 2544 2547 pro
2578 2476 2845 2548 praediolo
2868 2478 3036 2547 juxta
3067 2477 3263 2532 villam
3294 2479 3640 2536 Givriacum.
3678 2482 3760 2537 Ob
3795 2483 3851 2538 id
3903 2484 4079 2539 simul

2439 2565 2595 2619 dicta
2627 2565 2922 2620 abbatissa
2951 2570 3007 2620 et
3037 2566 3233 2638 plures
3257 2567 3351 2623 Dei
3385 2568 3606 2623 ancillae
3625 2587 3757 2626 cum
3779 2570 3879 2627 illa
3898 2577 3954 2627 et
3975 2590 4080 2628 nos

2438 2654 2509 2708 ad
2543 2653 2940 2725 supradictum
2977 2653 3166 2709 locum
3198 2658 3597 2725 convenimus,
3632 2659 3728 2713 ubi
3771 2665 4083 2731 praasentes

2440 2742 2678 2796 fuerunt
2721 2743 3078 2797 venerabiles
3127 2744 3369 2800 abbates
3418 2746 3670 2803 domnus
3712 2746 4081 2817 Allenardus,

2437 2830 2692 2885 domnus
2719 2831 3049 2897 Guidricus,
3084 2832 3335 2887 domnus
3365 2832 3656 2906 Otgerius,
3688 2836 3933 2908 etc.,qui
3958 2853 4078 2892 rem

2437 2924 2906 2989 composuere,et
2935 2924 3128 2990 partes
3161 2921 3578 2978 fraternitatem
3606 2928 3875 2980 mutuam
3925 2925 4083 2998 pepi-

2436 3023 2588 3078 gere.
2624 3030 2649 3056 υ
2678 3006 2848 3062 Nulla
2894 3009 3159 3079 apposita
3219 3015 3308 3064 est
3363 3010 3501 3065 huic
3559 3011 3769 3067 chartaa
3816 3013 3970 3081 data,
4005 3030 4077 3069 ne

2435 3095 2672 3166 quidem
2713 3094 2769 3150 in
2818 3096 3207 3168 autographo;
3249 3113 3378 3153 eam
3425 3102 3619 3155 tamen
3665 3104 3798 3171 post
3851 3118 4073 3157 annum

2438 3183 2572 3236 1030
2603 3184 2811 3237 factam
2844 3184 3024 3238 fuisse
3054 3183 3403 3257 colligimus,
3436 3187 3590 3257 quod
3620 3186 3929 3244 Alinardus
3968 3205 4072 3244 an-

2357 3263 2399 3328 C
2438 3272 2494 3326 ni
2532 3273 2659 3326 1031
2710 3271 2872 3327 initio
2905 3272 3213 3327 Guillelmo
3263 3274 3539 3329 sutfectus
3587 3275 3781 3331 fuerit.
3829 3277 3897 3331 Et
3942 3276 4071 3348 qui-

2434 3360 2565 3414 dem
2612 3361 2954 3415 Rotbertum
3003 3360 3261 3415 Cluniaci
3314 3362 3565 3433 priorem
3615 3366 3754 3420 tunc
3793 3364 4074 3437 temporis

2434 3447 2614 3503 fuisse
2644 3465 2711 3502 ex
2734 3448 2934 3504 multis
2960 3449 3177 3504 chartis
3210 3454 3383 3521 patet,
3414 3468 3561 3523 quas
3594 3469 3700 3507 suo
3727 3452 3852 3509 loco
3876 3452 4076 3509 lauda-

2432 3535 2644 3593 vimus.

2508 3627 2627 3681 122.
2660 3626 2938 3681 Caeterum
2971 3626 3134 3681 Odilo
3157 3644 3269 3681 non
3302 3644 3428 3699 quae
3456 3646 3564 3683 sua
3592 3634 3775 3699 erant,
3812 3631 3913 3686 sed
3948 3648 4074 3703 quae

2433 3713 2572 3769 Jesu
2606 3714 2817 3769 Christi
2850 3716 3174 3781 attendens,
3210 3715 3363 3770 haud
3397 3717 3592 3773 minus
3622 3718 3869 3775 aliorum
3902 3737 4074 3792 quam

2436 3802 2679 3874 propria}
2706 3802 2936 3858 utilitati
2960 3804 3506 3876 invigilabat.Cujus
3526 3807 3605 3862 rei
3630 3807 3968 3879 praeclarum
3991 3826 4080 3864 aro

2435 3898 2778 3963 gumentum
2802 3891 3138 3962 suppeditat
3153 3892 3316 3963 Hugo
3341 3892 3792 3951 Flaviniacensis
3812 3896 3994 3952 abbas
4018 3898 4074 3951 in

2435 3978 2715 4032 Chronico
2728 3976 3095 4043 Virdunensi,
3114 3979 3209 4032 ubi
3244 3982 3441 4033 narrat
3471 3981 3704 4034 beatum
3721 3981 4075 4039 Richardum

2435 4070 2492 4120 et
2504 4065 2869 4120 Fredcricum
2894 4065 3577 4137 comitcm,abjectisjam
3600 4068 3797 4123 saeculi
3819 4071 4071 4143 pompis,

2436 4154 2505 4209 de
2536 4152 2798 4224 eligendo
2832 4152 3201 4218 monasterio,
3237 4152 3334 4206 ubi
3357 4153 3534 4209 vitam
3566 4154 3833 4227 religiose
3862 4158 4075 4213 transi-

2435 4245 2651 4314 gerent,
2685 4240 2962 4295 sollicitos
2993 4241 3065 4294 ad
3099 4241 3332 4296 beatum
3383 4240 3686 4297 Odilonem
3735 4245 4073 4312 accessisse,

2436 4336 2501 4385 ut
2528 4347 2596 4384 ea
2623 4330 2694 4384 de
2712 4345 2771 4382 re
2792 4325 3103 4382 concilium
3129 4330 3201 4382 ab
3235 4345 3301 4383 eo
3323 4330 3670 4401 acciperent,
3691 4337 3922 4403 paratos
3952 4350 4079 4390 sese

2437 4419 2588 4475 beati
2621 4417 2726 4471 viri
2759 4415 3078 4487 disciplina:
3104 4416 3465 4486 subjicere,si
3487 4418 3544 4473 id
3564 4418 3773 4476 melius
3794 4420 3906 4493 ipsi
3927 4422 4081 4478 vide-

2438 4512 2615 4562 retur.
2653 4508 2724 4560 At
2754 4505 2841 4559 vir
2870 4510 3108 4559 sanctus
3140 4504 3451 4576 prophetiae
3491 4505 3699 4578 spiritu
3731 4507 3960 4579 plenus,
3994 4511 4081 4567 eis

658 4604 851 4658 abbas
884 4603 965 4657 ad
1005 4602 1343 4658 Fulbertum
1375 4603 1635 4675 scripsit,
1668 4608 1723 4658 et
1767 4621 1833 4657 ex
1884 4603 1997 4659 illis
2029 4621 2176 4675 quas
2206 4604 2331 4676 ipse
2364 4620 2411 4683 D
2443 4603 2506 4650 ut
2536 4597 2606 4650 ad
2638 4594 2786 4649 beati
2820 4592 3010 4647 Vitoni
3041 4593 3404 4649 Virdunense
3449 4597 3890 4666 monasterium,
3923 4599 4079 4670 quod

660 4689 999 4745 Fnlbertus
1030 4691 1101 4744 ad
1142 4708 1274 4746 eum
1308 4690 1679 4762 direxit,quze
1710 4692 1998 4746 habentur
2028 4692 2085 4746 in
2121 4692 2331 4747 Biblio-

656 4778 835 4834 theca
898 4778 1300 4847 Cluniacensi,
1333 4779 1423 4835 vol
1480 4780 1605 4849 351,
1657 4782 1811 4850 patet
1862 4779 2198 4835 Fulbertum
2251 4781 2332 4834 ita

656 4882 789 4921 sese
824 4867 1013 4921 beato
1046 4866 1273 4922 Odiloni
1307 4868 1721 4937 subjecisse,ut
1749 4872 1905 4923 totus
1937 4884 2004 4922 ex
2035 4870 2161 4939 ejus
2184 4875 2329 4924 nutu

654 4955 979 5025 penderet.
1021 4955 1146 5009 Non
1179 4955 1335 5010 enim
1368 4956 1437 5011 de
1462 4972 1578 5010 uno
1610 4959 1711 5010 aut
1740 4955 1919 5012 altero
1948 4957 2196 5029 negotio,
2231 4959 2330 5013 sed

652 5042 725 5097 de
754 5047 887 5097 toto
914 5058 1047 5097 suae
1072 5043 1257 5113 ipsius
1278 5044 1410 5099 vita:
1433 5047 1587 5098 statu
1611 5043 1922 5099 consilium
1946 5046 2017 5099 ab
2040 5063 2105 5100 eo
2139 5047 2332 5117 requi-

2441 4687 2562 4756 jam
2592 4684 2903 4753 elegerant,
2937 4687 3277 4748 remearent,
3310 4683 3620 4754 persuasit,
3654 4706 3683 4735 ιι
3712 4684 4012 4757 adjiciens,
4049 4707 4078 4737 »

2439 4772 2632 4843 inquit
2660 4772 2756 4825 ille
2786 4762 3006 4836 auctor,
3034 4792 3061 4820 «
3086 4786 3253 4841 posse
3293 4787 3395 4842 per
3427 4787 3525 4826 eos
3557 4772 3676 4827 fieri
3709 4771 3769 4828 in
3803 4790 4079 4845 processu

2438 4860 2741 4931 temporis,
2762 4864 2824 4913 ut
2844 4858 3178 4914 habitacula
3206 4875 3504 4915 servorum
3542 4861 3636 4916 Dei
3668 4877 3823 4916 nunc
3853 4862 4083 4919 modica

2442 4948 2813 5020 postmodum
2865 4955 3206 5015 crescerent,
3235 4951 3292 5002 et
3339 4948 3500 5004 ﬁeret
3544 4965 3740 5005 eorum
3788 4949 4082 5008 industria

2441 5036 2603 5091 locus
2632 5035 2726 5089 ille
2758 5034 3025 5105 insignis,
3062 5035 3159 5105 qui
3193 5039 3333 5090 tunc
3353 5037 3655 5093 videbatur
3696 5043 3985 5111 angustus
4022 5045 4083 5097 et

2442 5122 2835 5195 despicabilis.
2871 5144 2898 5170 »
2931 5122 3203 5177 Pluribus
3242 5124 3465 5179 extollit
3495 5128 3694 5195 postea
3731 5126 3884 5182 idem
3915 5128 4081 5201 Hugo

652 5132 846 5187 rebat.
889 5132 959 5185 In
997 5131 1117 5187 alia
1146 5132 1391 5203 epistola
1425 5132 1766 5187 Leutherico
1792 5133 2087 5187 Senonum
2139 5134 2332 5188 archi-

651 5219 946 5289 episcopo
972 5219 1207 5285 suadet,
1226 5224 1288 5273 ut
1319 5237 1446 5274 sese
1477 5220 1713 5274 omnino
1747 5219 1990 5274 Odilonis
2018 5229 2068 5275 et
2106 5222 2221 5291 (’jus
2252 5238 2335 5275 as-

648 5308 941 5362 seclarum
974 5309 1214 5363 consilio
1244 5307 1587 5374 committat,
1622 5307 1668 5361 si
1704 5307 1827 5378 ipse
1857 5307 1991 5362 velit
2024 5326 2131 5362 non
2161 5311 2335 5363 solum

647 5399 868 5452 anima?
890 5396 1242 5467 periculum,
1275 5398 1365 5451 St’tl
1412 5406 1462 5451 et
1514 5398 1643 5451 vita:
1690 5398 1977 5466 prmseulis
2020 5398 2256 5463 gloriam
2283 5406 2334 5452 et

650 5484 924 5541 honorem
960 5500 1314 5553 recuperare.
1350 5484 1619 5555 Deplorat
1649 5489 1860 5537 sortem
1912 5500 2077 5539 suam
2113 5486 2175 5539 Η.
2211 5487 2334 5556 qui-

650 5575 790 5629 dam
828 5571 1185 5628 monachus
1218 5572 1275 5627 in
1307 5573 1550 5644 epistola
1595 5572 1666 5625 ad
1709 5571 2083 5627 Divionenses
2128 5592 2330 5628 mona-

649 5662 817 5732 chos,
858 5659 1181 5735 Spicilegii
1221 5665 1377 5716 tome
1409 5661 1475 5716 ll.
1510 5676 1642 5732 pag.
1691 5660 1796 5713 390
1834 5658 1905 5725 (is
1930 5664 2033 5726 est,
2069 5665 2130 5713 ut
2171 5665 2328 5732 puto,

2442 5212 2591 5267 beati
2625 5210 2884 5265 Odilonis
2915 5210 3276 5277 charitatem,
3303 5217 3499 5284 utpote
3529 5214 3627 5285 qui
3660 5215 3768 5270 hac
3816 5218 4082 5273 anctione

2443 5302 2677 5356 sincerae
2700 5298 3002 5353 charitatis
3032 5299 3360 5370 exemplum
3392 5303 3720 5373 praebuerit,
3746 5292 3926 5360 multo
3957 5322 4082 5359 ma-

2442 5390 2532 5460 gis
2562 5389 2632 5441 de
2664 5386 2849 5439 alieno
2881 5402 3055 5456 quam
3079 5387 3149 5441 de
3176 5387 3407 5458 proprio
3431 5389 3578 5444 bono
3600 5390 3902 5447 sollicitus.
3922 5391 4082 5446 Unde

2442 5474 2735 5532 concludit
2780 5478 2988 5538 totum,
3023 5480 3281 5543 quantus
3330 5476 3425 5532 ille
3475 5478 3666 5544 fuerit,
3700 5478 4080 5533 Virdunensis

2442 5559 2775 5621 monasterii
2807 5561 3133 5632 profcceum
3167 5563 3333 5619 beato
3354 5565 3580 5621 Odiloni
3598 5570 3897 5638 acceptum
3915 5565 4082 5619 refer-

2443 5656 2489 5710 ri
2522 5653 2745 5707 debere.
