4954 6418
687 469 799 537 889

2190 463 2565 530 ELOGIUM.

3949 465 4070 527 890

685 622 798 683 gna
825 602 927 661 Dei
958 599 1164 675 pietas,
1190 602 1500 673 postquam
1539 597 1789 656 excessit
1825 599 1896 654 ad
1925 614 2188 671 superos,
2221 598 2321 654 de-
2351 600 2404 666 Α
2434 598 2728 655 nescimus
2750 596 3087 670 quid.Quod
3108 596 3349 652 verbum
3379 592 3621 668 quidam
3653 612 3722 652 ex
3746 595 3913 652 nobis
3935 610 4068 653 cum

688 690 1025 753 monstravit
1046 690 1119 745 ad
1145 689 1440 745 tumulum
1471 691 1620 758 ejus,
1640 688 1977 744 studuimus
2008 688 2169 741 vobis
2199 688 2323 742 bre-

2433 705 2547 742 non
2579 688 2724 742 bene
2772 686 3198 752 intellexerunt,
3230 685 3280 741 ei
3311 686 3585 741 dixerunt
3615 685 3881 757 protinus
3914 703 3928 741 ι
3962 689 4070 743 Do-

686 785 825 840 viter
845 783 1057 837 cuncta
1077 778 1456 834 innotescere.
1480 778 1615 833 Post
1643 778 1790 832 duos
1821 793 2051 831 menses
2074 792 2230 845 ergo,
2256 792 2326 830 ex
2430 777 2598 840 mine,
2618 776 2802 830 dicitis
2824 783 2883 830 ul
2912 790 2998 830 vos
3028 775 3305 829 redamas.
3329 772 3551 838 Quibus
3573 771 3667 827 ille
3694 773 4069 844 respondens,

686 887 797 943 quo
826 869 1081 923 domnus
1112 866 1297 921 abbas
1326 870 1563 921 venerat
1593 866 1663 920 ad
1698 883 1802 920 nos
1832 865 2017 936 gratia
2049 863 2323 919 visitandi

690 955 976 1014 tumulum
1025 955 1211 1010 sancti
1264 954 1457 1010 Maioli
1509 953 1948 1026 praedecessoris
1981 952 2093 1019 sui,
2125 951 2346 1008 volens.

686 1045 1021 1103 Cluniacum
1058 1042 1264 1111 redire,
1292 1047 1530 1114 rogatus
1554 1046 1643 1098 est
1673 1042 1987 1113 quamdam
2017 1040 2320 1096 ecclesiam

689 1134 862 1198 adire,
886 1130 1085 1201 ibique
1110 1129 1203 1185 die
1226 1130 1546 1194 Dominico,
1562 1136 1787 1185 astante
1809 1128 2117 1184 innumera
2136 1128 2327 1184 multi-

688 1221 885 1277 tudine
915 1218 1246 1285 hominum,
1283 1219 1528 1274 missam
1559 1235 1783 1273 canere.
1819 1218 1961 1273 Hinc
1991 1234 2123 1272 vero
2144 1216 2327 1272 altera

689 1310 797 1376 die,
822 1325 948 1379 qua
972 1306 1145 1362 tertia
1165 1307 1391 1362 decima
1410 1311 1500 1363 cst
1519 1324 1553 1362 a
1572 1306 1665 1361 die
1685 1304 1907 1361 Natalis
1927 1304 2325 1372 Domini,dum

686 1397 1100 1462 revertebatur,
1130 1394 1341 1452 solitus
1372 1396 1536 1451 dolor
1574 1394 1791 1450 ventris
1822 1411 1956 1449 eum
1990 1393 2240 1461 invasit;
2271 1399 2329 1449 et

685 1485 1005 1540 invadendo
1029 1500 1134 1554 per
1154 1500 1254 1539 sex
1273 1483 1723 1539 continuosdies
1736 1487 2004 1553 torquere
2018 1499 2132 1537 non
2154 1482 2329 1537 desti-

686 1574 773 1629 tit.
804 1572 938 1627 Post
968 1589 1120 1643 quos
1153 1573 1389 1628 tandem
1422 1571 1760 1644 relinquens
1781 1570 1970 1638 illum,
1995 1570 2179 1627 solam
2200 1588 2328 1627 cor-

686 1660 835 1733 poris
865 1660 1276 1727 defectionem,
1314 1659 1400 1715 uti
1430 1660 1555 1731 ipse
1585 1660 1885 1726 referebat,
1921 1676 2036 1714 non
2069 1659 2328 1715 dolorem

682 1747 936 1822 pertulit,
971 1765 1092 1804 non
1123 1747 1324 1803 valens
1355 1748 1510 1804 ultra
1539 1749 1860 1820 quidquam
1893 1748 2006 1804 cibi
2036 1748 2123 1803 vel
2157 1753 2329 1820 potus

684 1854 932 1903 sumere,
949 1842 1163 1909 praeter
1182 1836 1403 1908 aliquid
1427 1836 1627 1903 mulsi,
1648 1837 1801 1908 quod
1819 1837 1991 1892 etiam
2008 1842 2135 1909 post
2149 1837 2331 1892 modi-

684 1942 812 1982 cum
834 1924 1424 1998 projiciebatNigilia
1444 1926 1599 1981 enim
1614 1924 1835 1982 Natalis
1854 1926 2328 1981 Dominiveniens

684 2014 742 2068 in
772 2012 1123 2085 capitulum,
1158 2030 1220 2068 se
1250 2013 1374 2069 solo
1406 2014 1656 2069 ubertim
1702 2012 1987 2086 lacrymas
2036 2015 2328 2069 fundendo

683 2102 1017 2174 prostravit,
1042 2119 1181 2157 cum
1205 2102 1433 2157 Domini
1456 2103 1818 2159 nativitatem
1841 2103 2216 2174 pronuntiare
2234 2120 2332 2157 au-

683 2188 1119 2261 divit.Denique
1141 2206 1469 2244 sermonem
1495 2194 1803 2262 postquam
1826 2190 2065 2245 miritice
2090 2190 2328 2262 peregit,

685 2278 942 2349 seipsum
975 2277 1147 2333 valde
1177 2277 1656 2349 cmpitjudicare,
1691 2279 1888 2334 dicens
1927 2297 1990 2334 se
2020 2279 2164 2334 nihil
2195 2279 2329 2335 boni

685 2383 943 2437 unquam
965 2366 1449 2438 egisse,attamen
1471 2367 1569 2422 Dei
1593 2367 1781 2439 gratia
1796 2367 2077 2439 virginem
2095 2385 2333 2440 corpore

682 2458 917 2522 esse;et
938 2471 1050 2509 nos
1080 2453 1408 2521 absolvens,
1433 2462 1491 2512 et
1522 2472 1753 2511 summo
1784 2455 2005 2511 Pastori
2036 2471 2332 2512 commen-

683 2542 827 2597 dans
841 2542 1247 2598 benedicendo
1269 2543 1662 2608 admonuit,ut
1676 2543 1860 2615 ipsam
1875 2544 2332 2600 sacratissimum

684 2629 1125 2687 solemnitatem
1152 2646 1287 2685 cum
1318 2631 1531 2702 gaudio
1563 2631 1851 2703 spirituali
1884 2632 2232 2688 celebrarem
2246 2650 2331 2699 us,

681 2718 947 2791 nihilque
974 2719 1052 2774 ob
1086 2718 1180 2773 sui
1205 2717 1742 2775 incommoditatem
1774 2720 2223 2776 dimitteremus.
2248 2721 2334 2776 Ad

683 2808 1011 2863 matutinos
1025 2824 1159 2863 vero
1174 2807 1228 2862 in
1246 2807 1447 2863 eadem
1463 2807 1698 2863 noctein
1713 2808 2028 2864 oratorium
2045 2810 2217 2865 beatae
2230 2810 2337 2863 vir-

680 2895 833 2968 ginis
858 2894 1060 2952 Mariaz
1082 2896 1206 2967 ipse
1228 2895 1475 2963 delatus,
1492 2913 1625 2951 cum
1648 2896 2035 2969 psallentibus
2055 2914 2249 2953 coram
2275 2914 2335 2952 se

681 2983 967 3040 fratribus
984 2982 1251 3057 psalmos
1276 2988 1333 3039 et
1355 2985 1721 3055 responsoria
1740 2986 1969 3057 cecinit,
1984 2986 2334 3043 benedictio-

682 3089 782 3128 nes
796 3071 1082 3145 protulit;
1106 3073 1171 3128 Te
1183 3076 1357 3128 Deum
1381 3073 1666 3128 laudamus
1687 3074 1893 3128 adnisu
1916 3090 2032 3145 quo
2046 3074 2226 3130 valuit
2247 3092 2338 3131 ex-

682 3160 836 3216 celsa
866 3178 1011 3217 voce
1046 3160 1465 3234 pronuntiavit.
1501 3161 1804 3217 Enimvero
1834 3162 1974 3234 quia
2007 3164 2133 3234 jam
2159 3168 2334 3220 terre-

679 3265 822 3305 num
845 3249 1052 3304 cibum
1068 3250 1368 3315 omiserat,
1384 3248 1747 3321 spiritualem
1766 3251 2023 3322 quotidie
2046 3254 2334 3317 sumebat,

2433 863 2578 919 dixit
2608 862 2771 918 valde
2800 868 2998 935 aperta
3026 880 3163 918 voce
3192 880 3204 917 :
3238 864 3528 933 Nunquam
3550 861 3648 916 hoc
3676 862 3799 917 dilui
3827 863 3965 933 quod
3995 861 4075 919 di-

2432 954 2574 1008 citis.
2610 953 2825 1007 Deinde
2853 952 3169 1024 respiciens
3198 950 3536 1008 terribiliter
3562 955 3765 1007 contra
3794 950 4073 1007 orientem

2435 1041 2599 1113 quasi
2619 1058 2748 1096 cum
2772 1040 2966 1112 aliquo
2988 1041 3340 1112 loqueretur,
3356 1038 3883 1112 ceepitalternatim
3906 1039 4076 1096 silere

2434 1135 2493 1184 et
2522 1128 2646 1184 fari.
2666 1130 2817 1184 Tum
2842 1133 3148 1200 postquam
3181 1130 3311 1199 ejus
3340 1144 3622 1200 organum
3648 1128 3815 1199 quasi
3834 1127 4075 1183 ridendo

2435 1217 2765 1273 diutissime
2793 1218 2981 1272 visum
3017 1222 3103 1272 est
3134 1217 3373 1283 moveri,
3408 1216 3540 1272 felix
3571 1218 3701 1287 ejus
3728 1217 3930 1272 anima
3959 1217 4073 1272 mi-

2435 1306 2621 1379 gravit
2650 1306 2723 1361 ad
2754 1305 2946 1361 ccelos.
2981 1305 3125 1361 Hinc
3156 1322 3366 1377 corpus
3396 1306 3524 1376 ejus
3555 1310 3619 1361 ut
3649 1305 3760 1360 fuit
3802 1304 3987 1361 lotum
4019 1310 4078 1362 et

2435 1394 2797 1450 aromatibus
2823 1394 3146 1461 conditura,
3177 1410 3245 1448 ac
3290 1393 3497 1448 iisdem
3539 1393 3819 1461 vestibus,
3855 1392 4076 1466 quibus

2437 1481 2561 1553 ipse
2592 1482 2832 1536 vivendo
2853 1482 3132 1551 jusserat,
3166 1481 3458 1547 indutum,
3491 1481 3747 1537 delatum
3770 1487 3858 1538 est
3885 1482 3946 1538 in
3976 1498 4074 1538 ec—

2437 1569 2631 1636 clesia,
2664 1575 2721 1626 et
2746 1571 3000 1641 positum
3032 1574 3165 1625 ante
3205 1570 3386 1626 altare
3414 1569 3808 1642 apostolorum
3840 1570 3989 1627 Petri
4019 1575 4077 1628 et

2436 1658 2622 1724 Pauli,
2644 1659 2740 1713 ubi
2774 1658 3065 1714 maximus
3095 1658 3259 1713 dolor
3273 1662 3329 1713 et
3343 1657 3537 1712 luctus
3564 1661 3725 1713 actus
3746 1662 3836 1713 est
3864 1660 3935 1715 ab
3958 1658 4077 1716 illis

2438 1748 2537 1819 qui
2569 1748 2840 1803 excubias
2899 1752 3032 1802 ante
3087 1748 3214 1818 ejus
3273 1747 3549 1802 feretrum
3603 1744 3703 1801 illa
3740 1751 3907 1804 nocte
3946 1764 4076 1820 per-

2438 1841 2700 1908 egerunt.

2512 1947 2538 1974 u
2570 1926 2792 1981 Interea
2816 1924 3056 1998 quidam
3088 1919 3282 1992 frater,
3306 1923 3543 1979 nomine
3575 1923 4079 1996 Gregorius,valde

2440 2012 2768 2084 religiosus,
2792 2019 3043 2068 stratum
3071 2017 3294 2085 petens,
3317 2029 3449 2068 eum
3474 2012 3584 2068 sibi
3608 2012 3883 2069 assistere
3911 2013 4076 2081 vidit,

2440 2102 2608 2172 quasi
2629 2101 2688 2157 in
2710 2104 2912 2158 eodem
2936 2102 3060 2157 loco
3082 2119 3196 2174 quo
3226 2101 3449 2157 obierat
3472 2119 3485 2157 :
3509 2118 3681 2173 quem
3715 2102 4081 2172 interrogans

2440 2192 2730 2260 quomodo
2762 2207 2823 2246 se
2854 2191 3112 2255 haberet,
3132 2202 3463 2245 memorans
3482 2188 3748 2245 videlicet
3771 2190 3925 2261 quod
3951 2190 4080 2261 jam

2442 2279 2700 2346 obiisset,
2734 2279 3036 2350 respondit
3065 2280 3261 2335 omnia
3291 2279 3445 2333 bona
3473 2277 3583 2333 sibi
3614 2278 3966 2349 provenisse,
3999 2277 4084 2350 ip-

2442 2386 2690 2441 sumque
2717 2369 2929 2440 Regem
2961 2368 3155 2440 gloriae
3185 2368 3388 2423 Jesum
3418 2366 3711 2422 Christum
3742 2365 3852 2421 sibi
3875 2381 4081 2422 occur-

2444 2457 2607 2512 risse.
2633 2458 2783 2512 Dixit
2802 2456 2975 2513 etiam
3000 2458 3154 2529 quod
3175 2458 3361 2512 forma
3386 2455 3599 2511 diaboli
3624 2454 3809 2510 instar
3827 2456 3961 2510 tetri
3983 2454 4084 2511 ho-

2444 2547 2621 2601 minis
2651 2547 2761 2601 sibi
2807 2545 3141 2617 adprimum
3172 2543 3526 2615 apparuerit,
3559 2543 3874 2599 ostendens
3903 2542 3986 2598 illi
4017 2542 4079 2598 in

2444 2652 2621 2706 quam
2673 2640 2918 2707 partem,
2969 2634 3186 2689 ostium
3234 2632 3499 2688 videlicet
3544 2631 3909 2698 latrinamm,
3942 2644 4080 2687 con-

2445 2724 2613 2780 fusus
2641 2723 3008 2789 abscesserit,
3043 2739 3175 2777 cum
3208 2723 3266 2777 in
3300 2737 3361 2777 se
3412 2720 3555 2776 nihil
3592 2719 3832 2775 invenit.
3864 2718 4085 2776 Deinde

2442 2812 2715 2868 velociter
2744 2812 2993 2867 transitu
3025 2812 3155 2879 ejus
3172 2811 3540 2882 personante,
3560 2806 3918 2863 incredibilis
3939 2806 4086 2864 mul-

2442 2902 2631 2957 titudo
2644 2901 2949 2956 hominum
2962 2900 3021 2955 in
3036 2898 3384 2971 obsequium
3408 2897 3628 2953 funeris
3649 2897 3699 2967 ej
3710 2914 3777 2952 us
3795 2896 4087 2968 agglome-

2445 2990 2558 3044 rari
2590 2989 2782 3061 erepit,
2816 3005 2991 3060 quem
3025 2989 3185 3059 [Mag.
3210 2987 3367 3059 quia]
3393 2985 3646 3042 universi
3671 2985 3925 3056 quodam
3955 3000 4082 3057 ger-

2447 3094 2619 3133 mano
2636 3076 3049 3133 etdulcissimo
3074 3076 3281 3132 alfectu
3311 3074 3683 3147 plangebant,
3707 3077 3765 3128 et
3787 3072 4083 3130 nescimus

2445 3182 2560 3237 quo
2582 3164 2774 3221 divino
2797 3164 3100 3234 instinctu,
3115 3163 3522 3236 compunetius
3544 3178 3677 3217 eum
3701 3160 4080 3233 lugebant,ob

2446 3254 2505 3308 id
2538 3254 2803 3310 videlicet
2830 3254 2984 3325 quod
3016 3268 3148 3308 eum
3181 3252 3469 3325 placuisse
3500 3249 3744 3305 Domino
3774 3262 3890 3305 nan
3922 3249 4085 3321 igno-

676 3336 950 3393 faciendo
974 3354 1176 3393 coram
1204 3355 1264 3393 se
1286 3337 1473 3409 legere
1495 3344 1828 3394 sanctorum
1853 3340 2087 3396 Patrum
2110 3358 2333 3397 sermo-
2367 3323 2410 3390 Ο
2449 3344 2673 3398 rabant.
2708 3323 2961 3397 Evolutis
2998 3323 3200 3396 exinde
3254 3340 3456 3412 paucis
3510 3338 3736 3404 diebus,
3772 3340 4082 3410 postquam

677 3442 801 3494 nes,
829 3442 1167 3498 eorumque
1187 3427 1463 3499 suffragia
1485 3426 1871 3498 implorando,
1895 3446 2009 3500 quo
2029 3446 2096 3485 ex
2118 3430 2226 3485 hac
2253 3430 2335 3485 la-

673 3531 1023 3585 crymarum
1055 3514 1314 3571 convalle
1348 3532 1549 3569 eorum
1599 3515 1869 3586 precibus
1917 3524 2333 3574 assumeretur.

673 3602 851 3660 Porro
885 3603 1092 3677 vigilia
1124 3603 1449 3659 festivitatis
1490 3605 1675 3660 sancti
1710 3605 1992 3673 Silvestri,
2024 3613 2335 3680 antequam

671 3692 886 3749 fratres
910 3694 986 3749 ad
1014 3693 1338 3748 matutinos
1370 3698 1694 3764 surgerent,
1717 3695 1976 3751 sentiens
1998 3713 2060 3751 se
2081 3695 2339 3769 ingrave-

669 3782 1223 3853 scerejamjamque
1237 3781 1627 3854 propinquare
1646 3783 1717 3837 ad
1735 3783 2338 3849 exitum,communio—

671 3885 808 3925 nem
840 3869 1224 3925 Dominicam
1242 3874 1546 3925 etcrucem
1574 3869 1681 3925 sibi
1708 3872 1893 3941 jussit
1922 3872 2336 3946 aiferri;quam

669 3973 913 4015 crucem
937 3963 1011 4015 ut
1036 3958 1197 4026 vidit,
1222 3959 1422 4014 statim
1445 3958 1517 4013 ab
1538 3957 1656 4014 imo
1678 3960 1928 4031 pectoris
1950 3960 2123 4033 longa
2151 3963 2340 4033 suspi-

670 4046 757 4102 ria
790 4047 1149 4118 protrahere
1179 4047 1370 4119 cmpit,
1403 4062 1649 4118 eamque
1683 4046 1971 4120 lacrymas
2020 4049 2337 4119 fundendo,

669 4138 726 4189 et
756 4136 1067 4207 quasdam
1106 4134 1418 4199 orationes,
1451 4150 1599 4206 quas
1628 4136 1801 4191 corde
1834 4140 2006 4192 tenus
2033 4137 2335 4206 retinebat,

665 4223 1363 4290 decantando,adoravit;
1380 4223 1579 4295 sicque
1592 4227 1853 4279 sanctam
1865 4226 2337 4282 communionem

666 4312 962 4385 suscepit.
989 4312 1207 4369 Eadem
1232 4330 1364 4367 vero
1385 4312 1499 4377 die,
1522 4311 1894 4383 vespertinali
1916 4313 2139 4369 scilicet
2169 4314 2332 4382 hora,

663 4406 808 4456 ante
841 4401 1044 4458 altare
1084 4406 1298 4457 sanctae
1348 4399 1445 4456 Dei
1476 4399 1774 4472 genitricis
1808 4400 1999 4455 Mariae
2030 4400 2246 4457 faciens
2279 4419 2339 4459 se

662 4489 1130 4561 deferri,ibique
1143 4506 1411 4562 vesperas
1428 4488 2339 4553 solemnitercanere,diutissime

2444 3436 2534 3487 est
2555 3431 2818 3503 sepultus
2838 3432 2895 3486 in
2920 3431 3160 3486 sinistra
3192 3428 3378 3502 ipsius
3408 3427 3663 3484 ecclesia
3688 3430 3886 3499 crypta
3906 3442 4085 3498 prope

2445 3521 2625 3576 altare
2683 3520 2866 3576 sancti
2927 3519 3198 3575 Lauriani
3261 3516 3551 3590 martyris,
3585 3515 3864 3571 virtutum
3899 3514 4087 3588 signis

2445 3609 2759 3665 Salvatoris
2791 3609 2971 3664 nostri
3004 3607 3263 3681 dignatio
3311 3606 3485 3679 erepit
3531 3621 3665 3660 eum
3715 3602 4088 3660 manifestare

2447 3700 2755 3754 mundo.ln
2778 3697 3172 3770 Longoumnis
3191 3695 3328 3751 villa
3348 3695 3615 3766 quaedam
3637 3691 4084 3765 degebatvidua,

2446 3788 2615 3858 cujus
2636 3787 2805 3842 unica
2822 3786 2942 3841 lilia
2959 3785 3184 3841 occulto
3208 3782 3563 3853 Deijudicio,
3588 3794 3703 3837 non
3728 3779 3918 3837 solum
3932 3795 4090 3836 men-

2447 3876 2522 3931 tis
2543 3892 2782 3931 sensum
2816 3874 3163 3945 perdiderat,
3181 3888 3381 3927 verum
3405 3871 3581 3926 etiam
3604 3869 3815 3942 lingua:
3828 3867 4086 3923 officium

2446 3967 2504 4020 et
2533 3962 2783 4019 aurium.
2814 3963 2971 4018 Hanc
3002 3962 3197 4033 itaque
3227 3959 3393 4016 tertio
3426 3958 3486 4013 in
3514 3957 3737 4013 somnis
3777 3954 4088 4012 admonuit

2447 4051 2591 4123 ipse,
2620 4052 2773 4123 quod
2806 4051 2876 4106 ad
2910 4066 3083 4105 suum
3115 4048 3449 4121 sepulcrum
3479 4062 3608 4101 eam
3639 4045 3893 4100 duceret.
3919 4042 4082 4099 Aeci-

2448 4140 2613 4213 piens
2640 4156 2776 4211 ergo
2809 4138 3019 4194 mulier
3050 4136 3322 4192 miseram
3352 4133 3597 4206 prolem,
3630 4136 3686 4187 et
3712 4132 3787 4187 ad
3828 4131 3958 4202 ejus
3987 4134 4084 4186 tuo

2446 4228 2672 4284 mulum
2699 4228 2941 4292 ducens,
2959 4243 3092 4282 mox
3105 4229 3171 4280 ut
3187 4224 3237 4280 ei
3255 4224 3456 4279 vinum
3473 4222 3688 4289 bibere,
3713 4219 3865 4275 unde
3886 4230 4086 4275 sacra-

2444 4316 2740 4372 tissimum
2757 4318 2886 4388 ejus
2907 4332 3119 4386 corpus
3141 4313 3250 4368 fuit
3270 4310 3848 4381 lotum,auribusque
3869 4306 4088 4364 infudit

2445 4405 2516 4460 de
2533 4403 2923 4476 eo,loquelam
2945 4407 3001 4459 et
3028 4403 3295 4458 auditum
3326 4417 3393 4457 ac
3424 4416 3664 4456 sensum
3695 4397 3911 4453 mentis
3939 4410 4089 4452 rece-

2445 4494 2550 4566 pit.
2569 4493 2803 4548 lnterim
2826 4493 2966 4547 dum
2982 4491 3101 4546 haec
3113 4495 3307 4562 grates
3328 4488 3690 4562 persolvebat
3705 4485 4086 4557 omnipotenti

660 4594 794 4634 eam
817 4594 968 4634 cum
996 4577 1273 4650 lacrymis
1295 4577 1661 4649 rogavit,quo
1682 4576 1773 4631 sui
1797 4576 2139 4649 dignaretur
2160 4579 2337 4635 mise-
2446 4583 2583 4648 Deo,
2610 4581 2851 4654 quidam
2892 4581 3107 4636 surdus
3146 4579 3481 4644 adveniens,
3508 4576 3620 4633 sibi
3647 4574 3823 4632 etiam
3856 4573 4086 4629 infundi

662 4666 799 4721 reri.
837 4666 1122 4737 Denique
1153 4683 1215 4722 se
1247 4666 1466 4722 faciens
1510 4666 1722 4721 iterum
1773 4665 1973 4721 referri
2005 4665 2063 4721 in
2095 4666 2334 4722 domum
2367 4690 2413 4753 Ι)
2447 4671 2688 4727 auribus
2709 4687 2777 4725 ex
2797 4669 2894 4724 illo
2916 4668 3047 4723 vino
3070 4667 3329 4739 rogavit;
3362 4666 3462 4737 qui
3496 4662 3694 4721 statim
3726 4662 4089 4729 audiens,re-

656 4753 1409 4827 infirmorum,postquam
1433 4752 1865 4826 aliquantulum
1888 4753 2150 4810 videlicet
2172 4756 2333 4827 quie-
2367 4751 2401 4753 _
2444 4760 2555 4815 diit
2577 4760 2649 4815 ad
2683 4758 2975 4831 regionem
3029 4755 3241 4811 deserti
3294 4754 3446 4810 unde
3474 4753 3804 4809 advenerat.
3836 4751 4089 4818 Quidam

654 4840 1463 4913 vitinlcctulo,seseerigere
1477 4840 1838 4908 fecit,etiude
1852 4842 2104 4897 sedendo
2122 4847 2336 4915 tenere,
2446 4849 2620 4904 etiam
2654 4847 2828 4902 homo
2871 4863 2942 4901 ex
2988 4843 3335 4916 Biturigensi
3383 4841 3590 4914 patria,
3621 4839 3723 4912 qui
3754 4856 3858 4911 per
3885 4837 4086 4893 decem

652 4944 776 5000 quo
810 4945 1026 5002 usque
1054 4930 1248 4985 subito
1280 4932 1455 5001 caput
1484 4927 1806 4984 inclinavit.
1838 4929 2002 4993 Quod
2046 4930 2245 4986 statim
2277 4936 2340 4988 ut
2448 4952 2632 4992 annos
2657 4934 2913 4991 otﬁcium
2942 4932 3152 5005 linguae
3184 4932 3533 5004 perdiderat,
3555 4930 3627 4985 ad
3659 4929 3788 5000 ejus
3816 4925 4085 4982 tumbam

651 5017 953 5074 viderunt
1004 5016 1114 5090 qui
1166 5018 1465 5087 astabant,
1507 5034 1613 5072 nos
1659 5022 2027 5086 vocaverunt,
2060 5024 2339 5091 ponentes
2448 5024 2730 5080 accedens
2776 5025 2908 5093 post
2951 5020 3175 5092 aliquot
3220 5020 3344 5075 dies
3397 5028 3513 5091 quo
3561 5016 3893 5075 advenerat.
3923 5013 4086 5087 loqui

648 5122 793 5162 eum
829 5106 1093 5163 interim
1122 5107 1183 5162 in
1203 5105 1415 5174 cilicio,
1439 5111 1495 5161 et
1516 5105 1743 5161 lumina
1772 5108 2172 5177 accendentes,
2202 5109 2340 5181 quia
2445 5113 2592 5169 bene
2615 5110 2953 5182 promeruit.
2978 5109 3238 5180 Denique
3259 5107 3497 5180 quidam
3525 5104 3756 5162 vetulus
3776 5104 3836 5159 in
3866 5101 4087 5175 longis-

649 5210 771 5250 nox
789 5194 1184 5263 imminebat,
1205 5212 1324 5267 qua
1339 5194 1774 5251 sacratissimus
1795 5195 1921 5251 dies
1942 5196 2339 5253 Circumcisio-
2447 5202 2608 5257 simae
2631 5197 2903 5254 caacitatis
2926 5212 3234 5252 remanens
3255 5195 3687 5259 tenebrositate,
3710 5191 3861 5247 illico
3883 5194 3947 5246 ut
3967 5207 4089 5261 cry-

650 5284 747 5340 nis
771 5282 1040 5342 Domini
1061 5282 1792 5341 habetur.0ccurrentibus
1805 5301 1941 5356 ergo
1962 5284 2131 5339 nobis
2154 5286 2337 5341 conti-
2446 5295 2628 5362 ptam,
2648 5304 2771 5359 qua
2792 5287 2995 5342 tumba
3011 5287 3140 5356 ejus
3157 5283 3423 5346 habetur,
3448 5282 3702 5349 intravit,
3717 5278 3917 5351 vigilia
3937 5276 4089 5330 vide-

651 5390 800 5439 nuo,
827 5379 894 5429 et
916 5388 1128 5438 vocem
1153 5374 1208 5427 in
1233 5373 1376 5429 caelo
1397 5390 1530 5428 cum
1554 5371 1829 5443 laerymis
1862 5371 2055 5427 dando
2087 5373 2159 5427 ob
2192 5376 2337 5430 tanti
2445 5378 2578 5434 licet
2606 5377 2805 5432 Ramis
2836 5374 3190 5437 Palmarum,
3224 5371 3454 5427 ductori
3484 5387 3592 5427 suo
3625 5387 3686 5425 se
3717 5367 3867 5423 clare
3893 5364 4087 5419 videre

2444 5466 2606 5530 dixit,
2623 5464 2811 5537 gratia
2834 5464 2935 5518 Dei
2966 5468 3023 5517 et
3052 5462 3181 5531 ejus
3208 5460 3455 5529 meritis,
3479 5460 3650 5529 cujus
3679 5451 3974 5537 tumulum
3993 5466 4087 5503 ex-

2445 5535 2675 5626 petebat
2716 5552 2885 5622 [Mug.
2912 5547 3282 5619 exsliectabat
3307 5563 3409 5618 pro
3442 5544 3775 5619 spectabat].
3804 5535 4083 5627 Quaedam

2444 5624 2651 5697 deinde
2682 5638 2894 5694 mulier
2915 5654 2985 5692 ex
3014 5632 3227 5691 Montis
3259 5634 3425 5691 Lucii
3455 5624 3972 5698 castro,aggravata
3999 5624 4081 5670 vi-

2444 5729 2645 5785 delicet
2680 5727 2841 5782 visus
2871 5720 3195 5797 dispendio,
3220 5721 3290 5774 ad
3323 5725 3459 5795 ejus
3488 5714 3840 5778 mausoleum
3871 5719 3929 5756 se
3954 5718 4086 5770 pro-

648 5461 855 5518 Patris
892 5460 1309 5529 amissionem,
1340 5461 1674 5532 innuitipse
1707 5465 1770 5515 ut
1800 5465 2123 5517 taceremus
2158 5479 2171 5516 :
2204 5464 2334 5533 qui-

646 5552 767 5606 bus
794 5550 1178 5615 tacentibus,
1202 5549 1578 5621 interrogavit
1609 5547 1738 5604 illos
1769 5548 1866 5619 qui
1889 5565 1951 5602 se
1972 5549 2265 5615 tenebant,
2284 5553 2332 5607 si

641 5645 814 5697 esset
850 5638 1101 5712 positus
1130 5638 1188 5693 in
1220 5638 1427 5695 cilicio.
1461 5639 1726 5708 Cumque
1748 5635 1828 5690 illi
1861 5636 2331 5706 respondissent:

644 5732 884 5801 Utique,
903 5726 1226 5798 subjunxit
1247 5726 1362 5793 ille,
1378 5730 1433 5782 et
1455 5725 1627 5780 dixit:
1654 5725 1866 5779 Trahitc
1887 5739 1988 5788 mc,
2016 5724 2333 5794 respiciens
