4954 6420
1372 393 1484 460 891

2293 393 2360 456 S.
2408 392 2770 457 ODILONIS
2815 386 3371 452 CLUNIACENSIS
3414 385 3741 449 ABBATIS
3783 385 3856 448 ν.

4666 381 4785 448 892

1371 529 1525 588 trahi
1554 527 1716 587 fecit:
1738 546 1854 604 quo
1882 526 2025 585 dum
2045 527 2220 585 verba
2247 526 2529 584 orationis
2562 522 2927 598 multiplicat,
2958 527 3013 579 et
3043 523 3094 591 Α
3125 520 3544 586 nassct,cmteri
3566 537 3769 576 omnes
3794 517 4056 575 unanimi
4077 513 4784 576 consensuhancelectio-

1373 619 1489 676 fide
1506 619 1690 675 Deum
1711 617 1959 685 invocat,
1980 618 2147 674 adest
2165 617 2314 673 beati
2331 616 2592 671 Odilonis
2617 613 2884 686 generale
2917 627 3017 666 an-

1373 707 1603 775 xilium,
1634 724 1752 780 quo
1781 705 2006 762 czecitas
2053 706 2265 761 orbatae
2313 704 2577 761 mulieris
2609 701 2918 774 depellitur
2947 699 3020 756 ab

1378 796 1585 862 oculis,
1620 796 1760 868 quia
1787 795 1947 850 filius
1969 794 2117 850 lucis
2147 799 2203 848 et
2233 793 2280 848 ei
2315 810 2426 848 non
2458 792 2612 847 filius
2644 791 3018 846 tenebrarum

1378 885 1510 941 fuit.
1534 889 1610 940 Ex
1632 884 1863 940 Diezeze
1885 887 2074 938 castro
2104 881 2341 953 quidam
2376 881 2549 935 homo
2572 881 2639 934 ad
2665 881 2794 949 ejus
2827 877 3018 948 sepul-

1382 991 1548 1030 crum
1579 972 1832 1037 veniens,
1867 971 2138 1043 loquendi
2173 969 2428 1025 officium
2478 969 2633 1040 quod
2670 967 3019 1040 perdiderat,

1383 1079 1500 1119 non
1523 1061 1709 1118 solum
1730 1060 1960 1132 recepit,
1984 1076 2182 1114 verum
2206 1058 2381 1113 etiam
2417 1058 2578 1129 pedis
2610 1056 2791 1110 dextri
2820 1063 2874 1109 et
2901 1073 3017 1108 ma-

1377 1168 1493 1206 nus
1526 1149 1925 1212 nihilominus,
1951 1148 2148 1218 sicque
2171 1147 2338 1201 laztus
2361 1147 2430 1200 ad
2455 1145 2687 1218 propria
2722 1144 3017 1198 remeavit.

1375 1238 1623 1296 Turonis
1651 1241 1772 1294 erat
1795 1227 2306 1309 quidam‘vetulus,
2333 1235 2552 1289 lumine
2576 1233 2878 1288 oculorum
2905 1232 3018 1304 pri-

1373 1334 1541 1385 vatus
1573 1343 1586 1382 :
1619 1326 1712 1382 hic
1740 1343 1874 1396 ergo
1907 1325 2167 1381 secundo
2197 1329 2508 1396 postquam
2560 1323 2631 1377 ad
2663 1323 2790 1391 ejus
2829 1319 3019 1391 sepul-

1370 1433 1535 1473 crum
1558 1415 1732 1483 venit,
1767 1414 1965 1470 luxnen
2000 1413 2156 1485 quod
2189 1412 2466 1468 amiserat
2498 1411 2752 1482 recipere
2786 1410 3017 1463 meruit.

1439 1530 1466 1558 ‹‹
1497 1505 1623 1561 Haec
1655 1505 1724 1558 dc.
1759 1507 1906 1558 ι..;.η
1949 1503 2059 1557 ulis
2101 1501 2285 1557 Patris
2333 1501 2515 1556 nostri
2567 1498 2814 1554 breviter
2858 1497 3021 1551 vobis

1367 1593 1808 1668 explicavimus.
1827 1592 2114 1646 Dicuntur
2132 1589 2305 1644 etiam
2340 1594 2544 1661 preter
2567 1605 2631 1641 ea
2656 1587 2859 1650 multa,
2895 1603 3021 1656 quae

1368 1683 1500 1738 ideo
1513 1699 1629 1737 non
1646 1679 2134 1750 crcduntur,quia
2149 1695 2182 1732 a
2199 1683 2428 1732 contem
2439 1676 2743 1748 ptibilibus
2759 1675 3021 1748 personis

1371 1771 1728 1828 referuntur.
1758 1767 1982 1824 Valete.
2011 1768 2135 1836 (Hic
2163 1767 2366 1820 desinit
2398 1768 2452 1818 in
2486 1768 2720 1831 Fassat.)

1445 1883 1472 1909 α
1507 1859 1588 1914 De
1607 1857 1886 1914 electione
1909 1873 2042 1911 vero
2069 1854 2380 1910 clarissimi
2405 1854 2588 1908 Patris
2615 1852 2790 1906 nostri
2821 1852 3018 1905 domni

1375 1947 1639 2021 Hugonis
1663 1944 1910 2012 abbatis,
1943 1944 2238 1999 canticum
2271 1958 2481 1997 novum
2516 1941 2829 2005 cantantis,
2858 1942 2902 1991 si
2929 1958 3023 1994 cu-

1375 2037 1516 2110 pitis
1567 2052 1759 2102 nosse,
1807 2032 2005 2088 sciatis
2055 2032 2220 2086 illum
2272 2032 2593 2087 secundum
2646 2030 2782 2084 almi
2835 2029 3019 2084 Patris

1375 2125 1669 2182 Benedicti
1695 2121 2002 2196 imperium
2036 2121 2281 2177 electum
2305 2136 2455 2190 esse,
2485 2119 2761 2190 omnique
2791 2117 3016 2188 sapien-

1376 2214 1459 2270 tia
1484 2219 1543 2271 et
1581 2212 1905 2270 eruditione
1952 2210 2279 2283 praeditum,
2312 2226 2377 2264 ac
2427 2226 2656 2262 morum
2709 2209 3018 2279 probitate,

1374 2301 1644 2368 utilitate,
1668 2302 1973 2358 honestate
2004 2299 2344 2363 subnixum,
2362 2297 2724 2367 abbalimque
2742 2296 3018 2349 honorem

1371 2391 1618 2448 invitum
1641 2389 1953 2462 accepisse,
1977 2388 2354 2460 lacrymando
2387 2385 2608 2441 scilicet
2630 2384 3020 2455 etjudieando

1371 2499 1431 2538 se
1453 2481 1763 2550 indignum
1789 2494 1917 2534 esse
1933 2477 2035 2532 tali
2057 2477 2295 2532 honore.
2321 2475 2580 2546 Denique
2604 2491 2636 2528 a
2661 2473 3020 2543 Burgundio-

1371 2587 1512 2626 num
1543 2567 1908 2640 principibus
1946 2570 2003 2622 et
2033 2567 2448 2621 Arvernorum.
2481 2563 2600 2618 imo
2633 2568 2689 2617 et
2720 2579 2754 2616 a
2789 2577 3020 2616 summo

1370 2658 1646 2732 pontifice
1675 2661 1886 2712 sanctae
1933 2653 2260 2726 apostolicae
2313 2653 2471 2706 sedis
2521 2651 2687 2705 valde
2733 2649 3017 2720 diligitur,

1372 2745 1715 2810 honoratur,
1742 2741 2060 2809 attollitur;
2088 2745 2144 2796 et
2173 2739 2457 2812 quidquid
2493 2739 2548 2793 in
2581 2739 3020 2811 prcedecessoris

1375 2834 1467 2891 sui
1495 2837 1618 2890 erat
1648 2832 1886 2897 ditione,
1920 2831 1972 2886 ei
2003 2831 2342 2886 conceditur
2371 2834 2428 2884 et
2457 2829 2724 2884 donatur.
2757 2849 2784 2874 η

1444 2923 1761 2982 Jodsaldus
1783 2922 2048 2977 observat
2070 2920 2305 2976 beatum
2329 2919 2516 2974 virum
2541 2919 2600 2973 in
2623 2918 2894 2972 extremis
2919 2934 3017 2989 po-

1375 3013 1577 3079 situm,
1607 3011 1886 3068 fratribus
1925 3009 2000 3064 ab
2048 3025 2114 3064 eo
2166 3007 2603 3063 sciscitantibus
2634 3007 2767 3078 quis
2799 3005 2855 3060 in
2887 3007 3015 3074 ejus

1373 3102 1568 3159 locum
1589 3097 1926 3156 monasterii
1946 3096 2202 3170 regimen
2218 3101 2655 3168 essetsusceptu
2667 3113 2788 3160 rus,
2805 3095 2875 3148 ab
2889 3095 3016 3164 ejus

1371 3191 1744 3265 quippenutu
1765 3186 2002 3244 omnino
2023 3185 2375 3258 pendebant,
2391 3184 2781 3256 respondisse,
2799 3199 2859 3238 se
2874 3183 3018 3237 hanc

3131 631 3262 668 nem
3323 612 3796 683 comprobarunt.
3853 609 3912 664 ιιι
3976 610 4221 665 fortasse
4297 610 4544 664 innuero
4601 606 4785 663 volui:

3130 708 3333 757 auctor
3379 701 3645 755 Chronici
3693 699 4118 762 Malleacensis,
4153 697 4252 770 qui
4283 698 4355 753 ad
4389 714 4614 753 annum
4651 699 4788 752 104$

3130 792 3228 854 ait,
3250 791 3549 844 Odilonem
3587 790 3642 842 in
3678 793 3974 842 senectute
4006 788 4158 843 bona
4188 804 4373 842 annos
4406 787 4790 859 septuaginta

3130 898 3226 936 Sex
3259 879 3560 949 [legendum
3615 878 3910 945 octoginta
3960 879 4078 942 sex]
4113 881 4313 930 natum
4364 874 4690 947 quievisse,
4733 877 4786 928 in

3128 971 3283 1038 cujus
3315 970 3510 1028 locum,
3545 966 3754 1037 inquit,
3781 966 3938 1035 jussu
3983 982 4103 1033 suo,
4135 972 4187 1019 et
4224 965 4485 1019 electione
4533 967 4786 1018 omnium

3128 1061 3386 1128 fratrum,
3419 1058 3702 1110 ordinatus
3733 1060 3810 1108 est
3846 1059 4003 1124 [Iugo
4033 1054 4236 1107 nobilis
4267 1061 4474 1125 pastor,
4507 1055 4642 1108 vitm
4673 1069 4784 1106 mc-

3131 1151 3236 1201 rilo
3269 1164 3372 1200 non
3405 1147 3594 1199 dissim
3603 1147 3713 1198 iIiS.

3205 1238 3323 1290 125.
3359 1239 3499 1288 Cum
3561 1250 3693 1286 vero
3745 1231 4064 1287 Jodsaldus
4113 1230 4350 1285 disertis
4399 1229 4592 1285 verbis
4639 1231 4784 1285 scri-

3132 1324 3307 1396 pserit
3352 1323 3582 1376 beatum
3635 1320 3938 1375 Odilonem
3992 1320 4137 1392 ipsis
4186 1319 4450 1374 Januarii
4504 1318 4789 1374 Kalendis

3130 1430 3282 1467 anno
3318 1412 3452 1466 “HO
3481 1410 3798 1464 excessisse
3842 1425 3911 1462 ex
3963 1408 4070 1463 hac
4121 1409 4261 1474 vita,
4297 1407 4494 1462 nullus
4519 1425 4590 1462 ea
4619 1408 4696 1462 de
4731 1425 4789 1461 re

3132 1517 3429 1556 remanere
3495 1503 3683 1570 potest
3738 1498 4072 1568 ambigendi
4133 1496 4314 1553 locus.
4345 1497 4449 1561 Qui
4483 1513 4618 1551 vero
4650 1513 4790 1551 eum

3132 1607 3285 1645 anno
3313 1591 3445 1643 tots
3463 1588 3677 1641 obiissc
3696 1591 4071 1658 scripserunt,
4089 1591 4189 1640 aut
4212 1603 4432 1640 annum
4456 1585 4794 1640 aPaschatc

3131 1677 3437 1748 ilicirpisse
3490 1677 3762 1728 censendi
3824 1681 3998 1734 sunt:
4034 1681 4135 1729 aut
4185 1679 4359 1738 certe,
4395 1690 4531 1729 cum
4564 1674 4624 1728 in
4657 1672 4794 1744 ipsa

3132 1775 3316 1830 nocte,
3335 1784 3459 1837 qum
3481 1766 3630 1819 inter
3653 1770 3964 1834 utrumque
3983 1781 4201 1818 annum
4223 1764 4413 1818 media
4431 1763 4561 1825 fuit,
4579 1762 4796 1817 beatus

3131 1857 3312 1910 abbas
3343 1854 3671 1912 excesserit,
3697 1852 3792 1906 alii
3823 1852 3934 1906 dici
3969 1853 4452 1924 prmccdenti,qui
4489 1855 4796 1907 extremus

3130 1949 3248 1999 erat
3285 1943 3418 1996 anni
3457 1945 3592 1997 tota
3619 1960 3630 2006 ;
3662 1941 3758 1995 alii
3813 1941 4218 2013 subsequenti,
4253 1942 4351 2012 qui
4403 1942 4635 2012 primus
4665 1947 4794 1995 erat

3129 2032 3264 2088 anni
3307 2034 3458 2095 lllitl,
3490 2032 3616 2100 ejus
3676 2030 3897 2084 obitum
3954 2031 4336 2100 consignasse
4387 2030 4690 2085 videntur.
4726 2031 4794 2084 Et

3131 2122 3363 2193 quidem
3400 2138 3556 2182 cum,
3589 2119 3860 2173 Jodsaldo
3894 2124 4059 2187 teste,
4094 2120 4186 2173 die
4241 2117 4547 2174 Dominica
4572 2119 4792 2174 obierit

3129 2211 3317 2274 Udilo,
3353 2211 3480 2278 ejus
3517 2226 3673 2262 mors
3721 2207 4046 2262 necessario
4077 2207 4481 2276 consignanda
4512 2211 4603 2262 est
4634 2224 4792 2260 anno

3135 2300 3401 2369 miti,qu
3431 2299 3551 2369 ipse
3576 2316 3772 2351 revera
3794 2315 3826 2351 a
3850 2298 3942 2350 die
3966 2296 4268 2351 Dominica
4290 2295 4596 2350 exordium
4621 2313 4785 2350 sum-

3131 2387 3460 2460 psit..\'ulla
3510 2388 3645 2439 item
3693 2391 3780 2439 est
3831 2385 4148 2439 dil'lieultas
4198 2385 4354 2440 circa
4399 2389 4640 2457 tempus
4673 2403 4788 2456 quo

3131 2479 3336 2532 beatus
3375 2477 3460 2528 vir
3507 2475 3871 2529 Cluniacensi
3927 2473 4282 2528 monasterio
4328 2474 4645 2545 prrefuerit.
4679 2474 4786 2536 Qui

3129 2568 3285 2622 enim
3313 2564 3542 2619 nonnisi
3579 2563 4007 2634 quinquaginta
4048 2580 4147 2617 sex
4177 2562 4483 2634 regiminis
4513 2579 4706 2617 annos
4735 2565 4785 2617 ei

3129 2657 3414 2717 tribuunt,
3438 2658 3779 2724 computant
3811 2652 4124 2706 eosabeati
4161 2650 4352 2706 Μαίοιὶ
4386 2652 4790 2723 obitu,quam-

3125 2745 3233 2806 vis,
3269 2749 3331 2799 ut
3377 2744 3564 2797 fusius
3621 2758 3798 2812 supra
3855 2739 4253 2812 exposuimus,
4289 2740 4496 2795 saltem
4545 2741 4785 2794 biennio

3127 2839 3296 2888 antea
3329 2831 3384 2886 in
3424 2830 3774 2884 monasterio
3804 2828 4168 2882 Cluniacensi
4204 2844 4416 2882 nomen
4439 2832 4495 2882 et
4517 2828 4782 2882 ofﬁcium

3127 2921 3356 2976 abbatis
3390 2919 3734 2991 impleverit.

3201 3013 3318 3063 l2“.
3355 3009 3525 3064 Porro
3550 3008 3681 3061 licet
3701 3005 3966 3077 ipsismet
3991 3005 4264 3060 Kalendis
4283 3004 4548 3060 Januarii
4567 3006 4780 3059 beatus

3123 3100 3291 3155 Odilo
3313 3097 3622 3152 excesserit
3642 3113 3671 3150 e
3691 3095 3824 3161 vita,
3850 3096 3977 3166 ejus
4001 3100 4194 3148 tamen
4229 3093 4513 3149 festivitas
4537 3094 4595 3148 in
4619 3094 4780 3148 diem

3125 3193 3461 3260 sequentem
3496 3185 3778 3240 translata
3822 3184 3949 3248 fuit,
3985 3183 4139 3255 quod
4194 3183 4416 3238 scilicet
4467 3183 4599 3255 ipso
4651 3183 4784 3251 ejus

1371 3298 1484 3337 rem
1517 3281 1576 3336 in
1603 3280 1704 3335 Dei
1727 3277 2084 3348 dispositione
2110 3282 2161 3330 et
2187 3277 2428 3346 fratrum
2474 3275 2732 3328 electione
2769 3274 3013 3327 commit-
3045 3259 3086 3325 C
3125 3259 3321 3333 obitus
3350 3276 3441 3330 die
3473 3272 3944 3329 Circumcisionis
3979 3272 4292 3327 Dominica:
4325 3271 4612 3327 festivitas
4645 3288 4784 3343 age-

1371 3378 1500 3427 tere.
1528 3367 1848 3424 Verebatur
1904 3365 2155 3420 lortasse
2213 3363 2419 3418 beatus
2481 3361 2668 3428 Pater,
2702 3379 2773 3416 ne
2815 3361 2862 3417 si
2895 3361 3018 3432 ipse

1371 3471 1769 3516 successorem
1803 3452 1914 3510 sibi
1945 3452 2302 3524 designaret,
2332 3467 2424 3505 res
2449 3451 2507 3504 in
2538 3449 2869 3522 exemplum
2904 3454 3016 3503 tra-

1371 3547 1629 3612 heretur,
1660 3558 1846 3614 eoque
1893 3540 2134 3595 tandem
2180 3538 2491 3602 deveniret,
2526 3542 2588 3592 ut
2620 3539 2858 3593 abbates
2889 3537 3017 3592 Clu-

1373 3633 1679 3691 niacenses
1707 3647 1824 3686 non
1855 3629 2102 3684 fratrum
2130 3626 2426 3692 electione,
2461 3627 2616 3699 quod
2647 3632 2840 3682 tamen
2875 3627 3017 3681 adeo

1375 3723 1593 3779 diserte
1613 3717 1936 3792 przescribit
1956 3715 2110 3771 beati
2134 3714 2481 3787 lcgislatoris
2500 3715 2717 3787 regula,
2739 3716 2836 3770 sed
2863 3717 3017 3784 ejus-

1376 3809 1539 3868 modi
1556 3805 2061 3880 designationibus
2082 3808 2432 3859 crearentur.
2449 3805 2554 3870 Qui
2581 3804 2733 3859 enim
2759 3803 3016 3859 Cluniaci

1376 3899 1614 3956 beatum
1633 3895 1935 3953 Odilonem
1967 3898 2385 3964 praecesserant
2411 3893 2654 3948 abbates
2683 3897 3019 3959 omnes,aut

1376 4005 1412 4044 a
1440 3984 1889 4062 praecessoribus
1920 3981 2046 4038 suis
2089 3982 2322 4037 fuerant
2369 3981 2678 4054 designati,
2711 3987 2814 4036 aut
2843 3987 3016 4046 certe,

1374 4075 1552 4135 veluti
1572 4075 1631 4131 in
1655 4071 1986 4130 subsidium
2015 4071 2088 4126 ab
2112 4069 2183 4126 iis
2208 4069 2400 4125 adhuc
2430 4069 2759 4125 viventibus
2789 4069 2846 4124 in
2877 4069 3021 4140 regi-

1374 4165 1552 4223 minis
1590 4162 1949 4220 consortium
1997 4159 2310 4232 assumpti.
2344 4163 2430 4214 lta
2461 4160 2704 4214 Bernoni
2739 4159 3021 4214 successit

1373 4256 1516 4323 Odo,
1547 4253 1734 4310 Odoni
1771 4249 2120 4324 Aymardus,
2154 4248 2443 4321 Aymardo
2476 4247 2741 4314 Maiolus,
2770 4249 2852 4303 uti
2888 4264 3018 4319 pro-

1373 4345 1578 4402 batum
1608 4345 1698 4399 est
1724 4340 1784 4396 in
1835 4339 2100 4412 ejusdem
2132 4337 2405 4410 Aymardi
2437 4335 2654 4408 Elogio.
2688 4337 2755 4392 Et
2782 4337 3018 4392 tandem

1373 4433 1677 4491 Odilonem
1703 4430 1909 4487 eodem.
1929 4427 2100 4483 modo
2125 4425 2308 4482 sancti
2333 4424 2528 4481 Maioli
2559 4425 2813 4498 primum
2844 4425 3022 4481 colle-

1373 4537 1530 4595 3am,
1560 4525 1690 4576 tum
1720 4531 2119 4575 successorem
2149 4513 2330 4570 fuisse
2370 4530 2542 4570 nemo
2587 4519 2674 4568 est
2704 4515 2804 4586 qui
2836 4514 3023 4586 possit

3128 3371 3304 3421 retur.
3333 3365 3389 3418 ld
3415 3377 3546 3417 vero
3571 3361 3741 3434 paulo
3766 3365 3895 3432 post
3919 3361 4048 3430 ejus
4079 3365 4324 3414 mortem
4352 3359 4572 3414 factum
4596 3358 4788 3413 fuisse

3126 3453 3459 3524 colligimus
3491 3468 3558 3505 ex
3591 3449 3839 3504 Udalrici
3880 3448 4032 3502 libro
4062 3465 4078 3503 ι
4109 3447 4616 3503 Consuetudinum
4649 3447 4791 3503 Clu-

3129 3541 3514 3603 niacensium,
3549 3540 3737 3612 capite
3769 3540 3856 3602 t7,
3904 3538 4002 3591 ubi
4059 3536 4154 3591 ille
4211 3536 4293 3590 ait
4347 3535 4790 3608 depositionem

3127 3630 3312 3688 sancti
3359 3629 3622 3683 Odilonis
3672 3637 3782 3682 tam
3829 3626 3988 3680 chori
4037 3629 4216 3680 sancti
4256 3633 4308 3680 et
4333 3634 4446 3680 tam
4473 3627 4792 3695 familiaris

3129 3722 3355 3785 fecisse,
3383 3723 3444 3772 ut
3466 3718 3588 3771 dies
3612 3721 3810 3770 octava
3833 3714 4042 3769 natalis
4066 3715 4249 3769 sancti
4271 3713 4554 3785 Stephani
4588 3713 4788 3769 solam

3127 3809 3364 3864 haberet
3390 3806 4006 3861 commemorationem
4048 3820 4181 3857 cum
4215 3819 4333 3857 una
4363 3808 4596 3858 tantum
4632 3803 4795 3858 anti-

3127 3899 3316 3970 phona
3351 3901 3406 3950 et
3437 3912 3554 3950 una
3583 3892 4026 3948 collecta.Unde
4056 3892 4341 3947 Henricus
4372 3889 4797 3947 Cluniacensis

3127 3988 3306 4042 abbas
3333 3985 3388 4038 in
3413 3981 3682 4046 Statutis,
3710 3982 3874 4036 initio
3898 3980 4092 4035 saeculi
4115 3980 4325 4034 decimi
4354 3979 4546 4050 quarti
4582 3979 4792 4046 editis,

3127 4077 3321 4148 potius
3353 4073 3655 4144 antiquam
3681 4070 4164 4126 consuetudinem
4201 4070 4469 4122 firmasse
4489 4068 4794 4123 dicendus

3127 4169 3216 4220 est
3244 4180 3419 4235 quam
3455 4162 3525 4215 de
3557 4177 3702 4214 novo
3725 4158 4402 4224 instituisse,statuendo
4420 4161 4483 4211 ut
4503 4157 4798 4230 deinceps

3130 4253 3468 4309 festivitates
3525 4248 3712 4303 sancti
3766 4247 4051 4311 Odilonis,
4111 4245 4395 4318 Hugonis,
4445 4245 4678 4301 Odonis
4739 4255 4799 4302 et

3129 4341 3314 4397 Maioli
3341 4339 3451 4395 sub
3474 4337 3591 4393 ritu
3615 4335 3833 4408 duplici
3865 4336 4315 4390 celebrarentur.
4341 4335 4410 4390 Et
4431 4338 4589 4390 certe
4619 4339 4799 4390 tanta

3130 4431 3239 4488 fuit
3268 4446 3406 4501 erga
3436 4431 3706 4483 sanctum
3738 4425 4042 4480 Odilonem
4092 4424 4568 4479 Cluniacensium
4600 4425 4799 4479 animi

3130 4517 3460 4593 propensio,
3496 4521 3560 4571 ut
3592 4515 3788 4570 statim
3823 4518 3955 4586 post
3982 4513 4168 4585 ipsius
4193 4517 4440 4568 mortem
4469 4511 4601 4584 ejus
4637 4513 4797 4569 fece-

1371 4607 1642 4666 inﬁc-ial'i.
1675 4609 1956 4664 Ceterum
1988 4601 2268 4690 JOdSﬂldQ
2289 4602 2663 4690 suffragatur
2692 4602 3017 4671 Udall‘icus,
3050 4627 3097 4690 Ι)
3131 4609 3244 4665 rint
3266 4605 3442 4662 simul
3474 4622 3607 4659 cum
3639 4602 3771 4658 aliis
3802 4601 4140 4657 monasterii
4175 4601 4438 4673 patronis
4468 4599 4793 4672 specialem

1374 4695 1636 4770 quilibro
1648 4711 1706 4750 nl
1720 4691 2223 4750 Consuetudinum
2239 4689 2643 4745 Cluniacensis
2658 4690 3017 4757 monasterii,

1373 4785 1936 4860 capitet,exponens
1959 4797 2077 4854 qua
2098 4780 2322 4836 ratione
2335 4779 2408 4832 ad
2431 4779 2663 4834 abbatis
2679 4779 3019 4836 electionem

1375 4873 1804 4948 procedendum
1827 4871 2138 4943 sit,eaquaa
2155 4872 2288 4941 post
2309 4868 2498 4923 sancti
2521 4867 2783 4923 Odilonis
2796 4868 3020 4924 obitum

1375 4963 1435 5019 in
1457 4963 1610 5019 beati
1633 4961 1892 5035 Hugonis
1913 4959 2195 5016 electione
2211 4957 2600 5028 contigerant,
2618 4957 2674 5011 in
2691 4957 3023 5030 exemplum

1375 5051 1469 5108 his
1498 5049 1688 5106 verbis
1716 5054 1990 5106 enarrat:
2031 5052 2232 5104 Beatus
2275 5048 2446 5102 Pater
2484 5044 2659 5114 Odito,
2711 5052 2931 5119 rogatus
2962 5048 3022 5102 in

1375 5141 1635 5196 extremis
1669 5140 1786 5194 suis
1833 5137 1964 5210 quid
2011 5137 2117 5192 sibi
2153 5135 2216 5190 de
2244 5151 2545 5190 successore
2591 5135 2885 5201 videretur,
2916 5153 3023 5190 non

1378 5229 1651 5302 acquievit
1669 5225 1742 5281 ad
1760 5226 1854 5280 hoc
1873 5224 2160 5296 quemdam
2190 5223 2816 5296 nominare.Subjungit
2829 5231 3020 5280 tamen

1379 5315 1606 5387 aliquot
1631 5329 1664 5368 e
1691 5312 1994 5381 majoribus
2019 5319 2071 5365 et
2093 5311 2558 5380 probabitioribus
2603 5314 2849 5382 personis
2895 5329 3024 5368 mo-

1382 5401 1626 5460 nasterii
1657 5416 1693 5454 a
1741 5399 1906 5454 beato
1956 5415 2095 5454 seno
2155 5397 2333 5452 fuisse
2390 5399 2742 5471 designatos,
2772 5418 3022 5472 quorum

1377 5486 1604 5560 judicio
1617 5501 1685 5540 ac
1697 5484 1990 5559 sull'ragiis
2011 5481 2204 5538 caeteri
2225 5488 2378 5538 stare
2399 5493 2663 5556 possent;
2688 5493 2746 5544 et
2765 5491 3020 5560 quidem,

1387 5580 1454 5630 ut
1481 5573 1637 5629 idem
1671 5576 1872 5628 auctor
1898 5569 2296 5644 prosequitur,
2329 5588 2458 5628 cum
2501 5576 2658 5646 prior
2693 5577 3025 5636 claustralis

1391 5661 1616 5734 primus
1629 5660 1894 5718 omnium
1911 5663 2220 5734 Hugonem
2232 5700 2246 5724 ,
2260 5658 2356 5730 qui
2373 5662 2496 5717 tum
2513 5669 2634 5719 erat
2652 5665 2828 5736 prior,
2842 5671 3026 5724 nomi-

3129 4693 3746 4754 commemorationem
3779 4691 3837 4746 in
3873 4691 3986 4744 illis
4008 4690 4441 4762 prccibus,qute
4463 4688 4641 4761 vulgo
4667 4691 4795 4746 suf-

3130 4785 3313 4856 fragia
3330 4787 3668 4838 sanctorum
3683 4777 4160 4852 appellantur.ldi
4169 4794 4338 4849 psum
4354 4781 4608 4832 testatur
4619 4778 4799 4834 Uda]-

3133 4873 3288 4928 ricus
3320 4871 3467 4925 libro
3495 4887 3513 4925 ι
3538 4870 3664 4940 jam
3702 4866 3938 4922 laudato
3971 4868 4158 4938 capite
4186 4867 4241 4921 5.
4275 4865 4571 4921 Habemus
4605 4866 4668 4921 in
4703 4868 4797 4920 Bi-

3133 4961 3422 5017 bliotheca
3460 4956 3849 5026 Cluniacensi,
3881 4955 3991 5011 col.
4024 4958 4150 5021 328,
4182 4954 4426 5028 hymum
4465 4959 4523 5009 et
4571 4956 4767 5010 oratio

3134 5067 3236 5106 nes
3268 5065 3393 5120 qua:
3427 5047 3483 5100 in
3515 5047 3644 5117 ejus
3669 5045 3982 5099 festivitate
4010 5043 4336 5115 antiquitus
4363 5041 4792 5108 recitabantur,

3134 5144 3190 5194 et
3212 5139 3270 5192 in
3292 5139 3420 5208 ejus
3453 5135 3635 5190 missa
3659 5139 3862 5205 praeter
3883 5139 4001 5187 tres
4023 5133 4316 5187 orationes
4334 5136 4677 5198 consuetas,
4699 5134 4796 5187 ad-

3124 5228 3330 5299 jicitur
3349 5229 3558 5297 quarta
3581 5240 3756 5294 super
3775 5221 4054 5294 populum
4072 5220 4549 5276 recitanda.Adeo
4562 5219 4794 5276 celebre

3125 5315 3251 5386 jam
3270 5321 3408 5368 tunc
3425 5316 3550 5367 erat
3571 5311 3726 5382 apud
3750 5325 3954 5366 omnes
3976 5311 4159 5365 sancti
4183 5307 4447 5364 Odilonis
4470 5323 4716 5372 nomen,
4733 5315 4794 5364 ut

3133 5420 3286 5459 anno
3317 5403 3456 5457 1064
3488 5399 3711 5472 capella
3741 5400 3796 5454 in
3829 5400 3957 5470 ejus
3987 5399 4268 5454 honorem
4297 5402 4638 5454 constructa
4671 5399 4794 5453 fue-

3134 5493 3226 5547 rit.
3261 5493 3324 5547 Id
3354 5489 3639 5546 discimus
3687 5504 3755 5544 ex
3796 5488 3972 5542 veteri
4023 5487 4314 5543 chartario
4362 5486 4519 5558 quod
4559 5486 4791 5541 vivente

3133 5585 3334 5636 sancto
3377 5579 3616 5650 llugone
3659 5577 4055 5647 conscriptum
4085 5581 4192 5638 est,
4223 5575 4326 5630 ubi
4357 5575 4415 5629 in
4444 5574 4652 5630 charta
4683 5579 4793 5629 68‘.)

3133 5669 3436 5726 Achardus
3466 5666 3776 5738 cpiscopus
3813 5664 4211 5722 Cabilonensis
4256 5679 4412 5720 anno
4445 5664 4604 5727 1064,
4632 5663 4785 5720 indi-
