4954 6442
1411 461 1532 530 895

2337 464 2402 527 8.
2449 462 2813 526 ODILONIS
2857 455 3420 525 CLUNIACENSIS
3464 462 3798 525 ABBATIS
3842 463 3915 524 V.

4721 464 4834 525 896

1411 599 1627 656 iesimo
1647 596 2104 673 quadragesimo
2125 596 2574 670 quinto,corpus
2589 596 2669 668 pii
2688 613 2753 652 ac
2776 593 3068 668 gloriOsis-
3095 601 3147 668 Α
3179 596 3441 667 ejusdem
3467 594 3676 663 sancti,
3719 599 3892 669 prout
3920 593 4038 651 hmc
4059 595 4259 654 omnia
4287 595 4345 654 in
4377 594 4594 654 litteris
4631 600 4836 656 vestris

1416 689 1554 745 simi
1585 687 1778 745 Patris
1808 688 1994 744 nostri
2035 686 2185 743 beati
2233 685 2493 742 Odilonis
2524 687 2592 740 ad
2627 684 2859 739 laudem
2891 684 3068 738 totius

1425 777 1600 833 curia:
1634 777 1987 842 Paradisi,et
2017 776 2276 848 ejusdem
2309 775 2494 829 sancti
2525 773 2910 829 solemnitatis
2933 789 3067 827 cum

1417 856 1521 921 illa
1549 865 1852 922 devotione
1875 865 2090 920 honore
2121 868 2177 918 ct
2207 863 2524 917 reverentia
2566 879 2682 934 qua
2723 862 2916 915 decuit
2975 878 3068 916 re-

1419 954 1646 1010 levavit.
1678 955 1802 1020 Qua
1821 951 2176 1008 relevatione
2203 950 2512 1023 completa,
2545 950 2858 1004 venerabili
2893 955 2947 1002 et
2977 950 3068 1003 di-

1419 1047 1605 1098 screto
1636 1041 1756 1097 viro
1800 1040 2034 1095 domino
2065 1039 2356 1111 Stephano
2391 1038 2617 1111 Rogerii
2675 1037 3068 1092 concauouico

1415 1135 1606 1186 vestro
1653 1147 1718 1185 ac
1769 1127 2000 1183 officiali
2051 1126 2392 1182 Bituriccnsi
2438 1143 2544 1181 nos
2587 1125 2893 1180 humiliter
2933 1143 3065 1180 cum

1417 1233 1630 1292 magna
1659 1217 1940 1273 instantia
1969 1216 2356 1288 supplicante,
2379 1221 2670 1286 quatenus
2701 1214 2772 1269 de
2807 1213 3066 1284 reliquiis

1413 1305 1765 1362 sanctissimi
1781 1305 2041 1376 corporis
2063 1305 2322 1377 prmdicti
2340 1305 2502 1359 vobis
2523 1303 2750 1358 mittere
2763 1303 3064 1369 vellemus;

1409 1395 1500 1450 cui
1518 1394 1928 1466 supplicationi
1961 1397 2289 1448 annuentes
2309 1392 2366 1446 in
2389 1398 2675 1464 quantum
2700 1392 2868 1446 nobis
2895 1391 3066 1446 Altis-

1411 1481 1602 1538 simus
1630 1483 1886 1554 desuper
1916 1481 2291 1548 ministravit,
2329 1499 2508 1536 unam
2543 1482 2613 1535 dc
2634 1481 2809 1535 costis
2843 1481 3063 1552 pra-fati

1407 1570 1867 1627 sanctiOrIilouis
1886 1570 2197 1640 peripsum
2221 1575 2411 1624 vestro
2436 1569 2808 1624 sanctissimo
2823 1569 3064 1639 collegio

1405 1655 1683 1716 duximus
1707 1660 2146 1722 desudandum,
2168 1675 2347 1730 quam
2367 1659 2421 1712 in
2441 1665 2631 1713 vestro
2651 1659 2906 1730 capitulo
2923 1675 3058 1712 cum

1411 1761 1626 1818 magna
1639 1748 1957 1802 reverentia
1969 1752 2027 1802 et
2049 1747 2416 1802 solemnitate
2433 1747 2616 1818 recepi
2627 1746 2732 1802 stis
2758 1764 2771 1813 ;
2796 1747 2896 1801 ord
2908 1747 2917 1800 i
2930 1765 2996 1800 ua
3007 1763 3064 1802 re

1405 1853 1477 1893 ac
1505 1841 1762 1892 statuere
1781 1839 2191 1908 proponentes.
2209 1836 2365 1908 quod
2389 1841 2506 1890 tam
2530 1836 2586 1889 in
2613 1841 2801 1890 vestra
2818 1835 3064 1890 ecclesia

3179 686 3348 739 nobis
3372 684 3677 738 destinatis
3695 684 3948 740 vidimus
3962 685 4191 758 plenius
4214 687 4519 742 contineri.
4537 687 4836 745 Devotioni

3177 781 3398 840 vestrm,
3416 774 3636 828 domini
3653 773 4008 844 charissimi,
4024 774 4117 829 cui
4140 775 4194 831 in
4213 781 4500 848 quantum
4518 796 4837 851 possumus

3176 869 3230 916 et
3263 863 3566 926 debemus,
3584 881 3760 935 super
3780 869 3895 919 tam
3929 865 4136 920 devota
4158 873 4214 922 et
4236 865 4484 922 solemni
4510 869 4838 941 receptione

3176 951 3464 1006 dictarum
3481 951 3860 1023 reliquiarum
3883 955 4289 1024 regratiamur,
4308 954 4724 1027 signiﬁcamus
4748 975 4842 1030 per

3177 1046 3491 1111 prmsentes
3525 1040 3738 1095 dictam
3773 1046 3995 1096 costam
4033 1060 4132 1116 per
4183 1044 4491 1116 prmfatum
4525 1045 4839 1102 dominum

3175 1129 3534 1200 Stephanum
3561 1129 3788 1196 Rogerii
3823 1132 4168 1186 canonicum
4192 1137 4446 1188 vestrum
4471 1135 4641 1190 vobis
4661 1137 4839 1191 tradi-

3174 1222 3314 1282 tam,
3331 1217 3400 1270 de
3419 1235 3654 1288 corpore
3671 1218 3905 1272 bcutissi
3919 1220 3992 1273 till
4010 1219 4215 1274 Odilon
4229 1220 4274 1275 is
4293 1227 4614 1279 extractam
4636 1223 4838 1286 fuisse,

3173 1311 3226 1359 et
3259 1305 3420 1359 vobis
3454 1322 3552 1377 per
3591 1325 3723 1360 eum
3759 1306 4202 1363 defcreudamiu
4235 1313 4548 1382 praesentia
4572 1312 4836 1386 plurium

3176 1395 3286 1448 fide
3320 1395 3630 1465 dignorum
3660 1395 3836 1450 fuisse
3850 1399 4318 1454 commendatam
4336 1418 4349 1455 :
4365 1408 4837 1474 quaproptcrvo-

3172 1483 3258 1538 bis
3273 1500 3340 1538 cu
3353 1502 3405 1538 m
3421 1485 3805 1555 devotaprecu
3819 1504 3869 1540 IIl
3889 1487 4165 1541 instantia
4180 1488 4609 1561 supplicamus,
4627 1497 4837 1564 quate.-

3177 1588 3287 1626 nus
3316 1573 3525 1626 festum
3544 1572 3942 1627 translationis
3962 1575 4145 1647 ipsius
4166 1577 4350 1632 facere
4371 1577 4561 1634 velitis
4582 1581 4640 1634 in
4659 1579 4842 1635 eccle-

3176 1662 3263 1714 sia
3295 1666 3504 1724 vestra,
3539 1666 3592 1715 et
3626 1661 3680 1714 in
3715 1666 3836 1717 tota
3869 1663 4103 1719 dioecesi
4163 1667 4502 1722 Carnotcnsi
4545 1667 4838 1724 celebrari

3179 1750 3502 1804 annuatim.

3245 1861 3270 1886 ‹‹
3309 1842 3367 1892 In
3403 1840 3572 1907 cujus
3607 1837 3683 1893 rei
3720 1839 4121 1896 testimonium
4156 1841 4348 1914 sigilla
4375 1848 4576 1899 nostra
4635 1844 4698 1900 in
4745 1845 4838 1900 his

1406 1923 2017 1996 cathodrali,quamin
2049 1924 3059 1995 totadicecesit'aceretisejusfcstum
3093 1971 3138 2038 Β
3174 1927 3556 1998 pnesentibus
3589 1927 3795 1982 litteris
3819 1929 4094 1985 duximus
4126 1932 4495 2004 apponenda.
4523 1933 4744 1991 Datum
4779 1936 4835 1991 in

1409 2012 2333 2038 Α--..-1Αιζ-..ε,....1,-.-Ιι-.ι3-..Α.--
2359 2014 2615 2038 -1..--II.---
2640 2012 3058 2038 ......-l:2.-.-2|-_
3171 2016 3423 2038 -__.2....._|--
3486 2033 3512 2038 _
3574 2021 3671 2038 _s_.
3734 2035 3746 2038 _
3776 2036 3838 2038 μη
3869 2019 3961 2038 19,:
4094 2021 4163 2038 1°,
4268 2021 4278 2031 ο
4364 2021 4401 2038 γ’
4783 2026 4798 2038 ι

1409 2012 1816 2069 translationis
1838 2012 3058 2084 adexaltationemejusdemsanctijugiter
3097 2012 3426 2087 "priorqu
3485 2021 3680 2071 nostro
3733 2019 4027 2088 przedicto,
4078 2021 4171 2074 die
4227 2021 4510 2078 vicesima
4570 2026 4838 2081 secunda

1401 2102 1691 2158 celebrari
1718 2120 1730 2156 :
1764 2103 1904 2157 dum
1939 2106 2132 2157 tamen
2167 2119 2269 2174 per
2289 2108 2516 2157 nostras
2549 2107 2810 2173 patentes
2843 2101 3063 2158 litteras

1403 2190 1862 2246 testificaremur
1891 2191 2106 2246 dictam
2139 2195 2363 2247 costam
2395 2190 2664 2247 eduxisse
2707 2191 2776 2245 de
2827 2207 3062 2263 corpore

3173 2103 3394 2159 mensis
3425 2104 3588 2169 Julii,
3622 2122 3774 2160 anno
3808 2106 4036 2162 Domini
4089 2108 4378 2166 milesimo
4413 2113 4834 2170 trecentesimo

3173 2193 3624 2264 quadragesimo
3658 2194 3927 2265 septimo.
3964 2217 3991 2244 ››

2254 2477 2673 2550 INCIPIUN'I‘
2721 2479 3143 2551 CAPI'I‘ULA
3203 2481 3423 2551 νιτιΕ
3479 2483 3974 2566 ΞΕΟυΙσΣΝΤΙΞ.

2907 2638 3300 2648 ——————.——

1805 2735 2160 2792 CAPITULA
2203 2735 2396 2790 LIBRI
2435 2735 2663 2790 PRIMI.

1404 2826 1648 2894 Prologus
1671 2825 1880 2878 loisaldi
1909 2826 2135 2876 monachi
2154 2825 2219 2875 ad
2245 2824 2548 2890 Stephanum
2571 2815 2873 2890 pontiﬁcem.

1407 2901 1545 2990 Item
1593 2901 1821 2969 profatio
1869 2902 1944 2952 vel
2002 2900 2272 2966 deploratio
2313 2916 2377 2951 ex
2425 2903 2634 2952 tmnsitu
2688 2903 2902 2965 ejusdem
2961 2902 3066 2953 Pa-

1413 2984 1702 3120 Detge‘meris
1728 3052 1831 3117 eius
1857 3051 2128 3103 nobilitate.

1414 3130 1594 3218 Gsell.
1619 3127 1842 3194 Qualiter
1886 3126 1992 3178 Deo
2038 3127 2254 3178 militare
2299 3126 2493 3193 coeperit
2531 3127 2583 3177 in
2626 3141 2717 3177 sua
2764 3128 2913 3192 ipsius
2937 3142 3064 3194 pue-

1410 3209 1753 3348 II.nQ‘u:modo
1771 3280 1939 3332 Μαίοιὶ
1955 3281 2114 3330 sancti
2129 3294 2179 3330 se
2197 3277 2508 3343 eonjumrit
2527 3281 2765 3330 societati.

1406 3357 1492 3435 _llI.
1519 3356 1743 3435 Qualiter
1763 3357 1977 3407 deseruit
1996 3355 2330 3435 hujussieculi
2338 3370 2587 3435 pompam.

1415 3433 1490 3488 IV.
1511 3434 1766 3522 "Qualiter
1807 3436 2004 3484 sanctus
2050 3431 2258 3482 Maiolus
2315 3431 2456 3482 illum
2493 3432 2690 3497 elegerit
2745 3445 3066 3481 uiccessorem

1411 3511 1587 3640 Vulg:
1599 3585 1771 3636 habitu
1793 3582 2012 3648 corporis
2039 3581 2141 3645 q‘us
2157 3619 2169 3642 ,
2185 3585 2235 3632 et
2265 3581 2395 3645 quod
2425 3582 2554 3632 nihil
2581 3583 2632 3632 in
2654 3596 2712 3633 eo
2731 3581 2952 3645 fucatam
2993 3582 3070 3633 vel

1485 3661 1770 3726 affectatum
1789 3657 1904 3722 fuit.

1417 3735 1494 3788 VI.
1523 3734 1682 3821 .Quod
1740 3735 1793 3783 in
1855 3746 1912 3782 eo
1971 3736 2181 3796 quatuor
2245 3732 2444 3782 virtutes
2501 3733 2798 3799 principales
2861 3731 3068 3794 refulse-

1667 3883 1885 3949 jusiitia,
1935 3883 2012 3934 vel
2071 3882 2198 3947 quod
2250 3899 2282 3933 a
2330 3881 2659 3948 pontiﬁcibus,
2708 3881 2916 3945 regibus,
2973 3882 3070 3931 du-

1484 3960 1636 4021 cibus,
1683 3959 1759 4012 vel
1821 3959 2194 4025 imperatoribus
2254 3960 2478 4009 maximo
2545 3957 2640 4021 fuit
2699 3970 2868 4008 cunare
2941 3958 3070 4008 dile-

1417 4045 1713 4178 "I'I‘f‘buod
1732 4113 1784 4162 in
1807 4123 2049 4177 pauperes
2076 4111 2337 4174 muniﬁcus
2353 4111 2466 4173 ﬁlii.

1413 4192 1507 4244 IX.
1541 4188 1764 4254 Qualiter
1783 4187 1908 4238 binis
1919 4187 2205 4252 puerisjam
2233 4187 2473 4250 defunctis
2502 4185 2788 4236 indumenta
2817 4186 3068 4250 praestitit,

1483 4260 1560 4317 vel
1576 4264 1846 4330 sepultura:
1874 4275 1954 4312 eos
1980 4261 2210 4312 tradidit.

1407 4337 1478 4394 ‘X.
1507 4335 1574 4392 De
1601 4340 1776 4392 clerico
1797 4337 2023 4402 contagio
2043 4337 2190 4402 lepra:
2217 4335 2484 4386 maculato.

1418 4418 1500 4470 XI.
1534 4415 1692 4480 Quam
1721 4415 1890 4479 hospes
1915 4411 2030 4476 fuit.
2059 4417 2108 4462 et
2135 4412 2444 4477 quainplure‘s
2470 4411 2670 4462 diversa:
2689 4411 2854 4461 cuiatis
2899 4410 3074 4460 diversi

1435 4556 1448 4566 η
1485 4492 1676 4566 generis
1697 4488 1892 4566 Christo
1919 4487 2192 4552 acquisiui.

1421 4564 1524 4641 XII.
1548 4567 1622 4618 De
1639 4564 1948 4641 fortitudine.

1418 4637 1542 4696 XIII.
1562 4643 1636 4693 De
1655 4639 2000 4706 temperantia,
2030 4638 2343 4688 renovatione
2359 4651 2562 4689 suorum
2592 4637 2828 4688 locorum.

1420 4719 1538 4773 XIV.
1563 4717 1636 4768 De
1655 4716 1868 4768 transitu
1896 4716 2000 4779 ejus
2035 4714 2274 4779 quomodo
2311 4719 2495 4765 terram
2523 4714 2628 4778 eius
2667 4713 2838 4764 beatus
2871 4713 3072 4778 spiritus

1488 4794 1720 4852 deseruit,
1750 4792 1985 4855 culosque
2007 4791 2200 4856 petivit.

1416 4870 1518 4922 XV.
1548 4863 1926 4922 Commendaiio
1955 4869 2154 4916 animo.

1422 4944 1538 4999 XVI.
1587 4941 1813 5010 Qualiter
1882 4945 2080 4994 sanctus
2128 4942 2202 4991 vir
2265 4941 2546 5006 ama-merit
2619 4941 2818 4992 cuidam
2895 4951 3075 4990 mona-

1424 5023 1666 5152 χᾶῗόυ
1683 5097 1841 5148 simili
1857 5095 2057 5146 uisione.

1751 5185 2106 5244 CAPITULA
2154 5183 2345 5240 LIBRI
2385 5183 2714 5240 SECUNDI.

1427 5272 1543 5326 CAP.
1577 5271 1615 5323 I.
1659 5267 1908 5335 Quomodo
1961 5266 2213 5333 quondam
2257 5279 2382 5330 puer
2447 5267 2682 5317 liberatus
2724 5266 2789 5316 sit
2839 5265 3077 5316 divinitus

1491 5362 1522 5398 a
1538 5345 1822 5414 gravissima
1850 5343 2164 5408 inﬁmitate.

1425 5421 1481 5478 ll.
1509 5422 1578 5475 De
1597 5436 1722 5474 ceco
1753 5419 2052 5473 illuminato.

1423 5499 1500 5554 Ill.
1530 5498 1606 5552 De
1623 5510 1751 5566 aqua
1775 5499 1827 5548 in
1855 5499 2024 5546 vinum
2055 5499 2310 5566 conversa.

1423 5576 1488 5629 IV.
1518 5577 1588 5630 De
1603 5564 1736 5642 furto
1759 5573 1895 5641 apud
1913 5571 2130 5642 Papiam
2152 5564 2362 5613 invento.

1421 5653 1470 5705 V.
1505 5639 1624 5708 Item
1655 5654 1714 5705 de
1743 5639 1846 5702 alio
1869 5645 2030 5698 simili
2060 5639 2217 5704 ﬁmo.

1423 5731 1490 5784 VI.
1516 5732 1586 5785 De
1615 5725 2012 5783 ιωςιιηιωιίοηα
2071 5711 2467 5778 rotundissima
2525 5712 2788 5765 Ticinensis
2841 5728 2998 5778 aqua,
3029 5718 3077 5765 et

1484 5805 1768 5860 ascensione
1797 5801 2040 5850 lucem.

3171 2740 3264 2790 VII.
3294 2745 3361 2792 De
3389 2741 3542 2791 simili
3562 2741 3816 2791 miraculo.

3171 2817 3286 2867 VIII.
3325 2816 3395 2865 De
3419 2818 3588 2881 paucis
3614 2819 3856 2882 piscicuiis
3877 2818 4108 2884 plurimis
4135 2819 4347 2884 refectis.

3170 2893 3246 2943 IX.
3277 2892 3345 2943 De
3364 2894 3705 2944 cruberatione
3725 2895 3825 2944 vini
3868 2896 3918 2944 in
3945 2909 4096 2960 parvo
4127 2899 4324 2948 vasculo
4364 2900 4416 2949 in
4445 2907 4617 2954 monte
4670 2903 4832 2956 Aven-

3173 2973 3560 3108 X.hl’).:i]uodam
3589 3046 3786 3097 homine
3815 3062 3846 3096 a
3872 3046 4084 3109 febribus
4103 3049 4329 3100 liberato.

3173 3122 3250 3171 XI.
3277 3120 3347 3170 De
3377 3122 3562 3170 utribus
3581 3123 3630 3171 in
3659 3136 3774 3172 usus
3796 3137 4070 3188 pauperum
4099 3127 4370 3190 evacuatis,
4395 3132 4446 3179 et
4469 3130 4658 3182 iterum
4705 3132 4841 3182 divi-

3240 3199 3373 3245 nitus
3394 3197 3622 3260 impletis.

3089 3269 3136 3336 C
3174 3274 3272 3324 XII.
3301 3273 3370 3322 De
3399 3287 3504 3321 vase
3526 3275 3674 3323 vitreo
3703 3273 3947 3336 confracta
3967 3277 4015 3326 et
4043 3277 4271 3328 solidata.

3173 3349 3291 3400 XIII.
3329 3347 3395 3397 De
3414 3351 3625 3412 quadam
3648 3351 3826 3399 visione
3847 3352 4098 3414 cuiusdam
4126 3355 4362 3405 eremita.

3173 3425 3288 3476 XIV.
3317 3426 3386 3474 De
3405 3426 3698 3474 revelatione
3721 3427 3889 3476 damni
3907 3428 4157 3479 Benedicti
4171 3441 4329 3495 papa.

3172 3501 3268 3550 XV.
3303 3504 3374 3552 Dc
3394 3501 3602 3563 quodam
3619 3515 3771 3565 puero
3799 3502 3859 3550 ab
3881 3501 4166 3564 inﬁmitate
4185 3507 4401 3570 gutturis
4425 3512 4627 3559 sanato.

3173 3577 3269 3628 XVI
3293 3575 3364 3625 De
3385 3576 3518 3625 libris
3535 3581 3582 3628 et
3602 3578 3715 3626 aliis
3731 3579 4137 3642 suppellectilibus
4163 3593 4292 3645 aqua
4313 3583 4509 3646 infectis
4535 3591 4592 3635 at
4627 3587 4844 3639 minisac

3243 3653 3389 3701 tusis.

3173 3728 3308 3779 XVII.
3349 3730 3418 3778 De
3439 3723 3649 3788 quodam
3677 3726 3886 3791 puerulo
3907 3728 4148 3779 monacho
4175 3744 4207 3779 a
4233 3733 4524 3796 gravissima
4543 3735 4849 3799 inﬁrmium

3242 3803 3335 3852 libe
3345 3805 3470 3850 rato.

3175 3879 3328 3930 XVIII.
3364 3876 3433 3926 De
3454 3877 3574 3925 libro
3605 3879 3652 3924 ei
3672 3874 3796 3924 vasis
3814 3875 4031 3939 repertis.

3173 3955 3294 4005 XIX.
3333 3957 3403 4005 De
3431 3952 3642 4016 quodam
3659 3955 3855 4015 potente
3884 3965 3914 4000 a
3933 3951 4100 4002 dolore
4121 3954 4250 4005 oculi
4271 3955 4495 4008 liberato.

3175 4030 3278 4081 XX.
3309 4029 3376 4079 De
3395 4028 3572 4078 clerico
3591 4041 3622 4076 a
3640 4026 3806 4076 morbo
3835 4026 4021 4077 brachii
4048 4032 4237 4082 atrata.

3177 4106 3297 4156 XIII.
3335 4104 3406 4154 De
3435 4103 3645 4168 quodam
3673 4106 3837 4152 mente
3865 4107 4004 4168 capto
4023 4106 4123 4156 sise
4151 4106 4454 4157 dmissa
4475 4115 4684 4162 enato.

3178 4179 3320 4233 XXII.
3355 4179 3428 4229 De
3449 4178 3661 4243 quodam
3690 4182 3826 4227 muto
3845 4183 4034 4230 sanato.

3178 4256 3337 4309 XXIII.
3367 4255 3435 4305 De
3463 4253 3675 4318 quodam
3699 4253 3906 4318 parvulo
3925 4255 4119 4306 vasculo
4146 4269 4178 4304 a
4206 4255 4318 4306 vino
4348 4257 4642 4319 esinanito,
4662 4265 4716 4312 et
4759 4277 4855 4311 eir-

3247 4335 3353 4382 tute
3381 4333 3536 4380 sancti
3551 4329 3863 4394 postmodum
3887 4330 4034 4394 pleno
4063 4335 4277 4396 reperto.

3546 4419 3894 4475 CAPITULA
3937 4419 4132 4478 LIBRI
4169 4421 4440 4479 TERTII.

3177 4503 3378 4630 Chii.ll.
3427 4503 3500 4554 De
3542 4500 3755 4566 quadam
3794 4502 3964 4566 puella
4025 4505 4218 4563 insana,
4249 4505 4400 4555 surda
4446 4509 4501 4557 et
4557 4511 4712 4558 muta
4773 4523 4856 4558 sa-

3245 4594 3383 4630 naa.

3245 4594 3383 4631 ηοω.

3101 4657 3150 4722 D
3177 4657 3232 4708 II.
3261 4657 3331 4706 De
3359 4652 3558 4704 homine
3573 4649 3728 4700 surdo
3746 4653 3795 4700 et
3815 4655 3956 4702 muto
3977 4653 4200 4704 liberato.

3178 4732 3237 4782 III
3281 4728 3404 4782 Item
3432 4729 3492 4778 de
3510 4727 3611 4777 alio
3639 4729 3793 4775 muto.

3182 4808 3254 4858 IV.
3292 4805 3364 4856 De
3388 4804 3602 4873 quodam
3623 4801 3899 4866 paralytico
3919 4801 4069 4852 simul
4085 4805 4132 4852 et
4153 4805 4290 4852 muto
4308 4804 4482 4852 curato
4509 4838 4526 4853 .

3182 4881 3236 4934 V.
3279 4881 3352 4932 De
3367 4879 3646 4947 presbytevo
3665 4876 3821 4926 mulo.

3177 4957 3256 5009 VI.
3293 4955 3364 5007 De
3392 4968 3516 5006 caeo
3541 4952 3839 5004 illuminato.

3179 5032 3650 5085 VllJtemdecmoa
3679 5030 3871 5078 sanata.

3182 5109 3304 5160 VIII.
3336 5109 3456 5160 Item
3484 5106 3546 5156 de
3563 5105 3665 5154 alio
3686 5116 3812 5153 οωοο
3843 5098 4150 5150 illuminato.

3181 5186 3261 5237 IX.
3299 5182 3606 5248 Dequodam
3634 5175 4365 5228 insanoadmentemrwocato
4392 5209 4406 5222 .

3183 5262 3241 5312 ι.
3268 5259 3342 5310 De
3371 5258 3588 5323 quodam
3600 5254 3894 5321 paralytico.

3183 5337 3260 5388 XI.
3287 5335 3362 5386 De
3386 5333 3647 5399 hydropico
3669 5330 3896 5380 liberato.

3183 5411 3283 5462 XII.
3315 5411 3436 5462 Item
3456 5409 3515 5458 de
3535 5408 3636 5456 alio
3657 5404 3935 5469 hydropico.

3183 5485 3303 5538 XIII.
3333 5487 3402 5536 De
3423 5481 3638 5549 quadam
3659 5482 3908 5532 contracta
3926 5479 4122 5528 sanata.

3183 5561 3298 5613 XIV.
3331 5562 3453 5613 Item
3481 5559 3541 5608 de
3560 5559 3660 5608 alia
3676 5556 3828 5607 simili
3847 5553 3994 5603 modo
4017 5551 4213 5600 sanata.

3183 5637 3280 5688 XV.
3317 5638 3386 5687 De
3404 5633 3618 5700 quadam
3641 5630 3940 5698 ρσῳεναιια
3957 5626 4111 5677 simili
4137 5623 4282 5675 modo
4302 5625 4498 5672 atrata.

3185 5714 3300 5765 XVI.
3326 5712 3400 5763 De
3419 5711 3628 5777 quodam
3655 5713 3846 5774 captivo
3867 5720 3899 5756 a
3919 5706 4060 5755 vincu
4069 5703 4128 5752 lis
4148 5700 4352 5751 liberato

3185 5788 3321 5839 XVII.
3359 5787 3430 5839 De
3449 5786 3660 5851 quodam
3679 5787 3842 5834 mente
3865 5784 4006 5848 capto
4023 5781 4218 5829 sanato.
