4984 6384
645 493 757 558 901

2043 492 2247 553 VI'I‘A.
2282 527 2359 537 —
2391 491 2535 554 LtB.
2580 493 2629 553 Ι.

3910 492 4028 556 902

650 621 996 680 auctoritatis
1022 622 1080 677 et
1099 620 1298 693 gratiae
1320 640 1334 691 ;
1360 620 1681 677 mansuetis
1705 621 1909 677 hilaris
1930 627 1982 675 et
2008 622 2274 689 blandus,
2314 632 2355 690 Α
2389 625 2523 677 ΟΜ».
2558 623 2676 677 VII.
2712 655 2778 662 ——
2810 625 2880 677 De
2903 622 3146 693 justitiu,
3199 620 3278 676 vel
3316 620 3465 691 quod
3494 638 3523 675 (ι
3551 623 3911 692 ponti/icilius,
3946 642 4028 678 rc-

650 711 904 785 superhis
931 727 1061 765 vero
1094 715 1149 765 et
1180 711 1437 777 offensis,
1463 716 1527 765 ut
1553 712 1647 765 vix
1677 710 1904 766 suifcrri
1937 718 2151 782 posset,
2178 717 2282 765 ter-

651 800 841 857 ribilis.
860 798 1055 855 .Macie
1074 798 1327 866 validus,
1350 797 1568 871 pallore
1594 803 1853 866 ornatus,
1877 799 2086 854 canitie
2119 800 2283 854 deco-

648 885 987 945 ratus.0culi
1006 885 1166 941 illius
1182 885 1356 941 veluti
1376 887 1629 958 quodam
1648 886 1953 958 splendore
1971 885 2279 959 fulgentes,

646 976 997 1034 intuentibus
1019 979 1078 1029 et
1098 975 1306 1031 terrori
1326 980 1494 1030 erant
1515 980 1571 1031 et
1592 975 1987 1043 admirationi,
2011 975 2282 1048 lacrymis
2320 993 2324 997 '

646 1063 875 1130 assidui,
909 1062 1050 1136 quia
1080 1063 1295 1136 saepius
1344 1064 1547 1120 aderat
1575 1064 1761 1119 virtus
1793 1063 2280 1135 compunctionis.

646 1153 935 1217 Renitebat
964 1151 1142 1206 etiam
1166 1150 1226 1205 in
1250 1150 1437 1223 ipsius
1460 1157 1643 1218 motu,
1668 1158 1857 1224 gestu,
1880 1151 2135 1214 incessu,
2161 1168 2285 1223 spe-

644 1242 751 1296 cies
769 1238 1150 1306 auctoritatis,
1167 1240 1395 1311 pondus
1412 1240 1712 1311 gravitatis
1728 1239 2284 1311 tranquillitatisque

644 1327 959 1400 vestigium.
979 1326 1273 1382 Occursus
1305 1328 1465 1384 illius
1487 1328 1655 1399 quasi
1678 1327 1916 1399 quidam
1940 1327 2283 1399 gratissimae

633 1416 1014 1487 jucunditatis
1035 1416 1322 1479 radius,et
1337 1416 1584 1471 insolitae
1604 1416 2005 1471 delectationis
2022 1420 2282 1471 eventus.

643 1505 753 1560 Vox
779 1503 862 1559 illi
902 1503 1117 1571 virilis,
1152 1509 1208 1558 et
1238 1505 1320 1560 ita
1350 1504 1524 1575 plena
1551 1505 1799 1569 decoris,
1836 1509 1898 1559 ut
1930 1509 2153 1560 mentes
2183 1521 2284 1559 au-

641 1591 913 1647 dientium
973 1608 1095 1646 non
1156 1592 1522 1647 mediocriter
1578 1592 1934 1647 demulceret
1981 1592 2287 1647 dulcedine

642 1679 1072 1736 modulationis.
1099 1681 1301 1736 Sermo
1324 1680 1483 1735 illius
1510 1680 1718 1753 plenus
1743 1681 2047 1736 suavitatis
2079 1686 2136 1735 et
2164 1697 2290 1753 gra-

641 1770 744 1837 tiae,
778 1773 950 1842 prout
983 1769 1134 1825 ratio
1164 1785 1475 1824 causarum
1522 1787 1583 1824 se
1614 1769 1885 1833 habebat,
1921 1770 2110 1824 medie
2144 1773 2286 1824 tem-

642 1862 902 1928 peratus;
935 1873 1047 1911 nec
1108 1857 1346 1912 modum
1408 1857 1787 1929 progrediens
1835 1858 2130 1929 loquendi,
2184 1874 2287 1912 nec

639 1946 823 2001 minus
850 1962 955 2016 pro
988 1949 1253 2017 tempore
1275 1945 1637 2017 improvidus
1664 1945 2008 2001 disserendi.
2042 1945 2194 2001 Nihil
2226 1944 2284 1999 in

638 2050 697 2087 eo
724 2033 1006 2100 fucatam,
1044 2032 1190 2087 nihil
1224 2033 1555 2089 aliectatum
1585 2051 1597 2101 ;
1631 2034 1730 2089 sed
1764 2039 1972 2089 natura
2002 2033 2281 2089 mirabili-

641 2127 719 2175 ter
743 2121 1019 2175 reddebat
1051 2138 1187 2176 eum
1221 2122 1479 2193 corporis
1524 2122 1809 2193 positione
1838 2126 1894 2176 et
1923 2122 2124 2177 ordine
2156 2121 2281 2176 vitae

641 2208 1087 2279 quadratum.Et
1114 2209 1404 2281 quamvis,
1425 2210 1744 2264 secundum
1777 2211 2010 2266 beatum
2042 2210 2282 2265 Ambro-

642 2296 804 2361 sium,
831 2297 887 2351 in
922 2297 1367 2369 pulchritudine
1398 2299 1655 2370 corporis
1686 2298 1877 2354 locum
1909 2298 2138 2353 virtutis
2170 2315 2282 2352 non

641 2401 939 2455 ponamus,
960 2384 1214 2457 gratiam
1252 2389 1448 2440 tamen
1481 2403 1594 2441 non
1625 2386 2007 2441 excludimus.
2030 2387 2129 2440 llis
2155 2403 2284 2440 vero

641 2471 887 2539 omissis,
910 2473 983 2529 ad
1011 2474 1497 2545 compositionem
1522 2491 1750 2530 morum
1779 2477 1926 2546 ejus,
1950 2476 2164 2546 quibus
2189 2492 2287 2546 per

639 2561 884 2617 divinam
909 2562 1164 2635 gratiam
1198 2563 1516 2618 adornatus
1546 2563 1785 2631 exstitit,
1818 2564 2141 2618 redeamus.

640 2666 761 2721 CAP.
802 2667 848 2720 V'
852 2668 896 2722 Ι.
933 2700 1000 2709 —
1035 2668 1188 2737 Quod
1221 2670 1276 2724 in
1310 2686 1369 2724 eo
1407 2677 1641 2741 quatuor
1686 2672 1907 2726 virtutes
1954 2671 2287 2742 principales

1294 2742 1631 2812 refulserint.

706 2827 760 2881 In
794 2832 1093 2900 quantum
1127 2827 1389 2883 humana
1410 2829 1717 2884 aestimatio
1739 2845 1800 2884 se
1820 2829 2013 2893 habet,
2038 2832 2288 2901 quatuor

636 2915 687 2969 in
719 2921 920 2972 sancto
951 2917 1081 2972 viro
1113 2916 1464 2989 principales
1499 2934 1611 2972 non
1666 2917 2036 2973 mediocriter
2067 2917 2287 2973 reluce-

637 3005 769 3060 bant
798 3006 1072 3073 virtutes,
1099 3006 1427 3077 prudentia,
1453 3005 1705 3075 justitia,
1741 3006 2016 3061 fortitudo
2048 3011 2104 3061 et
2134 3011 2284 3061 tem-

636 3094 911 3164 perantia.
969 3094 1350 3149 Prudentiam
1385 3093 1713 3166 philosophi
1746 3094 2033 3149 definiunt
2064 3094 2121 3149 in
2168 3095 2285 3149 veri

638 3181 1083 3255 investigatione
1131 3182 1466 3249 consistere,
1500 3188 1557 3238 et
1599 3183 1852 3238 scientiae
1880 3181 2153 3255 plenioris
2184 3200 2284 3237 cu-

636 3269 891 3341 piditate.
916 3272 1047 3335 Quo
1078 3288 1287 3343 genere
1317 3272 1550 3326 virtutis
1582 3273 1662 3328 ita
1685 3273 1913 3338 enituit,
1932 3276 1995 3326 ut
2027 3289 2139 3325 non
2172 3272 2287 3326 die-

2458 697 2637 760 gibus,
2692 695 2939 761 ducibus,
2996 695 3074 747 vet
3146 694 3559 764 imparatcribas
3626 695 3863 748 memnto
3922 697 4033 765 fuit

2460 780 2645 819 umore
2672 765 2922 819 dilectus.

2459 869 2695 925 Justitia
2752 874 2859 937 est,
2916 874 2981 925 ut
3035 869 3237 925 volunt
3282 869 3635 942 philosophi,
3685 886 3811 942 qua
3859 885 4033 926 suum

2392 958 2603 1029 cuique
2652 959 2874 1027 tribuit,
2920 957 3176 1014 alienum
3226 976 3339 1015 non
3394 958 3670 1024 vindicat,
3724 957 4034 1014 utilitatem

2392 1046 2686 1118 propriam
2719 1046 2980 1119 negligit,
3000 1051 3065 1102 ut
3087 1062 3459 1103 communem
3489 1046 3818 1119 aequitatem
3849 1049 4038 1102 custo-

2392 1134 2531 1189 diat.
2566 1134 2693 1190 Haec
2726 1135 2923 1191 omnia
2952 1136 3010 1190 in
3042 1135 3138 1192 illo
3187 1153 3303 1191 non
3355 1135 3736 1204 mediocriter,
3768 1136 3871 1192 sed
3902 1152 4035 1209 pro-

2393 1222 2519 1277 fuse
2577 1223 2805 1279 noveris
2866 1223 3166 1279 reluxisse.
3198 1224 3482 1279 Omnibus
3538 1224 3693 1280 enim
3740 1224 4034 1291 aetatibus,

2393 1310 2678 1383 personis,
2710 1316 2767 1367 et
2812 1311 3262 1379 conditionibus,
3295 1316 3466 1385 prout
3498 1311 3742 1383 justitim
3774 1312 3902 1378 fuit,
3934 1314 4034 1367 cle-

2394 1398 2579 1454 bitum
2610 1399 2887 1455 honorem
2923 1400 3218 1469 exhibuit;
3244 1404 3301 1456 et
3321 1400 3594 1456 omnibus
3618 1401 3697 1457 ita
3717 1417 3778 1457 se
3799 1405 4031 1473 gratum

2394 1486 2658 1558 praebuit,
2695 1492 2757 1543 ut
2788 1505 2903 1543 non
2935 1488 3101 1543 aliter
3130 1505 3305 1560 quam
3337 1487 3600 1560 angelus,
3633 1489 3681 1543 si
3729 1489 3808 1544 ita
3837 1489 4034 1544 dicen-

2394 1576 2535 1629 dum
2567 1581 2673 1642 est,
2693 1576 2812 1631 imo
2843 1577 2980 1648 quia
3010 1577 3088 1632 ita
3108 1577 3418 1632 dicendum
3445 1581 3555 1644 est,
3576 1575 3803 1632 cunctis
3824 1576 4034 1632 charus

2395 1664 2697 1719 exstiterit.
2746 1664 3113 1737 Principibus
3163 1670 3220 1720 et
3260 1666 3644 1737 potestatibus
3692 1664 4036 1720 Christianis

2396 1754 2718 1808 secundum
2742 1752 3121 1825 apostolicam
3145 1754 3494 1815 sententiam
3526 1753 3583 1808 in
3612 1752 3773 1808 nullo
3806 1751 4037 1819 restitit,

2396 1842 2497 1895 sed
2531 1841 2609 1897 ita
2654 1840 3021 1897 amicabilem
3070 1847 3128 1897 et
3175 1841 3501 1897 officiosum
3548 1856 3609 1897 se
3658 1840 3927 1909 reddidit,
3973 1844 4041 1896 ut

2396 1933 2676 2001 tanquam
2709 1929 2855 1985 alter
2880 1930 3095 2003 Joseph
3129 1931 3201 1985 ab
3230 1931 3503 1986 omnibus
3534 1934 3828 1986 amaretur
3855 1934 3912 1985 et
3940 1946 4036 1985 ce-

2396 2017 2628 2073 lebriter
2674 2024 3064 2075 veneraretur.
3098 2018 3415 2074 Concurrat
3470 2019 3528 2074 in
3581 2018 3735 2073 hunc
3778 2035 4036 2074 amorem

2393 2106 2703 2161 Rotbertus
2742 2124 2837 2162 rex
2870 2108 3223 2162 Francorum
3251 2125 3264 2174 ;
3293 2108 3528 2162 accedat
3555 2106 3827 2163 Adeleida
3855 2113 4041 2163 mater

2392 2193 2664 2249 Ottonum
2689 2213 2701 2261 ;
2726 2196 2917 2250 veniat
2946 2196 3230 2251 Henricus
3253 2196 3568 2269 imperator
3598 2196 3992 2251 Romanorum
4018 2212 4034 2263 ;

2392 2281 2662 2337 intersint
2692 2283 2990 2338 Conradus
3030 2289 3086 2338 et
3140 2284 3437 2349 Henricus,
3473 2283 3737 2338 videlicet
3784 2288 3948 2356 pater
3978 2289 4037 2339 et

2394 2370 2569 2439 filius,
2604 2371 2855 2426 Caesares
2886 2376 2941 2427 et
2972 2373 3079 2443 ipsi
3115 2372 3337 2427 nobiles
3370 2372 3562 2427 invicti
3592 2389 3603 2427 :
3638 2389 3887 2443 quorum
3909 2388 4036 2426 om-

2394 2459 2882 2525 nium,amicitiis,
2916 2460 3123 2515 ofﬁciis
3166 2466 3222 2515 et
3259 2460 3661 2532 imperialibus
3692 2460 4035 2516 muneribus

2396 2548 2475 2601 ita
2508 2549 2919 2619 magnificatus
2949 2553 3058 2614 est,
3090 2553 3155 2603 ut
3203 2550 3312 2605 sibi
3352 2552 3407 2603 et
3458 2549 3572 2604 illis
3620 2565 3719 2603 cor
3764 2565 3945 2603 unum
3977 2552 4036 2603 et

2395 2637 2593 2690 anima
2625 2637 2814 2692 fuerit.
2847 2638 2992 2703 Quid
3025 2637 3198 2692 etiam
3250 2636 3579 2708 Stephanus
3630 2653 3727 2692 rex
3768 2637 4036 2709 Hungro-

2395 2741 2546 2787 rum,
2572 2725 2689 2779 sive
2719 2726 2964 2781 Saucius
2996 2741 3093 2780 rex
3123 2725 3502 2797 Hesperidum
3536 2724 3904 2797 populorum,
3934 2724 4037 2796 qui

2396 2814 2662 2884 quamvis
2693 2830 2824 2868 eum
2855 2813 3296 2885 praesentialiter
3326 2831 3439 2868 non
3460 2813 3726 2879 viderint,
3750 2818 3944 2869 tamen
3966 2814 4036 2868 ad

2396 2903 2611 2956 famam
2646 2902 2972 2957 sanctitatis
3018 2903 3146 2972 ejus
3196 2902 3719 2958 intercurrentibus
3746 2901 3952 2974 legatis
3981 2905 4040 2957 et

2396 2990 2704 3061 reciprocis
2753 2989 2984 3056 litteris,
3017 2990 3415 3045 astrinxerunt
3464 2989 3632 3045 illum
3678 2990 3787 3045 sibi
3821 2990 4035 3046 beneﬁ-

2394 3076 2499 3132 ciis
2531 3083 2587 3132 et
2619 3078 2869 3150 copiosis
2892 3077 3745 3140 muneribus,commendantes
3766 3077 4038 3133 sebumi-

2393 3164 2525 3222 liter
2573 3166 2937 3221 orationibus
2986 3164 3144 3220 illius
3174 3170 3233 3221 et
3263 3164 3576 3236 suffragiis.
3611 3164 3740 3220 Fuit
3767 3165 3941 3221 etiam
3973 3165 4033 3220 in

2394 3254 2631 3309 remotis
2652 3254 2915 3325 partibus
2938 3251 3383 3309 occidentalium
3416 3252 3562 3307 alter
3591 3252 4033 3317 Sancius,Pam-

639 3360 743 3414 bus
774 3376 968 3432 neque
1003 3360 1280 3415 noctibus
1311 3377 1344 3415 a
1374 3360 1490 3415 veri
1524 3360 1966 3432 investigatione
2012 3365 2282 3415 cessaret.
2317 3349 2359 3415 C
2398 3342 2607 3432 Ρυίθηο

2064 3365 2282 3414 ,εεανθμ
2317 3349 2359 3415 C
2398 3342 2744 3415 pulanorum
2778 3343 3104 3414 episcopus,
3146 3341 3245 3414 qui
3293 3341 3373 3395 ita
3402 3341 3510 3396 sibi
3545 3342 3601 3395 in
3634 3340 3906 3395 amicitiis
3932 3341 4032 3396 ad—

638 3447 873 3521 Semper
899 3448 953 3504 ei
984 3448 1138 3504 liber
1160 3447 1365 3504 divinae
1389 3448 1892 3522 contemplationis
1914 3448 1969 3503 in
1995 3450 2290 3514 manibus,

639 3551 864 3608 semper
894 3537 946 3591 ei
984 3553 1182 3592 sermo
1214 3537 1285 3591 de
1316 3536 1628 3608 Scripturis
1654 3536 1947 3603 assiduus,
1973 3542 2028 3592 et
2060 3538 2131 3591 ad
2155 3537 2290 3591 aedi-

638 3624 972 3682 licationem
1018 3628 1365 3681 cunctorum
1416 3625 1579 3681 labor
1625 3626 1958 3681 continuus.
1993 3625 2063 3679 Ut
2094 3625 2290 3680 Hiero-

635 3727 843 3782 nymus
870 3713 1264 3769 Eustochium
1297 3714 1554 3781 instruit,
1588 3714 1791 3768 faciem
1826 3714 2170 3770 dormientis
2201 3714 2290 3769 in-

632 3801 857 3856 terdum
893 3802 1119 3874 pagina
1148 3805 1349 3857 sancta
1381 3802 1753 3874 suscipiebat,
1788 3802 2154 3875 evigilantem
2188 3802 2289 3857 ite-

632 3892 751 3942 rata
779 3884 958 3945 lectio
993 3892 1313 3946 recreabat.
1362 3890 1515 3945 Nihil
1563 3890 1613 3945 ei
1645 3890 1703 3945 in
1737 3890 1845 3945 hac
1875 3892 1992 3945 vita
2038 3890 2289 3956 dulcius,

627 3975 770 4032 nihil
800 3978 1135 4034 amabilius
1169 3979 1295 4034 fuit.
1332 3979 1578 4033 Lectioni
1612 3979 1795 4033 oratio
1817 3979 1981 4051 jugis
2013 3980 2290 4034 succede-

627 4065 739 4120 bat.
773 4067 884 4132 Qui
918 4066 1206 4140 gemitus,
1232 4084 1358 4139 quae
1382 4067 1659 4139 suspiria,
1680 4067 1767 4123 vel
1790 4067 2086 4122 afﬂuentia
2108 4066 2289 4140 lacry-

625 4168 877 4226 marum,
914 4160 975 4210 et
1007 4155 1303 4228 praecipue
1335 4156 1390 4210 in
1438 4155 1535 4209 illo
1585 4159 1783 4210 sancto
1833 4155 2116 4210 sacrificio
2144 4153 2290 4227 Agni

624 4240 995 4298 immaculati
1022 4248 1170 4311 erat,
1195 4243 1448 4316 Spiritus
1471 4249 1708 4299 sanctus
1728 4248 1929 4298 auctor
1956 4242 2143 4315 ipsius
2167 4260 2293 4298 mu-

624 4330 777 4386 neris
804 4337 863 4387 et
887 4332 1104 4405 gratiae
1136 4332 1312 4387 novit.
1349 4332 1489 4387 Rem
1525 4332 1733 4387 miram
1764 4332 2027 4387 dicturus
2058 4348 2211 4399 sum,
2234 4336 2292 4387 et

622 4424 772 4473 certe
801 4436 1032 4475 veram.
1061 4423 1203 4475 Cum
1227 4420 1440 4492 saepius
1462 4419 1625 4475 illum
1651 4418 1991 4491 psallentcm
2023 4420 2081 4474 in
2104 4423 2289 4474 stratu

624 4522 870 4563 somnus
893 4508 1218 4580 exciperet,
1237 4513 1428 4564 tamen
1454 4507 1716 4579 psalmus
1738 4507 1808 4562 ab
1831 4524 1927 4563 ore
1948 4507 2292 4563 dormientis

621 4610 731 4648 non
764 4596 1113 4664 recedebat,
1138 4600 1202 4651 ut
1224 4596 1271 4651 si
1305 4594 1835 4668 nescires,vigilare
1864 4612 1996 4650 eum
2031 4600 2287 4668 putares.

618 4682 920 4756 Evigilans
955 4701 1099 4740 vero
1132 4685 1212 4739 ita
1255 4684 1550 4757 psalmum
1582 4701 1712 4738 cum
1749 4684 2115 4739 festinatione
2144 4685 2288 4740 arri—
2321 4710 2365 4775 D

619 4772 833 4841 piebat,
872 4772 1058 4845 quasi
1095 4790 1206 4829 non
1260 4772 1692 4829 intermisisset.
1724 4772 2090 4845 Loquebatur
2117 4773 2288 4828 credo

618 4861 751 4914 tunc
784 4877 930 4916 cum
964 4878 1194 4934 sponsa
1223 4862 1279 4916 in
1310 4861 1566 4917 Canticis
1596 4861 1956 4917 canticorum
1986 4879 1999 4916 :
2032 4863 2142 4931 Ego
2170 4862 2290 4917 dor—

613 4950 721 5002 mio
752 4957 805 5004 et
832 4966 934 5005 cor
982 4966 1171 5004 meum
1222 4952 1419 5019 vigilat
1452 4952 1631 5018 (Cant.
1664 4967 1717 5017 v,
1748 4954 1824 5016 2).
1858 4949 1919 5004 In
1974 4950 2288 5022 Scripturis

617 5050 792 5104 quam
812 5037 1003 5093 fuerit
1029 5039 1320 5104 eruditus,
1336 5042 1393 5094 et
1410 5039 1467 5093 in
1492 5054 1759 5093 sermone
1777 5038 2291 5110 facundus,quam-

615 5138 725 5191 que
754 5126 943 5180 etiam
979 5124 1046 5179 in
1084 5129 1239 5180 recta
1263 5126 1372 5181 ﬁde
1402 5124 2049 5191 eatholicus,testantur
2068 5143 2286 5181 sermo-

618 5227 716 5265 nes
744 5213 902 5284 ejus,
952 5217 1017 5269 et
1065 5212 1422 5287 multiplices
1468 5212 1745 5286 epistolae,
1794 5218 2285 5287 quas,.tanquam

615 5297 771 5357 favos
793 5301 1151 5358 dulcedinis
1174 5302 1600 5376 pinguissimae,
1622 5302 1816 5357 videas
1840 5301 2094 5357 redolere
2115 5302 2287 5357 odore

616 5386 928 5455 prudentis
942 5387 1322 5459 eloquentiae,
1340 5390 1658 5460 decoreque
1671 5388 1974 5444 suavitatis
1996 5393 2049 5443 et
2065 5389 2282 5461 gratiae.

2400 3430 2567 3486 haesit
2597 3436 2653 3485 et
2684 3430 2934 3502 copiosis
2974 3430 3316 3485 muneribus
3347 3429 3672 3495 deservivit,
3705 3434 3768 3484 ut
3795 3429 3866 3484 ad
3897 3445 4033 3483 eum

2396 3521 2571 3575 etiam
2602 3520 2672 3574 de
2704 3525 2821 3574 tam
2855 3519 3190 3591 longinquis
3220 3518 3553 3590 regionibus
3583 3518 3891 3586 veniret,et
3912 3533 4034 3572 mo-

2401 3609 2649 3664 nachum
2682 3625 2742 3663 se
2773 3608 2843 3663 ab
2894 3624 2959 3663 eo
2991 3608 3112 3663 ﬁeri
3142 3608 3498 3663 decerneret.
3530 3608 3712 3673 Quem
3744 3606 4035 3662 intantum

2398 3697 2586 3752 dulcis
2615 3697 2907 3752 memoria:
2940 3695 3106 3751 0dilo
3137 3695 3355 3763 dilexit,
3390 3701 3453 3750 ut
3481 3696 3655 3751 etiam
3686 3693 3940 3750 moriens
3967 3694 4038 3749 de

2397 3801 2463 3839 eo
2506 3785 2859 3841 mentionem
2913 3786 3140 3853 faceret,
3173 3790 3231 3840 et
3278 3790 3407 3857 post
3450 3786 3696 3839 mortem
3748 3799 3914 3838 suam
3965 3782 4037 3837 ad

2397 3890 2531 3929 eum
2569 3873 2945 3941 visitandum,
2980 3890 3113 3928 cum
3144 3873 3363 3928 exuviis
3391 3872 3869 3927 vestimentorum
3901 3872 4036 3926 suo-

2399 3979 2528 4017 rum
2558 3962 2705 4017 duos
2740 3962 2942 4016 fratres
2975 3960 3246 4024 mitteret,
3279 3960 3377 4032 qui
3410 3959 3493 4013 illi
3536 3960 3711 4013 tinem
3758 3958 3883 4013 vitae
3917 3974 4035 4011 suae

2398 4050 2751 4113 nuntiarent,
2802 4057 2859 4103 et
2913 4048 3214 4119 antiquam
3272 4047 3590 4103 amicitiam
3639 4045 3752 4100 sibi
3803 4050 4034 4100 mortuo

2395 4137 2770 4194 conciliarent
2799 4136 2894 4207 (6),
2927 4140 2984 4190 et
3012 4152 3245 4191 rursum
3287 4136 3551 4191 eamdem
3583 4134 3910 4189 viventibus
3941 4151 4034 4189 re-

2397 4230 2690 4283 novarent.
2723 4225 2847 4280 Non
2879 4223 3265 4295 praetereundi
3296 4227 3434 4278 sunt
3480 4222 3653 4278 etiam
3690 4222 3772 4277 illi
3804 4221 4033 4277 Domini

2396 4315 2724 4371 sacerdotes
2765 4317 2822 4368 et
2850 4310 3149 4383 apostolici
3177 4310 3308 4377 viri,
3341 4309 3632 4376 Silvester,
3667 4310 4031 4378 Benedictus,

2394 4405 2728 4470 Joannes,et
2743 4402 2801 4456 in
2820 4400 3045 4456 ultimis
3063 4400 3165 4472 piae
3185 4399 3474 4455 memoriae
3490 4399 4033 4470 Clemens,quorum

2397 4493 2645 4565 gratiam
2669 4492 2747 4546 ita
2770 4488 3107 4563 promeruit,
3123 4494 3185 4543 ut
3200 4492 3480 4560 tanquam
3501 4504 3570 4543 ex
3590 4487 3865 4543 fratribus
3881 4503 4036 4544 unus

2396 4580 2695 4637 exstiterit.
2732 4580 2865 4645 Quae
2896 4577 3053 4633 enim
3081 4592 3328 4649 persona
3358 4576 3745 4649 undecunque
3776 4574 4033 4631 locorum

2398 4687 2512 4725 non
2564 4672 2800 4741 cuperet
2851 4666 3064 4722 habere
3112 4665 3413 4721 Odilonem
3465 4669 3743 4735 tanquam
3788 4662 4033 4719 alterum

2397 4758 2764 4813 Salomonem
2783 4755 3037 4811 amicum
3058 4760 3115 4810 et
3135 4758 3451 4826 patrem,et
3472 4769 3575 4825 pro
3596 4768 3659 4808 se
3674 4753 3829 4824 apud
3851 4751 4035 4807 Deum

2398 4844 2837 4901 intercessorem
2855 4844 2883 4897 ?
2899 4843 3200 4898 Gaudebat
3218 4840 3381 4896 Italia
3402 4857 3534 4896 cum
3557 4839 3817 4896 Odilonis
3838 4840 4038 4896 aderat

2397 4934 2722 5005 praesentia,
2755 4937 2811 4986 et
2850 4931 3133 5003 praecipue
3164 4930 3467 4985 familiaris
3498 4929 3609 4984 sibi
3641 4929 3835 5001 Papia,
3867 4929 4036 4999 cujus

2399 5038 2563 5094 prece
2593 5026 2648 5075 et
2678 5017 2987 5086 industria,
3020 5018 3383 5091 temporibus
3431 5016 3657 5074 Heurici
3705 5021 3761 5072 et
3790 5015 4039 5072 Conradi

2395 5109 2813 5183 imperatorum
2844 5106 3087 5162 liberata
3116 5112 3205 5161 est
3230 5106 3302 5160 ab
3330 5106 3549 5161 excidio
3578 5103 3753 5178 gladii
3790 5109 3850 5159 et
3881 5104 4037 5176 peri-

2396 5199 2524 5254 culo
2555 5195 2827 5252 incendii.
2864 5194 3189 5249 Laetabatur
3216 5194 3391 5250 etiam
3424 5194 3566 5250 urbs
3598 5195 3800 5259 Roma,
3831 5191 4037 5248 mundi

2396 5286 2652 5352 domina,
2673 5283 2818 5339 tanti
2840 5281 2946 5337 viri
2972 5281 3405 5350 conturbernio,
3433 5283 3793 5355 frequentata
3823 5281 4036 5353 saepius

2395 5379 2731 5431 sanctorum
2764 5370 3157 5443 apostolorum
3185 5386 3382 5425 amore
3408 5375 3467 5426 et
3494 5369 4027 5427 desiderio.0fﬁcia'

2393 5463 2479 5521 les
2504 5463 2676 5520 etiam
2709 5464 2767 5515 et
2794 5458 3005 5527 clerici,
3038 5457 3156 5514 sive
3204 5459 3496 5528 monachi,
3533 5459 3613 5513 ita
3650 5457 3761 5513 sibi
3793 5453 4033 5526 applau-

2395 5553 2610 5608 debant
2639 5547 2913 5614 venienti,
2957 5551 3024 5602 ut
3050 5550 3333 5617 tanquam
3366 5547 3438 5603 de
3467 5545 3591 5603 suis
3623 5540 4029 5599 charissimam

2394 5643 2631 5698 fratrem
2683 5636 2969 5693 haberent
3014 5649 3211 5691 amore
3260 5632 3607 5692 vehementi.
3640 5630 3768 5686 Haec
3809 5626 3935 5681 ideo
3966 5623 4027 5679 in

676 5743 748 5820 (6)
780 5745 919 5802 Haec
952 5742 1168 5812 verba,
1200 5751 1252 5801 et
1280 5760 1498 5802 rursum
1525 5742 1769 5802 eamdem
1801 5740 2101 5799 viventibus
2124 5754 2472 5822 renovarent,
2498 5746 2710 5805 desunt
2740 5743 2804 5802 in
2835 5758 2977 5802 mss.
3008 5744 3062 5800 2.
