4984 6422
1441 459 1560 520 9‘3

2369 459 2432 517 S.
2480 458 2844 520 ODILONIS
2891 454 3456 519 CLUNIACENSIS
3500 456 3832 518 ABBATIS
3863 455 3936 517 V.

4747 456 4865 516 904

1442 597 1638 664 partes
1661 590 1908 663 justitia:
1941 591 2271 662 posuimus,
2306 595 2369 644 ut
2401 595 2596 662 aperte
2630 595 3090 644 monstraremus
3120 591 3172 658 Α
3206 588 3572 661 marsupium
3625 588 3780 643 illius
3831 589 3910 644 ita
3960 590 4343 654 exinanitum,
4379 591 4445 642 ut
4491 585 4651 660 quod
4703 586 4866 640 daret

1443 680 1610 735 illum
1634 680 1937 752 proprium
1965 679 2172 751 cuique
2196 678 2489 743 tribuisse,
2509 683 2564 734 et
2592 678 2803 734 idcirco
2825 678 3090 733 omnium

1442 769 1690 842 gratiam
1720 773 1776 823 et
1808 785 2066 824 amorem
2091 769 2500 840 promeruisse,
2525 774 2580 822 et
2613 775 2676 822 ut
2706 768 2881 823 etiam
2911 767 3094 822 omni-

1442 858 1554 914 bus
1585 852 1997 925 declararetur,
2031 857 2169 929 quia
2202 873 2433 912 necesse
2460 861 2584 911 crat
2618 861 2678 911 ut
2711 874 2883 928 quem
2938 857 3090 911 Deus

1441 948 1775 1021 perfuderat
1801 945 2010 1018 gratia,
2040 946 2112 1000 ab
2143 945 2416 1000 omnibus
2449 951 2761 1002 amaretur.
2797 945 2948 1000 Bene
2985 945 3088 1000 ita-

1441 1053 1554 1110 que
1585 1036 1654 1091 de
1685 1052 1750 1090 eo
1777 1051 1979 1090 omnes
2010 1033 2068 1088 in
2099 1050 2408 1088 commune
2441 1038 2771 1100 senserunt,
2797 1034 2935 1105 quia
2969 1033 3091 1088 ubi-

1441 1141 1554 1198 que
1586 1123 1810 1182 cunctis
1841 1127 1896 1179 et
1926 1122 2106 1178 amori
2140 1128 2196 1178 et
2228 1121 2432 1177 honori
2468 1123 2595 1177 fuit.
2646 1121 2775 1176 Jam
2831 1140 2964 1176 vero
3018 1124 3088 1178 de

1435 1212 1806 1270 inferioribus
1835 1211 2092 1268 seniores
2125 1211 2448 1266 honorabat
2481 1216 2543 1266 ut
2585 1217 2794 1283 patres,
2820 1211 3090 1282 juniores

1436 1307 1504 1368 ut
1543 1302 1770 1369 fratres,
1805 1317 1952 1356 anus
1999 1305 2063 1356 ut
2109 1305 2346 1366 matres,
2397 1301 2650 1372 virgines
2704 1306 2765 1356 ut
2812 1317 3084 1367 sorores;

1430 1408 1633 1448 omnes
1666 1395 1863 1446 tamen
1895 1389 2198 1444 aestimans
2229 1390 2339 1443 sibi
2376 1389 2727 1462 superiores,
2770 1389 2995 1444 cunctis
3029 1388 3084 1445 in

1427 1496 1738 1536 commune
1773 1479 2062 1552 praebebat
2116 1477 2402 1532 familiare
2447 1479 2808 1532 consortium
2840 1483 2894 1532 et
2928 1478 3085 1533 salu-

1427 1575 1548 1626 tare
1580 1566 2135 1640 colloquium.Nul|i
2169 1585 2474 1633 onerosus,
2509 1566 2651 1622 nulli
2691 1568 3084 1638 importunus,

1429 1657 1653 1714 nullius
1681 1657 1922 1712 honoris
1955 1656 2222 1728 cupidus,
2275 1655 2529 1710 alienum
2585 1673 2700 1710 non
2731 1655 3083 1726 vindicabat,

1428 1747 1548 1804 imo
1579 1745 1771 1818 magis
1801 1745 1954 1817 quod
1989 1761 2162 1800 suum
2194 1751 2316 1800 erat
2344 1744 2606 1799 hilariter
2627 1744 2788 1799 alteri
2815 1746 3086 1799 concede-

1429 1835 1550 1899 bat.
1575 1833 1896 1890 Utilitatem
1927 1833 2219 1906 prepriam
2254 1833 2600 1904 negligebat,
2627 1838 2689 1887 ut
2711 1849 3080 1888 communem

1429 1923 1766 1996 aequitatem
1797 1923 2136 1978 custodiret.
2171 1921 2633 1977 Bcncvolentiam
2675 1927 2732 1977 et
2763 1921 3082 1977 liberalita-

1429 2018 1570 2080 tem,
1599 2028 1728 2084 qua:
1777 2011 1953 2066 etiam
2001 2015 2058 2066 et
2098 2011 2236 2082 ipse
2271 2016 2463 2083 partes
2495 2017 2631 2065 sunt
2666 2012 3081 2075 beneficentiae,

1431 2102 1550 2158 sive
1571 2100 1815 2173 justitia:
1839 2101 1940 2173 ('7),
1965 2100 2044 2155 ita
2073 2101 2374 2164 retinebat,
2409 2105 2472 2154 ut
2501 2101 2556 2154 in
2588 2099 2672 2154 eis
2707 2099 2920 2154 nostris
2942 2104 3086 2155 tem-

1431 2191 1672 2264 poribus
1703 2189 1761 2245 in
1793 2207 1898 2245 suo
1927 2189 2130 2244 ordine
2161 2188 2537 2261 singulariter
2567 2187 2728 2243 solus
2779 2188 3078 2243 reluceret.

1429 2278 1715 2336 Omnibus
1755 2277 1911 2334 enim
1964 2279 2020 2334 in
2072 2295 2380 2333 commune
2430 2277 2654 2333 volebat
2706 2279 3078 2344 benefacere;

1425 2369 1526 2424 sed
1559 2369 1776 2440 quibus
1821 2372 2047 2440 poterat
2101 2367 2417 2422 liberaliter
2467 2366 2722 2422 liberalis
2776 2367 3076 2421 existebat.

1423 2459 1560 2514 Plus
1617 2459 1912 2532 gaudebat
1960 2457 2114 2514 datis
2161 2475 2340 2530 quam
2394 2457 2668 2530 acceptis,
2704 2455 2893 2512 sciens
2935 2455 3078 2509 illud

1424 2547 1736 2614 felicititis,
1772 2547 1926 2603 istud
1959 2547 2291 2619 iudigentim
2341 2563 2492 2610 esse,
2523 2552 2579 2601 et
2610 2546 2931 2600 secundum
2967 2545 3079 2599 Do-

1427 2636 1651 2692 minicze
1708 2635 1983 2691 Veritatis
2041 2636 2413 2703 sententiam,
2469 2635 2698 2690 beatius
2757 2651 2884 2689 esse
2942 2635 3078 2687 dare

1426 2742 1606 2797 quam
1639 2725 1918 2797 accipere.

1516 2813 1650 2870 CAP.
1683 2813 1832 2870 Vlll.
1867 2845 1930 2853 —
1962 2813 2116 2883 Quod
2147 2814 2202 2867 in
2235 2830 2499 2884 pauperes
2533 2814 2821 2882 mind/iras
2848 2814 2974 2882 fuit.

1499 2903 1564 2959 In
1597 2918 1880 2976 pauperes
1906 2901 1982 2957 ita
2017 2902 2332 2957 munificus
2361 2907 2502 2968 erat,
2530 2907 2590 2956 ut
2622 2902 2934 2974 aliquando
2961 2919 3074 2955 non

1431 2991 1894 3064 dispensatorem
1943 2991 2044 3047 sed
2095 2992 2399 3062 profusum
2451 2990 2782 3063 largitorem
2829 2991 3072 3044 videres.

1426 3080 1654 3144 Etenim
1674 3079 1860 3154 magis
1882 3079 2279 3136 delectabatur
2297 3079 2350 3134 in
2374 3079 2647 3135 faciendis
2667 3079 3072 3151 elcemosynis,

1423 3187 1600 3242 quam
1633 3168 1848 3242 aliquis
1875 3168 2153 3241 gratulari
2190 3169 2374 3240 possit
2404 3169 2461 3223 in
2490 3169 2865 3240 aequirendis
2899 3185 3074 3239 peru-

1421 3258 1554 3314 niis.
1577 3259 1641 3314 Et
1661 3257 1802 3331 quid
1828 3258 2016 3312 dicam
2035 3258 2062 3313 ?
2083 3257 2378 3313 Caacorum
2404 3257 2666 3320 baculus,
2687 3257 3069 3311 esurientium

3203 679 3480 733 fratribus
3514 696 3624 733 non
3655 678 3918 747 haberet,
3948 693 4080 734 cum
4114 677 4307 734 subito
4337 693 4407 732 ex
4437 675 4743 748 insperato
4773 689 4865 729 ve-

3203 767 3398 822 niebat
3448 768 3559 822 sibi
3620 767 3920 822 sufﬁciens
3969 767 4319 833 benedictio,
4355 766 4510 821 unde
4560 765 4868 819 sedaretur

3203 858 3522 928 petentium
3553 856 3902 911 vociferatio.
3930 856 3998 912 Et
4024 873 4094 912 ne
4127 854 4477 928 generaliter
4507 854 4632 909 hzec
4667 869 4866 926 prose-

3201 947 3453 1016 quendo,
3487 945 3614 1016 ejus
3655 945 3852 1018 aliqua
3885 945 4294 1000 misericordia:
4326 960 4500 1016 opera
4533 943 4868 1015 specialiter

3201 1034 3466 1102 ignorare
3525 1034 3847 1098 videamur,
3881 1034 4146 1106 quzedam
4197 1033 4288 1088 hic
4334 1037 4476 1088 sunt
4523 1032 4862 1096 inserenda,

3198 1125 3340 1177 satis
3383 1128 3704 1177 memoratu
3755 1123 3952 1194 digna,
3987 1140 4116 1195 qua:
4149 1123 4323 1177 tidem
4356 1121 4656 1195 prcebeant
4685 1120 4862 1175 etiam

3199 1212 3289 1266 his
3321 1229 3448 1283 quae
3483 1211 3828 1266 nominatim
3863 1229 3974 1266 non
4010 1217 4148 1266 sunt
4181 1212 4468 1284 ponenda.

3195 1357 3327 1409 Car.
3363 1355 3450 1409 1X.
3486 1386 3551 1396 —
3585 1355 3834 1422 Qualiter
3882 1356 4026 1408 binis
4070 1356 4255 1424 pueris
4296 1355 4417 1425 jam
4464 1353 4746 1425 defuncti:
4779 1355 4865 1406 in-

3324 1427 3576 1481 dumenta
3606 1429 3881 1497 pra'mttt,
3918 1428 3998 1479 rrl
4028 1424 4328 1496 seputturr
4353 1442 4442 1480 eos
4467 1424 4732 1479 tradidit.

3267 1567 3524 1631 Quodam
3577 1573 3834 1640 tempore
3878 1586 4008 1622 cum
4060 1567 4129 1622 ad
4186 1570 4456 1621 sanctum
4507 1565 4862 1638 Dionysium

3199 1654 3451 1711 Parisios
3485 1663 3766 1729 pergeret,
3800 1662 3852 1710 ct
3907 1674 4009 1728 per
4053 1656 4353 1727 publicum
4394 1655 4504 1710 iter
4535 1655 4863 1716 incederet,

3194 1745 3433 1799 otl‘endit
3467 1747 3612 1799 duos
3647 1764 3855 1818 pueros
3889 1746 4060 1800 famis
4092 1752 4146 1799 et
4181 1745 4411 1816 frigoris
4444 1744 4744 1816 supplicio
4774 1761 4866 1800 oc-

3193 1835 3486 1900 cubuisse,
3521 1840 3574 1889 et
3607 1836 3716 1889 sub
3746 1835 3932 1890 oculis
3963 1835 4250 1900 omnium,
4283 1833 4442 1888 dictu
4475 1833 4859 1888 miserabile!

3197 1925 3383 1975 nudos
3409 1931 3462 1978 et
3498 1924 3818 1996 insepultos
3850 1925 3905 1978 in
3943 1924 4133 1978 media
4165 1924 4255 1978 via
4278 1925 4496 1994 jacere.
4532 1921 4670 1976 Erat
4699 1923 4860 1977 enim

3193 2028 3257 2064 eo
3286 2017 3542 2083 tempore
3568 2014 3750 2067 fames
3773 2013 3982 2078 valida,
4005 2030 4131 2084 qua:
4155 2012 4246 2066 sui
4273 2011 4684 2083 magnitudine
4712 2027 4862 2082 pene

3193 2105 3342 2154 totas
3371 2101 3685 2156 Galliarum
3715 2102 3833 2155 sive
3866 2101 4190 2173 Aquitanize
4218 2103 4592 2172 oppresserat
4625 2100 4864 2172 provin-

3192 2189 3330 2243 cias.
3366 2192 3762 2261 Compunctus
3797 2190 3991 2262 itaque
4044 2191 4131 2244 vir
4179 2194 4418 2244 sanctus
4450 2187 4554 2242 tali
4589 2188 4857 2253 horrore,

3191 2296 3338 2349 equo
3369 2280 3644 2344 desilivit,
3679 2280 3964 2342 substitit,
4002 2278 4373 2350 pollinctores
4397 2278 4665 2333 mercede
4697 2295 4856 2351 qua:-

3193 2369 3345 2422 sivit.
3401 2369 3589 2422 I.anea
3620 2374 3795 2432 veste,
3830 2386 4006 2439 quam
4039 2367 4211 2438 vulgo
4243 2366 4583 2422 staminiam
4619 2374 4852 2432 vocant,

3191 2475 3223 2511 a
3254 2457 3425 2512 dorso
3449 2459 3761 2521 abstracta,
3782 2457 4011 2511 illorum
4037 2458 4359 2511 nuditatem
4385 2455 4638 2528 propriis
4663 2455 4855 2510 mani-

3193 2547 3300 2598 bus
3354 2546 3670 2618 cooperuit,
3723 2545 4006 2617 sepelivit,
4059 2544 4322 2600 debitum
4375 2544 4629 2600 mortuis
4673 2545 4854 2600 obse-

3189 2635 3392 2706 quium
3455 2635 3746 2707 persolvit,
3798 2635 3997 2706 sicque
4046 2639 4298 2705 cu‘ptum
4353 2633 4463 2687 iter
4523 2633 4738 2687 tenuit.
4794 2634 4850 2686 Si

3191 2723 3475 2778 Martinus
3509 2741 3610 2795 per
3665 2730 3851 2778 totum
3901 2724 4098 2778 orbem
4150 2723 4481 2777 celebratur
4509 2722 4564 2776 iu
4600 2723 4851 2776 dimidia

3189 2813 3384 2866 tunica
3417 2813 3652 2884 pauperi
3698 2812 3904 2874 divisa.
3937 2829 4042 2868 cur
4091 2828 4202 2865 non
4253 2816 4309 2865 et
4357 2811 4468 2864 iste
4516 2812 4846 2865 secundum

3187 2901 3274 2954 sui
3309 2901 3559 2972 speciem
3587 2901 3830 2956 celebris
3855 2901 4138 2955 habeatur
4159 2901 4214 2954 in
4241 2899 4438 2954 tunica
4463 2900 4717 2973 integra,
4736 2918 4849 2954 non

3188 2989 3284 3043 uni
3320 2991 3464 3054 vivo,
3491 2992 3587 3044 sed
3625 2991 3857 3044 duobus
3891 2989 4137 3044 mortuis
4167 2989 4352 3044 data?
4382 2987 4567 3044 Multa
4601 2990 4851 3059 proferri

3187 3078 3410 3148 possint
3434 3079 3668 3139 similia.
3697 3079 3805 3132 nisi
3832 3078 4279 3133 succumberent
4301 3080 4510 3132 nostra?
4537 3077 4850 3148 parvitatis

3186 3166 3437 3234 ingenia.
3471 3169 3577 3221 Sed
3612 3175 3803 3222 tamen
3840 3184 3907 3221 ne
3956 3167 4188 3221 silentio
4243 3171 4589 3239 premantur
4620 3166 4852 3230 omnia,

3185 3261 3321 3310 tunc
3355 3257 3451 3310 tali
3487 3258 3788 3328 temporis,
3822 3262 3879 3310 et
3931 3257 4205 3328 deinceps
4253 3273 4352 3327 per
4397 3254 4618 3309 multos
4656 3271 4848 3310 annos

1419 3347 1608 3414 cibus,
1635 3363 1770 3419 spes
1799 3345 2172 3413 miserorum,
2206 3345 2463 3401 solamen
2499 3346 2824 3419 lugentium
2860 3345 3071 3400 fuit.l'2t
3103 3332 3146 3402 C
3187 3345 3556 3400 incumbente
3592 3346 3846 3412 miseria,
3900 3345 3955 3400 in
3992 3363 4133 3399 usus
4181 3359 4503 3416 pauperum
4555 3344 4854 3416 confregit

1419 3435 1560 3508 quid
1605 3434 1844 3490 dicam?
1875 3433 2284 3490 Misericordia:
2339 3435 2659 3490 visceribus
2716 3435 2866 3489 ultra
2893 3451 3070 3506 quam

1419 3523 1540 3578 Dici
1575 3522 1757 3596 possit
1785 3522 2083 3589 affluebat,
2102 3528 2178 3590 et,
2203 3529 2489 3595 quantum
2514 3524 2569 3577 in
2594 3541 2654 3579 se
2685 3522 3070 3587 erat,nullum

1425 3628 1460 3668 a
1499 3611 1780 3668 beneficio
1831 3609 2239 3666 misericordia:
2291 3611 2648 3668 excludebat.
2697 3613 2764 3667 Et
2814 3613 2962 3667 sicut
3013 3612 3071 3666 in

1426 3698 1722 3772 epitaphio
1751 3699 2045 3755 Sabiniani
2078 3717 2238 3772 papa:
2269 3699 2482 3772 legitur
2513 3718 2526 3756 ε

1491 3806 1585 3854 Hic
1615 3805 1893 3856 hominum
1925 3807 2050 3855 vitia
2079 3806 2278 3855 blando
2309 3819 2554 3856 sermone
2584 3808 2810 3858 removit
2841 3823 2854 3857 :

1490 3869 1596 3918 Nec
1623 3867 1792 3930 culpis
1817 3867 1999 3931 judex,
2031 3870 2119 3918 sed
2154 3869 2420 3920 medicina
2449 3871 2566 3919 fuit.

1426 3966 1564 4022 Erat
1589 3969 1740 4022 certe
1771 3965 1828 4021 in
1881 3965 1990 4021 hac
2035 3967 2246 4022 virtute
2279 3967 2571 4023 intantum
2603 3968 2874 4032 diffusus,
2909 3973 2968 4021 ut
3001 3968 3074 4021 ab

1426 4054 1899 4130 imprudentibus
1930 4055 1986 4110 in
2018 4055 2210 4112 officio
2243 4055 2490 4128 hujusce
2527 4057 2756 4112 virtutis
2787 4056 3073 4126 dijudica-

1425 4150 1586 4200 retur
1615 4143 1852 4200 nimius.
1884 4145 1992 4200 Sed
2024 4145 2122 4200 ille
2160 4145 2234 4200 ad
2285 4144 2392 4201 hoc
2440 4147 2731 4216 objectum
2784 4145 3077 4216 eleganter

1426 4233 1686 4294 alludere
1735 4233 1943 4288 solitus
1973 4239 2114 4288 erat.
2149 4257 2177 4284 «
2210 4235 2350 4305 Ego,
2380 4233 2594 4306 inquit,
2629 4235 2818 4308 magis
2848 4236 2975 4288 volo
3005 4233 3076 4288 de

1426 4321 1825 4378 misericordia
1852 4321 2306 4378 misericorditer
2325 4322 2604 4394 judicari,
2638 4339 2814 4396 quam
2839 4322 2910 4377 de
2939 4339 3076 4376 cru-

1424 4409 1661 4468 delitate
1691 4409 2006 4466 crudeliter
2048 4411 2337 4467 damnari.
2372 4435 2398 4460 ‹‹
2434 4411 2508 4466 Ut
2536 4411 2691 4466 enim
2725 4412 2805 4466 ait
2839 4410 3076 4466 Ambro-

1426 4499 1552 4555 sius
1585 4515 1598 4553 :
1631 4499 1826 4555 Bonus
1878 4500 2044 4569 [Mss.,
2098 4499 2338 4572 bonum]
2386 4504 2477 4556 est
2517 4499 2847 4556 misericors
2879 4499 3076 4565 homo,

1427 4587 1527 4660 qui
1559 4589 1700 4646 dum
1743 4588 1877 4644 aliis
1926 4589 2198 4644 subvenit
2244 4588 2355 4644 sibi
2405 4587 2679 4655 consulit,
2711 4594 2767 4645 et
2796 4589 2854 4644 in
2889 4588 3076 4644 alieno

3182 3433 3432 3506 plurima
3464 3452 3600 3488 vasa
3631 3434 4023 3488 ecclesiastica
4063 3438 4120 3488 ct
4169 3437 4515 3487 ornamenta
4560 3433 4853 3504 insignia,

3181 3523 3334 3578 inter
3364 3541 3489 3594 qum
3539 3524 3716 3578 etiam
3769 3522 4125 3594 imperialem
4179 3521 4406 3578 llenrici
4463 3522 4852 3594 imperatoris

3181 3629 3476 3678 coronam,
3511 3611 3816 3683 indignum
3839 3613 4117 3682 judicans
4167 3612 4307 3666 talia
4354 3612 4650 3682 denegare
4696 3629 4857 3682 pau-

3184 3703 3420 3774 peribus
3478 3701 3713 3769 Christi,
3765 3719 3867 3773 pro
3915 3703 4130 3772 quibus
4189 3702 4412 3755 etfusus
4457 3706 4549 3754 est
4599 3701 4859 3772 sanguis

3183 3792 3416 3846 Christi.
3453 3795 3511 3845 In
3547 3791 3834 3846 thesauris
3869 3790 4131 3845 Ecclesize
4166 3788 4523 3863 pauperibus
4571 3789 4738 3844 datis
4773 3791 4864 3843 di-

3183 3881 3332 3935 vinis
3361 3886 3415 3935 et
3465 3881 3738 3935 humanis
3788 3879 4042 3934 oraculis
4093 3878 4440 3934 Laurentius
4491 3878 4862 3950 praedicatur

3185 3970 3508 4036 mirabilis;
3546 3969 3634 4022 cui
3673 3969 3804 4024 licet
3853 3969 4027 4024 istum
4078 3969 4439 4039 tequiparare
4478 3983 4595 4022 non
4633 3968 4861 4022 audea~

3185 4075 3338 4124 mus,
3374 4063 3566 4112 tamen
3616 4059 3846 4114 cunctis
3892 4074 4039 4129 quos
4085 4057 4341 4110 vidimus
4388 4056 4662 4110 moderni
4709 4062 4865 4110 tem-
4947 4055 4949 4058 ⁴

3185 4148 3341 4220 poris
3376 4147 3712 4201 hominibus
3744 4147 3920 4217 (quod
3959 4147 4084 4200 sine
4117 4144 4454 4217 pra‘judicio
4484 4145 4862 4215 cujusquam

3184 4236 3451 4305 dixerim)
3485 4236 3539 4290 in
3575 4253 3680 4290 suo
3713 4236 3914 4289 ordine
3963 4235 4019 4290 in
4068 4234 4176 4289 hac
4205 4233 4415 4288 virtute
4455 4234 4861 4304 praeferimus.
4947 4273 4949 4306 ς

3185 4325 3493 4381 Consuluit
3551 4323 3766 4395 quibus
3827 4324 4034 4395 potuit,
4089 4329 4146 4378 et
4191 4322 4410 4395 quibus
4459 4337 4565 4393 per
4621 4339 4692 4376 se
4743 4339 4861 4376 non

3185 4414 3384 4477 valuit,
3425 4413 3571 4469 alios
3629 4417 3690 4468 ut
3749 4413 4166 4468 misererentur
4212 4410 4453 4482 rogavit.
4487 4410 4642 4464 Cum
4699 4412 4860 4465 enim

3188 4520 3300 4558 non
3353 4503 3648 4556 sufticeret
3693 4506 3810 4556 tam
3863 4501 4086 4556 acerba:
4136 4499 4309 4554 famis
4348 4497 4652 4570 praedictis
4709 4503 4864 4553 tem-

3189 4592 3428 4664 poribus
3499 4590 3764 4644 omnium
3843 4589 4096 4644 miseriis
4175 4587 4504 4652 subvenire,
4587 4587 4862 4642 vidimus

1425 4676 1682 4734 remedio
1714 4675 1953 4733 vulnera
2000 4694 2110 4732 sua
2157 4681 2340 4733 curat.
2372 4677 2648 4752 Agnoscit
2676 4678 2832 4734 enim
2862 4695 2923 4733 se
2948 4695 3076 4734 esse
3110 4702 3155 4768 D
3186 4698 3320 4736 eum
3351 4680 3506 4734 vicos
3560 4684 3614 4734 et
3667 4677 3943 4734 ecclesias
3998 4695 4146 4751 quas
4198 4679 4424 4750 poterat
4471 4675 4756 4747 circuire,
4791 4676 4862 4730 ad

1423 4765 1746 4829 hominem,
1801 4765 1901 4839 qui
1933 4765 2091 4822 novit
2123 4765 2424 4838 ignoscere
2459 4783 2472 4820 :
2507 4771 2563 4822 et
2593 4765 2714 4822 vias
2743 4767 2955 4822 Christi
2987 4783 3076 4823 se-

1423 4853 1645 4928 quitur,
1677 4855 1802 4928 qui,
1834 4871 2009 4910 carne
2039 4858 2335 4928 suscepta,
2381 4854 2590 4911 maluit
2620 4853 2680 4911 in
2713 4855 2869 4910 hunc
2904 4872 3075 4910 mun-

1423 4943 1564 5000 dum
1598 4943 1952 5016 Redemptor
1997 4943 2192 5000 venire
2240 4961 2419 5016 quam
2458 4944 2660 5015 judcx.
2695 4943 2855 5000 Unde
2885 4948 2942 5000 et
2970 4943 3079 5000 iste

1423 5033 1513 5087 vir
1541 5037 1802 5103 sanctus,
1823 5037 1888 5088 ut
1908 5032 2306 5106 praediximus,
2324 5032 2582 5089 malebat
2609 5050 2738 5090 esse
2768 5033 3077 5106 culparum

1427 5119 1718 5176 medicina
1745 5137 1922 5192 quam
1945 5121 2148 5194 judex.
2179 5124 2252 5178 At
2282 5121 2389 5178 hoc
2415 5120 2722 5195 aliquoties
2753 5123 2907 5196 quod
2939 5123 3078 5178 olfe-

1427 5209 1682 5275 rebatur,
1714 5207 2101 5266 libentissime
2152 5211 2490 5282 accipiebat,
2525 5217 2590 5268 ut
2638 5211 2876 5268 haberet
2920 5211 3076 5283 quod

1427 5296 1785 5370 pauperibus
1823 5296 2217 5354 distribueret.
2270 5300 2627 5372 Implebatur
2657 5318 2887 5374 semper
2913 5300 2970 5355 in
3006 5317 3074 5358 eo

1428 5386 1583 5459 quod
1615 5383 1832 5441 dicitur
1860 5385 1918 5440 in
1950 5387 2257 5459 Evangelio
2291 5405 2304 5444 :
2340 5390 2502 5446 Omni
2528 5391 2754 5446 habenti
2781 5391 3078 5455 dabitur,et

1427 5473 1729 5532 abundabit
1758 5473 1967 5547 (Matth.
1998 5476 2256 5547 xm,t2).
2287 5477 2555 5536 Vidimus
2583 5479 2739 5536 enim
2776 5479 3077 5536 multoties

1497 5602 1574 5670 (7)
1609 5599 1701 5683 Sic
1731 5617 1876 5656 mss.
1994 5599 2325 5683 Ath'l‘huan.
2346 5618 2478 5658 cum
2500 5604 2630 5658 edit.
2657 5605 3079 5676 Beneﬁcentiam

1429 5681 1756 5754 struggle:
1787 5677 2193 5754 sizutjustitiw,
2211 5677 2332 5754 _etc.

1498 5743 1587 5826 (8)'
1623 5743 1746 5803 Huc
1793 5743 1975 5801 dubio
2027 5743 2228 5818 procul
2272 5744 2592 5802 revocanda
2638 5749 2727 5800 est
2774 5745 2923 5803 beati
2971 5746 3078 5804 Viri

3186 4769 3586 4842 eleemosynas
3639 4768 3934 4823 faciendas
3985 4766 4274 4840 principes
4325 4765 4423 4836 (8),
4456 4765 4705 4830 divites,
4739 4781 4863 4819 me-

3187 4858 3412 4914 diocres
3435 4858 3704 4922 suadere,
3723 4856 3995 4912 dulcibus
4018 4855 4390 4912 sermonibus
4413 4854 4486 4908 ad
4519 4853 4864 4909 misericor-

3187 4947 3344 5002 diam
3381 4962 3711 5020 provocare,
3745 4946 3946 5018 eisque
3976 4945 4110 5000 inde
4143 4941 4547 5016 plenissimam
4583 4949 4861 5014 peccato-

3189 5051 3318 5090 rum
3381 5033 3785 5090 remissionem
3859 5033 4041 5088 libera
4104 5049 4240 5087 voce
4298 5032 4368 5087 de
4423 5029 4591 5086 ccelis
4655 5046 4864 5102 repro-

3190 5126 3439 5180 mittere.
3475 5124 3559 5178 Ita
3588 5124 3675 5178 vir
3717 5128 3956 5178 sanctus
3999 5139 4146 5195 quos
4177 5139 4292 5177 non
4327 5118 4671 5176 sufficiebat
4704 5119 4862 5174 alere

3187 5213 3546 5285 sumptibus.
3572 5213 3819 5283 juvabat
3861 5212 4015 5285 apud
4071 5211 4199 5266 illos
4248 5227 4397 5283 quos
4444 5212 4684 5281 poterat
4733 5224 4860 5262 ser-

3185 5301 3460 5357 monibus
3520 5301 3978 5357 misericordiam
4047 5299 4456 5356 suadentibus.
4515 5296 4696 5353 Certe
4751 5297 4856 5351 tali

3184 5391 3451 5446 consultu
3483 5389 3668 5446 multa
3690 5389 3874 5444 millia
3895 5406 4220 5462 pauperum
4254 5385 4638 5459 cognovimus
4672 5385 4856 5441 famis

3185 5486 3242 5535 et
3293 5481 3500 5535 mortis
3549 5481 3801 5535 evasisse
3849 5477 4196 5551 periculum.
4249 5474 4482 5532 Nullius
4540 5474 4856 5530 miseriam

3184 5604 3431 5677 epistola
3457 5605 3528 5659 ad
3551 5605 3813 5659 Garsiam
3838 5619 4054 5677 regem,
4074 5602 4228 5677 edita
4253 5606 4407 5655 tomo
4439 5599 4485 5654 II
4518 5596 4854 5677 Spicilegii.

3186 5672 3301 5804 qua
3318 5677 3409 5758 .vir
3431 5683 3668 5731 sanctus
3691 5677 3767 5750 pii
3789 5672 4065 5748 principis
4091 5672 4362 5746 implorat
4383 5676 4857 5744 opem,tempore

3215 5765 3386 5804 amis.
