4984 6444
759 418 894 477 905

2189 422 2394 483 Vl’l‘A.
2429 455 2506 468 —-
2534 422 2679 484 LIB.
2727 424 2774 483 Ι.

4047 426 4168 489 906

759 550 1099 621 praaterivit,
1153 551 1375 609 nullius
1420 558 1822 610 necessitatem
1873 554 2157 626 despexit,
2199 556 2416 612 nullius
2445 561 2497 627 Α
2527 556 2922 628 computabat.
2954 558 3171 611 Tamen
3205 558 3345 629 quia
3372 556 3481 612 hoc
3513 558 3639 613 sine
3681 558 3953 615 seandalo
3983 558 4167 629 pluri-

750 639 1171 695 intirmitatem
1212 641 1531 697 exhorruit.

853 727 991 785 CAP.
1023 729 1088 783 Χ.
1117 759 1186 769 -—-
1214 734 1292 785 De
1320 731 1515 787 clerico
1543 733 1792 801 contagio
1826 732 1994 802 lepra/3
2021 733 2314 787 maculato.

829 815 1097 888 Denique
1137 818 1380 889 quidam
1432 825 1646 875 sanctae
1680 818 1780 874 Dei
1810 819 2119 875 Genitricis
2149 819 2415 875 Anicien-

748 903 841 957 sis
875 904 1134 960 ecclesia:
1166 904 1434 973 clericus,
1470 908 1793 962 secundum
1843 924 2077 962 carnem
2116 907 2412 964 nobilissi-

748 1009 914 1058 mus,
940 993 1119 1066 lepra:
1151 996 1420 1067 contagio
1451 996 1800 1063 maculatus,
1835 996 2126 1068 privatum
2159 996 2269 1051 sibi
2300 995 2415 1052 vel-

750 1080 840 1135 uti
879 1087 1055 1136 tantae
1097 1084 1455 1154 corruptioni
1510 1085 1905 1140 necessarium
1945 1085 2115 1154 juxta
2163 1084 2412 1156 Ligerim

738 1169 834 1239 (9)
870 1170 1112 1225 ﬂuvium
1145 1172 1460 1242 quemdam
1493 1171 1745 1244 elegerat
1776 1172 1968 1228 locum
2002 1172 2411 1228 monasteriolo

744 1258 914 1328 quod
946 1258 1161 1314 dicitur
1187 1259 1358 1315 Volta
1405 1262 1769 1333 contiguum.
1804 1264 1925 1326 Quo
1970 1262 2280 1316 adveniens
2313 1262 2408 1317 Dei

746 1344 1019 1401 famulus
1050 1353 1106 1402 et
1138 1347 1245 1402 hoc
1279 1364 1626 1419 agnoscens,
1661 1349 1892 1404 infirmo
1924 1350 2292 1420 compatitur,
2324 1367 2413 1405 so-

746 1433 947 1488 latiari
980 1435 1061 1490 illi
1095 1437 1153 1491 in
1203 1438 1418 1507 quibus
1471 1455 1704 1492 necesse
1743 1442 1887 1502 erat,
1918 1438 2195 1492 fratribus
2227 1438 2407 1509 impe-

743 1528 865 1577 rat.
902 1525 1164 1595 Requirit
1204 1542 1337 1580 vero
1388 1526 1510 1597 ipse
1556 1525 1910 1580 miserabilis
1941 1526 2124 1581 sancti
2156 1525 2258 1580 viri
2292 1526 2406 1597 pri-

736 1616 951 1666 vatum
985 1612 1365 1684 colloquium,
1397 1620 1454 1667 et
1483 1619 1548 1667 ut
1591 1615 1661 1668 ad
1718 1630 1781 1669 se
1829 1615 2063 1667 accedat
2110 1614 2411 1669 humiliter

739 1704 918 1767 rogat
949 1717 1053 1771 per
1102 1702 1555 1766 internuntium.
1607 1703 1768 1768 Quod
1804 1708 2042 1757 sanctus
2076 1704 2259 1758 facere
2291 1720 2405 1758 non

737 1790 1066 1855 recusavit,
1126 1790 1385 1846 recolens
1444 1790 1755 1845 Dominicze
1811 1790 2158 1846 humilitatis
2209 1808 2405 1846 exem-

738 1876 942 1948 plum,
977 1878 1078 1950 qui
1108 1878 1282 1933 etiam
1314 1895 1430 1933 non
1463 1882 1701 1950 rogatus
1732 1881 1924 1934 venire
1956 1879 2138 1934 voluit
2167 1881 2237 1935 ad
2270 1897 2403 1935 ceu-

735 1964 1005 2020 turionis
1059 1982 1311 2021 servum.
1359 1967 1509 2021 Dum
1560 1983 1693 2021 vero
1745 1968 1814 2022 ad
1865 1984 1999 2021 eum
2048 1968 2397 2038 pervenitur,

734 2052 912 2109 illius
944 2070 1060 2109 non
1092 2054 1508 2110 exhorrescens
1539 2055 1856 2121 miseriam,
1908 2056 2077 2110 nobis
2111 2056 2208 2128 qui
2245 2056 2403 2112 vide-

736 2142 963 2199 bamus
993 2142 1159 2198 valde
1189 2143 1561 2207 mirantibus,
1594 2143 1652 2198 in
1694 2144 1892 2199 oscula
1942 2144 2078 2213 ruit,
2110 2144 2400 2216 amplexa-

732 2234 865 2297 tur,
887 2236 946 2285 et
977 2231 1075 2285 diu
1110 2248 1245 2286 cum
1272 2230 1372 2286 illo
1399 2231 1684 2286 familiare
1714 2232 2067 2301 colloquium
2100 2232 2403 2304 participa-

730 2324 866 2374 tur.
902 2320 946 2374 Ο
977 2320 1164 2374 virum
1199 2337 1302 2391 per
1344 2320 1540 2375 omnia
1570 2319 1740 2375 laude
1772 2320 2048 2391 dignum!
2084 2321 2185 2397 qui
2217 2320 2402 2393 magis

733 2409 805 2462 in
841 2407 1083 2462 homine
1116 2413 1338 2462 naturae
1388 2407 1668 2477 diligebat
1721 2409 2176 2478 prmrogativam,
2223 2425 2400 2480 quam

728 2496 1007 2572 alicujus
1037 2496 1229 2551 morbi
1255 2498 1669 2568 expavescebat
1693 2497 2045 2551 accidentem
2078 2497 2397 2553 miseriam.

726 2606 883 2659 CAP.
918 2603 1009 2658 XI.
1045 2633 1113 2643 —-
1143 2605 1323 2672 Quam
1350 2603 1533 2674 hospes
1559 2605 1690 2674 fuit,
1722 2610 1772 2658 et
1800 2605 2146 2674 quamplura
2175 2604 2403 2661 diversa:

947 2676 1149 2740 multis,
1183 2674 1392 2729 diversi
1417 2673 1632 2743 generis
1663 2673 1870 2729 Christo
1898 2673 2210 2745 acquisivit.

815 2763 884 2818 In
917 2762 1309 2835 suscipiendis
1341 2762 1670 2833 hospitibus
1702 2762 1940 2819 festivus
1970 2770 2089 2817 erat
2113 2769 2169 2818 et
2191 2766 2399 2833 jocun-

731 2853 885 2906 dus.
921 2850 1078 2905 Nihil
1112 2866 1372 2923 unquam
1403 2850 1517 2905 sibi
1561 2850 1762 2905 deesse
1792 2850 2045 2906 liberalis
2077 2853 2402 2907 conﬁdebat

723 2940 1007 3006 animus,
1042 2940 1144 2994 sed
1191 2939 1247 2992 in
1301 2939 1663 2993 abundantia
1713 2940 2128 2996 benedictionis
2185 2940 2399 2996 Christi

723 3027 1029 3085 omnibus
1061 3026 1300 3099 largiter
1331 3032 1456 3082 erat
1478 3028 1773 3098 profusus.
1803 3027 2148 3082 Munditiam
2172 3028 2402 3102 integri-

723 3115 888 3172 tatis
920 3115 1003 3171 ita
1047 3115 1437 3170 inviolabilem
1472 3115 1802 3179 custodivit,
1836 3120 1901 3169 ut
1932 3116 2183 3187 Spiritus
2213 3119 2397 3173 sancti

723 3210 1074 3263 mereretur
1103 3203 1228 3259 fieri
1260 3204 1623 3259 domicilium
1669 3208 1726 3259 et
1755 3205 2097 3259 castissimae
2129 3207 2399 3278 puritatis

2527 661 2756 699 morum
2790 644 3080 700 declinare
3111 662 3226 700 non
3255 650 3500 717 poterat,
3529 647 3781 700 exterius
3807 646 4039 716 quidem
4061 650 4172 703 fra-

2524 736 2754 786 ternum
2791 732 3139 804 obsequium
3172 732 3550 803 suscipiebat,
3583 734 3682 788 sed
3715 733 3956 789 interius
3983 751 4017 788 a
4046 751 4173 806 pro-

2526 820 2711 890 posito
2730 819 2972 875 humilis
2993 821 3200 893 rigoris
3220 838 3333 876 non
3357 821 4047 877 discedebat.Conventus
4064 821 4174 876 fra-

2522 914 2678 962 trum
2712 909 2934 963 fortiter
2962 908 3164 976 tenuit,
3204 910 3386 965 donec
3417 910 3487 964 ad
3520 910 3648 981 ipsa
3680 909 3886 965 mortis
3915 913 4172 967 extrema

2522 997 2797 1066 pervenit.
2835 996 2878 1052 Ο
2909 1014 3083 1068 quam
3113 999 3410 1067 jocundus
3440 998 3592 1053 inter
3619 997 3766 1052 alios
3799 997 4165 1069 procedebat,

2522 1102 2697 1155 quam
2732 1086 2969 1140 festivus
3000 1086 3057 1140 in
3092 1085 3190 1141 illo
3239 1091 3438 1141 sancto
3488 1086 3661 1141 choro
3694 1085 3921 1141 medius
3951 1084 4164 1153 stabat,

2522 1190 2556 1227 a
2584 1159 2800 1228 dextris
2821 1179 2876 1228 et
2898 1192 2930 1228 a
2952 1174 3204 1229 sinistris
3236 1174 3595 1246 prospiciens
3622 1190 3896 1231 coronam
3925 1171 4163 1230 novella

2519 1260 2919 1332 plantationis,
2941 1280 3163 1317 memor
3184 1263 3340 1318 illius
3366 1262 3634 1318 versiculi
3665 1261 3919 1318 Davidici
3949 1261 4161 1317 carmi-

2520 1350 2611 1403 nis
2646 1366 2658 1403 :
2693 1351 2826 1405 Filii
2869 1352 2953 1405 tui
3001 1354 3140 1407 sicut
3182 1353 3415 1408 novellae
3460 1353 3750 1419 olivarum,
3804 1352 3865 1406 in
3920 1351 4159 1406 circuitu

2517 1454 2722 1494 mensae
2751 1447 2862 1495 tum
2891 1441 3058 1501 (Psal.
3094 1445 3321 1505 cxxvu).
3355 1442 3423 1495 Et
3452 1444 3669 1512 quanto
3696 1439 3881 1512 magis
3912 1440 4162 1508 augeba-

2517 1530 2614 1599 tur
2635 1544 2913 1582 numerus
2933 1531 3195 1598 tratrnm,
3217 1534 3374 1583 tanto
3394 1529 3582 1598 magis
3596 1527 3948 1599 quibusdam
3972 1526 4158 1598 signis

2517 1620 2573 1668 et
2603 1615 2772 1669 certis
2803 1615 3032 1670 iudiciis
3063 1617 3394 1671 declarabat
3422 1615 3511 1672 sui
3542 1616 3723 1670 animi
3755 1615 4054 1685 gaudium.
4092 1615 4159 1669 Et

2516 1702 2655 1773 quia
2682 1703 2975 1759 multoties
3006 1705 3234 1759 videbat
3255 1706 3608 1776 quibusdam
3630 1704 3687 1758 id
3717 1704 3875 1759 oneri
3898 1718 4045 1767 esse,
4065 1719 4157 1758 so-

2514 1790 2655 1845 litus
2676 1797 2799 1847 erat
2819 1793 3009 1847 dicere
3030 1809 3043 1847 :
3067 1816 3092 1842 ‹‹
3122 1793 3329 1860 Nolite,
3353 1795 3580 1863 fratres,
3604 1792 3662 1846 in
3684 1790 4158 1864 augmentatione

2514 1880 2708 1951 gregis
2739 1881 3088 1937 contristari.
3124 1881 3305 1953 Cujus
3353 1881 3511 1937 enim
3560 1885 3704 1937 nutu
3758 1883 3815 1935 et
3861 1878 4158 1935 vocatione

2512 1971 2956 2039 congregantur,
2991 1970 3120 2039 ejus
3152 1969 3517 2040 providentia
3562 1973 3619 2024 et
3649 1967 4021 2025 miseratione
4048 1982 4157 2039 gu-

2513 2055 2931 2111 bernabuntur.
2960 2080 2987 2106 ››
3011 2056 3324 2113 Multorum
3358 2057 3514 2112 enim
3547 2056 3964 2112 monachorum
3994 2058 4160 2127 pater

2510 2144 2747 2211 exstitit,
2796 2162 2942 2216 quos
2995 2145 3067 2200 de
3114 2146 3360 2200 diversis
3416 2144 3869 2209 conditionibus,
3909 2142 4156 2199 diversis

2510 2232 2776 2287 aetatibus
2825 2239 2881 2288 et
2928 2233 3294 2304 temporibus
3337 2232 3581 2288 Domino
3631 2232 3956 2304 acquisivit.
3994 2230 4153 2287 Alios

2512 2338 2764 2391 namque
2796 2322 2852 2375 in
2885 2322 3154 2393 pueritia,
3182 2321 3326 2377 alios
3357 2321 3415 2375 in
3438 2321 3761 2391 juventute,
3796 2319 3941 2376 alios
3971 2319 4031 2375 in
4062 2336 4153 2375 se-

2513 2413 2739 2463 nectute
2771 2410 3028 2480 accepit;
3062 2414 3118 2463 et
3147 2409 3414 2481 quamvis
3442 2409 3684 2465 diversis
3715 2409 3787 2463 ad
3817 2425 3951 2463 cum
3980 2424 4151 2462 vene-

2511 2496 2627 2550 rint
2649 2498 3031 2569 temporibus,
3045 2501 3239 2553 tamen
3258 2498 3366 2552 sub
3384 2514 3502 2552 una
3520 2495 3912 2551 moderatione
3935 2494 4149 2550 discre-

2513 2585 2803 2657 tionisque
2833 2587 3064 2654 virtute,
3099 2590 3362 2642 materna
3389 2585 3689 2653 charitate,
3724 2589 3964 2656 paterna
3993 2583 4151 2638 solli-

2511 2674 2765 2728 citudine
2798 2675 2953 2740 fovit,
2987 2674 3229 2729 nutrivit
3258 2680 3313 2730 et
3343 2691 3411 2729 ex
3435 2673 3636 2729 multis
3668 2673 3933 2745 partibus
3963 2672 4154 2743 dispa-

2512 2762 2789 2832 ribusque
2812 2762 3072 2817 moribus
3095 2763 3153 2816 in
3178 2779 3359 2817 unum
3384 2778 3594 2834 corpus
3615 2760 3866 2833 collegit.
3886 2762 4151 2826 Quocun-

2511 2866 2623 2920 que
2648 2850 2857 2911 exibat,
2879 2867 3227 2922 quocunque
3248 2850 3781 2923 procedebat,tanta
3803 2848 4156 2920 sequebatur

2510 2954 2643 2992 eum
2675 2939 2999 3009 frequentia
3031 2940 3296 3005 fratrum,
3314 2940 3517 3010 utjam
3540 2955 3653 2994 non
3676 2938 3884 2993 ducem
3913 2942 3969 2991 et
3995 2936 4153 3008 prin-

2509 3027 2716 3097 cipem,
2749 3028 2847 3082 sed
2883 3044 3078 3082 revera
3110 3032 3343 3098 putares
3383 3044 3519 3081 eum
3562 3042 3689 3082 esse
3735 3024 4153 3097 archangelum

2510 3114 2949 3169 monachorum.
2982 3116 3099 3169 Hoc
3127 3115 3281 3169 enim
3318 3115 3551 3169 nomine
3581 3113 3854 3169 censebat
3883 3130 4014 3169 eum
4047 3131 4151 3186 ap-

2513 3202 2844 3258 pellandum
2862 3202 2917 3257 in
2939 3204 3062 3258 suis
3084 3202 3453 3258 sermonibus
3473 3206 3530 3257 et
3550 3200 3814 3273 epistolis
3839 3200 4149 3256 Fulbertus

726 3291 1208 3364 receptaculum.
1260 3292 1618 3347 Humilitatis
1664 3294 1838 3347 etiam
1886 3299 2047 3347 tanta
2091 3295 2145 3347 in
2198 3312 2262 3348 eo
2298 3296 2400 3350 fuit
2432 3278 2474 3344 C
2512 3291 2606 3346 ille
2631 3291 3148 3362 sibipraecordialis
3170 3289 4145 3361 amicus,Carnotensisepiscopus,

726 3381 1056 3456 perfectio,
1089 3386 1155 3436 ut
1186 3399 1257 3436 ne
1288 3381 1356 3436 ad
1400 3381 1694 3435 modicum
1746 3382 1979 3452 quidem
2016 3387 2313 3438 notaretur
2341 3384 2401 3438 in

728 3471 851 3527 illo
886 3469 1175 3540 superbia:
1206 3470 1537 3540 vestigium.
1560 3469 1892 3524 lnnocentia
1926 3470 1981 3524 in
2010 3469 2107 3525 illo
2143 3489 2255 3525 non
2284 3489 2403 3527 me-

724 3557 1030 3617 diocriter
1057 3557 1287 3613 reluxit.
1330 3559 1411 3612 Ex
1459 3574 1564 3613 suo
1613 3558 1818 3613 affectu
1854 3561 2133 3629 pensabat
2162 3577 2401 3629 omnes;

721 3653 797 3706 et
850 3646 1011 3703 sicut
1040 3645 1135 3701 ille
1186 3650 1310 3701 erat
1352 3646 1577 3701 alienus
1608 3664 1641 3700 a
1673 3645 1801 3701 felle
1832 3646 2087 3712 malitiae,
2120 3646 2199 3701 ita
2229 3648 2405 3702 etiam

723 3735 1087 3794 astimabat
1117 3734 1262 3791 alios
1304 3734 1523 3789 nullius
1553 3734 1667 3789 doli
1700 3739 1859 3805 peste
1888 3735 2181 3806 corrumpi
2214 3752 2401 3806 posse.

726 3823 1092 3883 Honestatis
1124 3823 1328 3878 decore
1362 3822 1443 3877 ita
1475 3822 1745 3894 pollebat,
1794 3829 1857 3877 ut
1886 3823 1946 3877 iu
1977 3823 2133 3878 omni
2176 3841 2282 3879 sua
2312 3842 2405 3880 ac-

720 3916 910 3970 tione
938 3911 1118 3982 hujus
1150 3911 1381 3966 virtutis
1412 3910 1869 3981 pulchritudine,
1899 3916 2177 3982 tanquam
2209 3913 2405 3982 cujus-

721 4004 887 4059 dam
924 3998 1171 4070 fulgoris
1198 3998 1598 4071 resplenderet
1626 3998 1865 4054 lumine.
1888 3998 2041 4054 Nihil
2064 4000 2219 4055 enim
2249 4000 2408 4056 inho-

724 4092 1015 4155 nestum,
1052 4087 1198 4143 nihil
1228 4087 1568 4143 indecorum
1613 4087 1713 4143 illa
1763 4092 1963 4143 sancta
1992 4086 2187 4143 anima
2218 4089 2408 4144 videre

722 4174 837 4233 vel
892 4174 1099 4229 audire
1146 4173 1393 4229 volebat.
1433 4173 1749 4230 Veritatem
1799 4174 1969 4229 corde
2017 4174 2323 4243 retinebat,
2352 4179 2410 4230 et

726 4279 851 4322 ore
878 4261 1250 4336 proferebat;
1285 4262 1654 4317 mendacium
1702 4280 1833 4318 vero
1864 4268 2141 4334 tanquam
2177 4264 2407 4334 pestife-

729 4370 889 4410 rum
941 4351 1212 4406 morbum
1264 4351 1455 4406 modis
1505 4351 1779 4405 omnibus
1828 4352 2080 4406 cavebat.
2131 4352 2407 4407 Humana:

726 4442 937 4500 etiam
964 4438 1156 4495 laudis
1187 4440 1410 4495 favores
1440 4456 1553 4495 non
1587 4440 1934 4511 requirebat,
1953 4456 2138 4511 neque
2164 4439 2408 4512 gloriam

727 4545 929 4589 suam
963 4528 1022 4582 in
1069 4544 1169 4583 ore
1216 4528 1519 4582 hominum
1554 4529 1825 4601 ponebat.
1860 4528 1917 4582 Si
1952 4529 2184 4599 quando
2213 4546 2345 4584 vero
2377 4545 2411 4584 a

2511 3381 2569 3435 in
2603 3380 2907 3435 sanctitate
2938 3378 3271 3443 laudabilis,
3304 3378 3364 3432 in
3418 3377 3705 3450 sapientia
3748 3376 4053 3444 mirabilis,
4084 3376 4145 3432 in

2511 3470 2679 3540 cujus
2710 3473 2894 3523 morte
2925 3469 3187 3523 studium
3219 3466 3595 3539 philosophia:
3615 3466 3675 3521 iu
3697 3465 3937 3520 Francia
3957 3464 4147 3537 periit,

2513 3563 2568 3612 et
2597 3557 2778 3629 gloria
2809 3558 3173 3612 sacerdotum
3207 3573 3352 3627 pene
3383 3555 3607 3610 cecidit.

2901 3644 3034 3700 CAP.
3078 3643 3192 3699 ΧΙΙ.
3225 3676 3293 3685 --
3324 3645 3395 3699 De
3422 3642 3760 3714 fortitudine.

2583 3734 2713 3789 Jam
2744 3735 2814 3789 de
2844 3732 3179 3788 fortitudine
3209 3732 3391 3799 animi
3422 3730 3674 3801 ejus,vel
3693 3730 3950 3803 corporis
3972 3747 4155 3803 pauca

2514 3822 2748 3887 dicturi,
2779 3822 2953 3876 etiam
2986 3819 3213 3875 virtutis
3242 3820 3401 3875 illius
3431 3818 3848 3886 definitionem,
3867 3819 4038 3888 juxta
4065 3836 4159 3875 ve-

2516 3917 2706 3967 terum
2738 3909 3180 3964 aestimationem
3221 3907 3494 3962 adhibcre
3525 3906 3823 3961 debemus.
3860 3903 4158 3961 Fortitudo

2516 4004 2603 4055 est
2632 3999 2895 4055 animum
2925 4014 3102 4068 supra
3134 3994 3375 4068 periculi
3406 3997 3627 4049 metum
3657 4010 3842 4066 agere,
3892 3993 4157 4066 nihilque

2517 4087 2630 4143 nisi
2681 4086 2874 4157 turpia
2923 4084 3146 4150 timere,
3178 4082 3423 4138 tolerare
3479 4080 3704 4137 fortiter
3753 4081 4016 4147 adversa,
4066 4080 4156 4137 vel

2515 4191 2813 4249 prospera.
2844 4174 2961 4228 Hac
3010 4172 3205 4244 itaque
3250 4171 3432 4226 fretus
3477 4169 3709 4235 virtute,
3763 4185 3940 4240 quam
3990 4169 4158 4225 fortis

2518 4264 2691 4319 fuerit
2722 4263 2779 4317 in
2812 4260 3154 4334 repellendis
3183 4258 3552 4315 inimicorum
3581 4256 4024 4329 insidiis,quam
4055 4274 4155 4329 pa-

2517 4352 2667 4409 tiens
2697 4351 2752 4405 in
2786 4350 3123 4417 tolerandis,
3156 4349 3314 4404 dictu
3344 4347 3572 4403 videtur
3600 4345 3853 4401 difﬁcile.
3881 4345 4156 4401 Cerneres

2516 4441 2573 4496 in
2606 4440 2704 4496 illo
2736 4440 2844 4494 hoc
2874 4427 3235 4511 privilegium
3288 4434 3611 4509 patientiae;
3642 4434 3781 4507 quia
3808 4434 3900 4490 his
3931 4435 4028 4507 qui
4058 4434 4155 4491 lae-

2518 4535 2736 4597 serant,
2768 4532 3049 4599 tanquam
3084 4526 3227 4583 alter
3252 4525 3454 4593 David,
3486 4526 3767 4597 majorem
3809 4524 4161 4596 rependebat

726 4616 1155 4676 confratribus
1185 4615 1272 4672 vel
1297 4616 1585 4687 episcopis
1606 4634 1765 4672 more
1786 4614 2175 4672 ecclesiastico
2202 4616 2411 4672 ot'ticio-
2440 4637 2487 4701 D
2519 4616 2780 4673 beneficii
2811 4615 3079 4689 gratiam,
3105 4618 3161 4670 et
3189 4614 3282 4669 his
3313 4614 3407 4686 qui
3441 4614 3682 4670 oderant
3710 4612 3992 4684 potiorem
4025 4629 4159 4668 con-

728 4712 833 4765 sis
868 4705 1174 4777 obsequiis
1206 4706 1638 4777 suscipiebatur
1667 4706 1751 4761 vel
1783 4706 2199 4774 houorabatur,
2234 4711 2412 4762 testor
2521 4706 2784 4761 servabat
2837 4702 3318 4760 benevolentiam.
3368 4703 3493 4758 Non
3540 4701 3810 4758 valebant
3856 4701 4011 4757 hunc
4059 4702 4158 4756 ad-

727 4801 964 4856 Jesum
997 4794 1343 4850 advocatum
1370 4795 1578 4849 anima:
1610 4796 1758 4866 ejus,
1783 4794 1922 4866 quia
1951 4794 2090 4851 talia
2118 4794 2414 4867 parvipen-
2519 4811 2685 4849 versa
2741 4793 3009 4864 dejicere,
3043 4808 3146 4848 nec
3204 4808 3481 4864 prospera
3538 4789 3778 4847 elevare.
3818 4787 3862 4845 Ο
3912 4792 4162 4860 quantas

726 4886 955 4951 debat,
978 4885 1036 4937 et
1064 4880 1244 4937 veluti
1279 4882 1572 4954 quoddam
1602 4882 1821 4938 nullius
1854 4883 2134 4938 momenti
2160 4881 2413 4956 pretium
2521 4881 2943 4947 iufestationes,
2976 4886 3030 4935 et
3061 4897 3238 4952 quam
3268 4879 3646 4953 gravissimas
3676 4877 4085 4934 insectationes
4128 4894 4164 4932 a

2526 5059 2679 5106 nem,
2700 5058 2823 5113 qua:
2848 5040 3081 5113 exhibet
3111 5040 3346 5113 Ligerim
3374 5037 4165 5113 praetulimus._Nam_prwter

2523 5108 2751 5190 Veliam
2803 5112 2960 5190 illam
2994 5108 3299 5190 celebrem,
3345 5108 3521 5190 quam
3554 5110 3726 5190 modo
3756 5108 4162 5190 laudabar-nus,

2525 5184 2595 5238 ad
2620 5182 2899 5237 Elaverim
2926 5182 3187 5246 fluvium,
3212 5178 3586 5252 haud—procul
3614 5180 3685 5233 ab
3711 5178 4166 5252 urb_e_A_nicien_si

2525 5253 2816 5317 dissitam,
2846 5253 3176 5308 invenimus
3224 5251 3281 5304 in
3315 5247 3528 5305 tabulis
3558 5248 3960 5321 geographicis
3994 5247 4164 5321 paulo

2525 5325 2676 5379 infra
2721 5324 2985 5379 eamdem
3037 5322 3239 5377 urbem
3292 5321 3484 5377 locum
3515 5319 3744 5375 la'Volte
3773 5319 4161 5385 nominatum,

2525 5412 2703 5465 supra
2719 5394 2965 5466 Ligerim
2990 5394 3188 5457 situm,
3206 5408 3381 5462 quem
3400 5389 4160 5466 hic_indicari_suspi_camur.

2524 5459 2687 5519 Certe
2718 5459 2816 5519 ibi
2828 5469 2965 5520 tunc
2995 5459 3239 5519 fortasse
3267 5466 3393 5519 erat
3421 5462 3691 5535 exiguum
3714 5459 3788 5513 ali
3838 5459 3949 5514 und
3971 5471 4156 5513 monac

2524 5534 2787 5587 sterium.
2823 5537 2977 5587 quod
3012 5538 3211 5587 auctor
3241 5537 3440 5587 noster
3478 5476 3921 5587 monasteriolum
3967 5523 4156 5587 appel-

2524 5534 2787 5611 sterium,
2823 5537 2977 5611 quod
3012 5538 3211 5591 auctor
3241 5537 3440 5593 noster
3478 5523 3921 5591 nionaswriolum
3967 5523 4161 5600 appel-

2524 5605 2679 5667 lavit.

820 5042 908 5112 (9)
941 5041 1037 5097 Sic
1066 5041 1286 5113 habent
1316 5042 1483 5097 codd.
1518 5060 1660 5097 mss.
1689 5042 2069 5113 Crispeiensis
2100 5047 2155 5097 et
2187 5043 2246 5097 S.
2277 5047 2414 5098 Ger-

731 5113 944 5174 mani.
972 5115 1053 5185 At
1067 5113 1134 5185 in
1163 5112 1448 5185 Thuaneoﬁ
1470 5113 1684 5185 legitur
1703 5112 1868 5183 juxta
1895 5114 2143 5179 Alim’m,
2176 5130 2290 5185 quo
2313 5131 2415 5169 no-

734 5186 920 5256 mine
953 5183 1364 5256 designaretur
1391 5183 1611 5256 Elaver,
1635 5185 1805 5255 vulgo
1836 5185 2066 5256 l‘Allier,
2089 5183 2418 5256 ciiifinsidet

728 5255 953 5324 Volta,
986 5253 1151 5309 locus
1172 5255 1255 5326 pob
1282 5255 1702 5310 monasterium
1736 5253 1807 5309 ab
1839 5255 1966 5326 ipso
1993 5255 2049 5326 S.
2074 5255 2315 5326 Odilone
2336 5254 2414 5310 ibi

733 5327 1070 5386 conditum
1105 5324 1379 5398 celebris;
1404 5332 1461 5398 et
1487 5325 1716 5398 quidem
1749 5324 1902 5380 idem
1934 5324 2417 5398 codexhabetin-

732 5404 842 5458 fra
894 5397 1255 5468 monasterio,
1307 5397 1466 5468 quod,
1504 5395 1653 5462 'etc.,
1687 5412 1787 5468 pro
1830 5396 2208 5468 monasteriolo
2255 5395 2413 5468 quod.

730 5473 934 5529 Favet
968 5465 1335 5523 Bibliotheca
1363 5465 1782 5527 Cluniacensis,
1802 5466 1897 5519 ubi
1924 5466 1979 5520 in
1999 5465 2110 5536 hac
2142 5465 2418 5536 ipsaYita

731 5540 979 5617 legitur
1017 5539 1192 5617 juxta
1236 5538 1938 5617 Alexizn..:.._mouasterio.
1978 5534 2308 5617 .Dollandus
2348 5552 2418 5617 ex

726 5606 934 5673 ve‘teri
968 5606 1106 5667 cod.
1140 5624 1251 5663 ms.
1285 5610 1344 5664 S.
1366 5609 1664 5665 Maximini
1696 5607 1868 5663 habet
1892 5606 2125 5673 quidem
2150 5609 2417 5662 monaste-

728 5689 859 5756 rio,
880 5682 989 5742 sed
1014 5685 1216 5740 tamen
1239 5681 1478 5754 Ligerim
1499 5681 1731 5753 ﬂuvium
1751 5674 2022 5751 appellat.
2046 5675 2206 5735 Unde
2227 5674 2419 5741 lectio~

1092 5804 1354 5868 PATBOL.
1402 5802 1632 5869 CXLII.
3766 5788 3846 5855 29
