4984 6452
1378 465 1492 524 907
2308 460 2772 521 8.031”)le
2818 459 3378 519 CLITNIACEXSIS
3425 460 3751 520 AllltATlS
3797 461 3865 520 Υ.
4682 459 4797 522 908

1375 596 1716 654 domesticis
1739 599 1796 650 et
1811 594 2104 650 extraneis
2125 593 2250 666 ipsa
2272 599 2468 648 sancta
2492 595 2687 647 anima
2711 592 3020 648 sustinuit:
3053 594 3104 658 Α
3138 598 3190 646 et
3233 594 3594 663 eoiiipositus
3627 611 3820 648 coram
3857 595 3969 648 Deo
4000 599 4054 648 et
4083 594 4424 649 hominibus
4455 594 4796 665 apparebat.

1375 692 1434 742 et
1460 690 1668 758 printer
1701 684 1832 750 has,
1865 701 2043 756 quam
2075 683 2251 738 duras
2279 684 2535 754 corporis
2570 700 2767 753 pumas
2801 682 2852 734 iu
2880 682 3030 752 jan-

1378 775 1515 841 niis,
1538 774 1598 829 in
1627 772 1862 846 vigiliis,
1883 772 1941 827 in
1975 773 2337 827 orationibus
2372 773 2492 844 ipse
2525 772 2632 825 sibi
2667 770 3022 833 adscivit,et,

1381 865 1536 937 quod
1564 864 1692 935 jam
1726 861 1904 917 libere
1935 862 2244 916 dicendum
2277 867 2364 915 est
2400 866 2526 932 post
2555 859 2878 929 navigantis
2913 859 3030 913 feli-

1382 955 1639 1019 citatem,
1662 950 2013 1024 quibusdam
2036 949 2283 1004 vinculis
2306 954 2360 1003 et
2392 950 2633 1003 nexibus
2668 947 3028 1012 ferreis,solo

1384 1042 1500 1098 Deo
1531 1045 1695 1106 teste,
1730 1041 1990 1095 membra
2020 1056 2129 1094 sua
2160 1039 2237 1093 ita
2280 1040 2675 1099 damnaverat,
2711 1043 2770 1090 ut
2806 1039 2888 1091 vix
2926 1038 3029 1090 hu-

1383 1147 1562 1186 mana
1590 1147 1722 1186 caro
1752 1129 1858 1185 hoc
1904 1127 2147 1183 tolerare
2192 1129 2462 1200 potuerit.
2497 1127 2759 1180 (lilicium
2793 1127 2840 1179 ei
2876 1144 3028 1180 sem-

1383 1237 1487 1293 per
1515 1218 1898 1292 asperrimum
1932 1217 2177 1271 interius
2217 1216 2566 1281 adhaerebat,
2599 1216 2849 1285 desuper
2898 1231 3028 1267 vero

1382 1308 1654 1365 mediocri
1678 1311 1734 1362 et
1763 1305 2059 1362 communi
2083 1311 2240 1359 veste
2263 1304 2504 1359 indutus
2527 1306 2861 1375 apparebat.
2881 1303 3026 1356 .\Iul-

1377 1396 1600 1468 tiplices
1627 1397 1804 1452 etiam
1827 1400 1884 1450 et
1905 1393 2165 1449 diversos
2191 1393 2417 1447 labores
2444 1393 2724 1447 sustinuit
2757 1410 2857 1463 pro
2893 1407 3028 1462 pace

1375 1485 1788 1552 Ecclesiarum,
1819 1501 1923 1556 pro
1956 1489 2112 1538 statu
2147 1499 2386 1536 suorum
2423 1482 2704 1544 locorum,
2740 1499 2841 1552 pro
2873 1481 3026 1534 utili-

1375 1579 1494 1630 tate
1518 1575 1915 1647 proximorum
1939 1578 1994 1626 et
2018 1572 2268 1643 propriis
2295 1571 2569 1642 periculis
2593 1570 2852 1640 qumsivit
2879 1576 3029 1622 tran-

1377 1661 1728 1736 quillitatem
1761 1661 2188 1717 universorum.
2237 1659 2362 1714 Scis
2411 1664 2467 1713 et
2512 1665 2570 1712 tu
2615 1659 2945 1712 misericors
2975 1663 3030 1711 et

1380 1753 1695 1808 miserator
1722 1749 2048 1816 hominum,
2081 1749 2215 1804 Jcsu
2259 1749 2506 1813 Christe,
2541 1748 2611 1802 ad
2645 1748 3028 1818 Comprobam-

1381 1842 1518 1898 dam
1547 1841 1675 1912 erS
1727 1839 2064 1911 patientiam
2098 1856 2272 1910 quam
2306 1837 2685 1908 gravissimos
2719 1836 2946 1890 dolores
2978 1840 3033 1889 ct

1381 1930 1619 1986 acerbos
1648 1928 1944 1984 cruciatus
1968 1927 2195 1982 dederis
2228 1926 2334 1980 sibi
2365 1925 2421 1980 in
2456 1925 2680 1979 occulto
2707 1943 2717 1979 :
2751 1931 2804 1979 et
2839 1930 3027 1977 tamen

1380 2019 1440 2074 in
1467 2019 1559 2074 hic
1580 2018 1860 2074 invictum
1889 2015 2077 2072 tenuit
2098 2016 2382 2078 animum,
2404 2020 2682 2086 tanquam
2710 2015 2857 2068 bona
2887 2020 3033 2066 terra

1379 2110 1634 2165 fructum
1688 2107 1937 2163 reddens
1985 2105 2042 2159 in
2095 2103 2394 2176 patientia,
2440 2103 2639 2157 dicens
2696 2120 2756 2157 se
2813 2104 3034 2171 majora

1381 2198 1588 2254 mereri
1621 2213 1797 2269 quam
1849 2195 2182 2268 patiebatur
2226 2193 2534 2264 supplicia.
2570 2193 2913 2246 Animarum
2949 2209 3033 2243 re-

1377 2288 1664 2359 demptor,
1697 2284 1960 2350 Domine,
1991 2283 2090 2355 qui
2124 2284 2193 2337 ad
2229 2283 2334 2336 hoc
2369 2283 2623 2353 percutis
2654 2287 2713 2334 ut
2746 2299 2941 2345 sanes,
2965 2280 3034 2332 ad

1378 2375 1487 2431 hoc
1520 2374 1837 2430 mortificas
1863 2377 1926 2427 ut
1945 2372 2218 2437 vivifices,
2241 2371 2565 2424 secundum
2592 2370 3034 2423 multitudinem

1376 2464 1534 2520 illius
1565 2463 1991 2536 prateritorum
2021 2461 2311 2525 dolorum,
2347 2460 2662 2513 succedant
2695 2458 2802 2511 sibi
2839 2475 3039 2510 Conso-

1380 2553 1627 2610 lationes
1675 2556 1909 2607 tuarum
1967 2550 2286 2604 sanitatum
2349 2553 2404 2602 et
2459 2547 2659 2600 la~titia
2717 2547 3036 2601 cu‘lestium

1385 2641 1758 2715 gaudiorum.

1389 2747 1527 2804 CAP.
1561 2745 1706 2801 XIII.
1738 2775 1804 2785 —-
1835 2747 1909 2800 De
1939 2744 2297 2868 tempfranlia
2329 2751 2378 2797 et
2429 2744 2772 2795 renorulione
2819 2758 3037 2795 smn-um

2109 2831 2345 2868 acorum.

2109 2831 2265 2868 0(‘07’11
2275 2832 2323 2866 m
2333 2855 2345 2867 .

1466 2905 1894 2978 Temperantia,
1929 2921 2056 2975 quae
2089 2901 2293 2956 ultima
2323 2904 2379 2956 in
2421 2901 2681 2972 catalogo
2715 2919 2892 2974 propo
2931 2901 3040 2955 ita-

1399 3012 1531 3051 rum
1566 2994 1844 3049 virtutum
1872 2997 1978 3058 est,
2003 2992 2056 3046 in
2081 2990 2168 3047 sui
2195 2990 2527 3045 deﬁnitione
2555 2991 2790 3044 modum
2817 2997 2870 3043 et
2894 2991 3043 3044 ordi-

1398 3101 1531 3140 nem
1563 3086 1753 3139 servat
1773 3098 1972 3137 eorum
1995 3097 2121 3152 qua:
2142 3079 2384 3133 dicenda
2409 3083 2567 3142 sunt,
2595 3079 2678 3132 vel
2709 3080 2951 3147 agenda.
2981 3078 3038 3132 In

1395 3191 1510 3248 quo
1541 3172 1771 3228 virtutis
1803 3170 1992 3225 ofﬁcio
2037 3173 2267 3223 tantum
2321 3166 2519 3229 valuit,
2556 3172 2616 3221 ut
2660 3167 2715 3220 in
2767 3167 3041 3221 omnibus

1391 3261 1716 3320 actionibus
1739 3265 1794 3316 et
1825 3257 2084 3330 imperiis
2107 3258 2346 3312 modum
2374 3261 2613 3320 teneret,
2641 3257 2903 3310 ordinem
2930 3274 3043 3310 ser-

3139 682 3200 736 Iit
3239 700 3332 752 pra
3361 689 3442 737 ter
3477 683 3594 736 lia-c
3640 684 3931 749 interiora,
3968 684 4202 738 fuerunt
4245 681 4306 738 in
4337 701 4403 738 eo
4433 682 4800 737 extrinsecus

3138 770 3390 840 gloriosa
3447 771 3638 826 studia
3701 774 3756 826 in
3817 773 4077 827 :ediliciis
4137 777 4476 827 sanctorum
4535 771 4798 826 locorum

3137 862 3565 923 construendis,
3601 862 3966 923 renovandis,
3996 867 4051 916 et
4094 861 4457 916 ornamentis
4490 861 4796 915 undecun-

3139 965 3251 1019 que
3285 951 3675 1019 acquirendis.
3715 950 4084 1003 Demonstrat
4133 950 4237 1003 hoc
4286 950 4602 1005 Cluniacus
4653 968 4799 1005 suus

3139 1037 3478 1108 principalis
3527 1038 3708 1100 locus,
3745 1039 3800 1092 in
3857 1040 4082 1093 cunctis
4131 1039 4391 1093 mdiliciis
4443 1039 4694 1093 interius
4747 1043 4801 1091 et

3138 1128 3410 1190 exterius,
3449 1133 3652 1198 prmter
3685 1129 3931 1198 parietes
3962 1127 4237 1192 ecclesim,
4273 1129 4344 1181 ab
4378 1127 4505 1198 ipso
4539 1128 4808 1184 studiose

3149 1221 3475 1277 renovatus,
3518 1221 3568 1268 et
3603 1216 3962 1270 ornamentis
3999 1216 4405 1286 multipliciter
4435 1218 4807 1284 adornatus;

3151 1304 3246 1357 ubi
3284 1304 3455 1358 etiam
3491 1304 3544 1357 in
3584 1305 3917 1359 novissimis
3947 1306 4072 1359 suis
4102 1305 4423 1359 claustrum
4454 1305 4805 1368 Construxit,

3140 1392 3423 1446 columnis
3458 1394 3804 1447 marmoreis
3837 1412 3901 1447 ex
3937 1393 4164 1448 ultimis
4197 1393 4460 1465 partibus
4487 1394 4646 1449 illius
4683 1411 4806 1466 pro-

3140 1482 3361 1546 vincim,
3401 1499 3464 1535 ac
3499 1499 3599 1553 per
3633 1482 4039 1553 rapidissimos
4081 1482 4368 1536 Ilurentia:
4421 1483 4806 1554 Rhodanique

3139 1589 3370 1636 cursus,
3395 1589 3505 1624 non
3543 1571 3665 1624 sine
3693 1589 3902 1640 magno
3935 1570 4129 1624 labore
4164 1571 4416 1625 advectis
4452 1571 4807 1626 mirabiliter

3139 1660 3472 1713 decoratum
3501 1677 3511 1713 :
3541 1660 3608 1711 de
3641 1678 3755 1731 quo
3788 1659 3996 1713 solitus
4031 1665 4152 1713 erat
4180 1659 4436 1729 gloriari,
4469 1665 4528 1714 ut
4551 1659 4806 1730 jucundi

3141 1756 3262 1802 erat
3296 1750 3551 1812 habitus,
3601 1751 3887 1804 invenisse
3943 1765 4003 1803 se
4055 1749 4310 1822 ligneum
4359 1755 4416 1804 et
4469 1750 4808 1820 relinquere

3144 1855 3558 1901 marmoreum,
3624 1840 3691 1891 ad
3761 1840 4092 1910 exemplum
4171 1839 4468 1893 Octaviani
4539 1840 4808 1904 Crrsaris,

3147 1945 3318 1998 quem
3356 1928 3696 1980 describunt
3723 1927 3975 1981 historia:
4010 1928 4252 1982 Romam
4289 1927 4583 1982 invenisse
4616 1927 4813 1982 lateri-

3146 2017 3282 2068 tiam
3323 2021 3434 2082 (to;
3465 2023 3514 2068 et
3552 2017 3856 2087 reliquisse
3909 2034 4319 2071 marmoream.
4354 2018 4594 2089 lnca-pit
4636 2019 4812 2071 etiam

3147 2106 3431 2159 ciborium
3469 2124 3644 2177 super
3674 2106 3852 2159 altare
3888 2107 4069 2160 sancti
4109 2107 4468 2176 I‘etri,cujus
4502 2105 4813 2161 columnas

3144 2193 3367 2246 vestivit
3402 2213 3466 2247 ex
3505 2201 3741 2262 argento
3775 2213 3904 2248 cum
3943 2194 4156 2264 nigello
4189 2197 4228 2263 (1
4253 2198 4319 2260 l‘,
4356 2194 4608 2266 pulchro
4641 2213 4812 2268 opere

3144 2284 3463 2336 demiratus.
3501 2284 3630 2337 Jam
3666 2302 3796 2336 vero
3829 2285 3898 2337 «le,
3951 2286 4227 2337 omnibus
4275 2285 4655 2339 monasteriis
4691 2287 4812 2339 suis

3146 2372 3282 2442 quid
3339 2373 3707 2426 Paterniai‘us
3759 2374 4103 2444 Κ12 ‹ι1»1)‹ιί
4158 2375 4471 2428 (leuitricis
4523 2391 4810 2438 amorem,

3146 2463 3254 2515 sibi
3289 2461 3646 2514 ileli-z'laliilis
3693 2462 3901 2516 locus?
3934 2463 4258 2516 Romanum
4315 2464 4746 2517 monasterium
4779 2482 4812 2517 a

3149 2551 3325 2604 fundo
3358 2557 3782 2620 constructum,
3817 2551 3976 2604 locus
4011 2553 4194 2605 sancti
4227 2552 4476 2606 Victoris
4509 2553 4810 2607 Geneven-

3147 2641 3474 2710 sis,pr.-eter
3495 2659 3660 2694 suam
3694 2641 3996 2711 antiquam
4031 2646 4084 2696 et
4118 2640 4372 2695 nobilem
4407 2641 4720 2695 ecclesiam
4745 2658 4812 2695 ex

3150 2734 3265 2781 toto
3298 2729 3470 2782 etiam
3525 2747 3630 2781 suo
3683 2735 3940 2800 tempore
3982 2735 4374 2794 constructus,
4409 2730 4596 2784 Carus
4627 2730 4810 2792 locus,

3149 2817 3423 2870 .\mberta
3454 2817 3615 2870 valde
3647 2817 3891 2871 celebris
3922 2817 4185 2882 ceclesia,
4224 2818 4383 2872 Rivis
4414 2835 4480 2872 ex
4516 2824 4662 2882 toto,
4694 2818 4810 2872 Cel-

3149 2907 3430 2971 sinauias,
3467 2906 3833 2976 Silviniacus,
3865 2906 4146 2961 translata
4181 2907 4472 2970 Firmitas,
4509 2915 4806 2962 monaste-

3154 2995 3300 3048 rium
3336 2995 3518 3048 sancti
3566 2997 3886 3061 Saturnini,
3923 2997 4074 3067 apud
4113 2996 4347 3066 Papiam
4383 2997 4570 3050 sancti
4609 2997 4808 3052 Μειἱοιί

3153 3084 3554 3138 nobilissimus
3588 3084 3769 3148 locus,
3795 3091 3844 3138 et
3873 3089 4075 3156 prmter
4097 3085 4212 3138 lure
4237 3085 4601 3139 diversarum
4628 3086 4814 3140 eccle-

3153 3173 3371 3227 siarum
3409 3174 3711 3245 multiplex
3745 3192 4049 3239 numerus,
4079 3175 4197 3228 hirc
4229 3176 4424 3229 omnia
4457 3175 4617 3229 illius
4649 3175 4818 3230 indu-

3153 3263 3295 3316 stria
3327 3279 3431 3315 suo
3464 3269 3720 3333 tempore
3756 3264 3810 3316 in
3845 3265 4124 3330 :rdiliciis,
4155 3263 4210 3317 in
4246 3264 4727 3336 possessionibus
4758 3271 4818 3319 et

1385 3357 1564 3419 ναι-οι,
1593 3356 1648 3407 ει
1671 3349 1958 3406 discretus
2011 3346 2360 3402 mirabiliter
2387 3346 2660 3399 existeret
2711 3345 2947 3414 Jejunia
2979 3345 3034 3400 in
3069 3339 3110 3404 C
3149 3351 3510 3406 ornamentis
3533 3352 3896 3422 amplissime
3918 3352 4162 3406 dilatata
4185 3359 4507 3406 creverunt.
4533 3354 4816 3408 Constru-

1387 3442 1600 3513 aurigze
1632 3439 1894 3504 modum,
1929 3435 2255 3492 secundum
2310 3435 2543 3488 beatum
2596 3433 3034 3504 Hieronymum,

1373 3529 1492 3602 'pro
1519 3526 1866 3583 lassitudine
1893 3529 1950 3580 et
1975 3523 2200 3578 viribus
2226 3522 2484 3592 Corporis
2508 3523 2920 3575 moderabatur
2945 3540 2956 3588 ;
2983 3527 3038 3576 et

1389 3618 1475 3674 sic
1497 3615 1764 3689 apposita
1785 3628 2027 3686 quisque
2049 3611 2289 3674 libabat,
2306 3614 2438 3664 utet
2456 3611 2928 3681 superstitionem
2957 3612 3038 3664 fu-

1391 3711 1576 3779 geret,
1607 3708 1665 3758 et
1693 3700 2109 3757 continentiam
2144 3704 2476 3753 reservaret.
2511 3699 2716 3752 Cultus
2773 3700 2890 3770 ipse
2936 3716 3036 3754 nec

1393 3792 1723 3857 munditiis,
1757 3807 1861 3846 nec
1892 3789 2162 3844 sordibus
2202 3787 2475 3842 notabilis
2508 3792 2650 3841 erat.
2683 3788 3034 3842 Gravitatem

1394 3900 1623 3940 morum
1656 3879 1946 3936 hilaritate
1973 3876 2177 3932 frontis
2202 3876 2576 3946 temperehat.
2600 3876 2656 3929 In
2682 3877 3036 3946 corrigendis

1388 3973 1546 4029 vitiis
1575 3988 1678 4046 pro
1710 3970 1880 4026 modo
1912 3972 1970 4024 et
1997 3971 2255 4038 tempore
2289 3982 2542 4034 severus,
2585 3964 2641 4019 in
2675 3966 3035 4020 remittendis

1387 4062 1702 4136 gratiosus,
1735 4058 1880 4115 etin
1934 4061 2181 4128 utroque
2222 4071 2387 4126 mqua
2437 4053 2597 4109 lance
2639 4054 2906 4109 libratus.
2941 4055 3034 4109 Ilce

1385 4170 1518 4208 vero
1549 4167 1696 4224 quas
1728 4145 2140 4222 proposuimus
2181 4144 2238 4198 in
2293 4160 2359 4198 eo
2404 4143 2738 4198 relucebant
2769 4143 3032 4210 virtutes,

1385 4245 1443 4298 et
1471 4241 1530 4296 in
1580 4240 1687 4295 has
1733 4235 2118 4292 concurrebat
2164 4236 2380 4288 caetera:
2428 4249 2652 4287 omnes.
2686 4233 2833 4286 Tota
2880 4233 3033 4287 enim

1386 4346 1651 4388 cerneres
1702 4329 1760 4382 in
1795 4325 1893 4380 illo
1925 4322 2189 4394 exempla
2237 4322 2545 4376 virtutum.
2581 4321 2662 4375 Ita
2696 4322 2752 4376 in
2786 4321 3036 4392 singulis

1385 4419 1699 4484 eminebat,
1731 4415 1901 4488 quasi
1948 4417 2183 4467 czeteras
2236 4427 2350 4464 non
2411 4410 2683 4476 haberet;
2724 4411 2801 4464 ita
2833 4428 3036 4464 omnes

1385 4508 1689 4573 retinebat,
1723 4509 1788 4561 ut
1829 4503 1990 4559 nulla
2036 4503 2301 4566 deesset;
2335 4499 2410 4552 ita
2441 4500 2614 4552 etiam
2651 4499 2941 4553 all‘abilem
2975 4515 3036 4554 se

1383 4603 1440 4654 et
1490 4595 1832 4652 benevolum
1867 4590 2150 4662 subjectis
2193 4587 2520 4653 exhibebat,
2556 4591 2621 4642 ut
2653 4589 2838 4658 magis
2868 4587 3038 4642 vellet

1382 4686 1547 4760 diligi
1607 4700 1783 4757 quam
1840 4679 2293 4772 timeri,_magis
2353 4677 3032 4772 ρι-οίίεςςο-ψᾶειιτξιριυτρΤ
3069 4707 3113 4772 D

1381 4792 1530 4832 esse.
1562 4774 1702 4838 Quis
1734 4787 1994 4844 unquam
2049 4769 2121 4823 de
2166 4766 2274 4822 hoc
2323 4766 2445 4820 viro
2497 4765 2651 4836 quod
2704 4763 3039 4836 displiceret

1381 4862 1651 4920 audivit?
1689 4861 1822 4935 quis
1872 4857 2094 4915 audivit
2139 4860 2204 4910 ut
2251 4854 2556 4910 crederet?
2605 4853 2738 4925 quis
2787 4853 3035 4908 credidit

1381 4957 1445 5009 ut
1473 4969 1588 5009 non
1639 4949 1827 5023 magis
1875 4965 1937 5004 se
1989 4946 2185 5018 ipsum
2237 4941 2625 5013 malignitatis
2675 4947 2731 4996 et
2780 4942 3031 4997 infamia:

1381 5039 1722 5098 denotaret?
1751 5040 1881 5110 Ipse
1911 5035 2067 5092 enim
2110 5032 2219 5088 sibi
2268 5031 2670 5086 auctoritatem
2703 5031 2899 5098 dabat,
2931 5031 3030 5103 qui

1379 5127 1439 5185 in
1467 5127 1743 5186 omnibus
1793 5125 1917 5180 suis
1965 5122 2191 5178 actibus
2239 5119 2324 5174 vel
2376 5119 2702 5174 actionibus
2749 5119 3031 5178 eut'ormis

1451 5255 1566 5325 (10)
1618 5251 1720 5325 Si_c_
1741 5251 1926 5325 codex-
1951 5245 2365 5325 Creslieieusis,
2399 5242 2548 5325 alius
2581 5259 2714 5298 cum
2749 5244 3027 5325 Bollanqu

1379 5315 1642 5394 ligneam.
1676 5321 1884 5394 Nostra
1915 5315 2349 5394 lectio'videtur
2380 5315 2602 5394 melior,
2640 5316 2796 5394 quod
2828 5323 3028 5394 auctor

1378 5386 1648 5452 videatur
1676 5391 1931 5447 alludere
1976 5391 2047 5445 ad
2108 5387 2352 5459 Augusti
2397 5386 2638 5442 Cmsaris
2686 5386 2908 5442 dictum
2958 5389 3027 5443 de

1382 5466 1526 5521 urbe
1557 5464 1764 5520 Roma.

1589 5534 1687 5614 _S_ic
1718 5550 1862 5614 mss.
1890 5547 2152 5614 pronquo'
2176 5526 2488 5614 Bollandus
2518 5526 2657 5597 legit
2679 5529 2907 5609 jugcllo.

1475 5539 1560 5608 11)
1595 5539 1687 5590 Sic
1718 5550 1862 5589 mss.
1890 5549 1998 5614 pro
2019 5547 2146 5612 .quo
2179 5539 2488 5613 [inﬂandus
2521 5539 2657 5597 legit
2679 5539 2907 5609 Jugcllo.

1446 5539 1562 5682 it2)
1589 5603 2191 5682 Monasteriaaliunde
2223 5603 2625 5682 not‘a'tusiores
2648 5615 2761 5680 non
2785 5606 3026 5682 e‘nigunt

1375 5671 1470 5737 hic
1486 5671 1835 5737 natationes.
1857 5673 2258 5733 Paterniacum
2280 5676 2338 5727 et
2363 5671 2690 5726 Romanum
2714 5671 2769 5724 in
2792 5671 3024 5730 dioecesi

1375 5749 1777 5824 Lausannensi
1809 5749 1924 5809 sita
1951 5745 2115 5809 0dilo
2146 5745 2220 5807 ab
2248 5740 2566 5801 Adhelaide
2589 5739 2816 5798 habuit.
2842 5743 3021 5806 Carus

3147 3441 3228 3493 xit
3257 3440 3429 3493 etiam
3459 3440 3512 3493 in
3549 3440 3770 3492 ultimis
3802 3441 3926 3493 vita:
3951 3458 4067 3493 sua:
4093 3441 4146 3493 in
4173 3441 4446 3510 praediolo
4469 3441 4812 3508 genitorum

3147 3546 3385 3581 suorum
3420 3530 3712 3598 quoddam
3765 3531 4209 3593 monasterium,
4243 3528 4410 3582 γυιιτι
4445 3532 4516 3599 \la
4557 3531 4736 3584 route
4781 3548 4818 3586 a

3147 3617 3498 3671 revolutione
3521 3635 3682 3688 aqua:
3705 3618 4216 3671 circumcurrentis
4235 3625 4818 3689 nuncupatum,stu-

3145 3707 3310 3761 dioso
3341 3724 3510 3777 opere
3545 3709 3902 3774 decoratum,
3923 3708 4075 3778 quod
4103 3707 4171 3760 de
4206 3708 4535 3761 redditibus
4559 3726 4816 3763 suorum

3147 3797 3469 3849 amicorum
3503 3796 3876 3866 antiquorum
3913 3801 3964 3848 et
4001 3801 4328 3866 parentum,
4383 3802 4556 3868 prout
4592 3799 4818 3867 potuit.

3146 3885 3214 3937 ad
3251 3884 3616 3938 serviendum
3655 3884 3766 3937 Deo
3813 3884 4191 3947 haireditavit,
4225 3890 4278 3938 et
4333 3888 4822 3954 competentibus

3147 3972 3312 4026 libris
3339 3971 3423 4024 vel
3458 3973 3817 4026 ornamentis
3849 3973 4119 4026 decenter
4149 3973 4472 4025 adornauit.
4496 3973 4554 4025 Si
4583 3973 4822 4028 inimici

3147 4063 3615 4126 subsanaverint,
3649 4061 3732 4114 vel
3785 4062 3955 4114 amici
4015 4061 4494 4132 reprehemlcrint
4543 4078 4638 4117 me
4692 4063 4824 4118 hinc

3147 4152 3436 4220 superflue
3471 4151 3757 4220 posuisse,
3784 4151 4044 4203 noverint
4073 4151 4347 4220 profecto,
4387 4151 4657 4204 noverint
4690 4151 4822 4205 bmc

3145 4240 3344 4295 omnia
3375 4240 3443 4293 ad
3479 4239 3720 4292 virtutes
3753 4239 3932 4293 animi
3966 4240 4094 4305 ejus
4128 4245 4410 4310 spectare,
4443 4244 4500 4292 et
4535 4256 4639 4310 pro
4681 4241 4824 4295 tali-

3146 4330 3255 4382 bus
3271 4327 3589 4398 patrocinia
3609 4334 3875 4380 sauctoru
3891 4345 3942 4380 m
3966 4328 4616 4399 t'eliciterpromeruisse
4633 4335 4818 4400 atque

3145 4434 3415 4470 coronam
3454 4418 3629 4470 bealm
3664 4416 4063 4470 retributionis
4098 4418 4220 4486 jam
4257 4433 4290 4470 a
4321 4416 4570 4470 Domino
4604 4435 4818 4489 perce-

3146 4506 3320 4578 pisse.
3354 4505 3498 4567 Quid
3524 4507 3669 4573 jam,
3704 4505 3935 4574 agimus
3985 4506 4230 4560 anima?
4257 4523 4361 4559 cur
4394 4512 4511 4560 tam
4545 4507 4816 4577 prolixas

3145 4594 3684 4650 circumlocutionis
3739 4612 3930 4648 moras
3982 4595 4378 4649 innectimus?
4427 4595 4510 4649 sic
4565 4596 4812 4652 differre

3145 4684 3414 4737 volumus
3449 4689 3718 4745 mortem,
3750 4688 3806 4736 et
3838 4683 4011 4737 vitam
4049 4685 4231 4737 facere
4265 4683 4815 4756 longiorem,quasi

3146 4773 3460 4826 timeamus
3488 4772 3678 4825 venire
3705 4773 3774 4825 ad
3798 4772 4094 4826 ultimum.
4117 4773 4308 4827 Manet
4332 4773 4523 4827 adhuc
4547 4772 4651 4827 illa
4674 4791 4815 4828 sen-

3145 4862 3323 4915 tentia
3358 4860 3543 4930 primo
3575 4860 3796 4914 homini
3847 4861 3982 4915 data
4016 4879 4028 4916 :
4067 4863 4230 4916 Terra
4276 4878 4351 4926 es,
4387 4871 4438 4916 et
4489 4864 4548 4915 in
4597 4871 4812 4917 terram

3143 4951 3248 5003 ibis
3291 4952 3442 5016 (Gen.
3479 4965 3560 5013 in,
3623 4950 3724 5004 I9..
3773 4951 4063 5020 Quotquot
4107 4954 4236 5020 post
4289 4951 4439 5004 hanc
4490 4957 4810 5018 venerunt,

3141 5055 3343 5094 omnes
3377 5037 3794 5109 praeterierunt,
3826 5043 3881 5093 et
3915 5039 4116 5095 mortis
4149 5039 4335 5110 legem
4369 5038 4808 5111 persolverunt.

3142 5126 3350 5182 Mortui
3385 5131 3525 5182 sunt
3555 5127 3918 5199 patriarchae,
3936 5129 4227 5200 propheta:
4245 5135 4298 5183 et
4322 5128 4593 5200 apostoli,
4613 5145 4806 5200 reges,

3138 5251 3300 5307 locus
3326 5251 3380 5305 in
3409 5269 3553 5322 pago
3581 5251 3988 5305 Matisconensi
4016 5253 4184 5312 situs,
4209 5253 4382 5307 datus
4408 5258 4495 5306 est
4522 5253 4583 5307 S.
4609 5252 4800 5307 Odoni

3137 5340 3172 5377 a
3205 5324 3450 5378 Roberto
3482 5324 3754 5394 episcopo
3787 5323 4061 5376 Valentia:
4093 5331 4150 5378 et
4185 5325 4472 5378 Edwardo
4504 5328 4635 5391 ejus
4670 5341 4804 5394 ger-

3137 5412 3329 5474 mano.
3366 5396 3638 5448 Amberta
3669 5395 4008 5474 ad‘pagum
4029 5396 4487 5474 Lugdunensem
4516 5396 4796 5474 pertinet,

3136 5467 3206 5520 ad
3241 5469 3524 5519 Arvernos
3556 5482 3686 5519 vero
3721 5466 3897 5527 ltivis,
3917 5466 4088 5535 vulgo
4113 5470 4228 5532 Ιέίξι,
4256 5472 4312 5520 et
4341 5467 4630 5530 Celsinim,
4656 5468 4796 5519 Sau-

3135 5539 3421 5619 c‘illangcs.
3457 5537 3855 5619 Silv-iniacum,
3909 5538 4190 5619 Sourimii,
4217 5539 4394 5619 .apud
4451 5539 4792 5619 Borbonios,

3137 5609 3426 5682 Firmitas,
3462 5610 3733 5682 laj‘erle’,
3774 5610 4062 5678 prioratus
4093 5609 4402 5666 Silviniaco
4451 5611 4790 5682 subjectus;

3132 5679 3205 5736 de
3235 5681 3457 5738 caeteris
3489 5678 3632 5736 alias
3677 5679 3898 5736 dictum
3931 5686 4037 5737 est.
