4984 6428
779 476 894 540 913

2155 477 2361 540 VITA.
2411 511 2487 525 --
2528 480 2674 543 LIB.
2722 482 2798 545 II.

4055 496 4172 560 9M

775 611 1039 671 tissimus
1070 604 1424 680 consolator,
1457 607 1556 682 qui
1583 604 1726 667 vivis
1755 612 1812 667 et
1842 626 2052 684 regnas
2100 608 2160 667 in
2205 610 2416 669 saecula
2445 610 2501 680 Α
2529 628 2665 670 voce
2696 613 2946 673 diceret:
2974 615 3235 689 Domine,
3268 618 3503 693 quando
3550 619 3665 680 huc
3697 625 3755 681 et
3782 640 3887 683 cur
3915 627 4174 689 advenis.

776 699 1144 763 saeculorum,
1177 714 1371 754 amen.

775 815 903 867 CAP.
936 806 1082 863 XVI.
1117 835 1183 845 —
1219 806 1465 873 Qualiter
1491 811 1711 862 sanctus
1742 808 1828 862 vir
1855 811 2177 879 apparuerit
2200 809 2421 865 cuidam

1458 879 1737 933 monacho.

843 969 1058 1025 Eadem
1085 982 1219 1021 vero
1250 970 1419 1021 nocte
1451 983 1566 1039 qua
1597 966 1680 1021 vir
1707 972 1945 1023 sanctus
1979 969 2264 1037 discessit,
2290 970 2417 1042 qui-

771 1061 903 1115 dam
958 1058 1157 1120 frater,
1209 1055 1524 1129 Gregorius
1574 1056 1827 1123 nomine,
1882 1057 2134 1113 Ninivita
2173 1061 2283 1127 (14)
2318 1078 2415 1114 na-

769 1148 943 1212 tione,
973 1142 1261 1215 simplicis
1293 1148 1508 1198 uaturas
1541 1147 1597 1198 et
1626 1143 2114 1200 innocentissimze
2136 1145 2412 1216 vitze,illo,

769 1235 917 1291 sicut
946 1231 1228 1301 diximus,
1261 1231 1321 1286 in
1369 1231 1670 1286 ecclesiam
1718 1232 2037 1303 deportato,
2072 1233 2415 1291 lassitudine

766 1328 821 1380 et
866 1320 1211 1377 inﬁrmitate
1257 1323 1551 1393 gravatus,
1601 1320 1671 1375 ad
1723 1321 2025 1393 proprium
2085 1326 2303 1378 statum
2354 1325 2411 1379 in

763 1411 1025 1468 eamdem
1057 1409 1325 1478 domum,
1358 1408 1417 1463 in
1447 1426 1563 1480 qua
1592 1412 1832 1465 sanctus
1862 1409 2100 1478 obierat,
2131 1411 2323 1481 rediit,
2355 1417 2411 1469 et

766 1518 824 1557 se
855 1498 1035 1571 quieti
1069 1498 1266 1565 dedit;
1299 1497 1398 1569 qui
1433 1497 1682 1552 necdum
1712 1496 1771 1552 in
1802 1515 2075 1554 somnum
2124 1499 2292 1570 plene
2322 1518 2408 1556 re-

765 1588 1009 1650 solutus.
1043 1586 1318 1641 eumdem
1350 1585 1578 1641 Patrem
1629 1585 1738 1641 sibi
1787 1590 1974 1642 astare
2022 1587 2185 1642 vidit.
2214 1591 2284 1644 At
2314 1589 2409 1645 ille

762 1673 1211 1749 praesumptibili
1258 1690 1398 1729 voce
1432 1691 1444 1729 :
1477 1674 1623 1737 Quid
1675 1675 1821 1747 agis,
1872 1674 2081 1747 inquit,
2132 1676 2408 1733 domine?

760 1764 884 1835 Ipse
912 1779 1045 1817 vero
1082 1780 1094 1817 :
1130 1763 1304 1827 Bene,
1340 1762 1534 1827 frater,
1570 1766 1626 1816 et
1654 1761 1890 1832 optime,
1926 1763 2401 1834 respondit.Nam

756 1851 1036 1908 Dominus
1070 1866 1242 1905 meus
1270 1850 1442 1905 Jesus
1467 1848 1730 1904 Christus
1761 1867 1862 1921 per
1900 1851 2280 1922 semetipsum
2313 1852 2398 1906 di-

757 1944 965 2012 gnatus
1004 1942 1097 1994 est
1146 1938 1341 1993 venire
1389 1938 1458 1992 ad
1509 1954 1739 1993 servum
1773 1954 1980 2006 suum;
2016 1940 2115 1993 sed
2166 1940 2225 1994 in
2259 1940 2401 1996 hora

757 2043 892 2083 meae
923 2026 1304 2082 discessionis
1338 2026 1415 2081 ibi
1450 2027 1509 2080 in
1555 2025 1789 2098 angulo,
1817 2028 2158 2082 ostendebat
2203 2034 2397 2083 autem

757 2115 919 2188 quasi
953 2114 1143 2187 digito
1174 2114 1404 2182 locum;
1435 2115 1550 2169 vidi
1574 2118 1795 2171 trucem
1819 2120 1876 2171 et
1893 2115 2057 2170 valde
2079 2116 2398 2172 terribilem

753 2204 1171 2277 figuram,quae
1194 2219 1287 2258 me
1317 2204 1409 2258 sui
1439 2203 1673 2259 horrore
1703 2208 1759 2259 et
1787 2203 2004 2276 ingenti
2035 2204 2400 2261 deformitate

750 2296 958 2348 terrere
990 2291 1214 2359 voluit;
1250 2292 1351 2347 sed
1382 2291 1627 2348 Domino
1668 2292 1808 2346 mihi
1862 2298 2162 2364 praesente,
2196 2311 2401 2350 nocere

751 2397 859 2435 non
893 2381 1111 2452 potuit.
1147 2381 1276 2435 Haec
1308 2380 1508 2435 dicens
1557 2380 1814 2436 recessit.
1844 2381 2043 2434 Frater
2086 2398 2219 2436 vero
2268 2381 2401 2439 inde

750 2485 1015 2541 surgens,
1050 2484 1184 2541 qua:
1215 2469 1480 2523 audierat
1501 2473 1559 2523 et
1605 2468 1828 2523 viderat
1880 2468 2158 2524 fratribus
2188 2469 2287 2540 qui
2320 2470 2398 2524 ibi

757 2560 893 2612 tunc
925 2558 1194 2625 aderant,
1229 2563 1285 2613 et
1315 2557 1483 2612 nobis
1509 2557 1880 2629 postmodum
1912 2557 1971 2610 in
2001 2557 2238 2613 veritate
2269 2576 2400 2613 nar-

757 2645 920 2702 ravit.

1130 2735 1266 2789 CAP.
1301 2734 1469 2790 XVII.
1496 2736 1573 2791 De
1600 2735 1780 2789 simili
1808 2736 2032 2789 visione.

822 2822 1186 2879 Succedente
1215 2839 1347 2878 vero
1377 2823 2118 2895 Quadragesima,domnus
2146 2822 2400 2878 Lauren-

755 2910 871 2966 tius
896 2911 1399 2983 archiepiscopus,
1436 2911 1505 2965 de
1537 2928 1651 2982 quo
1683 2929 1861 2983 supra
1897 2911 2175 2981 diximus,
2208 2912 2401 2967 Romae

754 2999 1016 3054 moritur.
1046 3000 1265 3054 Aderat
1289 3000 1529 3054 devotus
1559 2999 1619 3054 in
1663 2999 1955 3070 exsequiis
2001 3000 2128 3070 ejus
2161 3000 2401 3070 quidam

752 3084 1016 3153 ciericus,
1050 3087 1265 3142 Albero
1317 3087 1575 3154 nomine,
1615 3087 1846 3142 natione
1894 3087 2269 3155 Teutonicus,
2299 3104 2401 3160 ge-

753 3190 882 3230 nere
912 3175 1346 3244 nobilissimus,
1380 3174 1527 3247 patri
1558 3175 1785 3231 Odiloni
1817 3176 1957 3230 dum
1992 3175 2206 3231 viveret
2234 3175 2401 3230 fami-

751 3260 1133 3330 liarissimus,
1169 3263 1269 3335 qui
1303 3281 1436 3318 cum
1469 3265 1684 3319 domno
1715 3280 1865 3336 papa
1896 3265 2105 3328 Leone,
2130 3263 2239 3319 sibi
2273 3280 2401 3336 pro-

751 3350 899 3406 ximo
934 3358 1197 3424 parente,
1234 3353 1475 3408 Romam
1511 3353 1820 3408 advenerat
1848 3369 1914 3407 ea
1943 3355 2306 3423 tempestate.
2342 3353 2397 3406 Is
2428 3336 2471 3402 C

749 3437 962 3511 itaque,
996 3446 1322 3497 memorato
1354 3440 1785 3513 archiepiscopo
1816 3441 2085 3496 defuncto
2115 3445 2171 3495 et
2196 3441 2263 3495 ad
2300 3457 2396 3495 ec—

752 3526 984 3584 clesiam
1045 3531 1372 3602 deportato,
1404 3529 1750 3585 lassitudine
1804 3533 2061 3601 cogente,
2094 3546 2155 3583 se
2203 3528 2396 3600 sopori

748 3613 903 3671 dedit
948 3619 1008 3672 in
1060 3619 1319 3690 quodam
1380 3618 1644 3687 ejusdem
1690 3616 1942 3672 ecclesiae
1991 3616 2225 3689 angulo,
2261 3633 2395 3672 cum

748 3703 938 3759 subito
971 3706 1171 3761 adhuc
1202 3722 1348 3777 pene
1374 3704 1838 3777 vigilanti,0dilo
1873 3703 1958 3759 vir
1983 3705 2187 3759 beatus
2216 3721 2393 3775 appa-

745 3791 876 3847 ruit.
909 3795 1014 3850 Cui
1067 3811 1204 3851 cum
1253 3793 1348 3851 ille
1394 3798 1649 3849 tremens
1697 3797 1753 3848 et
1802 3792 2046 3865 pavidus
2103 3791 2393 3848 amicabili

2528 702 2649 759 sti?
2674 704 2760 760 Ad
2791 707 3116 779 exsequias,
3140 706 3555 782 inquit,fratris
3586 713 3768 769 nostri
3799 715 3997 772 domui
4028 719 4172 775 Lau-

2530 793 2698 847 rentii
2758 794 3176 868 archiepiscopi
3231 797 3361 853 veni
3396 816 3409 854 :
3443 801 3660 871 quibus
3716 802 3976 875 expletis,
4035 806 4170 863 hinc

2529 883 2804 937 recedens
2835 884 2976 955 quin
3009 884 3262 941 viderem
3293 889 3349 942 te
3382 889 3674 959 praeterire
3705 891 3884 947 nolui.
3914 893 4016 950 His
4045 895 4169 951 dic-

2528 970 2656 1037 etis,
2690 971 2833 1026 visio
2866 972 3167 1044 disparuit.
3196 975 3324 1047 Ipse
3354 992 3482 1032 vero
3511 980 3887 1049 postmodum
3920 981 4039 1038 haec
4072 1001 4169 1040 no-

2526 1058 2618 1114 bis
2649 1064 2705 1113 et
2734 1059 3001 1131 pluribus
3027 1060 3157 1117 aliis
3178 1063 3235 1117 in
3262 1064 3498 1120 veritate
3524 1068 3797 1124 narravit.

2596 1146 2966 1219 Epitaphium
2991 1150 3116 1219 jam
3151 1152 3591 1223 terminetur,ne
3612 1156 3906 1214 mentibus
3929 1159 4166 1217 audien-

2521 1235 2671 1290 tium
2703 1235 2885 1308 longae
2919 1238 3195 1294 orationis
3228 1240 3524 1298 fastidium
3555 1249 3883 1314 generetur.
3917 1248 4162 1306 Verum-

2522 1327 2715 1379 tamen
2749 1325 2806 1379 in
2838 1325 2992 1381 calce
3022 1328 3309 1384 sermonis
3336 1332 3741 1403 compendiose
3770 1335 4161 1405 dicatur,0di-

2519 1411 2704 1469 Ionem
2743 1429 2812 1469 ex
2841 1414 3025 1469 multo
3055 1418 3312 1489 tempore
3342 1419 3657 1477 terminum
3688 1422 3813 1479 vita:
3836 1422 3948 1481 sibi
3971 1429 4162 1500 optas-

2518 1502 2707 1568 se,sed
2739 1502 3060 1558 secundum
3104 1505 3465 1576 Apostolum,
3501 1509 3870 1567 subditorum
3918 1519 4159 1588 cogente

2517 1590 2990 1662 necessitate,per
3009 1591 3107 1647 Dei
3137 1595 3386 1665 gratiam
3419 1599 3536 1651 tam
3568 1597 3668 1653 diu
3704 1599 3762 1653 in
3793 1617 3966 1659 carne
3996 1620 4157 1660 man-

2515 1679 2680 1736 sisse.
2711 1680 2847 1734 Erat
2877 1685 3029 1735 ccrte
3065 1698 3318 1752 praesens
3348 1683 3467 1739 vita
3496 1684 3608 1740 sibi
3638 1685 3892 1755 taedium,
3925 1694 3981 1746 et
4008 1693 4155 1749 mori

2514 1766 2966 1839 luerum.Usque
2988 1769 3060 1822 ad
3083 1769 3425 1826 effusionem
3446 1771 3838 1845 lacrymarum
3859 1778 4154 1837 multoties

2513 1854 2745 1910 dolebat
2776 1859 3095 1911 coaetaneos
3126 1861 3184 1912 et
3204 1858 3471 1928 juniores
3504 1878 3641 1916 suos
3681 1866 4067 1936 praecessisse,
4099 1873 4157 1925 et

2511 1960 2574 1998 se
2604 1942 2869 1999 dolorum
2898 1944 3094 1999 videre
3125 1945 3422 2003 miseriam
3446 1950 3817 2021 superstitem
3840 1956 4153 2012 remansis-

2510 2048 2590 2086 se.
2623 2031 2942 2087 Videbatur
2967 2031 3074 2087 sibi
3110 2034 3261 2089 inter
3289 2033 3435 2091 alios
3464 2053 3591 2094 esse
3620 2040 3984 2113 peregrinus,
4018 2045 4155 2118 quia

2509 2136 2830 2191 paucorum
2861 2119 2943 2174 illi
2974 2121 3261 2177 discretus
3291 2128 3347 2178 ct
3378 2126 3713 2183 moderatus
3756 2131 4154 2190 consentiebat

2510 2208 2828 2263 affectionis
2859 2208 3638 2285 habitus.Compungebatur
3666 2217 4052 2292 saepius,quia
4082 2222 4151 2279 de

2509 2297 2729 2351 mundo
2760 2314 2906 2368 pene
2939 2303 3255 2354 recesserat
3287 2301 3464 2358 totius
3494 2302 3815 2361 honestatis
3861 2307 4059 2375 decus,
4092 2315 4152 2367 et

2506 2383 2779 2456 ingenitae
2807 2385 3085 2441 bonitatis
3115 2387 3319 2443 virtus.
3352 2389 3473 2444 Heu
3518 2394 3639 2448 me!
3676 2393 3813 2465 quia
3860 2395 4148 2456 incolatus

2510 2490 2675 2528 meus
2706 2472 3082 2545 prolongatus
3113 2479 3219 2541 est,
3253 2493 3387 2531 cum
3417 2477 3592 2534 David
3622 2480 3954 2553 frequenter
3984 2500 4149 2542 cane-

2509 2562 2693 2627 bat,et
2723 2561 3046 2616 secundum
3077 2561 3415 2633 Apostolum
3465 2566 3702 2622 dissolvi
3742 2573 3800 2624 et
3827 2587 3962 2627 cum
3992 2572 4153 2628 Chri-

2511 2652 2600 2704 sto
2631 2664 2758 2703 esse
2790 2648 2972 2703 multo
3003 2648 3212 2704 melius
3249 2650 3515 2724 eligebat.
3544 2656 3690 2720 Quia
3734 2673 3867 2729 ergo
3905 2660 4032 2731 jam
4065 2678 4151 2717 re-

2510 2736 2684 2791 cessit
2715 2740 2778 2790 ut
2806 2735 3009 2803 voluit,
3041 2735 3237 2794 luctus
3266 2739 3487 2796 funeris
3526 2742 3655 2812 ejus
3704 2759 3837 2801 cum
3888 2762 4155 2805 sermone

2511 2823 2837 2891 claudatur,
2871 2828 2927 2878 et
2955 2825 3183 2896 requies
3223 2827 3350 2897 ejus
3398 2827 3457 2883 in
3506 2828 3830 2889 Jerusalem
3880 2836 4154 2893 omnibus

2511 2910 2717 2967 diebus
2748 2912 2958 2967 iterum
2989 2916 3163 2984 atque
3192 2913 3400 2970 iterum
3433 2917 3865 2991 imprecetur,et
3893 2938 3998 2995 per
4026 2940 4150 2981 om-

2511 2999 2610 3054 nia
2639 2998 2851 3055 szecula
2881 3000 3225 3056 szeculorum
3258 3007 3570 3075 repetatur.
3592 3009 3799 3064 Amen.

2581 3086 2746 3142 Odilo
2777 3103 2911 3141 cum
2943 3087 3171 3142 Christo
3204 3093 3265 3143 tu
3296 3090 3453 3146 vivas
3485 3109 3717 3164 semper
3744 3094 3800 3150 in
3829 3096 3946 3153 alto
3979 3114 3993 3154 :

2583 3174 2746 3230 Odilo
2776 3179 3117 3247 perpetuam
3150 3176 3344 3248 capias
3375 3183 3435 3233 tu
3470 3184 3667 3236 sancte
3692 3199 3985 3241 coronam.

2585 3263 2748 3318 Odilo
2783 3263 3075 3334 virgineus
3104 3268 3280 3320 temet
3311 3268 3597 3337 praecedat
3625 3273 3681 3324 et
3711 3287 3898 3343 agnus
3930 3291 3943 3329 :

2580 3353 2819 3407 Currere
2850 3357 2981 3423 post
3012 3351 3223 3420 valeas,
3254 3353 3419 3411 laetus
3448 3356 3691 3431 vestigia
3720 3362 3947 3433 tangas,

2578 3438 2739 3495 lllius
2774 3441 3053 3511 unguenti
3086 3440 3253 3512 pleno
3284 3443 3554 3515 perfusus
3580 3447 3775 3514 odore,

2576 3530 2697 3594 Quo
2725 3522 2942 3584 recreat
2986 3534 3212 3587 mentes
3258 3533 3380 3603 [ηις.
3417 3534 3467 3600 1,
3498 3534 3747 3608 animas]
3778 3535 3990 3594 ditl'uso
4041 3555 4145 3596 no-

3681 3624 3863 3696 [mine
3891 3630 4144 3696 sanctas,

2575 3705 2694 3768 Quo
2726 3710 2901 3777 caput
2929 3705 3056 3778 ipsa
3082 3707 3183 3762 Dei
3215 3708 3469 3780 perfudit
3499 3712 3674 3767 odore
3704 3712 3905 3786 Maria,

2573 3793 2656 3848 Ex
2684 3808 2745 3848 se
2777 3793 3087 3865 peccatrix,
3120 3794 3315 3852 divino
3346 3813 3587 3855 munere
3618 3798 3772 3857 felix.

1657 3973 1949 4034 INCIPIT
1991 3971 2401 4033 PROLOGUS
2445 3966 2799 4033 IN'LIBltO
2844 3972 3232 4035 SECUNDO.

809 4131 871 4186 In
904 4132 1210 4205 superiore
1242 4130 1411 4199 libro,
1443 4131 1532 4186 vel
1564 4133 1757 4203 potius
1790 4130 2163 4187 denominato
2208 4130 2389 4202 epita-

738 4217 891 4288 phio,
925 4221 997 4275 de
1031 4221 1298 4275 moribus
1344 4219 1527 4293 patris
1578 4219 1861 4286 Odilonis,
1896 4224 1951 4275 et
1979 4219 2160 4274 animi
2209 4218 2388 4274 virtu-

739 4304 913 4373 tibus,
948 4308 1061 4363 etsi
1097 4326 1213 4363 non
1246 4309 1317 4364 ad
1350 4308 1610 4379 plenum,
1642 4312 1837 4363 tamen
1870 4308 2193 4363 secundum
2232 4307 2387 4379 quod

741 4395 1043 4464 potuimus
1075 4396 1353 4452 diximus.
1391 4397 1704 4469 Signorum
1735 4413 1864 4451 vero
1918 4396 2385 4467 inquisitoribus,

742 4486 795 4535 et
823 4484 1103 4541 meritum
1132 4486 1418 4557 cujusque
1450 4484 1505 4538 in
1542 4483 1808 4539 miraculi
1842 4484 2091 4539 novitate
2123 4484 2237 4555 (15)
2270 4499 2387 4538 me-

2497 4128 2769 4199 fecimus?
2801 4129 3005 4199 (Matth.
3038 4131 3136 4200 vn.)
3170 4131 3237 4185 Et
3264 4130 3388 4202 ipse
3420 4132 3705 4188 Dominus
3735 4134 3795 4190 in
3835 4136 4143 4210 Evangelio

2499 4216 2718 4272 sanctis
2750 4215 3029 4287 apostolis
3060 4235 3092 4272 a
3113 4219 3520 4289 praedicatione
3541 4221 3922 4281 redeuntibus
3947 4224 4137 4282 dicat:

2498 4303 2673 4359 Nolite
2702 4306 2762 4358 in
2806 4305 2904 4359 hoc
2948 4305 3204 4373 gaudere,
3239 4309 3369 4378 quia
3413 4307 3687 4365 daemonia
3730 4311 3968 4383 subiecta
4008 4318 4141 4369 sunt

2496 4392 2681 4457 vobis;
2710 4393 2800 4447 sed
2829 4394 2888 4447 in
2918 4393 3021 4449 hod
3048 4394 3297 4462 gaudete,
3321 4397 3452 4467 quia
3474 4398 3702 4452 nomina
3729 4405 3906 4455 vestra
3932 4403 4140 4474 scripta

2496 4483 2627 4535 sunt
2658 4482 2714 4534 in
2745 4481 2899 4535 cretis
2922 4484 3072 4549 (Luc.
3104 4499 3158 4550 x,
3189 4482 3304 4554 20).
3333 4482 3479 4539 Cum
3527 4499 3662 4557 ergo
3711 4484 3833 4542 haec
3880 4487 3966 4543 ita
3993 4489 4135 4557 sint,

738 4568 1018 4627 tientibus
1044 4572 1105 4627 id
1136 4553 1449 4628 dicendum
1481 4578 1588 4638 est,
1625 4572 1761 4645 quia
1803 4572 2008 4627 divina:
2057 4553 2385 4627 dilectionis
2417 4553 2460 4617 Ῐ)
2491 4584 2707 4623 vanum
2734 4572 2821 4623 est
2852 4586 2955 4641 pro
2987 4585 3198 4641 magno
3229 4571 3461 4638 ducere,
3492 4553 3645 4643 quod
3677 4575 3907 4630 constat
3934 4553 4137 4649 repro;

738 4662 1123 4732 praerogativa
1153 4662 1408 4732 ponitur,
1443 4678 1558 4716 non
1588 4661 1646 4716 in
1679 4660 2010 4717 ostensione
2060 4660 2383 4732 signorum,

737 4746 833 4799 sed
863 4747 922 4801 in
950 4747 1308 4819 perfectione
1338 4748 1638 4804 virtutum.
1673 4749 1869 4820 Neque
1917 4749 2071 4803 enlm
2108 4747 2388 4804 miracula

735 4831 820 4887 vel
850 4835 1026 4907 signa
1054 4854 1161 4891 nos
1185 4837 1298 4892 Deo
1318 4838 1859 4904 commendant,sed
1883 4836 2124 4892 virtutes
2144 4852 2383 4907 operum

736 4922 1024 4991 perfectos
1043 4941 1172 4981 esse
1191 4926 1763 4982 demonstrant.Cum
1786 4929 1841 4981 et
1854 4924 1885 4980 J
1892 4926 2035 4981 udas
2052 4924 2227 4980 simul
2250 4942 2383 4981 cum

735 5012 1017 5079 apostolis
1051 5013 1223 5087 signa
1255 5014 1472 5079 fecerit,
1506 5018 1561 5070 et
1590 5013 1819 5086 reprobi
1848 5013 1909 5068 in
1941 5014 2035 5069 die
2055 5014 2266 5086 judicii
2300 5013 2383 5069 fo-

733 5095 810 5153 ris
840 5115 875 5154 a
904 5118 1090 5174 regno
1123 5101 1360 5169 exclusi,
1387 5102 1616 5157 dicant:
1643 5104 1885 5168 Domine,
1917 5118 2097 5158 nonne
2125 5105 2185 5156 in
2212 5103 2385 5157 nomi-

734 5201 798 5241 ne
827 5195 919 5244 tuo
944 5191 1416 5261 prophetauimus,
1449 5195 1502 5246 et
1531 5193 1587 5246 in
1619 5199 1713 5247 tuo
1742 5192 1960 5246 nomine
2005 5192 2182 5247 multa
2224 5192 2384 5259 signa

781 5313 919 5391 _(.Ui)
952 5313 1099 5391 Mss.
1129 5318 1182 5391 2_,
1216 5314 1490 5391 Ninevita.
1511 5317 1609 5391 An
1632 5333 1666 5371 a
1693 5316 1898 5391 Ni_n_iva
1946 5317 2225 5391 Flandriae
2279 5336 2383 5391 op-

740 5385 892 5451 pido,
928 5385 1126 5438 medio
1149 5385 1302 5439 inter
1323 5386 1619 5441 Bruxellas
1636 5392 1692 5441 et
1711 5387 2094 5443 Aldenardam
2120 5389 2177 5442 in
2202 5385 2382 5443 conii-

737 5455 854 5507 tatu
891 5453 1238 5511 Alostensi‘?
1268 5456 1472 5512 Petrus
1518 5457 1784 5513 Damiani
1831 5460 1984 5531 apud
2033 5458 2380 5515 Bollandum

2493 4656 2600 4711 bos
2631 4655 2943 4727 aliquando
2975 4674 3106 4712 cum
3140 4657 3338 4714 electis
3386 4658 3619 4716 habere.
3652 4661 3872 4718 Tamen
3905 4680 3978 4719 ne
4008 4680 4139 4720 nos-

2494 4748 2582 4799 ter
2611 4742 2774 4798 Odilo
2805 4746 2876 4799 ab
2903 4744 3009 4800 bac
3047 4746 3221 4801 etiam
3268 4747 3460 4819 gratia
3500 4747 3859 4816 excludatur,
3891 4748 4137 4807 dicenda

2494 4835 2633 4886 sunt
2661 4848 2847 4903 pauca
2869 4834 2939 4888 de
2974 4832 3330 4906 multisque:
3358 4835 3642 4892 Dominus
3691 4841 3886 4894 noster
3909 4839 3982 4895 ad
4008 4838 4132 4895 lau-

2491 4920 2624 4975 dem
2656 4924 2712 4975 et
2742 4920 2985 4993 gloriam
3020 4928 3273 4991 suam,et
3295 4924 3365 4979 ad
3396 4923 3556 4981 illius
3585 4930 3863 4998 meritum
3885 4926 4135 4983 homini-

2491 5007 2602 5064 bus
2633 5011 3322 5079 commendandum,ante
3354 5015 3691 5083 mortem,et
3719 5017 3852 5087 post
3881 5019 4130 5072 mortem

2492 5095 2770 5168 dignatus
2801 5098 2876 5153 sit
2905 5099 3325 5155 demonstrare.

2490 5323 2664 5381 habet
2685 5326 2963 5382 Juveneta.

2562 5398 2675 5465 (15)
2706 5398 2840 5452 Cod.
2876 5398 2935 5453 S.
2967 5398 3162 5455 Germ.
3188 5400 3477 5458 miraculis
3508 5404 3826 5460 novitatum.

2263 5689 2633 5704 ~—
