  <div class='ocr_page' id='page_1' title='image "/cluster/home/n/w/nwhite01/storage/ocr_20150623/142-143/uc1.31175018423130/465.png"; bbox 0 0 3910 6394; ppageno 0'>
   <div class='ocr_carea' id='block_1_1' title="bbox 223 414 342 479">
    <p class='ocr_par' dir='ltr' id='par_1_1' title="bbox 223 414 342 479">
     <span class='ocr_line' id='line_1_1' title="bbox 223 414 342 479; baseline 0.017 -3"><span class='ocrx_word' id='word_1_1' title='bbox 223 414 342 479; x_wconf 72' lang='grc' dir='ltr'><strong>9ίῦ</strong></span> 
     </span>
    </p>
   </div>
   <div class='ocr_carea' id='block_1_2' title="bbox 1143 414 2722 482">
    <p class='ocr_par' dir='ltr' id='par_1_2' title="bbox 1143 414 2722 482">
     <span class='ocr_line' id='line_1_2' title="bbox 1143 414 2722 482; baseline -0.001 0"><span class='ocrx_word' id='word_1_2' title='bbox 1143 417 1212 482; x_wconf 88' lang='lat' dir='ltr'><strong>S.</strong></span> <span class='ocrx_word' id='word_1_3' title='bbox 1258 415 1626 482; x_wconf 86' lang='lat' dir='ltr'><strong>ODILONIS</strong></span> <span class='ocrx_word' id='word_1_4' title='bbox 1671 414 2230 478; x_wconf 78' lang='lat' dir='ltr'><strong>CLUNIACENSIS</strong></span> <span class='ocrx_word' id='word_1_5' title='bbox 2272 415 2602 480; x_wconf 76' lang='lat' dir='ltr'><strong>ABBATIS</strong></span> <span class='ocrx_word' id='word_1_6' title='bbox 2647 417 2722 480; x_wconf 83' lang='lat' dir='ltr'><strong>V.</strong></span> 
     </span>
    </p>
   </div>
   <div class='ocr_carea' id='block_1_3' title="bbox 3531 413 3654 477">
    <p class='ocr_par' dir='ltr' id='par_1_3' title="bbox 3531 413 3654 477">
     <span class='ocr_line' id='line_1_3' title="bbox 3531 413 3654 477; baseline -0.016 0"><span class='ocrx_word' id='word_1_7' title='bbox 3531 413 3654 477; x_wconf 74' lang='lat'><strong>916</strong></span> 
     </span>
    </p>
   </div>
   <div class='ocr_carea' id='block_1_4' title="bbox 1201 676 2670 767">
    <p class='ocr_par' dir='ltr' id='par_1_4' title="bbox 1201 676 2670 767">
     <span class='ocr_line' id='line_1_4' title="bbox 1201 676 2670 767; baseline 0.001 -2"><span class='ocrx_word' id='word_1_8' title='bbox 1201 677 1606 765; x_wconf 83' lang='lat' dir='ltr'><strong>INCIPIT</strong></span> <span class='ocrx_word' id='word_1_9' title='bbox 1664 677 1991 764; x_wconf 80' lang='lat' dir='ltr'><strong>LIBER</strong></span> <span class='ocrx_word' id='word_1_10' title='bbox 2060 676 2670 767; x_wconf 84' lang='lat' dir='ltr'><strong>SECUNDUS</strong></span> 
     </span>
    </p>
   </div>
   <div class='ocr_carea' id='block_1_5' title="bbox 229 907 3660 982">
    <p class='ocr_par' dir='ltr' id='par_1_5' title="bbox 229 907 3660 982">
     <span class='ocr_line' id='line_1_5' title="bbox 229 907 3660 982; baseline -0.001 -13"><span class='ocrx_word' id='word_1_11' title='bbox 229 912 363 970; x_wconf 76' lang='lat' dir='ltr'><strong>CAP.</strong></span> <span class='ocrx_word' id='word_1_12' title='bbox 397 911 440 968; x_wconf 86' lang='grc' dir='ltr'><strong>Ι.</strong></span> <span class='ocrx_word' id='word_1_13' title='bbox 472 943 540 954; x_wconf 91' lang='lat'><em>-</em></span> <span class='ocrx_word' id='word_1_14' title='bbox 569 910 844 982; x_wconf 84' lang='lat' dir='ltr'><strong>Quomodo</strong></span> <span class='ocrx_word' id='word_1_15' title='bbox 875 909 1145 982; x_wconf 82' lang='lat' dir='ltr'><strong>quondam</strong></span> <span class='ocrx_word' id='word_1_16' title='bbox 1171 926 1310 981; x_wconf 82' lang='lat' dir='ltr'><strong>puer</strong></span> <span class='ocrx_word' id='word_1_17' title='bbox 1339 909 1600 964; x_wconf 75' lang='lat' dir='ltr'><strong>liberatus</strong></span> <span class='ocrx_word' id='word_1_18' title='bbox 1627 909 1701 963; x_wconf 77' lang='lat' dir='ltr'><strong>sit</strong></span> <span class='ocrx_word' id='word_1_19' title='bbox 1731 907 1877 962; x_wconf 76' lang='lat' dir='ltr'><strong>divi-</strong></span> <span class='ocrx_word' id='word_1_20' title='bbox 1912 911 1964 974; x_wconf 78' lang='grc' dir='ltr'><strong>Α</strong></span> <span class='ocrx_word' id='word_1_21' title='bbox 1993 910 2047 963; x_wconf 92' lang='lat' dir='ltr'><strong>et</strong></span> <span class='ocrx_word' id='word_1_22' title='bbox 2097 913 2285 962; x_wconf 83' lang='lat' dir='ltr'><strong>mater</strong></span> <span class='ocrx_word' id='word_1_23' title='bbox 2327 907 2646 964; x_wconf 88' lang='lat' dir='ltr'><strong>Salvatoris</strong></span> <span class='ocrx_word' id='word_1_24' title='bbox 2691 909 2953 964; x_wconf 87' lang='lat' dir='ltr'><strong>omnium</strong></span> <span class='ocrx_word' id='word_1_25' title='bbox 3009 907 3379 974; x_wconf 64' lang='lat' dir='ltr'><strong>seculorum,</strong></span> <span class='ocrx_word' id='word_1_26' title='bbox 3422 908 3496 965; x_wconf 91' lang='lat' dir='ltr'><strong>ab</strong></span> <span class='ocrx_word' id='word_1_27' title='bbox 3552 909 3660 965; x_wconf 89' lang='lat' dir='ltr'><strong>bo-</strong></span> 
     </span>
    </p>
   </div>
   <div class='ocr_carea' id='block_1_6' title="bbox 583 983 1519 1052">
    <p class='ocr_par' dir='ltr' id='par_1_6' title="bbox 583 983 1519 1052">
     <span class='ocr_line' id='line_1_6' title="bbox 583 983 1519 1052; baseline -0.002 -14"><span class='ocrx_word' id='word_1_28' title='bbox 583 985 737 1038; x_wconf 72' lang='lat' dir='ltr'><strong>nitas</strong></span> <span class='ocrx_word' id='word_1_29' title='bbox 766 1000 800 1037; x_wconf 88' lang='lat' dir='ltr'><strong>a</strong></span> <span class='ocrx_word' id='word_1_30' title='bbox 821 983 1150 1052; x_wconf 77' lang='lat' dir='ltr'><strong>gravissima</strong></span> <span class='ocrx_word' id='word_1_31' title='bbox 1176 983 1519 1052; x_wconf 77' lang='lat' dir='ltr'><strong>inﬁrmitate.</strong></span> 
     </span>
    </p>
   </div>
   <div class='ocr_carea' id='block_1_7' title="bbox 305 1085 1883 1158">
    <p class='ocr_par' dir='ltr' id='par_1_7' title="bbox 305 1085 1883 1158">
     <span class='ocr_line' id='line_1_7' title="bbox 305 1085 1883 1158; baseline -0.006 -11"><span class='ocrx_word' id='word_1_32' title='bbox 305 1092 369 1148; x_wconf 87' lang='lat' dir='ltr'><strong>In</strong></span> <span class='ocrx_word' id='word_1_33' title='bbox 401 1090 634 1146; x_wconf 86' lang='lat' dir='ltr'><strong>exordio</strong></span> <span class='ocrx_word' id='word_1_34' title='bbox 662 1106 797 1144; x_wconf 87' lang='lat' dir='ltr'><strong>vero</strong></span> <span class='ocrx_word' id='word_1_35' title='bbox 827 1089 1111 1144; x_wconf 88' lang='lat' dir='ltr'><strong>virtutum</strong></span> <span class='ocrx_word' id='word_1_36' title='bbox 1138 1086 1607 1158; x_wconf 87' lang='lat' dir='ltr'><strong>ejus,dicendum</strong></span> <span class='ocrx_word' id='word_1_37' title='bbox 1633 1091 1716 1140; x_wconf 82' lang='lat' dir='ltr'><strong>est</strong></span> <span class='ocrx_word' id='word_1_38' title='bbox 1743 1085 1883 1156; x_wconf 89' lang='lat' dir='ltr'><strong>quid</strong></span> 
     </span>
    </p>
   </div>
   <div class='ocr_carea' id='block_1_8' title="bbox 232 1173 1884 1252">
    <p class='ocr_par' dir='ltr' id='par_1_8' title="bbox 232 1173 1884 1252">
     <span class='ocr_line' id='line_1_8' title="bbox 232 1173 1884 1252; baseline -0.005 -16"><span class='ocrx_word' id='word_1_39' title='bbox 232 1179 316 1236; x_wconf 85' lang='lat' dir='ltr'>illi</span> <span class='ocrx_word' id='word_1_40' title='bbox 348 1179 653 1252; x_wconf 82' lang='lat' dir='ltr'><strong>contigerit</strong></span> <span class='ocrx_word' id='word_1_41' title='bbox 681 1195 816 1234; x_wconf 90' lang='lat' dir='ltr'><strong>cum</strong></span> <span class='ocrx_word' id='word_1_42' title='bbox 855 1177 1048 1233; x_wconf 84' lang='lat' dir='ltr'><strong>adhuc</strong></span> <span class='ocrx_word' id='word_1_43' title='bbox 1098 1193 1242 1249; x_wconf 88' lang='lat' dir='ltr'><strong>puer</strong></span> <span class='ocrx_word' id='word_1_44' title='bbox 1291 1180 1465 1240; x_wconf 89' lang='lat' dir='ltr'><strong>esset,</strong></span> <span class='ocrx_word' id='word_1_45' title='bbox 1501 1175 1655 1246; x_wconf 89' lang='lat' dir='ltr'><strong>quod</strong></span> <span class='ocrx_word' id='word_1_46' title='bbox 1691 1191 1761 1228; x_wconf 91' lang='lat' dir='ltr'><strong>ne</strong></span> <span class='ocrx_word' id='word_1_47' title='bbox 1792 1173 1884 1228; x_wconf 94' lang='lat' dir='ltr'><strong>cui</strong></span> 
     </span>
    </p>
   </div>
   <div class='ocr_carea' id='block_1_9' title="bbox 231 1263 1886 1338">
    <p class='ocr_par' dir='ltr' id='par_1_9' title="bbox 231 1263 1886 1338">
     <span class='ocr_line' id='line_1_9' title="bbox 231 1263 1886 1338; baseline -0.004 -13"><span class='ocrx_word' id='word_1_48' title='bbox 231 1269 500 1325; x_wconf 88' lang='lat' dir='ltr'><strong>videatur</strong></span> <span class='ocrx_word' id='word_1_49' title='bbox 546 1266 907 1331; x_wconf 88' lang='lat' dir='ltr'><strong>incredibile,</strong></span> <span class='ocrx_word' id='word_1_50' title='bbox 935 1266 1007 1320; x_wconf 84' lang='lat' dir='ltr'><strong>ab</strong></span> <span class='ocrx_word' id='word_1_51' title='bbox 1050 1266 1195 1338; x_wconf 83' lang='lat' dir='ltr'><strong>ipsis</strong></span> <span class='ocrx_word' id='word_1_52' title='bbox 1245 1265 1450 1337; x_wconf 82' lang='lat' dir='ltr'><strong>agnovi</strong></span> <span class='ocrx_word' id='word_1_53' title='bbox 1498 1264 1714 1336; x_wconf 84' lang='lat' dir='ltr'><strong>quibus</strong></span> <span class='ocrx_word' id='word_1_54' title='bbox 1763 1263 1886 1334; x_wconf 89' lang='lat' dir='ltr'><strong>ipse</strong></span> 
     </span>
    </p>
   </div>
   <div class='ocr_carea' id='block_1_10' title="bbox 235 1352 1886 1426">
    <p class='ocr_par' dir='ltr' id='par_1_10' title="bbox 235 1352 1886 1426">
     <span class='ocr_line' id='line_1_10' title="bbox 235 1352 1886 1426; baseline -0.005 -11"><span class='ocrx_word' id='word_1_55' title='bbox 235 1358 440 1416; x_wconf 86' lang='lat' dir='ltr'><strong>solitus</strong></span> <span class='ocrx_word' id='word_1_56' title='bbox 473 1361 596 1413; x_wconf 89' lang='lat' dir='ltr'><strong>erat</strong></span> <span class='ocrx_word' id='word_1_57' title='bbox 625 1373 884 1412; x_wconf 87' lang='lat' dir='ltr'><strong>narrare.</strong></span> <span class='ocrx_word' id='word_1_58' title='bbox 918 1356 1069 1411; x_wconf 87' lang='lat' dir='ltr'><strong>Dum</strong></span> <span class='ocrx_word' id='word_1_59' title='bbox 1100 1354 1292 1411; x_wconf 90' lang='lat' dir='ltr'><strong>adhuc</strong></span> <span class='ocrx_word' id='word_1_60' title='bbox 1324 1353 1608 1426; x_wconf 82' lang='lat' dir='ltr'><strong>puerulus</strong></span> <span class='ocrx_word' id='word_1_61' title='bbox 1631 1352 1691 1407; x_wconf 87' lang='lat' dir='ltr'><strong>in</strong></span> <span class='ocrx_word' id='word_1_62' title='bbox 1713 1352 1886 1407; x_wconf 92' lang='lat' dir='ltr'><strong>domo</strong></span> 
     </span>
    </p>
   </div>
   <div class='ocr_carea' id='block_1_11' title="bbox 235 1441 1884 1522">
    <p class='ocr_par' dir='ltr' id='par_1_11' title="bbox 235 1441 1884 1522">
     <span class='ocr_line' id='line_1_11' title="bbox 235 1441 1884 1522; baseline -0.007 -17"><span class='ocrx_word' id='word_1_63' title='bbox 235 1447 422 1522; x_wconf 81' lang='lat' dir='ltr'><strong>patris</strong></span> <span class='ocrx_word' id='word_1_64' title='bbox 451 1447 796 1511; x_wconf 81' lang='lat' dir='ltr'><strong>nutriretur,</strong></span> <span class='ocrx_word' id='word_1_65' title='bbox 827 1450 1144 1517; x_wconf 82' lang='lat' dir='ltr'><strong>antequam</strong></span> <span class='ocrx_word' id='word_1_66' title='bbox 1175 1443 1352 1498; x_wconf 89' lang='lat' dir='ltr'><strong>etiam</strong></span> <span class='ocrx_word' id='word_1_67' title='bbox 1384 1441 1603 1496; x_wconf 85' lang='lat' dir='ltr'><strong>scholis</strong></span> <span class='ocrx_word' id='word_1_68' title='bbox 1628 1441 1884 1505; x_wconf 83' lang='lat' dir='ltr'><strong>daretur,</strong></span> 
     </span>
    </p>
   </div>
   <div class='ocr_carea' id='block_1_12' title="bbox 235 1529 1886 1608">
    <p class='ocr_par' dir='ltr' id='par_1_12' title="bbox 235 1529 1886 1608">
     <span class='ocr_line' id='line_1_12' title="bbox 235 1529 1886 1608; baseline -0.006 -16"><span class='ocrx_word' id='word_1_69' title='bbox 235 1536 478 1608; x_wconf 79' lang='lat' dir='ltr'><strong>contigit</strong></span> <span class='ocrx_word' id='word_1_70' title='bbox 500 1539 565 1590; x_wconf 92' lang='lat' dir='ltr'><strong>ut</strong></span> <span class='ocrx_word' id='word_1_71' title='bbox 594 1536 992 1590; x_wconf 86' lang='lat' dir='ltr'><strong>membrorum</strong></span> <span class='ocrx_word' id='word_1_72' title='bbox 1026 1533 1293 1588; x_wconf 91' lang='lat' dir='ltr'><strong>omnium</strong></span> <span class='ocrx_word' id='word_1_73' title='bbox 1335 1547 1480 1602; x_wconf 89' lang='lat' dir='ltr'><strong>pene</strong></span> <span class='ocrx_word' id='word_1_74' title='bbox 1529 1530 1740 1584; x_wconf 88' lang='lat' dir='ltr'><strong>virtute</strong></span> <span class='ocrx_word' id='word_1_75' title='bbox 1770 1529 1886 1601; x_wconf 88' lang='lat' dir='ltr'><strong>pri-</strong></span> 
     </span>
    </p>
   </div>
   <div class='ocr_carea' id='block_1_13' title="bbox 232 1616 1890 1694">
    <p class='ocr_par' dir='ltr' id='par_1_13' title="bbox 232 1616 1890 1694">
     <span class='ocr_line' id='line_1_13' title="bbox 232 1616 1890 1694; baseline -0.005 -13"><span class='ocrx_word' id='word_1_76' title='bbox 232 1629 488 1690; x_wconf 88' lang='lat' dir='ltr'><strong>varetur,</strong></span> <span class='ocrx_word' id='word_1_77' title='bbox 519 1623 945 1694; x_wconf 89' lang='lat' dir='ltr'><strong>incedendique</strong></span> <span class='ocrx_word' id='word_1_78' title='bbox 974 1620 1059 1676; x_wconf 87' lang='lat' dir='ltr'><strong>vel</strong></span> <span class='ocrx_word' id='word_1_79' title='bbox 1089 1638 1192 1693; x_wconf 91' lang='lat' dir='ltr'><strong>per</strong></span> <span class='ocrx_word' id='word_1_80' title='bbox 1221 1637 1283 1675; x_wconf 92' lang='lat' dir='ltr'><strong>se</strong></span> <span class='ocrx_word' id='word_1_81' title='bbox 1314 1619 1582 1674; x_wconf 81' lang='lat' dir='ltr'><strong>movendi</strong></span> <span class='ocrx_word' id='word_1_82' title='bbox 1615 1619 1664 1673; x_wconf 91' lang='lat' dir='ltr'><strong>ei</strong></span> <span class='ocrx_word' id='word_1_83' title='bbox 1702 1616 1890 1690; x_wconf 82' lang='lat' dir='ltr'><strong>possi-</strong></span> 
     </span>
    </p>
   </div>
   <div class='ocr_carea' id='block_1_14' title="bbox 235 1707 1886 1784">
    <p class='ocr_par' dir='ltr' id='par_1_14' title="bbox 235 1707 1886 1784">
     <span class='ocr_line' id='line_1_14' title="bbox 235 1707 1886 1784; baseline -0.005 -15"><span class='ocrx_word' id='word_1_84' title='bbox 235 1713 434 1769; x_wconf 89' lang='lat' dir='ltr'><strong>bilitas</strong></span> <span class='ocrx_word' id='word_1_85' title='bbox 463 1710 1025 1784; x_wconf 83' lang='lat' dir='ltr'><strong>negaretur.Accidit</strong></span> <span class='ocrx_word' id='word_1_86' title='bbox 1055 1727 1188 1764; x_wconf 91' lang='lat' dir='ltr'><strong>vero</strong></span> <span class='ocrx_word' id='word_1_87' title='bbox 1209 1708 1464 1781; x_wconf 86' lang='lat' dir='ltr'><strong>quadarn</strong></span> <span class='ocrx_word' id='word_1_88' title='bbox 1487 1707 1579 1762; x_wconf 90' lang='lat' dir='ltr'><strong>die</strong></span> <span class='ocrx_word' id='word_1_89' title='bbox 1607 1707 1886 1761; x_wconf 79' lang='lat' dir='ltr'><strong>familiam</strong></span> 
     </span>
    </p>
   </div>
   <div class='ocr_carea' id='block_1_15' title="bbox 238 1796 1887 1877">
    <p class='ocr_par' dir='ltr' id='par_1_15' title="bbox 238 1796 1887 1877">
     <span class='ocr_line' id='line_1_15' title="bbox 238 1796 1887 1877; baseline -0.005 -20"><span class='ocrx_word' id='word_1_90' title='bbox 238 1802 423 1877; x_wconf 82' lang='lat' dir='ltr'><strong>patris</strong></span> <span class='ocrx_word' id='word_1_91' title='bbox 449 1802 577 1872; x_wconf 84' lang='lat' dir='ltr'><strong>ejus</strong></span> <span class='ocrx_word' id='word_1_92' title='bbox 607 1801 678 1855; x_wconf 92' lang='lat' dir='ltr'><strong>de</strong></span> <span class='ocrx_word' id='word_1_93' title='bbox 709 1800 835 1854; x_wconf 94' lang='lat' dir='ltr'><strong>loco</strong></span> <span class='ocrx_word' id='word_1_94' title='bbox 865 1800 935 1854; x_wconf 88' lang='lat' dir='ltr'><strong>ad</strong></span> <span class='ocrx_word' id='word_1_95' title='bbox 989 1799 1182 1853; x_wconf 89' lang='lat' dir='ltr'><strong>locum</strong></span> <span class='ocrx_word' id='word_1_96' title='bbox 1229 1796 1468 1863; x_wconf 86' lang='lat' dir='ltr'><strong>mutari,</strong></span> <span class='ocrx_word' id='word_1_97' title='bbox 1499 1800 1555 1852; x_wconf 89' lang='lat' dir='ltr'><strong>et</strong></span> <span class='ocrx_word' id='word_1_98' title='bbox 1602 1796 1887 1850; x_wconf 86' lang='lat' dir='ltr'><strong>inlantem</strong></span> 
     </span>
    </p>
   </div>
   <div class='ocr_carea' id='block_1_16' title="bbox 238 1884 1888 1953">
    <p class='ocr_par' dir='ltr' id='par_1_16' title="bbox 238 1884 1888 1953">
     <span class='ocr_line' id='line_1_16' title="bbox 238 1884 1888 1953; baseline -0.006 -6"><span class='ocrx_word' id='word_1_99' title='bbox 238 1891 350 1948; x_wconf 86' lang='lat' dir='ltr'><strong>sub</strong></span> <span class='ocrx_word' id='word_1_100' title='bbox 381 1889 648 1946; x_wconf 88' lang='lat' dir='ltr'><strong>custodia</strong></span> <span class='ocrx_word' id='word_1_101' title='bbox 677 1888 922 1943; x_wconf 84' lang='lat' dir='ltr'><strong>nutricis</strong></span> <span class='ocrx_word' id='word_1_102' title='bbox 955 1886 1317 1942; x_wconf 85' lang='lat' dir='ltr'><strong>servulorum</strong></span> <span class='ocrx_word' id='word_1_103' title='bbox 1365 1884 1689 1940; x_wconf 89' lang='lat' dir='ltr'><strong>ministerio</strong></span> <span class='ocrx_word' id='word_1_104' title='bbox 1725 1885 1888 1953; x_wconf 86' lang='lat' dir='ltr'><strong>baju-</strong></span> 
     </span>
    </p>
   </div>
   <div class='ocr_carea' id='block_1_17' title="bbox 238 1971 1891 2050">
    <p class='ocr_par' dir='ltr' id='par_1_17' title="bbox 238 1971 1891 2050">
     <span class='ocr_line' id='line_1_17' title="bbox 238 1971 1891 2050; baseline -0.005 -14"><span class='ocrx_word' id='word_1_105' title='bbox 238 1979 368 2036; x_wconf 86' lang='lat' dir='ltr'><strong>lari.</strong></span> <span class='ocrx_word' id='word_1_106' title='bbox 401 1980 667 2050; x_wconf 86' lang='lat' dir='ltr'><strong>Cumque</strong></span> <span class='ocrx_word' id='word_1_107' title='bbox 699 1977 754 2032; x_wconf 89' lang='lat' dir='ltr'><strong>in</strong></span> <span class='ocrx_word' id='word_1_108' title='bbox 787 1975 980 2032; x_wconf 90' lang='lat' dir='ltr'><strong>medio</strong></span> <span class='ocrx_word' id='word_1_109' title='bbox 1011 1975 1215 2031; x_wconf 85' lang='lat' dir='ltr'><strong>itinere</strong></span> <span class='ocrx_word' id='word_1_110' title='bbox 1246 1975 1316 2029; x_wconf 91' lang='lat' dir='ltr'><strong>ad</strong></span> <span class='ocrx_word' id='word_1_111' title='bbox 1351 1974 1668 2045; x_wconf 86' lang='lat' dir='ltr'><strong>quamdam</strong></span> <span class='ocrx_word' id='word_1_112' title='bbox 1707 1971 1891 2028; x_wconf 86' lang='lat' dir='ltr'><strong>eccle-</strong></span> 
     </span>
    </p>
   </div>
   <div class='ocr_carea' id='block_1_18' title="bbox 240 2062 1891 2137">
    <p class='ocr_par' dir='ltr' id='par_1_18' title="bbox 240 2062 1891 2137">
     <span class='ocr_line' id='line_1_18' title="bbox 240 2062 1891 2137; baseline -0.005 -13"><span class='ocrx_word' id='word_1_113' title='bbox 240 2069 388 2125; x_wconf 87' lang='lat' dir='ltr'><strong>siam</strong></span> <span class='ocrx_word' id='word_1_114' title='bbox 414 2067 475 2122; x_wconf 92' lang='lat' dir='ltr'><strong>in</strong></span> <span class='ocrx_word' id='word_1_115' title='bbox 500 2067 722 2122; x_wconf 89' lang='lat' dir='ltr'><strong>honore</strong></span> <span class='ocrx_word' id='word_1_116' title='bbox 753 2065 854 2120; x_wconf 88' lang='lat' dir='ltr'><strong>Dei</strong></span> <span class='ocrx_word' id='word_1_117' title='bbox 898 2064 1198 2137; x_wconf 83' lang='lat' dir='ltr'><strong>genitricis</strong></span> <span class='ocrx_word' id='word_1_118' title='bbox 1249 2062 1444 2118; x_wconf 70' lang='lat' dir='ltr'><strong>Maria:</strong></span> <span class='ocrx_word' id='word_1_119' title='bbox 1493 2066 1891 2117; x_wconf 83' lang='lat' dir='ltr'><strong>consecratam</strong></span> 
     </span>
    </p>
   </div>
   <div class='ocr_carea' id='block_1_19' title="bbox 240 2149 1893 2227">
    <p class='ocr_par' dir='ltr' id='par_1_19' title="bbox 240 2149 1893 2227">
     <span class='ocr_line' id='line_1_19' title="bbox 240 2149 1893 2227; baseline -0.007 -13"><span class='ocrx_word' id='word_1_120' title='bbox 240 2156 632 2222; x_wconf 88' lang='lat' dir='ltr'><strong>divertissent,</strong></span> <span class='ocrx_word' id='word_1_121' title='bbox 665 2155 1063 2227; x_wconf 88' lang='lat' dir='ltr'><strong>deposuerunt</strong></span> <span class='ocrx_word' id='word_1_122' title='bbox 1087 2151 1396 2225; x_wconf 87' lang='lat' dir='ltr'><strong>puerulum</strong></span> <span class='ocrx_word' id='word_1_123' title='bbox 1423 2167 1556 2205; x_wconf 93' lang='lat' dir='ltr'><strong>cum</strong></span> <span class='ocrx_word' id='word_1_124' title='bbox 1581 2149 1893 2205; x_wconf 83' lang='lat' dir='ltr'><strong>sarcinulis</strong></span> 
     </span>
    </p>
   </div>
   <div class='ocr_carea' id='block_1_20' title="bbox 1995 995 3660 1069">
    <p class='ocr_par' dir='ltr' id='par_1_20' title="bbox 1995 995 3660 1069">
     <span class='ocr_line' id='line_1_20' title="bbox 1995 995 3660 1069; baseline 0.002 -19"><span class='ocrx_word' id='word_1_125' title='bbox 1995 995 2199 1050; x_wconf 87' lang='lat' dir='ltr'><strong>dierna</strong></span> <span class='ocrx_word' id='word_1_126' title='bbox 2229 995 2320 1051; x_wconf 87' lang='lat' dir='ltr'><strong>die</strong></span> <span class='ocrx_word' id='word_1_127' title='bbox 2352 1002 2409 1050; x_wconf 88' lang='lat' dir='ltr'><strong>et</strong></span> <span class='ocrx_word' id='word_1_128' title='bbox 2439 997 2713 1069; x_wconf 79' lang='lat' dir='ltr'><strong>deinceps</strong></span> <span class='ocrx_word' id='word_1_129' title='bbox 2746 1015 2837 1052; x_wconf 90' lang='lat' dir='ltr'><strong>me</strong></span> <span class='ocrx_word' id='word_1_130' title='bbox 2877 996 2936 1052; x_wconf 93' lang='lat' dir='ltr'><strong>in</strong></span> <span class='ocrx_word' id='word_1_131' title='bbox 2984 1003 3084 1052; x_wconf 94' lang='lat' dir='ltr'><strong>tuo</strong></span> <span class='ocrx_word' id='word_1_132' title='bbox 3134 998 3370 1054; x_wconf 87' lang='lat' dir='ltr'><strong>servitio</strong></span> <span class='ocrx_word' id='word_1_133' title='bbox 3420 998 3660 1062; x_wconf 88' lang='lat' dir='ltr'><strong>habeto,</strong></span> 
     </span>
    </p>
   </div>
   <div class='ocr_carea' id='block_1_21' title="bbox 1996 1085 3665 1156">
    <p class='ocr_par' dir='ltr' id='par_1_21' title="bbox 1996 1085 3665 1156">
     <span class='ocr_line' id='line_1_21' title="bbox 1996 1085 3665 1156; baseline 0.002 -16"><span class='ocrx_word' id='word_1_134' title='bbox 1996 1090 2171 1156; x_wconf 89' lang='lat' dir='ltr'><strong>atque</strong></span> <span class='ocrx_word' id='word_1_135' title='bbox 2223 1085 2278 1138; x_wconf 91' lang='lat' dir='ltr'><strong>in</strong></span> <span class='ocrx_word' id='word_1_136' title='bbox 2330 1086 2607 1141; x_wconf 89' lang='lat' dir='ltr'><strong>omnibus</strong></span> <span class='ocrx_word' id='word_1_137' title='bbox 2661 1087 2808 1141; x_wconf 88' lang='lat' dir='ltr'><strong>meis</strong></span> <span class='ocrx_word' id='word_1_138' title='bbox 2851 1087 3067 1153; x_wconf 85' lang='lat' dir='ltr'><strong>causis,</strong></span> <span class='ocrx_word' id='word_1_139' title='bbox 3103 1087 3665 1143; x_wconf 87' lang='lat' dir='ltr'><strong>misericordissima</strong></span> 
     </span>
    </p>
   </div>
   <div class='ocr_carea' id='block_1_22' title="bbox 1995 1173 3662 1246">
    <p class='ocr_par' dir='ltr' id='par_1_22' title="bbox 1995 1173 3662 1246">
     <span class='ocr_line' id='line_1_22' title="bbox 1995 1173 3662 1246; baseline 0.003 -19"><span class='ocrx_word' id='word_1_140' title='bbox 1995 1173 2064 1227; x_wconf 89' lang='lat' dir='ltr'><strong>ad</strong></span> <span class='ocrx_word' id='word_1_141' title='bbox 2082 1174 2361 1239; x_wconf 84' lang='lat' dir='ltr'><strong>vocatrix,</strong></span> <span class='ocrx_word' id='word_1_142' title='bbox 2391 1173 2534 1229; x_wconf 91' lang='lat' dir='ltr'><strong>mihi</strong></span> <span class='ocrx_word' id='word_1_143' title='bbox 2569 1191 2800 1246; x_wconf 87' lang='lat' dir='ltr'><strong>semper</strong></span> <span class='ocrx_word' id='word_1_144' title='bbox 2835 1175 3058 1230; x_wconf 88' lang='lat' dir='ltr'><strong>adesto.</strong></span> <span class='ocrx_word' id='word_1_145' title='bbox 3093 1175 3228 1230; x_wconf 85' lang='lat' dir='ltr'><strong>Post</strong></span> <span class='ocrx_word' id='word_1_146' title='bbox 3270 1175 3455 1232; x_wconf 86' lang='lat' dir='ltr'><strong>Deum</strong></span> <span class='ocrx_word' id='word_1_147' title='bbox 3501 1176 3662 1232; x_wconf 88' lang='lat' dir='ltr'><strong>enim</strong></span> 
     </span>
    </p>
   </div>
   <div class='ocr_carea' id='block_1_23' title="bbox 1997 1261 3664 1334">
    <p class='ocr_par' dir='ltr' id='par_1_23' title="bbox 1997 1261 3664 1334">
     <span class='ocr_line' id='line_1_23' title="bbox 1997 1261 3664 1334; baseline 0.004 -18"><span class='ocrx_word' id='word_1_148' title='bbox 1997 1277 2032 1316; x_wconf 92' lang='lat' dir='ltr'><strong>a</strong></span> <span class='ocrx_word' id='word_1_149' title='bbox 2063 1262 2234 1317; x_wconf 91' lang='lat' dir='ltr'><strong>modo</strong></span> <span class='ocrx_word' id='word_1_150' title='bbox 2266 1261 2412 1318; x_wconf 90' lang='lat' dir='ltr'><strong>nihil</strong></span> <span class='ocrx_word' id='word_1_151' title='bbox 2443 1262 2547 1317; x_wconf 88' lang='lat' dir='ltr'><strong>tibi</strong></span> <span class='ocrx_word' id='word_1_152' title='bbox 2579 1268 2936 1334; x_wconf 70' lang='lat' dir='ltr'><strong>prazpono,et</strong></span> <span class='ocrx_word' id='word_1_153' title='bbox 2959 1263 3261 1320; x_wconf 88' lang='lat' dir='ltr'><strong>ultroneus</strong></span> <span class='ocrx_word' id='word_1_154' title='bbox 3284 1263 3343 1319; x_wconf 86' lang='lat' dir='ltr'><strong>in</strong></span> <span class='ocrx_word' id='word_1_155' title='bbox 3374 1270 3664 1322; x_wconf 60' lang='lat' dir='ltr'><strong>aeternum</strong></span> 
     </span>
    </p>
   </div>
   <div class='ocr_carea' id='block_1_24' title="bbox 1997 1350 3670 1427">
    <p class='ocr_par' dir='ltr' id='par_1_24' title="bbox 1997 1350 3670 1427">
     <span class='ocr_line' id='line_1_24' title="bbox 1997 1350 3670 1427; baseline 0.003 -23"><span class='ocrx_word' id='word_1_156' title='bbox 1997 1350 2600 1422; x_wconf 87' lang='lat' dir='ltr'><strong>meipsum,tanquam</strong></span> <span class='ocrx_word' id='word_1_157' title='bbox 2636 1353 2938 1423; x_wconf 88' lang='lat' dir='ltr'><strong>proprium</strong></span> <span class='ocrx_word' id='word_1_158' title='bbox 2971 1357 3334 1420; x_wconf 88' lang='lat' dir='ltr'><strong>servum,tuo</strong></span> <span class='ocrx_word' id='word_1_159' title='bbox 3367 1354 3670 1427; x_wconf 84' lang='lat' dir='ltr'><strong>mancipa-</strong></span> 
     </span>
    </p>
   </div>
   <div class='ocr_carea' id='block_1_25' title="bbox 1997 1437 3668 1512">
    <p class='ocr_par' dir='ltr' id='par_1_25' title="bbox 1997 1437 3668 1512">
     <span class='ocr_line' id='line_1_25' title="bbox 1997 1437 3668 1512; baseline 0.004 -18"><span class='ocrx_word' id='word_1_160' title='bbox 1997 1437 2085 1494; x_wconf 89' lang='lat' dir='ltr'><strong>tui</strong></span> <span class='ocrx_word' id='word_1_161' title='bbox 2115 1440 2301 1495; x_wconf 87' lang='lat' dir='ltr'><strong>trado.</strong></span> <span class='ocrx_word' id='word_1_162' title='bbox 2335 1440 2462 1495; x_wconf 66' lang='lat' dir='ltr'><strong>Haec</strong></span> <span class='ocrx_word' id='word_1_163' title='bbox 2486 1441 2556 1496; x_wconf 88' lang='lat' dir='ltr'><strong>de</strong></span> <span class='ocrx_word' id='word_1_164' title='bbox 2578 1441 2831 1512; x_wconf 88' lang='lat' dir='ltr'><strong>pueritia</strong></span> <span class='ocrx_word' id='word_1_165' title='bbox 2851 1442 2978 1512; x_wconf 91' lang='lat' dir='ltr'><strong>ejus</strong></span> <span class='ocrx_word' id='word_1_166' title='bbox 3002 1441 3158 1496; x_wconf 88' lang='lat' dir='ltr'><strong>dicta</strong></span> <span class='ocrx_word' id='word_1_167' title='bbox 3177 1441 3668 1511; x_wconf 82' lang='lat' dir='ltr'><strong>sufﬁciant,nunc</strong></span> 
     </span>
    </p>
   </div>
   <div class='ocr_carea' id='block_1_26' title="bbox 1997 1527 3665 1602">
    <p class='ocr_par' dir='ltr' id='par_1_26' title="bbox 1997 1527 3665 1602">
     <span class='ocr_line' id='line_1_26' title="bbox 1997 1527 3665 1602; baseline 0.004 -21"><span class='ocrx_word' id='word_1_168' title='bbox 1997 1527 2350 1584; x_wconf 86' lang='lat' dir='ltr'><strong>veniendum</strong></span> <span class='ocrx_word' id='word_1_169' title='bbox 2381 1533 2470 1583; x_wconf 91' lang='lat' dir='ltr'><strong>cst</strong></span> <span class='ocrx_word' id='word_1_170' title='bbox 2499 1529 2568 1584; x_wconf 91' lang='lat' dir='ltr'><strong>ad</strong></span> <span class='ocrx_word' id='word_1_171' title='bbox 2603 1529 2702 1584; x_wconf 89' lang='lat' dir='ltr'><strong>illa</strong></span> <span class='ocrx_word' id='word_1_172' title='bbox 2732 1531 3025 1602; x_wconf 70' lang='lat' dir='ltr'><strong>qum,jam</strong></span> <span class='ocrx_word' id='word_1_173' title='bbox 3055 1531 3112 1585; x_wconf 89' lang='lat' dir='ltr'><strong>in</strong></span> <span class='ocrx_word' id='word_1_174' title='bbox 3138 1529 3467 1602; x_wconf 89' lang='lat' dir='ltr'><strong>perfectiori</strong></span> <span class='ocrx_word' id='word_1_175' title='bbox 3491 1537 3665 1589; x_wconf 65' lang='lat' dir='ltr'><strong>aetate</strong></span> 
     </span>
    </p>
   </div>
   <div class='ocr_carea' id='block_1_27' title="bbox 2001 1616 3670 1690">
    <p class='ocr_par' dir='ltr' id='par_1_27' title="bbox 2001 1616 3670 1690">
     <span class='ocr_line' id='line_1_27' title="bbox 2001 1616 3670 1690; baseline 0.005 -22"><span class='ocrx_word' id='word_1_176' title='bbox 2001 1616 2227 1688; x_wconf 86' lang='lat' dir='ltr'><strong>positus</strong></span> <span class='ocrx_word' id='word_1_177' title='bbox 2278 1622 2335 1672; x_wconf 90' lang='lat' dir='ltr'><strong>et</strong></span> <span class='ocrx_word' id='word_1_178' title='bbox 2389 1617 2673 1690; x_wconf 77' lang='lat' dir='ltr'><strong>regimine</strong></span> <span class='ocrx_word' id='word_1_179' title='bbox 2727 1619 2974 1674; x_wconf 80' lang='lat' dir='ltr'><strong>abbatize</strong></span> <span class='ocrx_word' id='word_1_180' title='bbox 3034 1619 3364 1686; x_wconf 86' lang='lat' dir='ltr'><strong>decoratus,</strong></span> <span class='ocrx_word' id='word_1_181' title='bbox 3415 1619 3670 1677; x_wconf 90' lang='lat' dir='ltr'><strong>Domino</strong></span> 
     </span>
    </p>
   </div>
   <div class='ocr_carea' id='block_1_28' title="bbox 1999 1705 3672 1781">
    <p class='ocr_par' dir='ltr' id='par_1_28' title="bbox 1999 1705 3672 1781">
     <span class='ocr_line' id='line_1_28' title="bbox 1999 1705 3672 1781; baseline 0.004 -22"><span class='ocrx_word' id='word_1_182' title='bbox 1999 1709 2344 1776; x_wconf 86' lang='lat' dir='ltr'><strong>cooperante</strong></span> <span class='ocrx_word' id='word_1_183' title='bbox 2379 1706 2596 1761; x_wconf 83' lang='lat' dir='ltr'><strong>fecerit.</strong></span> <span class='ocrx_word' id='word_1_184' title='bbox 2627 1707 2844 1762; x_wconf 77' lang='lat' dir='ltr'><strong>Verum</strong></span> <span class='ocrx_word' id='word_1_185' title='bbox 2888 1705 3144 1779; x_wconf 90' lang='lat' dir='ltr'><strong>plurima</strong></span> <span class='ocrx_word' id='word_1_186' title='bbox 3186 1725 3314 1779; x_wconf 73' lang='lat' dir='ltr'><strong>quae</strong></span> <span class='ocrx_word' id='word_1_187' title='bbox 3362 1707 3420 1764; x_wconf 91' lang='lat' dir='ltr'><strong>in</strong></span> <span class='ocrx_word' id='word_1_188' title='bbox 3473 1709 3672 1781; x_wconf 89' lang='lat' dir='ltr'><strong>prima</strong></span> 
     </span>
    </p>
   </div>
   <div class='ocr_carea' id='block_1_29' title="bbox 2000 1793 3668 1866">
    <p class='ocr_par' dir='ltr' id='par_1_29' title="bbox 2000 1793 3668 1866">
     <span class='ocr_line' id='line_1_29' title="bbox 2000 1793 3668 1866; baseline 0.004 -18"><span class='ocrx_word' id='word_1_189' title='bbox 2000 1793 2186 1848; x_wconf 87' lang='lat' dir='ltr'><strong>fronte</strong></span> <span class='ocrx_word' id='word_1_190' title='bbox 2215 1793 2481 1850; x_wconf 91' lang='lat' dir='ltr'><strong>dicturus</strong></span> <span class='ocrx_word' id='word_1_191' title='bbox 2513 1812 2644 1850; x_wconf 90' lang='lat' dir='ltr'><strong>sum</strong></span> <span class='ocrx_word' id='word_1_192' title='bbox 2680 1795 2804 1866; x_wconf 88' lang='lat' dir='ltr'><strong>ipse</strong></span> <span class='ocrx_word' id='word_1_193' title='bbox 2837 1813 2950 1850; x_wconf 89' lang='lat' dir='ltr'><strong>non</strong></span> <span class='ocrx_word' id='word_1_194' title='bbox 2983 1796 3122 1861; x_wconf 86' lang='lat' dir='ltr'><strong>vidi,</strong></span> <span class='ocrx_word' id='word_1_195' title='bbox 3147 1797 3249 1851; x_wconf 91' lang='lat' dir='ltr'><strong>sed</strong></span> <span class='ocrx_word' id='word_1_196' title='bbox 3279 1797 3513 1853; x_wconf 87' lang='lat' dir='ltr'><strong>duobus</strong></span> <span class='ocrx_word' id='word_1_197' title='bbox 3539 1817 3668 1855; x_wconf 87' lang='lat' dir='ltr'><strong>mo-</strong></span> 
     </span>
    </p>
   </div>
   <div class='ocr_carea' id='block_1_30' title="bbox 2000 1881 3665 1956">
    <p class='ocr_par' dir='ltr' id='par_1_30' title="bbox 2000 1881 3665 1956">
     <span class='ocr_line' id='line_1_30' title="bbox 2000 1881 3665 1956; baseline 0.004 -20"><span class='ocrx_word' id='word_1_198' title='bbox 2000 1881 2206 1937; x_wconf 84' lang='lat' dir='ltr'><strong>nachis</strong></span> <span class='ocrx_word' id='word_1_199' title='bbox 2227 1882 2551 1952; x_wconf 85' lang='lat' dir='ltr'><strong>cjus,Petro</strong></span> <span class='ocrx_word' id='word_1_200' title='bbox 2575 1884 2840 1939; x_wconf 87' lang='lat' dir='ltr'><strong>videlicet</strong></span> <span class='ocrx_word' id='word_1_201' title='bbox 2863 1885 3200 1940; x_wconf 86' lang='lat' dir='ltr'><strong>monasterii</strong></span> <span class='ocrx_word' id='word_1_202' title='bbox 3225 1886 3410 1941; x_wconf 88' lang='lat' dir='ltr'><strong>sancti</strong></span> <span class='ocrx_word' id='word_1_203' title='bbox 3441 1887 3665 1956; x_wconf 85' lang='lat' dir='ltr'><strong>Maioli,</strong></span> 
     </span>
    </p>
   </div>
   <div class='ocr_carea' id='block_1_31' title="bbox 2001 1970 3665 2044">
    <p class='ocr_par' dir='ltr' id='par_1_31' title="bbox 2001 1970 3665 2044">
     <span class='ocr_line' id='line_1_31' title="bbox 2001 1970 3665 2044; baseline 0.004 -20"><span class='ocrx_word' id='word_1_204' title='bbox 2001 1970 2156 2042; x_wconf 90' lang='lat' dir='ltr'><strong>quod</strong></span> <span class='ocrx_word' id='word_1_205' title='bbox 2189 1970 2344 2042; x_wconf 88' lang='lat' dir='ltr'><strong>apud</strong></span> <span class='ocrx_word' id='word_1_206' title='bbox 2380 1971 2616 2042; x_wconf 85' lang='lat' dir='ltr'><strong>Papiam</strong></span> <span class='ocrx_word' id='word_1_207' title='bbox 2646 1976 2735 2028; x_wconf 87' lang='lat' dir='ltr'><strong>est</strong></span> <span class='ocrx_word' id='word_1_208' title='bbox 2766 1972 3096 2044; x_wconf 74' lang='lat' dir='ltr'><strong>praeposito,</strong></span> <span class='ocrx_word' id='word_1_209' title='bbox 3116 1973 3240 2029; x_wconf 92' lang='lat' dir='ltr'><strong>viro</strong></span> <span class='ocrx_word' id='word_1_210' title='bbox 3271 1973 3497 2030; x_wconf 88' lang='lat' dir='ltr'><strong>scilicet</strong></span> <span class='ocrx_word' id='word_1_211' title='bbox 3527 1975 3665 2032; x_wconf 82' lang='lat' dir='ltr'><strong>reli-</strong></span> 
     </span>
    </p>
   </div>
   <div class='ocr_carea' id='block_1_32' title="bbox 2002 2057 3670 2138">
    <p class='ocr_par' dir='ltr' id='par_1_32' title="bbox 2002 2057 3670 2138">
     <span class='ocr_line' id='line_1_32' title="bbox 2002 2057 3670 2138; baseline 0.005 -26"><span class='ocrx_word' id='word_1_212' title='bbox 2002 2057 2165 2131; x_wconf 85' lang='lat' dir='ltr'><strong>gioso</strong></span> <span class='ocrx_word' id='word_1_213' title='bbox 2196 2064 2251 2113; x_wconf 89' lang='lat' dir='ltr'><strong>et</strong></span> <span class='ocrx_word' id='word_1_214' title='bbox 2281 2060 2423 2130; x_wconf 82' lang='lat' dir='ltr'><strong>Syro</strong></span> <span class='ocrx_word' id='word_1_215' title='bbox 2456 2059 2570 2130; x_wconf 69' lang='lat'>(46)</span> <span class='ocrx_word' id='word_1_216' title='bbox 2601 2061 2913 2131; x_wconf 89' lang='lat' dir='ltr'><strong>cujusdam</strong></span> <span class='ocrx_word' id='word_1_217' title='bbox 2947 2061 3289 2116; x_wconf 88' lang='lat' dir='ltr'><strong>monasterii</strong></span> <span class='ocrx_word' id='word_1_218' title='bbox 3321 2063 3670 2138; x_wconf 89' lang='lat' dir='ltr'><strong>abbate,per</strong></span> 
     </span>
    </p>
   </div>
   <div class='ocr_carea' id='block_1_33' title="bbox 2002 2147 3671 2222">
    <p class='ocr_par' dir='ltr' id='par_1_33' title="bbox 2002 2147 3671 2222">
     <span class='ocr_line' id='line_1_33' title="bbox 2002 2147 3671 2222; baseline 0.004 -20"><span class='ocrx_word' id='word_1_219' title='bbox 2002 2147 2439 2202; x_wconf 85' lang='lat' dir='ltr'><strong>adnotationem</strong></span> <span class='ocrx_word' id='word_1_220' title='bbox 2476 2148 2672 2204; x_wconf 85' lang='lat' dir='ltr'><strong>fratris</strong></span> <span class='ocrx_word' id='word_1_221' title='bbox 2709 2148 2966 2215; x_wconf 81' lang='lat' dir='ltr'><strong>l’osonis,</strong></span> <span class='ocrx_word' id='word_1_222' title='bbox 2991 2149 3152 2204; x_wconf 64' lang='lat' dir='ltr'><strong>mirae</strong></span> <span class='ocrx_word' id='word_1_223' title='bbox 3185 2149 3583 2222; x_wconf 85' lang='lat' dir='ltr'><strong>simplicitatis</strong></span> <span class='ocrx_word' id='word_1_224' title='bbox 3609 2159 3671 2209; x_wconf 84' lang='lat' dir='ltr'><strong>et</strong></span> 
     </span>
    </p>
   </div>
   <div class='ocr_carea' id='block_1_34' title="bbox 240 2234 3672 2340">
    <p class='ocr_par' dir='ltr' id='par_1_34' title="bbox 240 2234 3672 2340">
     <span class='ocr_line' id='line_1_34' title="bbox 240 2234 3672 2340; baseline -0.001 -37"><span class='ocrx_word' id='word_1_225' title='bbox 240 2250 376 2304; x_wconf 84' lang='lat' dir='ltr'><strong>ante</strong></span> <span class='ocrx_word' id='word_1_226' title='bbox 400 2245 614 2301; x_wconf 87' lang='lat' dir='ltr'><strong>ostium</strong></span> <span class='ocrx_word' id='word_1_227' title='bbox 643 2243 907 2314; x_wconf 90' lang='lat' dir='ltr'><strong>ejusdem</strong></span> <span class='ocrx_word' id='word_1_228' title='bbox 941 2240 1215 2297; x_wconf 63' lang='lat' dir='ltr'><strong>ecclesiis.</strong></span> <span class='ocrx_word' id='word_1_229' title='bbox 1249 2242 1424 2295; x_wconf 86' lang='lat' dir='ltr'><strong>Erant</strong></span> <span class='ocrx_word' id='word_1_230' title='bbox 1454 2243 1648 2295; x_wconf 89' lang='lat' dir='ltr'><strong>autem</strong></span> <span class='ocrx_word' id='word_1_231' title='bbox 1681 2240 1893 2294; x_wconf 89' lang='lat' dir='ltr'><strong>domus</strong></span> <span class='ocrx_word' id='word_1_232' title='bbox 1924 2275 1972 2340; x_wconf 82' lang='lat' dir='ltr'><strong>B</strong></span> <span class='ocrx_word' id='word_1_233' title='bbox 2003 2234 2348 2290; x_wconf 74' lang='lat' dir='ltr'><strong>innocentim</strong></span> <span class='ocrx_word' id='word_1_234' title='bbox 2373 2237 2824 2302; x_wconf 87' lang='lat' dir='ltr'><strong>monachi,sicut</strong></span> <span class='ocrx_word' id='word_1_235' title='bbox 2846 2255 3184 2309; x_wconf 83' lang='lat' dir='ltr'><strong>rogaveram</strong></span> <span class='ocrx_word' id='word_1_236' title='bbox 3210 2239 3352 2294; x_wconf 90' lang='lat' dir='ltr'><strong>dum</strong></span> <span class='ocrx_word' id='word_1_237' title='bbox 3377 2240 3486 2296; x_wconf 91' lang='lat' dir='ltr'><strong>hoc</strong></span> <span class='ocrx_word' id='word_1_238' title='bbox 3513 2258 3672 2314; x_wconf 85' lang='lat' dir='ltr'><strong>Opus</strong></span> 
     </span>
    </p>
   </div>
   <div class='ocr_carea' id='block_1_35' title="bbox 240 2329 1892 2406">
    <p class='ocr_par' dir='ltr' id='par_1_35' title="bbox 240 2329 1892 2406">
     <span class='ocr_line' id='line_1_35' title="bbox 240 2329 1892 2406; baseline -0.006 -16"><span class='ocrx_word' id='word_1_239' title='bbox 240 2335 575 2406; x_wconf 90' lang='lat' dir='ltr'><strong>adjacentes</strong></span> <span class='ocrx_word' id='word_1_240' title='bbox 603 2331 791 2389; x_wconf 89' lang='lat' dir='ltr'><strong>eidem</strong></span> <span class='ocrx_word' id='word_1_241' title='bbox 823 2329 1099 2397; x_wconf 71' lang='lat' dir='ltr'><strong>basilicaa,</strong></span> <span class='ocrx_word' id='word_1_242' title='bbox 1127 2329 1185 2383; x_wconf 93' lang='lat' dir='ltr'><strong>in</strong></span> <span class='ocrx_word' id='word_1_243' title='bbox 1237 2329 1454 2399; x_wconf 87' lang='lat' dir='ltr'><strong>quibus</strong></span> <span class='ocrx_word' id='word_1_244' title='bbox 1502 2343 1739 2383; x_wconf 90' lang='lat' dir='ltr'><strong>necesse</strong></span> <span class='ocrx_word' id='word_1_245' title='bbox 1769 2331 1892 2381; x_wconf 89' lang='lat' dir='ltr'><strong>erat</strong></span> 
     </span>
    </p>
   </div>
   <div class='ocr_carea' id='block_1_36' title="bbox 238 2415 1892 2495">
    <p class='ocr_par' dir='ltr' id='par_1_36' title="bbox 238 2415 1892 2495">
     <span class='ocr_line' id='line_1_36' title="bbox 238 2415 1892 2495; baseline -0.006 -15"><span class='ocrx_word' id='word_1_246' title='bbox 238 2423 358 2480; x_wconf 85' lang='lat' dir='ltr'><strong>illis</strong></span> <span class='ocrx_word' id='word_1_247' title='bbox 387 2423 654 2495; x_wconf 65' lang='lat' dir='ltr'><strong>quaedam</strong></span> <span class='ocrx_word' id='word_1_248' title='bbox 681 2419 954 2476; x_wconf 85' lang='lat' dir='ltr'><strong>victualia</strong></span> <span class='ocrx_word' id='word_1_249' title='bbox 980 2434 1256 2491; x_wconf 62' lang='lat' dir='ltr'><strong>quaerere.</strong></span> <span class='ocrx_word' id='word_1_250' title='bbox 1286 2417 1436 2472; x_wconf 91' lang='lat' dir='ltr'><strong>Dum</strong></span> <span class='ocrx_word' id='word_1_251' title='bbox 1486 2433 1620 2472; x_wconf 86' lang='lat' dir='ltr'><strong>vero</strong></span> <span class='ocrx_word' id='word_1_252' title='bbox 1668 2415 1892 2470; x_wconf 89' lang='lat' dir='ltr'><strong>diutius</strong></span> 
     </span>
    </p>
   </div>
   <div class='ocr_carea' id='block_1_37' title="bbox 240 2503 1890 2582">
    <p class='ocr_par' dir='ltr' id='par_1_37' title="bbox 240 2503 1890 2582">
     <span class='ocr_line' id='line_1_37' title="bbox 240 2503 1890 2582; baseline -0.005 -15"><span class='ocrx_word' id='word_1_253' title='bbox 240 2512 300 2567; x_wconf 89' lang='lat' dir='ltr'><strong>in</strong></span> <span class='ocrx_word' id='word_1_254' title='bbox 331 2510 426 2568; x_wconf 90' lang='lat' dir='ltr'><strong>his</strong></span> <span class='ocrx_word' id='word_1_255' title='bbox 455 2507 1128 2582; x_wconf 88' lang='lat' dir='ltr'><strong>implicarentur,videns</strong></span> <span class='ocrx_word' id='word_1_256' title='bbox 1149 2522 1213 2561; x_wconf 89' lang='lat' dir='ltr'><strong>se</strong></span> <span class='ocrx_word' id='word_1_257' title='bbox 1231 2522 1373 2577; x_wconf 87' lang='lat' dir='ltr'><strong>puer</strong></span> <span class='ocrx_word' id='word_1_258' title='bbox 1388 2503 1577 2560; x_wconf 84' lang='lat' dir='ltr'><strong>solum</strong></span> <span class='ocrx_word' id='word_1_259' title='bbox 1599 2504 1890 2571; x_wconf 90' lang='lat' dir='ltr'><strong>relictum,</strong></span> 
     </span>
    </p>
   </div>
   <div class='ocr_carea' id='block_1_38' title="bbox 237 2592 1894 2672">
    <p class='ocr_par' dir='ltr' id='par_1_38' title="bbox 237 2592 1894 2672">
     <span class='ocr_line' id='line_1_38' title="bbox 237 2592 1894 2672; baseline -0.006 -16"><span class='ocrx_word' id='word_1_260' title='bbox 237 2599 622 2672; x_wconf 86' lang='lat' dir='ltr'><strong>inspiratione</strong></span> <span class='ocrx_word' id='word_1_261' title='bbox 647 2597 844 2652; x_wconf 88' lang='lat' dir='ltr'><strong>divina</strong></span> <span class='ocrx_word' id='word_1_262' title='bbox 885 2599 1187 2661; x_wconf 86' lang='lat' dir='ltr'><strong>attractus,</strong></span> <span class='ocrx_word' id='word_1_263' title='bbox 1220 2594 1393 2666; x_wconf 72' lang='lat' dir='ltr'><strong>cmpit</strong></span> <span class='ocrx_word' id='word_1_264' title='bbox 1439 2597 1664 2648; x_wconf 89' lang='lat' dir='ltr'><strong>tentare</strong></span> <span class='ocrx_word' id='word_1_265' title='bbox 1695 2592 1745 2647; x_wconf 91' lang='lat' dir='ltr'><strong>si</strong></span> <span class='ocrx_word' id='word_1_266' title='bbox 1778 2609 1894 2664; x_wconf 93' lang='lat' dir='ltr'><strong>quo</strong></span> 
     </span>
    </p>
   </div>
   <div class='ocr_carea' id='block_1_39' title="bbox 241 2680 1892 2758">
    <p class='ocr_par' dir='ltr' id='par_1_39' title="bbox 241 2680 1892 2758">
     <span class='ocr_line' id='line_1_39' title="bbox 241 2680 1892 2758; baseline -0.006 -13"><span class='ocrx_word' id='word_1_267' title='bbox 241 2688 414 2744; x_wconf 89' lang='lat' dir='ltr'><strong>modo</strong></span> <span class='ocrx_word' id='word_1_268' title='bbox 445 2687 518 2744; x_wconf 88' lang='lat' dir='ltr'><strong>ad</strong></span> <span class='ocrx_word' id='word_1_269' title='bbox 549 2685 767 2742; x_wconf 90' lang='lat' dir='ltr'><strong>ostium</strong></span> <span class='ocrx_word' id='word_1_270' title='bbox 799 2688 997 2758; x_wconf 87' lang='lat' dir='ltr'><strong>posset</strong></span> <span class='ocrx_word' id='word_1_271' title='bbox 1025 2682 1316 2749; x_wconf 87' lang='lat' dir='ltr'><strong>accedere,</strong></span> <span class='ocrx_word' id='word_1_272' title='bbox 1350 2685 1408 2737; x_wconf 91' lang='lat' dir='ltr'><strong>et</strong></span> <span class='ocrx_word' id='word_1_273' title='bbox 1455 2680 1760 2737; x_wconf 88' lang='lat' dir='ltr'><strong>ecclesiam</strong></span> <span class='ocrx_word' id='word_1_274' title='bbox 1792 2680 1892 2736; x_wconf 88' lang='lat' dir='ltr'><strong>Dei</strong></span> 
     </span>
    </p>
   </div>
   <div class='ocr_carea' id='block_1_40' title="bbox 240 2771 1892 2845">
    <p class='ocr_par' dir='ltr' id='par_1_40' title="bbox 240 2771 1892 2845">
     <span class='ocr_line' id='line_1_40' title="bbox 240 2771 1892 2845; baseline -0.005 -12"><span class='ocrx_word' id='word_1_275' title='bbox 240 2775 549 2833; x_wconf 87' lang='lat' dir='ltr'><strong>Genitricis</strong></span> <span class='ocrx_word' id='word_1_276' title='bbox 573 2774 810 2831; x_wconf 89' lang='lat' dir='ltr'><strong>intrare.</strong></span> <span class='ocrx_word' id='word_1_277' title='bbox 843 2775 1043 2845; x_wconf 88' lang='lat' dir='ltr'><strong>Itaque</strong></span> <span class='ocrx_word' id='word_1_278' title='bbox 1072 2771 1286 2826; x_wconf 90' lang='lat' dir='ltr'><strong>virtute</strong></span> <span class='ocrx_word' id='word_1_279' title='bbox 1325 2787 1442 2842; x_wconf 90' lang='lat' dir='ltr'><strong>qua</strong></span> <span class='ocrx_word' id='word_1_280' title='bbox 1487 2774 1733 2842; x_wconf 88' lang='lat' dir='ltr'><strong>poterat,</strong></span> <span class='ocrx_word' id='word_1_281' title='bbox 1765 2786 1892 2824; x_wconf 86' lang='lat' dir='ltr'><strong>ma-</strong></span> 
     </span>
    </p>
   </div>
   <div class='ocr_carea' id='block_1_41' title="bbox 239 2857 1890 2936">
    <p class='ocr_par' dir='ltr' id='par_1_41' title="bbox 239 2857 1890 2936">
     <span class='ocr_line' id='line_1_41' title="bbox 239 2857 1890 2936; baseline -0.005 -15"><span class='ocrx_word' id='word_1_282' title='bbox 239 2865 416 2922; x_wconf 91' lang='lat' dir='ltr'><strong>nibus</strong></span> <span class='ocrx_word' id='word_1_283' title='bbox 447 2869 504 2920; x_wconf 89' lang='lat' dir='ltr'><strong>et</strong></span> <span class='ocrx_word' id='word_1_284' title='bbox 534 2862 782 2936; x_wconf 88' lang='lat' dir='ltr'><strong>pedibus</strong></span> <span class='ocrx_word' id='word_1_285' title='bbox 816 2859 1344 2934; x_wconf 87' lang='lat' dir='ltr'><strong>reptando,ostium</strong></span> <span class='ocrx_word' id='word_1_286' title='bbox 1369 2857 1890 2929; x_wconf 85' lang='lat' dir='ltr'><strong>attigit,ecclesiam</strong></span> 
     </span>
    </p>
   </div>
   <div class='ocr_carea' id='block_1_42' title="bbox 237 2945 1892 3021">
    <p class='ocr_par' dir='ltr' id='par_1_42' title="bbox 237 2945 1892 3021">
     <span class='ocr_line' id='line_1_42' title="bbox 237 2945 1892 3021; baseline -0.004 -13"><span class='ocrx_word' id='word_1_287' title='bbox 237 2953 498 3020; x_wconf 87' lang='lat' dir='ltr'><strong>intravit,</strong></span> <span class='ocrx_word' id='word_1_288' title='bbox 533 2953 605 3008; x_wconf 89' lang='lat' dir='ltr'><strong>ad</strong></span> <span class='ocrx_word' id='word_1_289' title='bbox 651 2950 831 3007; x_wconf 86' lang='lat' dir='ltr'><strong>altare</strong></span> <span class='ocrx_word' id='word_1_290' title='bbox 880 2965 1067 3021; x_wconf 88' lang='lat' dir='ltr'><strong>usque</strong></span> <span class='ocrx_word' id='word_1_291' title='bbox 1115 2948 1396 3021; x_wconf 88' lang='lat' dir='ltr'><strong>pervenit,</strong></span> <span class='ocrx_word' id='word_1_292' title='bbox 1426 2945 1640 3020; x_wconf 89' lang='lat' dir='ltr'><strong>pallam</strong></span> <span class='ocrx_word' id='word_1_293' title='bbox 1689 2945 1892 3002; x_wconf 87' lang='lat' dir='ltr'><strong>altaris</strong></span> 
     </span>
    </p>
   </div>
   <div class='ocr_carea' id='block_1_43' title="bbox 240 3035 1891 3112">
    <p class='ocr_par' dir='ltr' id='par_1_43' title="bbox 240 3035 1891 3112">
     <span class='ocr_line' id='line_1_43' title="bbox 240 3035 1891 3112; baseline -0.004 -14"><span class='ocrx_word' id='word_1_294' title='bbox 240 3042 516 3098; x_wconf 88' lang='lat' dir='ltr'><strong>manibus</strong></span> <span class='ocrx_word' id='word_1_295' title='bbox 547 3039 826 3112; x_wconf 87' lang='lat' dir='ltr'><strong>arripuit;</strong></span> <span class='ocrx_word' id='word_1_296' title='bbox 860 3039 1070 3093; x_wconf 90' lang='lat' dir='ltr'><strong>deinde</strong></span> <span class='ocrx_word' id='word_1_297' title='bbox 1117 3054 1350 3093; x_wconf 89' lang='lat' dir='ltr'><strong>summo</strong></span> <span class='ocrx_word' id='word_1_298' title='bbox 1399 3036 1705 3091; x_wconf 90' lang='lat' dir='ltr'><strong>conamine</strong></span> <span class='ocrx_word' id='word_1_299' title='bbox 1753 3035 1891 3092; x_wconf 90' lang='lat' dir='ltr'><strong>bra-</strong></span> 
     </span>
    </p>
   </div>
   <div class='ocr_carea' id='block_1_44' title="bbox 238 3125 1891 3202">
    <p class='ocr_par' dir='ltr' id='par_1_44' title="bbox 238 3125 1891 3202">
     <span class='ocr_line' id='line_1_44' title="bbox 238 3125 1891 3202; baseline -0.004 -15"><span class='ocrx_word' id='word_1_300' title='bbox 238 3130 387 3187; x_wconf 90' lang='lat' dir='ltr'><strong>chiis</strong></span> <span class='ocrx_word' id='word_1_301' title='bbox 414 3130 472 3186; x_wconf 91' lang='lat' dir='ltr'><strong>in</strong></span> <span class='ocrx_word' id='word_1_302' title='bbox 501 3129 682 3185; x_wconf 88' lang='lat' dir='ltr'><strong>altum</strong></span> <span class='ocrx_word' id='word_1_303' title='bbox 711 3127 1002 3202; x_wconf 86' lang='lat' dir='ltr'><strong>protensis</strong></span> <span class='ocrx_word' id='word_1_304' title='bbox 1028 3143 1266 3198; x_wconf 83' lang='lat' dir='ltr'><strong>surgere</strong></span> <span class='ocrx_word' id='word_1_305' title='bbox 1296 3125 1636 3190; x_wconf 89' lang='lat' dir='ltr'><strong>conabatur,</strong></span> <span class='ocrx_word' id='word_1_306' title='bbox 1667 3125 1766 3180; x_wconf 89' lang='lat' dir='ltr'><strong>sed</strong></span> <span class='ocrx_word' id='word_1_307' title='bbox 1793 3142 1891 3180; x_wconf 91' lang='lat' dir='ltr'><strong>no-</strong></span> 
     </span>
    </p>
   </div>
   <div class='ocr_carea' id='block_1_45' title="bbox 238 3211 1886 3290">
    <p class='ocr_par' dir='ltr' id='par_1_45' title="bbox 238 3211 1886 3290">
     <span class='ocr_line' id='line_1_45' title="bbox 238 3211 1886 3290; baseline -0.004 -15"><span class='ocrx_word' id='word_1_308' title='bbox 238 3218 330 3275; x_wconf 90' lang='lat' dir='ltr'><strong>dis</strong></span> <span class='ocrx_word' id='word_1_309' title='bbox 349 3218 447 3274; x_wconf 91' lang='lat' dir='ltr'><strong>diu</strong></span> <span class='ocrx_word' id='word_1_310' title='bbox 468 3217 619 3274; x_wconf 85' lang='lat' dir='ltr'><strong>male</strong></span> <span class='ocrx_word' id='word_1_311' title='bbox 635 3217 830 3290; x_wconf 88' lang='lat' dir='ltr'><strong>ligatis</strong></span> <span class='ocrx_word' id='word_1_312' title='bbox 845 3213 1378 3272; x_wconf 80' lang='lat' dir='ltr'><strong>retinebatur.Vicit</strong></span> <span class='ocrx_word' id='word_1_313' title='bbox 1393 3213 1628 3269; x_wconf 89' lang='lat' dir='ltr'><strong>tandem</strong></span> <span class='ocrx_word' id='word_1_314' title='bbox 1643 3211 1886 3283; x_wconf 84' lang='lat' dir='ltr'><strong>[al.cod.,</strong></span> 
     </span>
    </p>
   </div>
   <div class='ocr_carea' id='block_1_46' title="bbox 237 3301 1890 3379">
    <p class='ocr_par' dir='ltr' id='par_1_46' title="bbox 237 3301 1890 3379">
     <span class='ocr_line' id='line_1_46' title="bbox 237 3301 1890 3379; baseline -0.005 -15"><span class='ocrx_word' id='word_1_315' title='bbox 237 3309 456 3379; x_wconf 88' lang='lat' dir='ltr'><strong>tamen[</strong></span> <span class='ocrx_word' id='word_1_316' title='bbox 491 3307 688 3362; x_wconf 87' lang='lat' dir='ltr'><strong>divina</strong></span> <span class='ocrx_word' id='word_1_317' title='bbox 711 3305 919 3372; x_wconf 88' lang='lat' dir='ltr'><strong>virtus,</strong></span> <span class='ocrx_word' id='word_1_318' title='bbox 954 3303 1359 3374; x_wconf 88' lang='lat' dir='ltr'><strong>redintegrans</strong></span> <span class='ocrx_word' id='word_1_319' title='bbox 1384 3301 1548 3374; x_wconf 90' lang='lat' dir='ltr'><strong>pueri</strong></span> <span class='ocrx_word' id='word_1_320' title='bbox 1579 3301 1890 3373; x_wconf 88' lang='lat' dir='ltr'><strong>languidos</strong></span> 
     </span>
    </p>
   </div>
   <div class='ocr_carea' id='block_1_47' title="bbox 240 3389 1888 3468">
    <p class='ocr_par' dir='ltr' id='par_1_47' title="bbox 240 3389 1888 3468">
     <span class='ocr_line' id='line_1_47' title="bbox 240 3389 1888 3468; baseline -0.004 -18"><span class='ocrx_word' id='word_1_321' title='bbox 240 3400 604 3468; x_wconf 87' lang='lat' dir='ltr'><strong>artus,atque</strong></span> <span class='ocrx_word' id='word_1_322' title='bbox 627 3393 880 3449; x_wconf 85' lang='lat' dir='ltr'><strong>mirabili</strong></span> <span class='ocrx_word' id='word_1_323' title='bbox 905 3393 1080 3448; x_wconf 92' lang='lat' dir='ltr'><strong>modo</strong></span> <span class='ocrx_word' id='word_1_324' title='bbox 1101 3391 1201 3446; x_wconf 90' lang='lat' dir='ltr'><strong>Dei</strong></span> <span class='ocrx_word' id='word_1_325' title='bbox 1230 3389 1540 3446; x_wconf 89' lang='lat' dir='ltr'><strong>Genitricis</strong></span> <span class='ocrx_word' id='word_1_326' title='bbox 1561 3390 1888 3444; x_wconf 88' lang='lat' dir='ltr'><strong>interventu</strong></span> 
     </span>
    </p>
   </div>
   <div class='ocr_carea' id='block_1_48' title="bbox 241 3477 1887 3555">
    <p class='ocr_par' dir='ltr' id='par_1_48' title="bbox 241 3477 1887 3555">
     <span class='ocr_line' id='line_1_48' title="bbox 241 3477 1887 3555; baseline -0.005 -16"><span class='ocrx_word' id='word_1_327' title='bbox 241 3483 452 3555; x_wconf 87' lang='lat' dir='ltr'><strong>surgit,</strong></span> <span class='ocrx_word' id='word_1_328' title='bbox 483 3487 541 3537; x_wconf 88' lang='lat' dir='ltr'><strong>et</strong></span> <span class='ocrx_word' id='word_1_329' title='bbox 585 3485 704 3536; x_wconf 87' lang='lat' dir='ltr'><strong>stat</strong></span> <span class='ocrx_word' id='word_1_330' title='bbox 747 3497 926 3552; x_wconf 88' lang='lat' dir='ltr'><strong>super</strong></span> <span class='ocrx_word' id='word_1_331' title='bbox 972 3480 1149 3551; x_wconf 84' lang='lat' dir='ltr'><strong>pedes</strong></span> <span class='ocrx_word' id='word_1_332' title='bbox 1199 3495 1402 3542; x_wconf 88' lang='lat' dir='ltr'><strong>sanus,</strong></span> <span class='ocrx_word' id='word_1_333' title='bbox 1434 3480 1493 3532; x_wconf 89' lang='lat' dir='ltr'><strong>et</strong></span> <span class='ocrx_word' id='word_1_334' title='bbox 1537 3477 1597 3532; x_wconf 94' lang='lat' dir='ltr'><strong>in</strong></span> <span class='ocrx_word' id='word_1_335' title='bbox 1641 3477 1887 3532; x_wconf 89' lang='lat' dir='ltr'><strong>circuitu</strong></span> 
     </span>
    </p>
   </div>
   <div class='ocr_carea' id='block_1_49' title="bbox 241 3564 1887 3638">
    <p class='ocr_par' dir='ltr' id='par_1_49' title="bbox 241 3564 1887 3638">
     <span class='ocr_line' id='line_1_49' title="bbox 241 3564 1887 3638; baseline -0.004 -12"><span class='ocrx_word' id='word_1_336' title='bbox 241 3570 439 3626; x_wconf 88' lang='lat' dir='ltr'><strong>altaris</strong></span> <span class='ocrx_word' id='word_1_337' title='bbox 469 3569 577 3624; x_wconf 89' lang='lat' dir='ltr'><strong>hac</strong></span> <span class='ocrx_word' id='word_1_338' title='bbox 628 3567 876 3638; x_wconf 88' lang='lat' dir='ltr'><strong>illacque</strong></span> <span class='ocrx_word' id='word_1_339' title='bbox 925 3566 1222 3621; x_wconf 88' lang='lat' dir='ltr'><strong>discurrit.</strong></span> <span class='ocrx_word' id='word_1_340' title='bbox 1256 3564 1506 3620; x_wconf 89' lang='lat' dir='ltr'><strong>Clientes</strong></span> <span class='ocrx_word' id='word_1_341' title='bbox 1553 3581 1686 3621; x_wconf 90' lang='lat' dir='ltr'><strong>vero</strong></span> <span class='ocrx_word' id='word_1_342' title='bbox 1730 3570 1887 3637; x_wconf 90' lang='lat' dir='ltr'><strong>post-</strong></span> 
     </span>
    </p>
   </div>
   <div class='ocr_carea' id='block_1_50' title="bbox 2003 2323 3670 2403">
    <p class='ocr_par' dir='ltr' id='par_1_50' title="bbox 2003 2323 3670 2403">
     <span class='ocr_line' id='line_1_50' title="bbox 2003 2323 3670 2403; baseline 0.005 -26"><span class='ocrx_word' id='word_1_343' title='bbox 2003 2323 2342 2395; x_wconf 89' lang='lat' dir='ltr'><strong>inciperem,</strong></span> <span class='ocrx_word' id='word_1_344' title='bbox 2377 2326 2764 2380; x_wconf 83' lang='lat' dir='ltr'><strong>referentibus</strong></span> <span class='ocrx_word' id='word_1_345' title='bbox 2795 2327 3292 2398; x_wconf 88' lang='lat' dir='ltr'><strong>agnovi.Fuerunt</strong></span> <span class='ocrx_word' id='word_1_346' title='bbox 3321 2328 3477 2384; x_wconf 89' lang='lat' dir='ltr'><strong>enim</strong></span> <span class='ocrx_word' id='word_1_347' title='bbox 3515 2347 3670 2403; x_wconf 62' lang='lat' dir='ltr'><strong>pra:-</strong></span> 
     </span>
    </p>
   </div>
   <div class='ocr_carea' id='block_1_51' title="bbox 2003 2411 3669 2487">
    <p class='ocr_par' dir='ltr' id='par_1_51' title="bbox 2003 2411 3669 2487">
     <span class='ocr_line' id='line_1_51' title="bbox 2003 2411 3669 2487; baseline 0.005 -21"><span class='ocrx_word' id='word_1_348' title='bbox 2003 2411 2143 2466; x_wconf 89' lang='lat' dir='ltr'><strong>dicti</strong></span> <span class='ocrx_word' id='word_1_349' title='bbox 2178 2412 2385 2468; x_wconf 87' lang='lat' dir='ltr'><strong>fratres</strong></span> <span class='ocrx_word' id='word_1_350' title='bbox 2419 2414 2750 2484; x_wconf 87' lang='lat' dir='ltr'><strong>probabiles</strong></span> <span class='ocrx_word' id='word_1_351' title='bbox 2781 2415 2908 2481; x_wconf 89' lang='lat' dir='ltr'><strong>viri,</strong></span> <span class='ocrx_word' id='word_1_352' title='bbox 2944 2415 3128 2487; x_wconf 88' lang='lat' dir='ltr'><strong>patris</strong></span> <span class='ocrx_word' id='word_1_353' title='bbox 3161 2416 3423 2474; x_wconf 89' lang='lat' dir='ltr'><strong>0dilonis</strong></span> <span class='ocrx_word' id='word_1_354' title='bbox 3453 2419 3669 2475; x_wconf 83' lang='lat' dir='ltr'><strong>admo-</strong></span> 
     </span>
    </p>
   </div>
   <div class='ocr_carea' id='block_1_52' title="bbox 2004 2500 3670 2580">
    <p class='ocr_par' dir='ltr' id='par_1_52' title="bbox 2004 2500 3670 2580">
     <span class='ocr_line' id='line_1_52' title="bbox 2004 2500 3670 2580; baseline 0.005 -26"><span class='ocrx_word' id='word_1_355' title='bbox 2004 2500 2145 2555; x_wconf 92' lang='lat' dir='ltr'><strong>dum</strong></span> <span class='ocrx_word' id='word_1_356' title='bbox 2178 2500 3009 2568; x_wconf 89' lang='lat' dir='ltr'><strong>familiarissimi,sccretorum</strong></span> <span class='ocrx_word' id='word_1_357' title='bbox 3040 2503 3217 2560; x_wconf 88' lang='lat' dir='ltr'><strong>ctiam</strong></span> <span class='ocrx_word' id='word_1_358' title='bbox 3250 2503 3409 2562; x_wconf 90' lang='lat' dir='ltr'><strong>illius</strong></span> <span class='ocrx_word' id='word_1_359' title='bbox 3435 2505 3495 2562; x_wconf 93' lang='lat' dir='ltr'><strong>in</strong></span> <span class='ocrx_word' id='word_1_360' title='bbox 3528 2507 3670 2580; x_wconf 90' lang='lat' dir='ltr'><strong>plu-</strong></span> 
     </span>
    </p>
   </div>
   <div class='ocr_carea' id='block_1_53' title="bbox 2004 2587 3674 2665">
    <p class='ocr_par' dir='ltr' id='par_1_53' title="bbox 2004 2587 3674 2665">
     <span class='ocr_line' id='line_1_53' title="bbox 2004 2587 3674 2665; baseline 0.007 -24"><span class='ocrx_word' id='word_1_361' title='bbox 2004 2587 2168 2644; x_wconf 88' lang='lat' dir='ltr'><strong>ribus</strong></span> <span class='ocrx_word' id='word_1_362' title='bbox 2199 2588 2438 2656; x_wconf 91' lang='lat' dir='ltr'><strong>conscii,</strong></span> <span class='ocrx_word' id='word_1_363' title='bbox 2469 2595 2525 2644; x_wconf 87' lang='lat' dir='ltr'><strong>et</strong></span> <span class='ocrx_word' id='word_1_364' title='bbox 2557 2589 2784 2646; x_wconf 88' lang='lat' dir='ltr'><strong>itineris</strong></span> <span class='ocrx_word' id='word_1_365' title='bbox 2814 2591 2901 2646; x_wconf 90' lang='lat' dir='ltr'><strong>vel</strong></span> <span class='ocrx_word' id='word_1_366' title='bbox 2931 2591 3149 2648; x_wconf 89' lang='lat' dir='ltr'><strong>laboris</strong></span> <span class='ocrx_word' id='word_1_367' title='bbox 3181 2610 3283 2665; x_wconf 91' lang='lat' dir='ltr'><strong>per</strong></span> <span class='ocrx_word' id='word_1_368' title='bbox 3307 2593 3493 2650; x_wconf 84' lang='lat' dir='ltr'><strong>multa</strong></span> <span class='ocrx_word' id='word_1_369' title='bbox 3523 2599 3674 2652; x_wconf 88' lang='lat' dir='ltr'><strong>tem-</strong></span> 
     </span>
    </p>
   </div>
   <div class='ocr_carea' id='block_1_54' title="bbox 2004 2677 3664 2755">
    <p class='ocr_par' dir='ltr' id='par_1_54' title="bbox 2004 2677 3664 2755">
     <span class='ocr_line' id='line_1_54' title="bbox 2004 2677 3664 2755; baseline 0.005 -24"><span class='ocrx_word' id='word_1_370' title='bbox 2004 2693 2146 2748; x_wconf 87' lang='lat' dir='ltr'><strong>pora</strong></span> <span class='ocrx_word' id='word_1_371' title='bbox 2171 2677 2334 2732; x_wconf 89' lang='lat' dir='ltr'><strong>socii.</strong></span> <span class='ocrx_word' id='word_1_372' title='bbox 2369 2679 2732 2750; x_wconf 88' lang='lat' dir='ltr'><strong>Quapropter</strong></span> <span class='ocrx_word' id='word_1_373' title='bbox 2761 2695 2828 2735; x_wconf 90' lang='lat' dir='ltr'><strong>ea</strong></span> <span class='ocrx_word' id='word_1_374' title='bbox 2857 2696 2986 2751; x_wconf 72' lang='lat' dir='ltr'><strong>qua:</strong></span> <span class='ocrx_word' id='word_1_375' title='bbox 3017 2681 3090 2735; x_wconf 89' lang='lat' dir='ltr'><strong>ab</strong></span> <span class='ocrx_word' id='word_1_376' title='bbox 3139 2680 3258 2738; x_wconf 88' lang='lat' dir='ltr'><strong>illis</strong></span> <span class='ocrx_word' id='word_1_377' title='bbox 3308 2683 3664 2755; x_wconf 88' lang='lat' dir='ltr'><strong>referuntur,</strong></span> 
     </span>
    </p>
   </div>
   <div class='ocr_carea' id='block_1_55' title="bbox 2004 2765 3667 2839">
    <p class='ocr_par' dir='ltr' id='par_1_55' title="bbox 2004 2765 3667 2839">
     <span class='ocr_line' id='line_1_55' title="bbox 2004 2765 3667 2839; baseline 0.005 -19"><span class='ocrx_word' id='word_1_378' title='bbox 2004 2769 2168 2820; x_wconf 89' lang='lat' dir='ltr'><strong>tanto</strong></span> <span class='ocrx_word' id='word_1_379' title='bbox 2196 2765 2498 2820; x_wconf 89' lang='lat' dir='ltr'><strong>credibilia</strong></span> <span class='ocrx_word' id='word_1_380' title='bbox 2519 2771 2908 2839; x_wconf 90' lang='lat' dir='ltr'><strong>sunt,quanto</strong></span> <span class='ocrx_word' id='word_1_381' title='bbox 2933 2767 3064 2824; x_wconf 89' lang='lat' dir='ltr'><strong>illos</strong></span> <span class='ocrx_word' id='word_1_382' title='bbox 3087 2769 3412 2827; x_wconf 89' lang='lat' dir='ltr'><strong>certissime</strong></span> <span class='ocrx_word' id='word_1_383' title='bbox 3433 2777 3667 2828; x_wconf 86' lang='lat' dir='ltr'><strong>constat</strong></span> 
     </span>
    </p>
   </div>
   <div class='ocr_carea' id='block_1_56' title="bbox 2005 2853 3662 2930">
    <p class='ocr_par' dir='ltr' id='par_1_56' title="bbox 2005 2853 3662 2930">
     <span class='ocr_line' id='line_1_56' title="bbox 2005 2853 3662 2930; baseline 0.005 -21"><span class='ocrx_word' id='word_1_384' title='bbox 2005 2870 2241 2910; x_wconf 88' lang='lat' dir='ltr'><strong>narrare</strong></span> <span class='ocrx_word' id='word_1_385' title='bbox 2272 2853 2373 2909; x_wconf 89' lang='lat' dir='ltr'><strong>illa</strong></span> <span class='ocrx_word' id='word_1_386' title='bbox 2403 2871 2530 2927; x_wconf 68' lang='lat' dir='ltr'><strong>quae</strong></span> <span class='ocrx_word' id='word_1_387' title='bbox 2553 2855 2737 2912; x_wconf 90' lang='lat' dir='ltr'><strong>oculis</strong></span> <span class='ocrx_word' id='word_1_388' title='bbox 2757 2857 3300 2926; x_wconf 88' lang='lat' dir='ltr'><strong>viderunt,auribus</strong></span> <span class='ocrx_word' id='word_1_389' title='bbox 3323 2861 3662 2930; x_wconf 89' lang='lat' dir='ltr'><strong>audierunt,</strong></span> 
     </span>
    </p>
   </div>
   <div class='ocr_carea' id='block_1_57' title="bbox 2003 2943 3664 3022">
    <p class='ocr_par' dir='ltr' id='par_1_57' title="bbox 2003 2943 3664 3022">
     <span class='ocr_line' id='line_1_57' title="bbox 2003 2943 3664 3022; baseline 0.007 -26"><span class='ocrx_word' id='word_1_390' title='bbox 2003 2943 2279 2998; x_wconf 88' lang='lat' dir='ltr'><strong>manibus</strong></span> <span class='ocrx_word' id='word_1_391' title='bbox 2309 2943 2486 2999; x_wconf 87' lang='lat' dir='ltr'><strong>etiam</strong></span> <span class='ocrx_word' id='word_1_392' title='bbox 2517 2948 3114 3018; x_wconf 87' lang='lat' dir='ltr'><strong>tractaverunt,atque</strong></span> <span class='ocrx_word' id='word_1_393' title='bbox 3135 2952 3200 3002; x_wconf 93' lang='lat' dir='ltr'><strong>ut</strong></span> <span class='ocrx_word' id='word_1_394' title='bbox 3221 2952 3377 3006; x_wconf 81' lang='lat' dir='ltr'><strong>certe</strong></span> <span class='ocrx_word' id='word_1_395' title='bbox 3399 2953 3664 3022; x_wconf 86' lang='lat' dir='ltr'><strong>tempore</strong></span> 
     </span>
    </p>
   </div>
   <div class='ocr_carea' id='block_1_58' title="bbox 2003 3031 3662 3109">
    <p class='ocr_par' dir='ltr' id='par_1_58' title="bbox 2003 3031 3662 3109">
     <span class='ocr_line' id='line_1_58' title="bbox 2003 3031 3662 3109; baseline 0.005 -23"><span class='ocrx_word' id='word_1_396' title='bbox 2003 3031 2174 3087; x_wconf 90' lang='lat' dir='ltr'><strong>nobis</strong></span> <span class='ocrx_word' id='word_1_397' title='bbox 2204 3037 2257 3086; x_wconf 94' lang='lat' dir='ltr'><strong>ct</strong></span> <span class='ocrx_word' id='word_1_398' title='bbox 2291 3031 2495 3088; x_wconf 87' lang='lat' dir='ltr'><strong>multis</strong></span> <span class='ocrx_word' id='word_1_399' title='bbox 2526 3037 2664 3088; x_wconf 89' lang='lat' dir='ltr'><strong>nota</strong></span> <span class='ocrx_word' id='word_1_400' title='bbox 2694 3033 2916 3102; x_wconf 82' lang='lat' dir='ltr'><strong>ﬁerent,</strong></span> <span class='ocrx_word' id='word_1_401' title='bbox 2935 3035 3206 3107; x_wconf 90' lang='lat' dir='ltr'><strong>prudenti</strong></span> <span class='ocrx_word' id='word_1_402' title='bbox 3229 3037 3339 3109; x_wconf 92' lang='grc'><strong>(17)</strong></span> <span class='ocrx_word' id='word_1_403' title='bbox 3364 3038 3662 3095; x_wconf 66' lang='lat' dir='ltr'><strong>memoriae</strong></span> 
     </span>
    </p>
   </div>
   <div class='ocr_carea' id='block_1_59' title="bbox 2001 3121 3662 3184">
    <p class='ocr_par' dir='ltr' id='par_1_59' title="bbox 2001 3121 3662 3184">
     <span class='ocr_line' id='line_1_59' title="bbox 2001 3121 3662 3184; baseline 0.006 -10"><span class='ocrx_word' id='word_1_404' title='bbox 2001 3121 2577 3176; x_wconf 84' lang='lat' dir='ltr'><strong>commendaverunt.</strong></span> <span class='ocrx_word' id='word_1_405' title='bbox 2613 3122 2746 3176; x_wconf 85' lang='lat' dir='ltr'><strong>Ideo</strong></span> <span class='ocrx_word' id='word_1_406' title='bbox 2773 3139 2906 3178; x_wconf 87' lang='lat' dir='ltr'><strong>vero</strong></span> <span class='ocrx_word' id='word_1_407' title='bbox 2940 3122 3089 3178; x_wconf 91' lang='lat' dir='ltr'><strong>hanc</strong></span> <span class='ocrx_word' id='word_1_408' title='bbox 3132 3129 3393 3181; x_wconf 88' lang='lat' dir='ltr'><strong>nostram</strong></span> <span class='ocrx_word' id='word_1_409' title='bbox 3427 3127 3662 3184; x_wconf 88' lang='lat' dir='ltr'><strong>relatio-</strong></span> 
     </span>
    </p>
   </div>
   <div class='ocr_carea' id='block_1_60' title="bbox 2002 3208 3663 3288">
    <p class='ocr_par' dir='ltr' id='par_1_60' title="bbox 2002 3208 3663 3288">
     <span class='ocr_line' id='line_1_60' title="bbox 2002 3208 3663 3288; baseline 0.006 -25"><span class='ocrx_word' id='word_1_410' title='bbox 2002 3225 2135 3263; x_wconf 90' lang='lat' dir='ltr'><strong>nem</strong></span> <span class='ocrx_word' id='word_1_411' title='bbox 2165 3208 2556 3281; x_wconf 88' lang='lat' dir='ltr'><strong>probabilium</strong></span> <span class='ocrx_word' id='word_1_412' title='bbox 2589 3209 2846 3266; x_wconf 89' lang='lat' dir='ltr'><strong>virorum</strong></span> <span class='ocrx_word' id='word_1_413' title='bbox 2879 3213 3233 3269; x_wconf 90' lang='lat' dir='ltr'><strong>testimoniis</strong></span> <span class='ocrx_word' id='word_1_414' title='bbox 3263 3214 3663 3288; x_wconf 88' lang='lat' dir='ltr'><strong>cingimus,ne</strong></span> 
     </span>
    </p>
   </div>
   <div class='ocr_carea' id='block_1_61' title="bbox 1999 3296 3662 3372">
    <p class='ocr_par' dir='ltr' id='par_1_61' title="bbox 1999 3296 3662 3372">
     <span class='ocr_line' id='line_1_61' title="bbox 1999 3296 3662 3372; baseline 0.007 -21"><span class='ocrx_word' id='word_1_415' title='bbox 1999 3297 2072 3352; x_wconf 91' lang='lat' dir='ltr'><strong>ab</strong></span> <span class='ocrx_word' id='word_1_416' title='bbox 2104 3296 2334 3352; x_wconf 65' lang='lat' dir='ltr'><strong>aemulis</strong></span> <span class='ocrx_word' id='word_1_417' title='bbox 2363 3299 2551 3369; x_wconf 85' lang='lat' dir='ltr'><strong>gratia</strong></span> <span class='ocrx_word' id='word_1_418' title='bbox 2581 3300 2934 3372; x_wconf 83' lang='lat' dir='ltr'><strong>cujusquam</strong></span> <span class='ocrx_word' id='word_1_419' title='bbox 2970 3300 3126 3356; x_wconf 66' lang='lat' dir='ltr'><strong>falsa:</strong></span> <span class='ocrx_word' id='word_1_420' title='bbox 3159 3302 3517 3359; x_wconf 82' lang='lat' dir='ltr'><strong>adulationis</strong></span> <span class='ocrx_word' id='word_1_421' title='bbox 3537 3305 3662 3362; x_wconf 70' lang='lat' dir='ltr'><strong>haec</strong></span> 
     </span>
    </p>
   </div>
   <div class='ocr_carea' id='block_1_62' title="bbox 1999 3386 3657 3466">
    <p class='ocr_par' dir='ltr' id='par_1_62' title="bbox 1999 3386 3657 3466">
     <span class='ocr_line' id='line_1_62' title="bbox 1999 3386 3657 3466; baseline 0.006 -27"><span class='ocrx_word' id='word_1_422' title='bbox 1999 3386 2239 3441; x_wconf 83' lang='lat' dir='ltr'><strong>ﬁnxisse</strong></span> <span class='ocrx_word' id='word_1_423' title='bbox 2277 3386 2637 3457; x_wconf 87' lang='lat' dir='ltr'><strong>judicernur.</strong></span> <span class='ocrx_word' id='word_1_424' title='bbox 2671 3389 2834 3444; x_wconf 87' lang='lat' dir='ltr'><strong>Sicut</strong></span> <span class='ocrx_word' id='word_1_425' title='bbox 2879 3389 3036 3445; x_wconf 88' lang='lat' dir='ltr'><strong>enim</strong></span> <span class='ocrx_word' id='word_1_426' title='bbox 3085 3390 3288 3447; x_wconf 88' lang='lat' dir='ltr'><strong>Gallus</strong></span> <span class='ocrx_word' id='word_1_427' title='bbox 3316 3391 3374 3446; x_wconf 93' lang='lat' dir='ltr'><strong>in</strong></span> <span class='ocrx_word' id='word_1_428' title='bbox 3410 3392 3657 3466; x_wconf 90' lang='lat' dir='ltr'><strong>Sulpicii</strong></span> 
     </span>
    </p>
   </div>
   <div class='ocr_carea' id='block_1_63' title="bbox 1999 3473 3660 3550">
    <p class='ocr_par' dir='ltr' id='par_1_63' title="bbox 1999 3473 3660 3550">
     <span class='ocr_line' id='line_1_63' title="bbox 1999 3473 3660 3550; baseline 0.007 -21"><span class='ocrx_word' id='word_1_429' title='bbox 1999 3473 2190 3530; x_wconf 89' lang='lat' dir='ltr'><strong>Severi</strong></span> <span class='ocrx_word' id='word_1_430' title='bbox 2222 3479 2278 3530; x_wconf 91' lang='lat' dir='ltr'><strong>et</strong></span> <span class='ocrx_word' id='word_1_431' title='bbox 2311 3475 2710 3532; x_wconf 89' lang='lat' dir='ltr'><strong>Posthumiani</strong></span> <span class='ocrx_word' id='word_1_432' title='bbox 2765 3477 2995 3550; x_wconf 86' lang='lat' dir='ltr'><strong>dialogo</strong></span> <span class='ocrx_word' id='word_1_433' title='bbox 3046 3479 3220 3535; x_wconf 89' lang='lat' dir='ltr'><strong>refert</strong></span> <span class='ocrx_word' id='word_1_434' title='bbox 3265 3481 3336 3536; x_wconf 90' lang='lat' dir='ltr'><strong>de</strong></span> <span class='ocrx_word' id='word_1_435' title='bbox 3385 3482 3660 3550; x_wconf 89' lang='lat' dir='ltr'><strong>Martino,</strong></span> 
     </span>
    </p>
   </div>
   <div class='ocr_carea' id='block_1_64' title="bbox 1999 3562 3656 3643">
    <p class='ocr_par' dir='ltr' id='par_1_64' title="bbox 1999 3562 3656 3643">
     <span class='ocr_line' id='line_1_64' title="bbox 1999 3562 3656 3643; baseline 0.007 -27"><span class='ocrx_word' id='word_1_436' title='bbox 1999 3579 2116 3618; x_wconf 90' lang='lat' dir='ltr'><strong>non</strong></span> <span class='ocrx_word' id='word_1_437' title='bbox 2159 3562 2382 3634; x_wconf 85' lang='lat' dir='ltr'><strong>indiget</strong></span> <span class='ocrx_word' id='word_1_438' title='bbox 2433 3568 2496 3618; x_wconf 90' lang='lat' dir='ltr'><strong>ut</strong></span> <span class='ocrx_word' id='word_1_439' title='bbox 2543 3565 2865 3622; x_wconf 88' lang='lat' dir='ltr'><strong>mendaciis</strong></span> <span class='ocrx_word' id='word_1_440' title='bbox 2915 3573 3215 3623; x_wconf 87' lang='lat' dir='ltr'><strong>asseratur</strong></span> <span class='ocrx_word' id='word_1_441' title='bbox 3256 3569 3444 3640; x_wconf 88' lang='lat' dir='ltr'><strong>Odilo,</strong></span> <span class='ocrx_word' id='word_1_442' title='bbox 3477 3589 3656 3643; x_wconf 88' lang='lat' dir='ltr'><strong>quem</strong></span> 
     </span>
    </p>
   </div>
   <div class='ocr_carea' id='block_1_65' title="bbox 238 3639 3657 3728">
    <p class='ocr_par' dir='ltr' id='par_1_65' title="bbox 238 3639 3657 3728">
     <span class='ocr_line' id='line_1_65' title="bbox 238 3639 3657 3728; baseline 0.001 -15"><span class='ocrx_word' id='word_1_443' title='bbox 238 3658 479 3713; x_wconf 89' lang='lat' dir='ltr'><strong>modum</strong></span> <span class='ocrx_word' id='word_1_444' title='bbox 513 3657 585 3712; x_wconf 87' lang='lat' dir='ltr'><strong>ad</strong></span> <span class='ocrx_word' id='word_1_445' title='bbox 618 3655 878 3710; x_wconf 85' lang='lat' dir='ltr'><strong>sarcinas</strong></span> <span class='ocrx_word' id='word_1_446' title='bbox 908 3655 1241 3717; x_wconf 86' lang='lat' dir='ltr'><strong>redeuntes,</strong></span> <span class='ocrx_word' id='word_1_447' title='bbox 1273 3658 1328 3708; x_wconf 90' lang='lat' dir='ltr'><strong>et</strong></span> <span class='ocrx_word' id='word_1_448' title='bbox 1358 3669 1602 3724; x_wconf 89' lang='lat' dir='ltr'><strong>puerum</strong></span> <span class='ocrx_word' id='word_1_449' title='bbox 1648 3671 1762 3708; x_wconf 89' lang='lat' dir='ltr'><strong>non</strong></span> <span class='ocrx_word' id='word_1_450' title='bbox 1790 3653 1884 3709; x_wconf 89' lang='lat' dir='ltr'><strong>in-</strong></span> <span class='ocrx_word' id='word_1_451' title='bbox 1915 3639 1958 3705; x_wconf 88' lang='lat' dir='ltr'><strong>C</strong></span> <span class='ocrx_word' id='word_1_452' title='bbox 1996 3649 2263 3707; x_wconf 90' lang='lat' dir='ltr'><strong>Christus</strong></span> <span class='ocrx_word' id='word_1_453' title='bbox 2287 3653 2436 3723; x_wconf 87' lang='lat' dir='ltr'><strong>jam,</strong></span> <span class='ocrx_word' id='word_1_454' title='bbox 2470 3657 2534 3707; x_wconf 89' lang='lat' dir='ltr'><strong>ut</strong></span> <span class='ocrx_word' id='word_1_455' title='bbox 2563 3653 2659 3725; x_wconf 90' lang='lat' dir='ltr'><strong>pia</strong></span> <span class='ocrx_word' id='word_1_456' title='bbox 2704 3654 2818 3710; x_wconf 82' lang='lat' dir='ltr'><strong>[ide</strong></span> <span class='ocrx_word' id='word_1_457' title='bbox 2867 3655 3182 3724; x_wconf 86' lang='lat' dir='ltr'><strong>credimus,</strong></span> <span class='ocrx_word' id='word_1_458' title='bbox 3215 3639 3562 3728; x_wconf 77' lang='lat' dir='ltr'><strong>glorificavit</strong></span> <span class='ocrx_word' id='word_1_459' title='bbox 3595 3660 3657 3717; x_wconf 86' lang='lat' dir='ltr'><strong>in</strong></span> 
     </span>
    </p>
   </div>
   <div class='ocr_carea' id='block_1_66' title="bbox 233 3741 1882 3814">
    <p class='ocr_par' dir='ltr' id='par_1_66' title="bbox 233 3741 1882 3814">
     <span class='ocr_line' id='line_1_66' title="bbox 233 3741 1882 3814; baseline -0.002 -13"><span class='ocrx_word' id='word_1_460' title='bbox 233 3745 554 3812; x_wconf 85' lang='lat' dir='ltr'><strong>venientes,</strong></span> <span class='ocrx_word' id='word_1_461' title='bbox 589 3743 784 3798; x_wconf 84' lang='lat' dir='ltr'><strong>mirati</strong></span> <span class='ocrx_word' id='word_1_462' title='bbox 815 3741 979 3798; x_wconf 88' lang='lat' dir='ltr'><strong>valde</strong></span> <span class='ocrx_word' id='word_1_463' title='bbox 1009 3747 1310 3814; x_wconf 73' lang='lat' dir='ltr'><strong>cmperunt</strong></span> <span class='ocrx_word' id='word_1_464' title='bbox 1347 3741 1512 3796; x_wconf 88' lang='lat' dir='ltr'><strong>illum</strong></span> <span class='ocrx_word' id='word_1_465' title='bbox 1547 3741 1765 3814; x_wconf 90' lang='lat' dir='ltr'><strong>ubique</strong></span> <span class='ocrx_word' id='word_1_466' title='bbox 1795 3742 1882 3798; x_wconf 84' lang='lat' dir='ltr'><strong>lo-</strong></span> 
     </span>
    </p>
   </div>
   <div class='ocr_carea' id='block_1_67' title="bbox 233 3829 1882 3904">
    <p class='ocr_par' dir='ltr' id='par_1_67' title="bbox 233 3829 1882 3904">
     <span class='ocr_line' id='line_1_67' title="bbox 233 3829 1882 3904; baseline -0.001 -14"><span class='ocrx_word' id='word_1_467' title='bbox 233 3850 434 3890; x_wconf 90' lang='lat' dir='ltr'><strong>corum</strong></span> <span class='ocrx_word' id='word_1_468' title='bbox 484 3832 812 3904; x_wconf 89' lang='lat' dir='ltr'><strong>requirere;</strong></span> <span class='ocrx_word' id='word_1_469' title='bbox 844 3836 902 3887; x_wconf 91' lang='lat' dir='ltr'><strong>et</strong></span> <span class='ocrx_word' id='word_1_470' title='bbox 944 3847 1060 3886; x_wconf 91' lang='lat' dir='ltr'><strong>non</strong></span> <span class='ocrx_word' id='word_1_471' title='bbox 1113 3829 1368 3896; x_wconf 89' lang='lat' dir='ltr'><strong>invento,</strong></span> <span class='ocrx_word' id='word_1_472' title='bbox 1396 3829 1572 3884; x_wconf 90' lang='lat' dir='ltr'><strong>nimis</strong></span> <span class='ocrx_word' id='word_1_473' title='bbox 1623 3830 1776 3886; x_wconf 89' lang='lat' dir='ltr'><strong>inter</strong></span> <span class='ocrx_word' id='word_1_474' title='bbox 1821 3849 1882 3888; x_wconf 88' lang='lat' dir='ltr'><strong>se</strong></span> 
     </span>
    </p>
   </div>
   <div class='ocr_carea' id='block_1_68' title="bbox 227 3917 1880 3988">
    <p class='ocr_par' dir='ltr' id='par_1_68' title="bbox 227 3917 1880 3988">
     <span class='ocr_line' id='line_1_68' title="bbox 227 3917 1880 3988; baseline -0.001 -10"><span class='ocrx_word' id='word_1_475' title='bbox 227 3921 844 3988; x_wconf 85' lang='lat' dir='ltr'><strong>conturbati,tandem</strong></span> <span class='ocrx_word' id='word_1_476' title='bbox 892 3937 1032 3976; x_wconf 89' lang='lat' dir='ltr'><strong>casu</strong></span> <span class='ocrx_word' id='word_1_477' title='bbox 1079 3917 1383 3975; x_wconf 86' lang='lat' dir='ltr'><strong>ecclesiam</strong></span> <span class='ocrx_word' id='word_1_478' title='bbox 1434 3917 1749 3985; x_wconf 90' lang='lat' dir='ltr'><strong>introeunt,</strong></span> <span class='ocrx_word' id='word_1_479' title='bbox 1782 3937 1880 3976; x_wconf 90' lang='lat' dir='ltr'><strong>va-</strong></span> 
     </span>
    </p>
   </div>
   <div class='ocr_carea' id='block_1_69' title="bbox 225 4005 1876 4086">
    <p class='ocr_par' dir='ltr' id='par_1_69' title="bbox 225 4005 1876 4086">
     <span class='ocr_line' id='line_1_69' title="bbox 225 4005 1876 4086; baseline -0.002 -19"><span class='ocrx_word' id='word_1_480' title='bbox 225 4016 461 4086; x_wconf 90' lang='lat' dir='ltr'><strong>gantem</strong></span> <span class='ocrx_word' id='word_1_481' title='bbox 493 4015 550 4066; x_wconf 90' lang='lat' dir='ltr'><strong>et</strong></span> <span class='ocrx_word' id='word_1_482' title='bbox 576 4008 1000 4065; x_wconf 83' lang='lat' dir='ltr'><strong>discurrentem</strong></span> <span class='ocrx_word' id='word_1_483' title='bbox 1035 4024 1136 4079; x_wconf 89' lang='lat' dir='ltr'><strong>per</strong></span> <span class='ocrx_word' id='word_1_484' title='bbox 1155 4005 1461 4062; x_wconf 85' lang='lat' dir='ltr'><strong>ecclesiam</strong></span> <span class='ocrx_word' id='word_1_485' title='bbox 1486 4008 1876 4080; x_wconf 88' lang='lat' dir='ltr'><strong>conspiciunt,</strong></span> 
     </span>
    </p>
   </div>
   <div class='ocr_carea' id='block_1_70' title="bbox 223 4097 1873 4170">
    <p class='ocr_par' dir='ltr' id='par_1_70' title="bbox 223 4097 1873 4170">
     <span class='ocr_line' id='line_1_70' title="bbox 223 4097 1873 4170; baseline -0.002 -15"><span class='ocrx_word' id='word_1_486' title='bbox 223 4099 430 4156; x_wconf 72' lang='lat' dir='ltr'><strong>divinae</strong></span> <span class='ocrx_word' id='word_1_487' title='bbox 474 4099 708 4154; x_wconf 88' lang='lat' dir='ltr'><strong>virtutis</strong></span> <span class='ocrx_word' id='word_1_488' title='bbox 769 4097 1089 4170; x_wconf 88' lang='lat' dir='ltr'><strong>potentiam</strong></span> <span class='ocrx_word' id='word_1_489' title='bbox 1150 4100 1593 4167; x_wconf 82' lang='lat' dir='ltr'><strong>recognoscunt,</strong></span> <span class='ocrx_word' id='word_1_490' title='bbox 1627 4113 1873 4168; x_wconf 86' lang='lat' dir='ltr'><strong>puerum</strong></span> 
     </span>
    </p>
   </div>
   <div class='ocr_carea' id='block_1_71' title="bbox 220 4185 1874 4258">
    <p class='ocr_par' dir='ltr' id='par_1_71' title="bbox 220 4185 1874 4258">
     <span class='ocr_line' id='line_1_71' title="bbox 220 4185 1874 4258; baseline -0.002 -14"><span class='ocrx_word' id='word_1_491' title='bbox 220 4187 537 4245; x_wconf 66' lang='lat' dir='ltr'><strong>laetabundi</strong></span> <span class='ocrx_word' id='word_1_492' title='bbox 563 4188 623 4243; x_wconf 90' lang='lat' dir='ltr'><strong>in</strong></span> <span class='ocrx_word' id='word_1_493' title='bbox 668 4185 825 4243; x_wconf 90' lang='lat' dir='ltr'><strong>ulnis</strong></span> <span class='ocrx_word' id='word_1_494' title='bbox 867 4185 1183 4258; x_wconf 87' lang='lat' dir='ltr'><strong>accipiunt,</strong></span> <span class='ocrx_word' id='word_1_495' title='bbox 1216 4201 1332 4256; x_wconf 92' lang='lat' dir='ltr'><strong>quo</strong></span> <span class='ocrx_word' id='word_1_496' title='bbox 1381 4185 1698 4240; x_wconf 88' lang='lat' dir='ltr'><strong>tendebant</strong></span> <span class='ocrx_word' id='word_1_497' title='bbox 1746 4203 1874 4258; x_wconf 90' lang='lat' dir='ltr'><strong>per-</strong></span> 
     </span>
    </p>
   </div>
   <div class='ocr_carea' id='block_1_72' title="bbox 218 4271 1871 4349">
    <p class='ocr_par' dir='ltr' id='par_1_72' title="bbox 218 4271 1871 4349">
     <span class='ocr_line' id='line_1_72' title="bbox 218 4271 1871 4349; baseline -0.002 -17"><span class='ocrx_word' id='word_1_498' title='bbox 218 4277 464 4334; x_wconf 87' lang='lat' dir='ltr'><strong>veniunt</strong></span> <span class='ocrx_word' id='word_1_499' title='bbox 487 4281 661 4349; x_wconf 84' lang='lat' dir='ltr'><strong>atque</strong></span> <span class='ocrx_word' id='word_1_500' title='bbox 682 4275 1022 4348; x_wconf 89' lang='lat' dir='ltr'><strong>parentibus</strong></span> <span class='ocrx_word' id='word_1_501' title='bbox 1047 4271 1404 4328; x_wconf 83' lang='lat' dir='ltr'><strong>incolumem</strong></span> <span class='ocrx_word' id='word_1_502' title='bbox 1428 4277 1485 4327; x_wconf 90' lang='lat' dir='ltr'><strong>et</strong></span> <span class='ocrx_word' id='word_1_503' title='bbox 1505 4290 1713 4329; x_wconf 87' lang='lat' dir='ltr'><strong>sanum</strong></span> <span class='ocrx_word' id='word_1_504' title='bbox 1738 4291 1871 4329; x_wconf 88' lang='lat' dir='ltr'><strong>cum</strong></span> 
     </span>
    </p>
   </div>
   <div class='ocr_carea' id='block_1_73' title="bbox 219 4361 1871 4439">
    <p class='ocr_par' dir='ltr' id='par_1_73' title="bbox 219 4361 1871 4439">
     <span class='ocr_line' id='line_1_73' title="bbox 219 4361 1871 4439; baseline -0.001 -17"><span class='ocrx_word' id='word_1_505' title='bbox 219 4382 434 4439; x_wconf 84' lang='lat' dir='ltr'><strong>magna</strong></span> <span class='ocrx_word' id='word_1_506' title='bbox 462 4364 664 4421; x_wconf 68' lang='lat' dir='ltr'><strong>laetitia</strong></span> <span class='ocrx_word' id='word_1_507' title='bbox 708 4363 984 4420; x_wconf 89' lang='lat' dir='ltr'><strong>reddunt.</strong></span> <span class='ocrx_word' id='word_1_508' title='bbox 1016 4361 1373 4418; x_wconf 87' lang='lat' dir='ltr'><strong>Ostendebat</strong></span> <span class='ocrx_word' id='word_1_509' title='bbox 1411 4361 1537 4432; x_wconf 88' lang='lat' dir='ltr'><strong>jam</strong></span> <span class='ocrx_word' id='word_1_510' title='bbox 1587 4361 1871 4420; x_wconf 88' lang='lat' dir='ltr'><strong>Dominus</strong></span> 
     </span>
    </p>
   </div>
   <div class='ocr_carea' id='block_1_74' title="bbox 216 4449 1869 4526">
    <p class='ocr_par' dir='ltr' id='par_1_74' title="bbox 216 4449 1869 4526">
     <span class='ocr_line' id='line_1_74' title="bbox 216 4449 1869 4526; baseline -0.003 -15"><span class='ocrx_word' id='word_1_511' title='bbox 216 4454 276 4511; x_wconf 90' lang='lat' dir='ltr'><strong>in</strong></span> <span class='ocrx_word' id='word_1_512' title='bbox 308 4471 512 4526; x_wconf 90' lang='lat' dir='ltr'><strong>puero,</strong></span> <span class='ocrx_word' id='word_1_513' title='bbox 557 4469 734 4526; x_wconf 89' lang='lat' dir='ltr'><strong>quam</strong></span> <span class='ocrx_word' id='word_1_514' title='bbox 785 4457 989 4524; x_wconf 84' lang='lat' dir='ltr'><strong>gratus</strong></span> <span class='ocrx_word' id='word_1_515' title='bbox 1041 4455 1099 4505; x_wconf 91' lang='lat' dir='ltr'><strong>et</strong></span> <span class='ocrx_word' id='word_1_516' title='bbox 1146 4454 1419 4520; x_wconf 89' lang='lat' dir='ltr'><strong>acceptus</strong></span> <span class='ocrx_word' id='word_1_517' title='bbox 1467 4449 1578 4504; x_wconf 88' lang='lat' dir='ltr'><strong>sibi</strong></span> <span class='ocrx_word' id='word_1_518' title='bbox 1631 4451 1869 4507; x_wconf 88' lang='lat' dir='ltr'><strong>deberet</strong></span> 
     </span>
    </p>
   </div>
   <div class='ocr_carea' id='block_1_75' title="bbox 215 4537 1864 4613">
    <p class='ocr_par' dir='ltr' id='par_1_75' title="bbox 215 4537 1864 4613">
     <span class='ocr_line' id='line_1_75' title="bbox 215 4537 1864 4613; baseline -0.002 -15"><span class='ocrx_word' id='word_1_519' title='bbox 215 4558 344 4599; x_wconf 87' lang='lat' dir='ltr'><strong>esse</strong></span> <span class='ocrx_word' id='word_1_520' title='bbox 375 4543 433 4598; x_wconf 90' lang='lat' dir='ltr'><strong>in</strong></span> <span class='ocrx_word' id='word_1_521' title='bbox 467 4542 683 4608; x_wconf 82' lang='lat' dir='ltr'><strong>futuro,</strong></span> <span class='ocrx_word' id='word_1_522' title='bbox 713 4557 888 4613; x_wconf 88' lang='lat' dir='ltr'><strong>quem</strong></span> <span class='ocrx_word' id='word_1_523' title='bbox 922 4539 1173 4595; x_wconf 86' lang='lat' dir='ltr'><strong>necdum</strong></span> <span class='ocrx_word' id='word_1_524' title='bbox 1208 4553 1352 4610; x_wconf 87' lang='lat' dir='ltr'><strong>pene</strong></span> <span class='ocrx_word' id='word_1_525' title='bbox 1391 4537 1748 4608; x_wconf 86' lang='lat' dir='ltr'><strong>loquentem,</strong></span> <span class='ocrx_word' id='word_1_526' title='bbox 1777 4541 1864 4596; x_wconf 91' lang='lat' dir='ltr'><strong>vel</strong></span> 
     </span>
    </p>
   </div>
   <div class='ocr_carea' id='block_1_76' title="bbox 213 4625 1864 4703">
    <p class='ocr_par' dir='ltr' id='par_1_76' title="bbox 213 4625 1864 4703">
     <span class='ocr_line' id='line_1_76' title="bbox 213 4625 1864 4703; baseline -0.002 -17"><span class='ocrx_word' id='word_1_527' title='bbox 213 4629 411 4703; x_wconf 87' lang='lat' dir='ltr'><strong>aliqua</strong></span> <span class='ocrx_word' id='word_1_528' title='bbox 475 4630 925 4696; x_wconf 87' lang='lat' dir='ltr'><strong>discernentem,</strong></span> <span class='ocrx_word' id='word_1_529' title='bbox 995 4626 1451 4682; x_wconf 88' lang='lat' dir='ltr'><strong>misericorditer</strong></span> <span class='ocrx_word' id='word_1_530' title='bbox 1513 4625 1779 4682; x_wconf 88' lang='lat' dir='ltr'><strong>liberavit</strong></span> <span class='ocrx_word' id='word_1_531' title='bbox 1829 4644 1864 4682; x_wconf 89' lang='lat' dir='ltr'><strong>a</strong></span> 
     </span>
    </p>
   </div>
   <div class='ocr_carea' id='block_1_77' title="bbox 210 4715 1864 4787">
    <p class='ocr_par' dir='ltr' id='par_1_77' title="bbox 210 4715 1864 4787">
     <span class='ocr_line' id='line_1_77' title="bbox 210 4715 1864 4787; baseline -0.002 -12"><span class='ocrx_word' id='word_1_532' title='bbox 210 4723 386 4775; x_wconf 65' lang='lat' dir='ltr'><strong>tantae</strong></span> <span class='ocrx_word' id='word_1_533' title='bbox 443 4716 856 4784; x_wconf 79' lang='lat' dir='ltr'><strong>contractionis</strong></span> <span class='ocrx_word' id='word_1_534' title='bbox 912 4716 1164 4772; x_wconf 88' lang='lat' dir='ltr'><strong>vinculo.</strong></span> <span class='ocrx_word' id='word_1_535' title='bbox 1199 4715 1336 4771; x_wconf 88' lang='lat' dir='ltr'><strong>Erat</strong></span> <span class='ocrx_word' id='word_1_536' title='bbox 1387 4719 1584 4771; x_wconf 91' lang='lat' dir='ltr'><strong>autem</strong></span> <span class='ocrx_word' id='word_1_537' title='bbox 1643 4732 1864 4787; x_wconf 70' lang='lat' dir='ltr'><strong>praesa-</strong></span> 
     </span>
    </p>
   </div>
   <div class='ocr_carea' id='block_1_78' title="bbox 208 4804 1859 4880">
    <p class='ocr_par' dir='ltr' id='par_1_78' title="bbox 208 4804 1859 4880">
     <span class='ocr_line' id='line_1_78' title="bbox 208 4804 1859 4880; baseline -0.001 -18"><span class='ocrx_word' id='word_1_538' title='bbox 208 4809 371 4880; x_wconf 89' lang='lat' dir='ltr'><strong>gium</strong></span> <span class='ocrx_word' id='word_1_539' title='bbox 398 4807 496 4864; x_wconf 90' lang='lat' dir='ltr'><strong>Dei</strong></span> <span class='ocrx_word' id='word_1_540' title='bbox 536 4806 848 4863; x_wconf 90' lang='lat' dir='ltr'><strong>Genitricis</strong></span> <span class='ocrx_word' id='word_1_541' title='bbox 897 4804 1162 4871; x_wconf 89' lang='lat' dir='ltr'><strong>ecclesia,</strong></span> <span class='ocrx_word' id='word_1_542' title='bbox 1197 4820 1375 4875; x_wconf 89' lang='lat' dir='ltr'><strong>quam</strong></span> <span class='ocrx_word' id='word_1_543' title='bbox 1424 4804 1550 4876; x_wconf 87' lang='lat' dir='ltr'><strong>ipse</strong></span> <span class='ocrx_word' id='word_1_544' title='bbox 1597 4804 1739 4859; x_wconf 87' lang='lat' dir='ltr'><strong>dum</strong></span> <span class='ocrx_word' id='word_1_545' title='bbox 1788 4805 1859 4860; x_wconf 92' lang='lat' dir='ltr'><strong>ad</strong></span> 
     </span>
    </p>
   </div>
   <div class='ocr_carea' id='block_1_79' title="bbox 208 4893 1860 4964">
    <p class='ocr_par' dir='ltr' id='par_1_79' title="bbox 208 4893 1860 4964">
     <span class='ocr_line' id='line_1_79' title="bbox 208 4893 1860 4964; baseline -0.001 -13"><span class='ocrx_word' id='word_1_546' title='bbox 208 4896 452 4954; x_wconf 84' lang='lat' dir='ltr'><strong>liberam</strong></span> <span class='ocrx_word' id='word_1_547' title='bbox 507 4895 813 4951; x_wconf 87' lang='lat' dir='ltr'><strong>scientiam</strong></span> <span class='ocrx_word' id='word_1_548' title='bbox 871 4899 930 4949; x_wconf 91' lang='lat' dir='ltr'><strong>et</strong></span> <span class='ocrx_word' id='word_1_549' title='bbox 983 4898 1210 4949; x_wconf 62' lang='lat' dir='ltr'><strong>etatem</strong></span> <span class='ocrx_word' id='word_1_550' title='bbox 1270 4893 1549 4964; x_wconf 87' lang='lat' dir='ltr'><strong>pervenit,</strong></span> <span class='ocrx_word' id='word_1_551' title='bbox 1584 4894 1860 4950; x_wconf 90' lang='lat' dir='ltr'><strong>omnibus</strong></span> 
     </span>
    </p>
   </div>
   <div class='ocr_carea' id='block_1_80' title="bbox 205 4980 1856 5053">
    <p class='ocr_par' dir='ltr' id='par_1_80' title="bbox 205 4980 1856 5053">
     <span class='ocr_line' id='line_1_80' title="bbox 205 4980 1856 5053; baseline 0 -15"><span class='ocrx_word' id='word_1_552' title='bbox 205 4984 356 5039; x_wconf 90' lang='lat' dir='ltr'><strong>votis</strong></span> <span class='ocrx_word' id='word_1_553' title='bbox 414 4983 634 5050; x_wconf 85' lang='lat' dir='ltr'><strong>dilexit,</strong></span> <span class='ocrx_word' id='word_1_554' title='bbox 675 4983 857 5040; x_wconf 92' lang='lat' dir='ltr'><strong>coluit</strong></span> <span class='ocrx_word' id='word_1_555' title='bbox 912 4987 1090 5050; x_wconf 87' lang='lat' dir='ltr'><strong>atque</strong></span> <span class='ocrx_word' id='word_1_556' title='bbox 1149 4999 1252 5053; x_wconf 90' lang='lat' dir='ltr'><strong>pro</strong></span> <span class='ocrx_word' id='word_1_557' title='bbox 1307 4982 1532 5036; x_wconf 85' lang='lat' dir='ltr'><strong>viribus</strong></span> <span class='ocrx_word' id='word_1_558' title='bbox 1586 4980 1644 5036; x_wconf 87' lang='lat' dir='ltr'><strong>in</strong></span> <span class='ocrx_word' id='word_1_559' title='bbox 1697 4983 1856 5038; x_wconf 93' lang='lat' dir='ltr'><strong>omni</strong></span> 
     </span>
    </p>
   </div>
   <div class='ocr_carea' id='block_1_81' title="bbox 205 5069 1862 5142">
    <p class='ocr_par' dir='ltr' id='par_1_81' title="bbox 205 5069 1862 5142">
     <span class='ocr_line' id='line_1_81' title="bbox 205 5069 1862 5142; baseline 0.002 -18"><span class='ocrx_word' id='word_1_560' title='bbox 205 5072 324 5125; x_wconf 90' lang='lat' dir='ltr'><strong>vita</strong></span> <span class='ocrx_word' id='word_1_561' title='bbox 350 5087 457 5124; x_wconf 88' lang='lat' dir='ltr'><strong>sua</strong></span> <span class='ocrx_word' id='word_1_562' title='bbox 485 5069 846 5140; x_wconf 84' lang='lat' dir='ltr'><strong>gloriﬁcavit.</strong></span> <span class='ocrx_word' id='word_1_563' title='bbox 882 5071 1147 5124; x_wconf 75' lang='lat' dir='ltr'><strong>Retcrtur</strong></span> <span class='ocrx_word' id='word_1_564' title='bbox 1174 5070 1346 5124; x_wconf 86' lang='lat' dir='ltr'><strong>etiam</strong></span> <span class='ocrx_word' id='word_1_565' title='bbox 1383 5070 1536 5142; x_wconf 85' lang='lat' dir='ltr'><strong>quod</strong></span> <span class='ocrx_word' id='word_1_566' title='bbox 1564 5071 1689 5139; x_wconf 86' lang='lat' dir='ltr'><strong>jam</strong></span> <span class='ocrx_word' id='word_1_567' title='bbox 1722 5071 1862 5126; x_wconf 88' lang='lat' dir='ltr'><strong>adu-</strong></span> 
     </span>
    </p>
   </div>
   <div class='ocr_carea' id='block_1_82' title="bbox 207 5156 1858 5226">
    <p class='ocr_par' dir='ltr' id='par_1_82' title="bbox 207 5156 1858 5226">
     <span class='ocr_line' id='line_1_82' title="bbox 207 5156 1858 5226; baseline 0.001 -13"><span class='ocrx_word' id='word_1_568' title='bbox 207 5158 328 5214; x_wconf 89' lang='lat' dir='ltr'><strong>ltus</strong></span> <span class='ocrx_word' id='word_1_569' title='bbox 358 5161 548 5226; x_wconf 64' lang='lat' dir='ltr'><strong>aetate,</strong></span> <span class='ocrx_word' id='word_1_570' title='bbox 583 5159 640 5212; x_wconf 90' lang='lat' dir='ltr'><strong>in</strong></span> <span class='ocrx_word' id='word_1_571' title='bbox 674 5156 981 5212; x_wconf 86' lang='lat' dir='ltr'><strong>ecclesiam</strong></span> <span class='ocrx_word' id='word_1_572' title='bbox 1013 5157 1192 5212; x_wconf 87' lang='lat' dir='ltr'><strong>simili</strong></span> <span class='ocrx_word' id='word_1_573' title='bbox 1226 5159 1398 5213; x_wconf 89' lang='lat' dir='ltr'><strong>modo</strong></span> <span class='ocrx_word' id='word_1_574' title='bbox 1429 5159 1488 5214; x_wconf 91' lang='lat' dir='ltr'><strong>in</strong></span> <span class='ocrx_word' id='word_1_575' title='bbox 1520 5158 1738 5216; x_wconf 88' lang='lat' dir='ltr'><strong>honore</strong></span> <span class='ocrx_word' id='word_1_576' title='bbox 1764 5161 1858 5216; x_wconf 90' lang='lat' dir='ltr'><strong>Dei</strong></span> 
     </span>
    </p>
   </div>
   <div class='ocr_carea' id='block_1_83' title="bbox 207 5245 1858 5312">
    <p class='ocr_par' dir='ltr' id='par_1_83' title="bbox 207 5245 1858 5312">
     <span class='ocr_line' id='line_1_83' title="bbox 207 5245 1858 5312; baseline 0.001 -9"><span class='ocrx_word' id='word_1_577' title='bbox 207 5245 517 5303; x_wconf 86' lang='lat' dir='ltr'><strong>Genitricis</strong></span> <span class='ocrx_word' id='word_1_578' title='bbox 569 5248 969 5301; x_wconf 83' lang='lat' dir='ltr'><strong>consecratam</strong></span> <span class='ocrx_word' id='word_1_579' title='bbox 1035 5246 1354 5312; x_wconf 82' lang='lat' dir='ltr'><strong>intraverit,</strong></span> <span class='ocrx_word' id='word_1_580' title='bbox 1413 5254 1469 5302; x_wconf 90' lang='lat' dir='ltr'><strong>et</strong></span> <span class='ocrx_word' id='word_1_581' title='bbox 1525 5247 1686 5303; x_wconf 89' lang='lat' dir='ltr'><strong>nullo</strong></span> <span class='ocrx_word' id='word_1_582' title='bbox 1745 5249 1858 5304; x_wconf 90' lang='lat' dir='ltr'><strong>alio</strong></span> 
     </span>
    </p>
   </div>
   <div class='ocr_carea' id='block_1_84' title="bbox 205 5333 1858 5407">
    <p class='ocr_par' dir='ltr' id='par_1_84' title="bbox 205 5333 1858 5407">
     <span class='ocr_line' id='line_1_84' title="bbox 205 5333 1858 5407; baseline 0.002 -18"><span class='ocrx_word' id='word_1_583' title='bbox 205 5334 318 5390; x_wconf 88' lang='lat' dir='ltr'><strong>nisi</strong></span> <span class='ocrx_word' id='word_1_584' title='bbox 348 5333 464 5388; x_wconf 89' lang='lat' dir='ltr'><strong>Deo</strong></span> <span class='ocrx_word' id='word_1_585' title='bbox 507 5335 670 5399; x_wconf 88' lang='lat' dir='ltr'><strong>teste,</strong></span> <span class='ocrx_word' id='word_1_586' title='bbox 705 5333 1087 5402; x_wconf 84' lang='lat' dir='ltr'><strong>semetipsum</strong></span> <span class='ocrx_word' id='word_1_587' title='bbox 1137 5333 1282 5389; x_wconf 93' lang='lat' dir='ltr'><strong>collo</strong></span> <span class='ocrx_word' id='word_1_588' title='bbox 1331 5336 1728 5407; x_wconf 86' lang='lat' dir='ltr'><strong>mancipatum</strong></span> <span class='ocrx_word' id='word_1_589' title='bbox 1775 5339 1858 5393; x_wconf 91' lang='lat' dir='ltr'><strong>ei-</strong></span> 
     </span>
    </p>
   </div>
   <div class='ocr_carea' id='block_1_85' title="bbox 203 5419 1856 5497">
    <p class='ocr_par' dir='ltr' id='par_1_85' title="bbox 203 5419 1856 5497">
     <span class='ocr_line' id='line_1_85' title="bbox 203 5419 1856 5497; baseline 0.001 -19"><span class='ocrx_word' id='word_1_590' title='bbox 203 5423 337 5478; x_wconf 92' lang='lat' dir='ltr'><strong>dem</strong></span> <span class='ocrx_word' id='word_1_591' title='bbox 404 5419 574 5474; x_wconf 88' lang='lat' dir='ltr'><strong>altari</strong></span> <span class='ocrx_word' id='word_1_592' title='bbox 641 5419 948 5475; x_wconf 90' lang='lat' dir='ltr'><strong>tradiderit</strong></span> <span class='ocrx_word' id='word_1_593' title='bbox 1000 5421 1247 5475; x_wconf 87' lang='lat' dir='ltr'><strong>dicens:</strong></span> <span class='ocrx_word' id='word_1_594' title='bbox 1281 5423 1325 5476; x_wconf 91' lang='lat'>0</span> <span class='ocrx_word' id='word_1_595' title='bbox 1377 5423 1645 5494; x_wconf 90' lang='lat' dir='ltr'><strong>piissima</strong></span> <span class='ocrx_word' id='word_1_596' title='bbox 1696 5427 1856 5497; x_wconf 81' lang='lat' dir='ltr'><strong>virgo</strong></span> 
     </span>
    </p>
   </div>
   <div class='ocr_carea' id='block_1_86' title="bbox 272 5541 1856 5624">
    <p class='ocr_par' dir='ltr' id='par_1_86' title="bbox 272 5541 1856 5624">
     <span class='ocr_line' id='line_1_86' title="bbox 272 5541 1856 5624; baseline 0.003 -24"><span class='ocrx_word' id='word_1_597' title='bbox 272 5546 383 5614; x_wconf 85' lang='grc'>(16)</span> <span class='ocrx_word' id='word_1_598' title='bbox 415 5541 606 5624; x_wconf 71' lang='lat' dir='ltr'><strong>Aliqui</strong></span> <span class='ocrx_word' id='word_1_599' title='bbox 654 5541 1494 5624; x_wconf 21' lang='lat' dir='ltr'><strong>coddhhabentnSyr-orgc.ilic</strong></span> <span class='ocrx_word' id='word_1_600' title='bbox 1545 5563 1714 5618; x_wconf 87' lang='lat' dir='ltr'><strong>porro</strong></span> <span class='ocrx_word' id='word_1_601' title='bbox 1763 5556 1856 5624; x_wconf 74' lang='lat' dir='ltr'><strong>est</strong></span> 
     </span>
    </p>
   </div>
   <div class='ocr_carea' id='block_1_87' title="bbox 199 5613 1850 5687">
    <p class='ocr_par' dir='ltr' id='par_1_87' title="bbox 199 5613 1850 5687">
     <span class='ocr_line' id='line_1_87' title="bbox 199 5613 1850 5687; baseline 0.006 -19"><span class='ocrx_word' id='word_1_602' title='bbox 199 5613 382 5687; x_wconf 86' lang='lat' dir='ltr'><strong>Syrus</strong></span> <span class='ocrx_word' id='word_1_603' title='bbox 412 5613 614 5687; x_wconf 75' lang='lat' dir='ltr'><strong>abbas,</strong></span> <span class='ocrx_word' id='word_1_604' title='bbox 645 5615 746 5687; x_wconf 80' lang='lat' dir='ltr'><strong>qui</strong></span> <span class='ocrx_word' id='word_1_605' title='bbox 778 5613 975 5687; x_wconf 60' lang='lat' dir='ltr'><strong>Vitam</strong></span> <span class='ocrx_word' id='word_1_606' title='bbox 993 5614 1052 5687; x_wconf 89' lang='lat' dir='ltr'><strong>_S.</strong></span> <span class='ocrx_word' id='word_1_607' title='bbox 1078 5613 1271 5670; x_wconf 89' lang='lat' dir='ltr'><strong>Maioli</strong></span> <span class='ocrx_word' id='word_1_608' title='bbox 1295 5616 1350 5671; x_wconf 89' lang='lat' dir='ltr'><strong>in</strong></span> <span class='ocrx_word' id='word_1_609' title='bbox 1375 5613 1596 5673; x_wconf 78' lang='lat' dir='ltr'><strong>litteras</strong></span> <span class='ocrx_word' id='word_1_610' title='bbox 1631 5620 1850 5677; x_wconf 89' lang='lat' dir='ltr'><strong>retulit.</strong></span> 
     </span>
    </p>
   </div>
   <div class='ocr_carea' id='block_1_88' title="bbox 269 5683 1849 5760">
    <p class='ocr_par' dir='ltr' id='par_1_88' title="bbox 269 5683 1849 5760">
     <span class='ocr_line' id='line_1_88' title="bbox 269 5683 1849 5760; baseline 0.004 -18"><span class='ocrx_word' id='word_1_611' title='bbox 269 5687 382 5757; x_wconf 83' lang='grc'>(17)</span> <span class='ocrx_word' id='word_1_612' title='bbox 411 5685 626 5744; x_wconf 87' lang='lat' dir='ltr'><strong>Avulso</strong></span> <span class='ocrx_word' id='word_1_613' title='bbox 658 5683 754 5742; x_wconf 81' lang='lat' dir='ltr'><strong>hic</strong></span> <span class='ocrx_word' id='word_1_614' title='bbox 784 5683 844 5740; x_wconf 89' lang='lat' dir='ltr'><strong>in</strong></span> <span class='ocrx_word' id='word_1_615' title='bbox 876 5684 1072 5740; x_wconf 88' lang='lat' dir='ltr'><strong>codice</strong></span> <span class='ocrx_word' id='word_1_616' title='bbox 1122 5690 1319 5744; x_wconf 87' lang='lat' dir='ltr'><strong>nostro</strong></span> <span class='ocrx_word' id='word_1_617' title='bbox 1349 5690 1406 5745; x_wconf 91' lang='lat' dir='ltr'><strong>S.</strong></span> <span class='ocrx_word' id='word_1_618' title='bbox 1441 5689 1635 5746; x_wconf 87' lang='lat' dir='ltr'><strong>Gcrmi</strong></span> <span class='ocrx_word' id='word_1_619' title='bbox 1687 5690 1849 5760; x_wconf 80' lang='lat' dir='ltr'><strong>folio,</strong></span> 
     </span>
    </p>
   </div>
   <div class='ocr_carea' id='block_1_89' title="bbox 1993 3738 3660 3819">
    <p class='ocr_par' dir='ltr' id='par_1_89' title="bbox 1993 3738 3660 3819">
     <span class='ocr_line' id='line_1_89' title="bbox 1993 3738 3660 3819; baseline 0.007 -26"><span class='ocrx_word' id='word_1_620' title='bbox 1993 3738 2157 3806; x_wconf 79' lang='lat' dir='ltr'><strong>ccnlo,</strong></span> <span class='ocrx_word' id='word_1_621' title='bbox 2217 3745 2394 3812; x_wconf 89' lang='lat' dir='ltr'><strong>atque</strong></span> <span class='ocrx_word' id='word_1_622' title='bbox 2452 3742 2700 3798; x_wconf 85' lang='lat' dir='ltr'><strong>diversis</strong></span> <span class='ocrx_word' id='word_1_623' title='bbox 2758 3743 3042 3800; x_wconf 88' lang='lat' dir='ltr'><strong>virtutum</strong></span> <span class='ocrx_word' id='word_1_624' title='bbox 3102 3745 3291 3819; x_wconf 81' lang='lat' dir='ltr'><strong>signis</strong></span> <span class='ocrx_word' id='word_1_625' title='bbox 3349 3747 3660 3806; x_wconf 88' lang='lat' dir='ltr'><strong>celebriter</strong></span> 
     </span>
    </p>
   </div>
   <div class='ocr_carea' id='block_1_90' title="bbox 1990 3831 3657 3895">
    <p class='ocr_par' dir='ltr' id='par_1_90' title="bbox 1990 3831 3657 3895">
     <span class='ocr_line' id='line_1_90' title="bbox 1990 3831 3657 3895; baseline 0.007 -12"><span class='ocrx_word' id='word_1_626' title='bbox 1990 3832 2362 3886; x_wconf 89' lang='lat' dir='ltr'><strong>commendat</strong></span> <span class='ocrx_word' id='word_1_627' title='bbox 2391 3831 2448 3886; x_wconf 90' lang='lat' dir='ltr'><strong>in</strong></span> <span class='ocrx_word' id='word_1_628' title='bbox 2479 3833 2718 3887; x_wconf 90' lang='lat' dir='ltr'><strong>mundo.</strong></span> <span class='ocrx_word' id='word_1_629' title='bbox 2755 3833 2922 3889; x_wconf 90' lang='lat' dir='ltr'><strong>Absit</strong></span> <span class='ocrx_word' id='word_1_630' title='bbox 2951 3835 3109 3890; x_wconf 91' lang='lat' dir='ltr'><strong>enim</strong></span> <span class='ocrx_word' id='word_1_631' title='bbox 3154 3852 3246 3890; x_wconf 92' lang='lat' dir='ltr'><strong>me</strong></span> <span class='ocrx_word' id='word_1_632' title='bbox 3298 3836 3408 3891; x_wconf 91' lang='lat' dir='ltr'><strong>nisi</strong></span> <span class='ocrx_word' id='word_1_633' title='bbox 3442 3835 3568 3893; x_wconf 91' lang='lat' dir='ltr'><strong>visa</strong></span> <span class='ocrx_word' id='word_1_634' title='bbox 3596 3843 3657 3895; x_wconf 89' lang='lat' dir='ltr'><strong>et</strong></span> 
     </span>
    </p>
   </div>
   <div class='ocr_carea' id='block_1_91' title="bbox 1989 3919 3654 3993">
    <p class='ocr_par' dir='ltr' id='par_1_91' title="bbox 1989 3919 3654 3993">
     <span class='ocr_line' id='line_1_91' title="bbox 1989 3919 3654 3993; baseline 0.008 -22"><span class='ocrx_word' id='word_1_635' title='bbox 1989 3922 2244 3990; x_wconf 86' lang='lat' dir='ltr'><strong>experta,</strong></span> <span class='ocrx_word' id='word_1_636' title='bbox 2274 3924 2330 3974; x_wconf 91' lang='lat' dir='ltr'><strong>et</strong></span> <span class='ocrx_word' id='word_1_637' title='bbox 2357 3937 2389 3974; x_wconf 91' lang='lat' dir='ltr'><strong>a</strong></span> <span class='ocrx_word' id='word_1_638' title='bbox 2413 3919 2688 3977; x_wconf 81' lang='lat' dir='ltr'><strong>ﬁdelibus</strong></span> <span class='ocrx_word' id='word_1_639' title='bbox 2713 3922 2978 3993; x_wconf 86' lang='lat' dir='ltr'><strong>personis</strong></span> <span class='ocrx_word' id='word_1_640' title='bbox 3004 3921 3123 3978; x_wconf 89' lang='lat' dir='ltr'><strong>sive</strong></span> <span class='ocrx_word' id='word_1_641' title='bbox 3148 3922 3376 3981; x_wconf 87' lang='lat' dir='ltr'><strong>idoneis</strong></span> <span class='ocrx_word' id='word_1_642' title='bbox 3400 3927 3654 3984; x_wconf 88' lang='lat' dir='ltr'><strong>testibus</strong></span> 
     </span>
    </p>
   </div>
   <div class='ocr_carea' id='block_1_92' title="bbox 1988 4005 3649 4087">
    <p class='ocr_par' dir='ltr' id='par_1_92' title="bbox 1988 4005 3649 4087">
     <span class='ocr_line' id='line_1_92' title="bbox 1988 4005 3649 4087; baseline 0.006 -27"><span class='ocrx_word' id='word_1_643' title='bbox 1988 4005 2188 4074; x_wconf 86' lang='lat' dir='ltr'><strong>relata,</strong></span> <span class='ocrx_word' id='word_1_644' title='bbox 2223 4008 2292 4064; x_wconf 89' lang='lat' dir='ltr'><strong>de</strong></span> <span class='ocrx_word' id='word_1_645' title='bbox 2323 4013 2486 4064; x_wconf 89' lang='lat' dir='ltr'><strong>tanto</strong></span> <span class='ocrx_word' id='word_1_646' title='bbox 2517 4009 2638 4066; x_wconf 90' lang='lat' dir='ltr'><strong>viro</strong></span> <span class='ocrx_word' id='word_1_647' title='bbox 2671 4009 2892 4082; x_wconf 90' lang='lat' dir='ltr'><strong>aliquid</strong></span> <span class='ocrx_word' id='word_1_648' title='bbox 2920 4011 3282 4068; x_wconf 88' lang='lat' dir='ltr'><strong>mendaciter</strong></span> <span class='ocrx_word' id='word_1_649' title='bbox 3312 4014 3531 4087; x_wconf 83' lang='lat' dir='ltr'><strong>ﬁngere</strong></span> <span class='ocrx_word' id='word_1_650' title='bbox 3560 4014 3649 4072; x_wconf 90' lang='lat' dir='ltr'><strong>vel</strong></span> 
     </span>
    </p>
   </div>
   <div class='ocr_carea' id='block_1_93' title="bbox 1988 4111 2246 4152">
    <p class='ocr_par' dir='ltr' id='par_1_93' title="bbox 1988 4111 2246 4152">
     <span class='ocr_line' id='line_1_93' title="bbox 1988 4111 2246 4152; baseline 0.004 -2"><span class='ocrx_word' id='word_1_651' title='bbox 1988 4111 2246 4152; x_wconf 89' lang='lat' dir='ltr'><strong>narrare.</strong></span> 
     </span>
    </p>
   </div>
   <div class='ocr_carea' id='block_1_94' title="bbox 2322 4187 3304 4246">
    <p class='ocr_par' dir='ltr' id='par_1_94' title="bbox 2322 4187 3304 4246">
     <span class='ocr_line' id='line_1_94' title="bbox 2322 4187 3304 4246; baseline 0.002 -4"><span class='ocrx_word' id='word_1_652' title='bbox 2322 4187 2454 4242; x_wconf 80' lang='lat' dir='ltr'><strong>CAP.</strong></span> <span class='ocrx_word' id='word_1_653' title='bbox 2494 4187 2564 4241; x_wconf 90' lang='lat' dir='ltr'><strong>ll.</strong></span> <span class='ocrx_word' id='word_1_654' title='bbox 2597 4218 2664 4228; x_wconf 96' lang='lat'><strong>—</strong></span> <span class='ocrx_word' id='word_1_655' title='bbox 2697 4188 2770 4242; x_wconf 73' lang='lat' dir='ltr'><strong>De</strong></span> <span class='ocrx_word' id='word_1_656' title='bbox 2798 4203 2938 4245; x_wconf 68' lang='lat' dir='ltr'><strong>czrco</strong></span> <span class='ocrx_word' id='word_1_657' title='bbox 2971 4189 3304 4246; x_wconf 77' lang='lat' dir='ltr'><strong>illuminato.</strong></span> 
     </span>
    </p>
   </div>
   <div class='ocr_carea' id='block_1_95' title="bbox 2055 4272 3650 4351">
    <p class='ocr_par' dir='ltr' id='par_1_95' title="bbox 2055 4272 3650 4351">
     <span class='ocr_line' id='line_1_95' title="bbox 2055 4272 3650 4351; baseline 0.007 -24"><span class='ocrx_word' id='word_1_658' title='bbox 2055 4272 2264 4330; x_wconf 82' lang='lat' dir='ltr'><strong>Exiens</strong></span> <span class='ocrx_word' id='word_1_659' title='bbox 2289 4275 2542 4346; x_wconf 90' lang='lat' dir='ltr'><strong>quodam</strong></span> <span class='ocrx_word' id='word_1_660' title='bbox 2569 4281 2830 4348; x_wconf 89' lang='lat' dir='ltr'><strong>tempore</strong></span> <span class='ocrx_word' id='word_1_661' title='bbox 2855 4276 3152 4335; x_wconf 88' lang='lat' dir='ltr'><strong>beatissim</strong></span> <span class='ocrx_word' id='word_1_662' title='bbox 3164 4295 3234 4334; x_wconf 91' lang='lat' dir='ltr'><strong>us</strong></span> <span class='ocrx_word' id='word_1_663' title='bbox 3250 4282 3414 4351; x_wconf 86' lang='lat' dir='ltr'><strong>pater</strong></span> <span class='ocrx_word' id='word_1_664' title='bbox 3429 4279 3595 4336; x_wconf 92' lang='lat' dir='ltr'><strong>Odilo</strong></span> <span class='ocrx_word' id='word_1_665' title='bbox 3614 4299 3650 4338; x_wconf 77' lang='grc' dir='ltr'><strong>θ,</strong></span> 
     </span>
    </p>
   </div>
   <div class='ocr_carea' id='block_1_96' title="bbox 1985 4360 3647 4440">
    <p class='ocr_par' dir='ltr' id='par_1_96' title="bbox 1985 4360 3647 4440">
     <span class='ocr_line' id='line_1_96' title="bbox 1985 4360 3647 4440; baseline 0.005 -22"><span class='ocrx_word' id='word_1_666' title='bbox 1985 4360 2262 4418; x_wconf 89' lang='lat' dir='ltr'><strong>Cluniaco</strong></span> <span class='ocrx_word' id='word_1_667' title='bbox 2294 4363 2671 4420; x_wconf 90' lang='lat' dir='ltr'><strong>celeberrimo</strong></span> <span class='ocrx_word' id='word_1_668' title='bbox 2703 4365 3088 4436; x_wconf 87' lang='lat' dir='ltr'><strong>loco,devenit</strong></span> <span class='ocrx_word' id='word_1_669' title='bbox 3116 4367 3188 4423; x_wconf 85' lang='lat' dir='ltr'><strong>ad</strong></span> <span class='ocrx_word' id='word_1_670' title='bbox 3211 4369 3525 4440; x_wconf 87' lang='lat' dir='ltr'><strong>quemdam</strong></span> <span class='ocrx_word' id='word_1_671' title='bbox 3551 4371 3647 4426; x_wconf 89' lang='lat' dir='ltr'><strong>sui</strong></span> 
     </span>
    </p>
   </div>
   <div class='ocr_carea' id='block_1_97' title="bbox 1970 4450 3643 4528">
    <p class='ocr_par' dir='ltr' id='par_1_97' title="bbox 1970 4450 3643 4528">
     <span class='ocr_line' id='line_1_97' title="bbox 1970 4450 3643 4528; baseline 0.006 -24"><span class='ocrx_word' id='word_1_672' title='bbox 1970 4450 2126 4521; x_wconf 89' lang='lat' dir='ltr'><strong>juris</strong></span> <span class='ocrx_word' id='word_1_673' title='bbox 2158 4450 2496 4517; x_wconf 88' lang='lat' dir='ltr'><strong>locum,non</strong></span> <span class='ocrx_word' id='word_1_674' title='bbox 2522 4451 2692 4526; x_wconf 86' lang='lat' dir='ltr'><strong>longe</strong></span> <span class='ocrx_word' id='word_1_675' title='bbox 2716 4454 2789 4509; x_wconf 89' lang='lat' dir='ltr'><strong>ab</strong></span> <span class='ocrx_word' id='word_1_676' title='bbox 2811 4455 3014 4510; x_wconf 87' lang='lat' dir='ltr'><strong>eodem</strong></span> <span class='ocrx_word' id='word_1_677' title='bbox 3047 4457 3404 4512; x_wconf 87' lang='lat' dir='ltr'><strong>monasterio</strong></span> <span class='ocrx_word' id='word_1_678' title='bbox 3437 4457 3643 4528; x_wconf 90' lang='lat' dir='ltr'><strong>situm,</strong></span> 
     </span>
    </p>
   </div>
   <div class='ocr_carea' id='block_1_98' title="bbox 1979 4539 3640 4616">
    <p class='ocr_par' dir='ltr' id='par_1_98' title="bbox 1979 4539 3640 4616">
     <span class='ocr_line' id='line_1_98' title="bbox 1979 4539 3640 4616; baseline 0.007 -24"><span class='ocrx_word' id='word_1_679' title='bbox 1979 4539 2214 4595; x_wconf 88' lang='lat' dir='ltr'><strong>nomine</strong></span> <span class='ocrx_word' id='word_1_680' title='bbox 2246 4541 2659 4596; x_wconf 79' lang='lat' dir='ltr'><strong>Bcsorniacum</strong></span> <span class='ocrx_word' id='word_1_681' title='bbox 2691 4543 3310 4616; x_wconf 85' lang='lat' dir='ltr'><strong>[al.,Bersioniacum].</strong></span> <span class='ocrx_word' id='word_1_682' title='bbox 3345 4545 3502 4602; x_wconf 85' lang='lat' dir='ltr'><strong>More</strong></span> <span class='ocrx_word' id='word_1_683' title='bbox 3528 4547 3640 4603; x_wconf 87' lang='lat' dir='ltr'><strong>sibi</strong></span> 
     </span>
    </p>
   </div>
   <div class='ocr_carea' id='block_1_99' title="bbox 1975 4629 3644 4707">
    <p class='ocr_par' dir='ltr' id='par_1_99' title="bbox 1975 4629 3644 4707">
     <span class='ocr_line' id='line_1_99' title="bbox 1975 4629 3644 4707; baseline 0.005 -25"><span class='ocrx_word' id='word_1_684' title='bbox 1975 4633 2254 4684; x_wconf 89' lang='lat' dir='ltr'><strong>consueto</strong></span> <span class='ocrx_word' id='word_1_685' title='bbox 2286 4629 2592 4685; x_wconf 86' lang='lat' dir='ltr'><strong>ecclesiam</strong></span> <span class='ocrx_word' id='word_1_686' title='bbox 2618 4630 2878 4702; x_wconf 89' lang='lat' dir='ltr'><strong>petiit,ut</strong></span> <span class='ocrx_word' id='word_1_687' title='bbox 2899 4631 3132 4688; x_wconf 89' lang='lat' dir='ltr'><strong>Christo</strong></span> <span class='ocrx_word' id='word_1_688' title='bbox 3157 4633 3401 4690; x_wconf 85' lang='lat' dir='ltr'><strong>Domino</strong></span> <span class='ocrx_word' id='word_1_689' title='bbox 3424 4635 3644 4707; x_wconf 84' lang='lat' dir='ltr'><strong>persol-</strong></span> 
     </span>
    </p>
   </div>
   <div class='ocr_carea' id='block_1_100' title="bbox 1971 4717 3637 4796">
    <p class='ocr_par' dir='ltr' id='par_1_100' title="bbox 1971 4717 3637 4796">
     <span class='ocr_line' id='line_1_100' title="bbox 1971 4717 3637 4796; baseline 0.005 -25"><span class='ocrx_word' id='word_1_690' title='bbox 1971 4722 2130 4772; x_wconf 89' lang='lat' dir='ltr'><strong>veret</strong></span> <span class='ocrx_word' id='word_1_691' title='bbox 2157 4721 2289 4772; x_wconf 88' lang='lat' dir='ltr'><strong>vota</strong></span> <span class='ocrx_word' id='word_1_692' title='bbox 2318 4717 2646 4774; x_wconf 88' lang='lat' dir='ltr'><strong>orationum</strong></span> <span class='ocrx_word' id='word_1_693' title='bbox 2683 4737 2695 4774; x_wconf 92' lang='lat'>:</span> <span class='ocrx_word' id='word_1_694' title='bbox 2731 4719 2866 4776; x_wconf 91' lang='lat' dir='ltr'><strong>inde</strong></span> <span class='ocrx_word' id='word_1_695' title='bbox 2896 4737 2958 4776; x_wconf 87' lang='lat' dir='ltr'><strong>se</strong></span> <span class='ocrx_word' id='word_1_696' title='bbox 2989 4721 3231 4777; x_wconf 89' lang='lat' dir='ltr'><strong>domum</strong></span> <span class='ocrx_word' id='word_1_697' title='bbox 3256 4724 3490 4794; x_wconf 88' lang='lat' dir='ltr'><strong>recepit,</strong></span> <span class='ocrx_word' id='word_1_698' title='bbox 3509 4741 3637 4796; x_wconf 74' lang='lat' dir='ltr'><strong>quae</strong></span> 
     </span>
    </p>
   </div>
   <div class='ocr_carea' id='block_1_101' title="bbox 1973 4804 3634 4884">
    <p class='ocr_par' dir='ltr' id='par_1_101' title="bbox 1973 4804 3634 4884">
     <span class='ocr_line' id='line_1_101' title="bbox 1973 4804 3634 4884; baseline 0.006 -26"><span class='ocrx_word' id='word_1_699' title='bbox 1973 4804 2083 4876; x_wconf 90' lang='lat' dir='ltr'><strong>ipsi</strong></span> <span class='ocrx_word' id='word_1_700' title='bbox 2119 4805 2373 4860; x_wconf 67' lang='lat' dir='ltr'><strong>ecclesiaz</strong></span> <span class='ocrx_word' id='word_1_701' title='bbox 2406 4807 2684 4878; x_wconf 84' lang='lat' dir='ltr'><strong>contigua</strong></span> <span class='ocrx_word' id='word_1_702' title='bbox 2710 4807 2960 4864; x_wconf 88' lang='lat' dir='ltr'><strong>videtur.</strong></span> <span class='ocrx_word' id='word_1_703' title='bbox 2979 4814 3232 4866; x_wconf 80' lang='lat' dir='ltr'><strong>Accenso</strong></span> <span class='ocrx_word' id='word_1_704' title='bbox 3253 4815 3449 4866; x_wconf 89' lang='lat' dir='ltr'><strong>autem</strong></span> <span class='ocrx_word' id='word_1_705' title='bbox 3476 4811 3634 4884; x_wconf 87' lang='lat' dir='ltr'><strong>igne,</strong></span> 
     </span>
    </p>
   </div>
   <div class='ocr_carea' id='block_1_102' title="bbox 1970 4893 3638 4970">
    <p class='ocr_par' dir='ltr' id='par_1_102' title="bbox 1970 4893 3638 4970">
     <span class='ocr_line' id='line_1_102' title="bbox 1970 4893 3638 4970; baseline 0.005 -23"><span class='ocrx_word' id='word_1_706' title='bbox 1970 4893 2108 4966; x_wconf 88' lang='lat' dir='ltr'><strong>quia</strong></span> <span class='ocrx_word' id='word_1_707' title='bbox 2140 4893 2328 4966; x_wconf 89' lang='lat' dir='ltr'><strong>frigus</strong></span> <span class='ocrx_word' id='word_1_708' title='bbox 2358 4897 2685 4967; x_wconf 72' lang='lat' dir='ltr'><strong>erat,ca:pit</strong></span> <span class='ocrx_word' id='word_1_709' title='bbox 2715 4897 2972 4953; x_wconf 89' lang='lat' dir='ltr'><strong>sedendo</strong></span> <span class='ocrx_word' id='word_1_710' title='bbox 2992 4897 3220 4970; x_wconf 87' lang='lat' dir='ltr'><strong>gelidos</strong></span> <span class='ocrx_word' id='word_1_711' title='bbox 3240 4903 3404 4954; x_wconf 88' lang='lat' dir='ltr'><strong>artus</strong></span> <span class='ocrx_word' id='word_1_712' title='bbox 3429 4899 3638 4956; x_wconf 85' lang='lat' dir='ltr'><strong>calefa-</strong></span> 
     </span>
    </p>
   </div>
   <div class='ocr_carea' id='block_1_103' title="bbox 1896 4981 3634 5068">
    <p class='ocr_par' dir='ltr' id='par_1_103' title="bbox 1896 4981 3634 5068">
     <span class='ocr_line' id='line_1_103' title="bbox 1896 4981 3634 5068; baseline 0.005 -30"><span class='ocrx_word' id='word_1_713' title='bbox 1896 5003 1939 5068; x_wconf 70' lang='grc' dir='ltr'><strong>ι)</strong></span> <span class='ocrx_word' id='word_1_714' title='bbox 1969 4981 2504 5038; x_wconf 84' lang='lat' dir='ltr'><strong>cere.Postmodum</strong></span> <span class='ocrx_word' id='word_1_715' title='bbox 2537 5001 2671 5040; x_wconf 89' lang='lat' dir='ltr'><strong>vero</strong></span> <span class='ocrx_word' id='word_1_716' title='bbox 2705 4985 3008 5041; x_wconf 89' lang='lat' dir='ltr'><strong>oculorum</strong></span> <span class='ocrx_word' id='word_1_717' title='bbox 3037 4987 3209 5043; x_wconf 88' lang='lat' dir='ltr'><strong>orbes</strong></span> <span class='ocrx_word' id='word_1_718' title='bbox 3241 4987 3350 5043; x_wconf 90' lang='lat' dir='ltr'><strong>hac</strong></span> <span class='ocrx_word' id='word_1_719' title='bbox 3382 4987 3634 5062; x_wconf 85' lang='lat' dir='ltr'><strong>illacque</strong></span> 
     </span>
    </p>
   </div>
   <div class='ocr_carea' id='block_1_104' title="bbox 1968 5071 3634 5148">
    <p class='ocr_par' dir='ltr' id='par_1_104' title="bbox 1968 5071 3634 5148">
     <span class='ocr_line' id='line_1_104' title="bbox 1968 5071 3634 5148; baseline 0.005 -23"><span class='ocrx_word' id='word_1_720' title='bbox 1968 5071 2520 5144; x_wconf 86' lang='lat' dir='ltr'><strong>volvens,conspicit</strong></span> <span class='ocrx_word' id='word_1_721' title='bbox 2549 5073 2784 5130; x_wconf 91' lang='lat' dir='ltr'><strong>eminus</strong></span> <span class='ocrx_word' id='word_1_722' title='bbox 2815 5092 3086 5147; x_wconf 89' lang='lat' dir='ltr'><strong>puerum,</strong></span> <span class='ocrx_word' id='word_1_723' title='bbox 3114 5077 3285 5148; x_wconf 90' lang='lat' dir='ltr'><strong>cujus</strong></span> <span class='ocrx_word' id='word_1_724' title='bbox 3315 5077 3481 5133; x_wconf 90' lang='lat' dir='ltr'><strong>faciei</strong></span> <span class='ocrx_word' id='word_1_725' title='bbox 3511 5079 3634 5134; x_wconf 83' lang='lat' dir='ltr'><strong>effi-</strong></span> 
     </span>
    </p>
   </div>
   <div class='ocr_carea' id='block_1_105' title="bbox 1970 5159 3634 5236">
    <p class='ocr_par' dir='ltr' id='par_1_105' title="bbox 1970 5159 3634 5236">
     <span class='ocr_line' id='line_1_105' title="bbox 1970 5159 3634 5236; baseline 0.006 -24"><span class='ocrx_word' id='word_1_726' title='bbox 1970 5159 2124 5232; x_wconf 87' lang='lat' dir='ltr'><strong>giem</strong></span> <span class='ocrx_word' id='word_1_727' title='bbox 2160 5159 2405 5231; x_wconf 87' lang='lat' dir='ltr'><strong>pulchra</strong></span> <span class='ocrx_word' id='word_1_728' title='bbox 2436 5178 2646 5217; x_wconf 89' lang='lat' dir='ltr'><strong>manus</strong></span> <span class='ocrx_word' id='word_1_729' title='bbox 2677 5163 2917 5235; x_wconf 89' lang='lat' dir='ltr'><strong>superni</strong></span> <span class='ocrx_word' id='word_1_730' title='bbox 2949 5163 3175 5236; x_wconf 81' lang='lat' dir='ltr'><strong>Opiﬁcis</strong></span> <span class='ocrx_word' id='word_1_731' title='bbox 3207 5165 3478 5221; x_wconf 86' lang='lat' dir='ltr'><strong>decoram</strong></span> <span class='ocrx_word' id='word_1_732' title='bbox 3501 5167 3634 5223; x_wconf 72' lang='lat' dir='ltr'><strong>effe-</strong></span> 
     </span>
    </p>
   </div>
   <div class='ocr_carea' id='block_1_106' title="bbox 1971 5249 3625 5322">
    <p class='ocr_par' dir='ltr' id='par_1_106' title="bbox 1971 5249 3625 5322">
     <span class='ocr_line' id='line_1_106' title="bbox 1971 5249 3625 5322; baseline 0.005 -20"><span class='ocrx_word' id='word_1_733' title='bbox 1971 5253 2146 5302; x_wconf 90' lang='lat' dir='ltr'><strong>cerat.</strong></span> <span class='ocrx_word' id='word_1_734' title='bbox 2182 5249 2504 5322; x_wconf 82' lang='lat' dir='ltr'><strong>Interrogat</strong></span> <span class='ocrx_word' id='word_1_735' title='bbox 2529 5251 2662 5322; x_wconf 90' lang='lat' dir='ltr'><strong>quis</strong></span> <span class='ocrx_word' id='word_1_736' title='bbox 2693 5257 2866 5308; x_wconf 88' lang='lat' dir='ltr'><strong>esset.</strong></span> <span class='ocrx_word' id='word_1_737' title='bbox 2899 5253 3080 5308; x_wconf 86' lang='lat' dir='ltr'><strong>Aiunt</strong></span> <span class='ocrx_word' id='word_1_738' title='bbox 3127 5253 3578 5310; x_wconf 86' lang='lat' dir='ltr'><strong>circumstantes</strong></span> <span class='ocrx_word' id='word_1_739' title='bbox 3612 5273 3625 5310; x_wconf 91' lang='lat'><strong>:</strong></span> 
     </span>
    </p>
   </div>
   <div class='ocr_carea' id='block_1_107' title="bbox 1968 5336 3628 5407">
    <p class='ocr_par' dir='ltr' id='par_1_107' title="bbox 1968 5336 3628 5407">
     <span class='ocr_line' id='line_1_107' title="bbox 1968 5336 3628 5407; baseline 0.006 -16"><span class='ocrx_word' id='word_1_740' title='bbox 1968 5336 2279 5392; x_wconf 85' lang='lat' dir='ltr'><strong>Servitutis</strong></span> <span class='ocrx_word' id='word_1_741' title='bbox 2308 5338 2540 5394; x_wconf 89' lang='lat' dir='ltr'><strong>vinculo</strong></span> <span class='ocrx_word' id='word_1_742' title='bbox 2589 5339 2648 5394; x_wconf 91' lang='lat' dir='ltr'><strong>in</strong></span> <span class='ocrx_word' id='word_1_743' title='bbox 2702 5346 2912 5407; x_wconf 87' lang='lat' dir='ltr'><strong>vestro,</strong></span> <span class='ocrx_word' id='word_1_744' title='bbox 2945 5341 3203 5407; x_wconf 87' lang='lat' dir='ltr'><strong>domine,</strong></span> <span class='ocrx_word' id='word_1_745' title='bbox 3247 5342 3483 5398; x_wconf 90' lang='lat' dir='ltr'><strong>servitio</strong></span> <span class='ocrx_word' id='word_1_746' title='bbox 3524 5361 3628 5400; x_wconf 85' lang='lat' dir='ltr'><strong>an-</strong></span> 
     </span>
    </p>
   </div>
   <div class='ocr_carea' id='block_1_108' title="bbox 1968 5427 3628 5501">
    <p class='ocr_par' dir='ltr' id='par_1_108' title="bbox 1968 5427 3628 5501">
     <span class='ocr_line' id='line_1_108' title="bbox 1968 5427 3628 5501; baseline 0.006 -22"><span class='ocrx_word' id='word_1_747' title='bbox 1968 5442 2150 5490; x_wconf 84' lang='lat' dir='ltr'><strong>nexus</strong></span> <span class='ocrx_word' id='word_1_748' title='bbox 2183 5427 2506 5481; x_wconf 88' lang='lat' dir='ltr'><strong>tenetur.Et</strong></span> <span class='ocrx_word' id='word_1_749' title='bbox 2539 5433 2778 5486; x_wconf 89' lang='lat' dir='ltr'><strong>sanctus</strong></span> <span class='ocrx_word' id='word_1_750' title='bbox 2811 5447 2824 5485; x_wconf 89' lang='lat'><strong>:</strong></span> <span class='ocrx_word' id='word_1_751' title='bbox 2854 5429 3421 5501; x_wconf 82' lang='lat' dir='ltr'><strong>Quomodo,inquit?</strong></span> <span class='ocrx_word' id='word_1_752' title='bbox 3443 5431 3628 5490; x_wconf 87' lang='lat' dir='ltr'><strong>Filius</strong></span> 
     </span>
    </p>
   </div>
   <div class='ocr_carea' id='block_1_109' title="bbox 1965 5549 3624 5630">
    <p class='ocr_par' dir='ltr' id='par_1_109' title="bbox 1965 5549 3624 5630">
     <span class='ocr_line' id='line_1_109' title="bbox 1965 5549 3624 5630; baseline 0.006 -26"><span class='ocrx_word' id='word_1_753' title='bbox 1965 5549 2184 5630; x_wconf 68' lang='lat' dir='ltr'><strong>hiatus,</strong></span> <span class='ocrx_word' id='word_1_754' title='bbox 2213 5551 2312 5630; x_wconf 83' lang='lat' dir='ltr'><strong>qui</strong></span> <span class='ocrx_word' id='word_1_755' title='bbox 2347 5551 2641 5630; x_wconf 76' lang='lat' dir='ltr'><strong>interdum</strong></span> <span class='ocrx_word' id='word_1_756' title='bbox 2676 5559 2992 5610; x_wconf 87' lang='lat' dir='ltr'><strong>occurrunt</strong></span> <span class='ocrx_word' id='word_1_757' title='bbox 3020 5554 3078 5610; x_wconf 91' lang='lat' dir='ltr'><strong>in</strong></span> <span class='ocrx_word' id='word_1_758' title='bbox 3107 5553 3388 5612; x_wconf 86' lang='lat' dir='ltr'><strong>Thuaneo</strong></span> <span class='ocrx_word' id='word_1_759' title='bbox 3433 5574 3624 5630; x_wconf 88' lang='lat' dir='ltr'><strong>usque</strong></span> 
     </span>
    </p>
   </div>
   <div class='ocr_carea' id='block_1_110' title="bbox 1965 5622 3069 5697">
    <p class='ocr_par' dir='ltr' id='par_1_110' title="bbox 1965 5622 3069 5697">
     <span class='ocr_line' id='line_1_110' title="bbox 1965 5622 3069 5697; baseline 0.005 -21"><span class='ocrx_word' id='word_1_760' title='bbox 1965 5622 2033 5676; x_wconf 87' lang='lat' dir='ltr'><strong>ad</strong></span> <span class='ocrx_word' id='word_1_761' title='bbox 2069 5638 2192 5694; x_wconf 83' lang='lat' dir='ltr'><strong>cap.</strong></span> <span class='ocrx_word' id='word_1_762' title='bbox 2227 5622 2261 5677; x_wconf 78' lang='grc'>5</span> <span class='ocrx_word' id='word_1_763' title='bbox 2291 5622 2551 5696; x_wconf 87' lang='lat' dir='ltr'><strong>suppleri</strong></span> <span class='ocrx_word' id='word_1_764' title='bbox 2585 5641 2700 5680; x_wconf 87' lang='lat' dir='ltr'><strong>non</strong></span> <span class='ocrx_word' id='word_1_765' title='bbox 2731 5631 3069 5697; x_wconf 78' lang='lat' dir='ltr'><strong>potuerunt.</strong></span> 
     </span>
    </p>
   </div>
  </div>
