3910 6414
224 443 343 510 917

1627 451 1833 516 VITA.
1879 487 1954 499 —
1998 453 2145 517 LIB.
2190 454 2270 517 ΙΙ.

3522 463 3640 533 918
3678 512 3693 517 -

228 583 338 650 est,
370 579 679 656 inquiunt,
712 581 887 639 villici
917 581 1114 651 vestri,
1148 582 1245 658 qui
1273 582 1407 641 licet
1434 583 1701 643 videatur
1729 583 1890 642 deco-
1915 585 1971 655 Α
1999 584 2160 642 dum.
2194 584 2446 660 Expietis
2480 585 2676 663 itaque
2722 589 2882 649 illius
2927 591 3039 650 diei
3072 593 3256 652 sacris
3286 595 3634 671 hymnorum

229 688 329 727 rus
379 676 650 743 aspectu,
693 676 848 728 caret
895 677 1091 728 tamen
1146 672 1448 729 oculorum
1495 674 1645 729 visu.
1679 675 1886 730 Taeuit

226 759 418 816 Deifer
448 760 647 831 heros,
681 765 733 816 et
769 762 1034 816 animum
1067 763 1134 817 ad
1170 779 1335 835 spem
1367 764 1710 831 reformans,
1741 763 1882 818 Alti-

224 849 488 906 tonantis
523 850 901 905 clementiam
935 852 1109 907 tacita
1139 868 1307 923 prece
1338 852 1584 907 invocat.
1612 854 1676 906 Et
1707 853 1884 907 advo-

225 955 365 993 cans
396 938 738 1010 parvulum,
770 940 1066 994 damnatis
1109 940 1363 995 caecitate
1411 940 1597 995 oculis
1645 940 1880 1010 signum

222 1027 574 1099 imprimens
599 1026 913 1082 Dominicze
939 1027 1290 1100 crucis,quze
1314 1034 1523 1084 natura
1554 1029 1750 1083 minus
1781 1029 1879 1084 de-

220 1117 405 1181 derat,
430 1116 722 1170 virtutum
746 1116 862 1171 Deo
883 1121 1252 1187 cooperante,
1274 1116 1427 1173 illico
1453 1118 1875 1173 accommodat.

221 1205 474 1276 Moxque
523 1204 821 1259 videntem
880 1204 1125 1260 remittit
1180 1206 1248 1261 ad
1300 1205 1533 1277 propria
1586 1210 1873 1260 ovantem.

217 1294 469 1348 Amabat
498 1292 660 1348 enim
690 1311 922 1365 pueros,
960 1311 1073 1349 non
1127 1294 1428 1349 lasciviam
1487 1300 1739 1365 sectans,
1774 1297 1874 1350 sed

217 1381 401 1437 aetatis
434 1380 838 1437 innocentiam
871 1382 962 1453 pie
994 1382 1051 1437 in
1086 1382 1201 1437 illis
1226 1382 1870 1454 amplexans.............

214 1471 414 1525 talium
443 1478 527 1525 est
562 1472 717 1524 enim
763 1487 989 1541 regnum
1035 1472 1291 1525 actorum
1320 1471 1528 1537 (Matth.
1563 1474 1697 1540 XIX).
1734 1471 1873 1535 Quis

213 1557 491 1630 loquetur
512 1557 1163 1629 magnaliaDei,fralres
1184 1559 1872 1615 charissimi‘ICernimus

211 1664 470 1718 namque
500 1646 737 1719 impleri
769 1646 1086 1702 veridicum
1120 1648 1339 1703 (ictum
1370 1647 1613 1703 Christi:
1642 1649 1747 1715 Qui
1760 1665 1873 1703 crc-

206 1736 289 1791 dit
318 1738 507 1800 inme,
541 1751 708 1806 Opera
760 1750 887 1806 quae
931 1751 1025 1801 ego
1070 1737 1214 1806 facio
1253 1745 1304 1791 ct
1345 1739 1458 1808 ipse
1501 1739 1667 1808 faciet
1693 1738 1865 1807 (Joan.

205 1842 262 1890 v,
292 1826 405 1891 36).
438 1823 570 1896 Egit
599 1824 843 1895 quidem
874 1823 1068 1879 simile
1115 1842 1262 1895 opus
1314 1830 1522 1894 potens
1553 1825 1867 1881 Salvatoris

204 1914 462 1979 dextera,
497 1924 877 1969 commorans
928 1913 985 1967 in
1043 1929 1215 1969 carne
1271 1914 1532 1970 humana
1564 1930 1576 1969 ξ
1605 1919 1667 1969 et
1714 1931 1867 1969 nunc

206 2003 410 2058 eodem
445 2001 669 2075 insigni
714 2000 993 2057 miraculo
1025 2018 1256 2057 servum
1290 2020 1463 2057 suum
1496 2004 1869 2075 magniﬁcare

202 2091 485 2162 dignatus
518 2094 610 2145 est
642 2089 703 2144 in
738 2090 923 2145 nostri
955 2091 1233 2163 temporis
1265 2108 1402 2158 aevo,
1438 2096 1503 2146 ut
1532 2091 1699 2146 facile
1733 2092 1867 2162 quis

202 2179 542 2251 perdiscere
572 2181 774 2250 queat,
809 2179 1010 2250 quanti
1046 2179 1431 2235 aestimandus
1458 2179 1534 2235 sit
1564 2180 1662 2250 qui
1695 2197 1866 2251 opere

200 2267 526 2333 consimili,
557 2267 808 2322 Domino
831 2266 1178 2322 saeculorum
1204 2284 1335 2340 rege
1356 2273 1717 2340 coeperante,
1744 2284 1863 2323 me-

197 2355 320 2410 ruit
352 2354 688 2411 sublimari.

395 2444 535 2500 CAP.
571 2444 669 2499 lli.
703 2476 771 2484 -
802 2446 875 2499 De
904 2460 1049 2515 aqua
1081 2445 1139 2499 in
1177 2446 1367 2499 vinum
1395 2461 1667 2500 conversa.

272 2534 532 2605 Degebat
564 2532 886 2604 aliquando
919 2537 1158 2589 sanctus
1189 2532 1354 2589 Odilo
1387 2532 1443 2588 in
1467 2534 1718 2604 quodam
1753 2551 1860 2588 suo

198 2622 491 2687 ccenobio,
525 2621 687 2692 quod
722 2625 1097 2694 nuncupatur
1126 2624 1315 2677 Aurea
1342 2620 1532 2687 vallis,
1558 2621 1679 2676 loco
1703 2621 1858 2678 scili-

196 2714 289 2765 cet
311 2710 611 2782 religioso,
636 2715 693 2765 et
716 2710 962 2765 fratrum
985 2709 1103 2765 illic
1125 2710 1622 2765 commanentium
1642 2711 1859 2765 sancti-

196 2804 317 2855 tate
343 2798 815 2855 famoso.Aderat
838 2798 932 2853 ille
956 2798 1183 2870 primus
1203 2798 1857 2870 diesjejuniorunLquae

198 2888 435 2944 Domini
471 2886 701 2942 Pascha
732 2886 1085 2958 praecedunt,
1120 2886 1177 2941 in
1212 2903 1325 2959 quo
1356 2890 1411 2941 et
1441 2886 1652 2941 cineris
1684 2903 1860 2958 super

196 2975 395 3047 capita
450 2975 756 3047 impositio
824 2975 1165 3046 suscipitur,
1223 2979 1280 3030 et
1351 2976 1545 3029 arduae
1607 2974 1856 3046 inceptio

194 3062 576 3120 abstinentia:
609 3080 645 3118 a
675 3062 949 3118 ﬁdelibus
982 3062 1307 3119 inchoatur.
1328 3063 1425 3118 Dei
1452 3064 1645 3135 itaque
1669 3062 1857 3118 cultor

194 3156 550 3208 consuetum
591 3168 817 3206 morem
848 3150 1075 3223 explere
1104 3153 1367 3224 cupiens,
1399 3169 1531 3207 cum
1555 3153 1680 3221 jam
1712 3151 1855 3207 hora

192 3241 505 3297 diei-nona
555 3241 789 3305 fratres,
822 3240 1053 3295 modico
1112 3240 1240 3295 cibo
1301 3245 1588 3312 percepto,
1621 3239 1853 3295 lectioni

1993 675 2220 742 ofﬁciis,
2254 677 2519 733 consedit
2548 679 2743 735 senior
2763 696 2897 736 cum
2932 682 3215 739 fratribus
3246 685 3315 740 ad
3349 702 3634 758 mensam,

1992 768 2057 819 ut
2086 765 2337 837 sumptis
2386 767 2650 823 ciborum
2702 769 2976 841 dapibus,
3009 772 3260 828 amissas
3304 782 3638 833 revocarent

1990 849 2161 906 vires.
2190 857 2365 909 Erant
2385 859 2577 910 autem
2606 857 3042 914 discumbentes
3067 860 3446 933 multi,atque
3468 865 3634 921 obse-

1990 946 2235 1010 quentes
2265 959 2378 996 non
2412 944 2610 1013 pauci;
2634 944 2786 1000 inter
2807 963 2952 1017 quos
2975 947 3213 1019 quidam
3248 949 3469 1006 fraudis
3500 970 3631 1025 pos-

1988 1045 2183 1083 sessor
2213 1046 2273 1085 se
2303 1029 2446 1086 velle
2499 1033 2740 1104 obsequi
2788 1034 3095 1104 simulans,
3129 1039 3401 1109 captabat
3447 1041 3631 1097 oculis

1988 1118 2280 1187 quomodo
2301 1119 2522 1191 aliquid
2546 1121 2736 1192 quiret
2759 1122 2959 1179 furari.
2984 1124 3237 1180 Cernens
3268 1125 3448 1199 igitur
3467 1146 3632 1201 map-

1986 1222 2119 1276 pam
2144 1223 2448 1277 operosam
2473 1226 2649 1280 super
2666 1209 2772 1264 viri
2797 1211 2893 1266 Dei
2919 1213 3447 1281 mensam,illectus
3468 1219 3631 1291 cupi-

1985 1292 2164 1349 ditate
2209 1294 2476 1351 lethifera
2517 1297 2827 1354 anhelabat
2873 1305 3121 1370 patrare,
3157 1303 3310 1373 quod
3338 1305 3635 1376 cupiverat
3666 1320 3671 1321 ’

1983 1380 2186 1453 iniqua
2212 1388 2423 1439 mente.
2458 1385 2773 1457 Postquam
2828 1402 2963 1460 ergo
3007 1393 3273 1461 exempta
3312 1397 3401 1446 est
3445 1393 3629 1451 fames

1983 1469 2170 1539 epulis
2200 1487 2533 1544 mensaeque
2564 1478 2703 1528 sunt
2728 1476 3111 1542 remotae,illis
3129 1495 3236 1533 sua
3258 1481 3622 1551 curantibus,

1981 1556 2077 1613 ille
2101 1557 2394 1631 malignus
2412 1578 2547 1615 casu
2582 1567 2867 1634 repertam
2892 1581 3164 1637 mappam
3197 1567 3389 1624 subito
3411 1571 3621 1642 rapuit,

1979 1649 2036 1702 et
2070 1646 2342 1703 discessit
2373 1650 2662 1717 festinato,
2697 1653 2961 1723 gaudens
2992 1654 3061 1709 de
3092 1654 3327 1711 inventa
3348 1659 3626 1730 praeda,et

1980 1733 2221 1805 ignarus
2253 1741 2472 1807 quanta
2502 1739 2611 1794 sibi
2645 1739 2703 1795 in
2736 1740 2998 1811 proximo
3030 1742 3227 1798 futura
3246 1750 3414 1800 erant
3438 1763 3620 1803 mem-

1976 1820 2213 1877 brorum
2246 1824 2615 1881 detrimenta.
2647 1827 2839 1882 Altera
2874 1846 3003 1883 vero
3055 1830 3147 1884 die
3199 1831 3342 1886 hora
3389 1849 3620 1905 compe-

1975 1910 2116 1963 tenti
2149 1912 2415 1982 apposita
2448 1930 2669 1978 mensa,
2702 1915 3020 1988 requiritur
3048 1918 3203 1990 quod
3235 1920 3453 1977 deerat.
3484 1922 3620 1979 Orto

1977 1995 2129 2053 inter
2158 1999 2399 2055 clientes
2437 2001 2507 2055 de
2547 2003 2767 2058 amissa
2810 2021 3023 2077 mappa
3052 2006 3421 2078 querelarum
3458 2026 3619 2066 mur-

1978 2101 2162 2153 mure,
2209 2088 2452 2160 dapsilis
2502 2089 2671 2145 Pater
2715 2091 2824 2145 hoc
2871 2094 3347 2166 parvipendens:
3386 2098 3617 2166 Atl‘erte,

1976 2173 2185 2246 inquit,
2208 2175 2402 2244 aliam,
2427 2181 2483 2233 et
2505 2194 2574 2232 ne
2596 2178 2707 2233 tale
2727 2178 2885 2235 aliud
2916 2180 3161 2238 ulterius
3202 2184 3426 2241 accidat
3453 2186 3617 2241 solli-

1972 2261 2069 2316 citi
2091 2268 2273 2319 estote
2295 2263 2349 2319 in
2372 2270 2858 2337 posterum........
2887 2271 3263 2340 postmodum
3294 2273 3461 2329 beato
3483 2274 3609 2331 viro

1972 2349 2149 2405 simul
2180 2368 2313 2408 cum
2349 2369 2501 2425 rege,
2536 2354 2830 2427 malignus
2861 2355 2957 2412 ille
2986 2373 3107 2413 rem
3136 2358 3287 2415 male
3319 2361 3613 2419 sublatam

1971 2438 2177 2494 detulit
2201 2439 2255 2495 in
2283 2441 2470 2496 forum
2494 2442 2784 2498 venalium
2807 2460 3002 2500 rerum
3024 2463 3037 2513 ;
3057 2447 3156 2501 sed
3182 2446 3424 2503 distrahi
3452 2450 3613 2506 nullo

1970 2528 2142 2582 modo
2172 2529 2379 2599 potuit,
2410 2529 2550 2601 quia
2581 2531 2687 2587 hoc
2726 2530 2824 2585 ille
2870 2532 3110 2604 iniquus
3152 2536 3448 2607 possidere
3496 2555 3611 2594 non

1971 2616 2203 2670 meruit.
2236 2616 2447 2687 Semel,
2481 2618 2571 2673 bis
2602 2624 2802 2691 terque
2834 2620 3048 2677 frustra
3078 2628 3339 2691 conatus,
3373 2626 3608 2682 tandem

1968 2704 2177 2759 rubore
2226 2706 2431 2761 frontis
2481 2708 2760 2773 confusus
2807 2726 3003 2765 casam
3037 2711 3244 2783 repetit
3273 2712 3467 2783 inanis
3505 2730 3517 2767 :
3552 2720 3609 2770 et

1967 2808 2095 2847 ecce
2116 2791 2310 2849 divina
2344 2793 2485 2849 ultio
2516 2796 2827 2852 scelestum
2862 2797 3090 2854 facinus
3116 2798 3175 2854 in
3208 2778 3486 2871 injuriam
3513 2803 3605 2858 sui

1966 2879 2111 2933 servi
2141 2885 2534 2953 perpetratum
2576 2884 2863 2955 extemplo
2906 2885 3181 2942 vindicat.
3215 2889 3419 2945 Subito
3448 2890 3604 2946 enim

1965 2967 2237 3023 manibus
2270 2970 2636 3042 pedibusque
2660 2972 2948 3039 arefactis,
2967 2974 3145 3031 miser
3164 2980 3221 3031 et
3249 2976 3604 3034 miserabilis

1965 3055 2137 3110 simul
2172 3074 2303 3112 eum
2340 3057 2491 3114 furto
2523 3059 2706 3114 sancti
2744 3060 3163 3133 Maioli{.suppte
3183 3064 3252 3119 ad
3271 3065 3601 3138 ecclesiam]

1963 3142 2238 3213 defertur,
2273 3145 2329 3199 in
2364 3150 2577 3201 terram
2627 3148 2880 3219 ponitur,
2915 3165 3129 3221 mappa
3175 3168 3308 3207 vero
3364 3170 3603 3210 sursum

1962 3233 2330 3303 appenditur.
2356 3234 2445 3288 Fit
2460 3251 2781 3291 concursus
2805 3236 2999 3308 populi
3009 3280 3022 3305 ,
3048 3238 3416 3312 constipatur
3430 3242 3607 3298 eccle-

190 3333 493 3395 vacarent,
527 3328 683 3384 clam
734 3328 927 3383 cinere
971 3328 1212 3400 impleto
1244 3310 1751 3400 pugillo—consedit
1781 3329 1851 3382 ad
1886 3310 1928 3377 C
1960 3321 2047 3376 sia
2102 3322 2474 3379 multitudine
2532 3324 2967 3393 innumerabili,
3001 3310 3277 3384 meritum
3337 3329 3604 3387 Odilonis

193 3435 490 3483 mensam,
518 3422 576 3473 et
602 3416 777 3489 cmpit
800 3416 1124 3472 secundum
1147 3416 1573 3489 Psalmigraphi
1604 3417 1853 3485 dictum,

190 3524 343 3581 pane
374 3505 559 3563 simul
584 3522 725 3560 cum
758 3505 949 3560 cinere
979 3505 1200 3560 fessum
1230 3522 1442 3577 corpus
1474 3508 1723 3561 reticere.
1760 3507 1852 3561 In-

192 3596 325 3652 nuit
362 3611 501 3650 vero
542 3593 780 3648 cuidam
813 3593 997 3660 fratri,
1023 3597 1087 3647 ut
1108 3593 1217 3649 sibi
1248 3610 1410 3665 aquae
1433 3598 1634 3666 potum
1664 3594 1852 3650 defer-

191 3689 299 3750 ret,
343 3701 462 3756 quo
510 3680 837 3737 imbecilles
869 3686 1034 3736 artus
1066 3681 1226 3737 arido
1254 3681 1447 3738 edulio
1477 3687 1848 3740 sustentaret.

189 3771 404 3830 Attulit
436 3771 535 3827 ille
565 3770 725 3842 quod
750 3771 1031 3841 jusserat.
1060 3768 1132 3824 Ut
1174 3786 1307 3825 vero
1347 3769 1629 3842 applicuit
1656 3770 1850 3838 labiis,

190 3878 323 3918 ecce
347 3875 626 3931 saporem
648 3859 794 3913 odor
816 3875 979 3929 aqua:
1014 3858 1260 3912 contulit
1287 3857 1707 3924 vini,substitit
1732 3858 1849 3927 ille,

188 3953 247 4005 et
277 3947 451 4020 quasi
500 3948 769 4019 ignarus,
803 3945 1017 4000 iterum
1050 3944 1211 4000 fratri
1248 3949 1311 3999 ut
1338 3963 1550 4017 aquam
1582 3948 1849 4014 deferret,

192 4036 388 4091 innuit
410 4052 617 4091 manu.
641 4032 751 4098 Qui
773 4033 1019 4088 miratus
1037 4050 1097 4090 se
1122 4051 1334 4105 aquam
1366 4035 1647 4091 obtulisse
1679 4036 1851 4108 signi-

192 4124 403 4180 ﬁcavit.
444 4123 714 4179 Tandem
763 4127 1038 4177 evacuato
1084 4139 1240 4189 vase,
1275 4122 1483 4178 iterum
1517 4122 1670 4179 idem
1701 4142 1853 4197 aqua

190 4213 434 4285 plenum
471 4210 690 4266 detulit
718 4210 896 4266 Patri.
927 4210 1134 4283 Attigit
1165 4209 1260 4265 ille
1292 4217 1700 4268 summotenus
1731 4231 1848 4281 ore,

190 4302 385 4356 denuo
447 4299 653 4353 vinum
709 4314 813 4370 pro
863 4314 1015 4369 aqua
1060 4298 1231 4370 coepit
1278 4298 1553 4355 redolere.
1583 4299 1686 4354 Vir
1715 4318 1850 4373 ergo

190 4388 401 4443 beatus
446 4386 551 4442 Dei
596 4386 875 4459 pietatem
906 4402 1044 4457 erga
1074 4404 1134 4441 se
1159 4386 1607 4458 persentiscens,
1639 4388 1850 4443 humili

190 4476 501 4532 devotione
524 4475 682 4548 quod
709 4474 863 4529 Deus
885 4474 1124 4530 miserat
1143 4491 1374 4530 sumere
1397 4492 1510 4529 non
1542 4477 1847 4532 recusavit.

192 4565 555 4621 Ecce.........
582 4563 641 4619 in
680 4566 837 4618 Cana
867 4561 1095 4618 Galileas
1128 4563 1567 4618 convivantibus
1598 4565 1667 4618 de
1700 4581 1852 4635 aqua

191 4652 395 4708 vinum
429 4651 721 4707 exhibuit.
758 4651 924 4706 Nunc
968 4667 1102 4706 vero
1151 4649 1372 4705 famulo
1416 4668 1522 4707 suo
1554 4658 1759 4723 sponte
1789 4669 1851 4708 se
1879 4672 1928 4737 Β

193 4745 444 4797 atterere
478 4740 722 4807 volenti,
757 4738 1069 4811 pallentem
1101 4738 1399 4812 lympham
1440 4738 1499 4793 in
1529 4740 1649 4795 vini
1683 4758 1850 4812 sapo-

190 4846 314 4885 rem
363 4830 676 4884 convertit.
710 4826 879 4893 Quali
926 4844 1057 4883 vero
1116 4827 1306 4883 cordis
1346 4827 1558 4899 jubilo,
1590 4827 1678 4884 vel
1736 4846 1851 4901 qua

192 4919 409 4974 mentis
434 4917 656 4973 ﬁducia
675 4916 1060 4972 aestimandus
1081 4919 1317 4971 esttunc
1339 4916 1848 4988 tripudiasse,cum

192 5005 270 5061 ita
292 5008 363 5062 de
386 5026 452 5063 se
479 5008 672 5062 Deum
697 5021 905 5061 curare
926 5004 1534 5077 cognovisset?Potuit
1550 5010 1686 5060 tunc
1700 5005 1853 5062 Psal-

192 5095 381 5151 mistze
413 5096 613 5151 verbis
645 5093 954 5150 concinere
986 5111 999 5149 :
1033 5093 1296 5148 Dominus
1331 5094 1594 5149 sollicitus
1621 5102 1697 5149 est
1720 5096 1848 5163 mei,

192 5183 272 5239 vel
306 5184 463 5239 sicut
488 5183 635 5240 alibi
670 5182 908 5247 dicitur,
940 5182 1206 5241 Dominus
1234 5198 1424 5235 curam
1451 5181 1609 5237 habet
1637 5185 1764 5238 mci.

337 5274 474 5329 CAP.
513 5271 610 5327 IV.
646 5303 717 5310 —-
746 5272 823 5326 De
850 5272 999 5341 furto
1028 5269 1173 5341 apud
1198 5271 1432 5341 Papiam
1463 5273 1697 5327 invento.

258 5362 333 5418 Eo
367 5367 641 5434 tempore
675 5376 793 5431 quo
822 5358 1128 5413 Heinric-us
1151 5373 1248 5412 rex
1277 5358 1347 5412 ad
1382 5375 1571 5414 arcem
1605 5360 1849 5415 Romani

188 5449 410 5522 imperii
440 5447 791 5512 festinabat,
816 5450 879 5500 ut
897 5448 967 5502 de
990 5462 1165 5517 regno
1186 5445 1260 5499 ad
1282 5445 1592 5517 imperium
1616 5465 1851 5519 promo-

182 5544 429 5607 veretur,
467 5536 884 5593 comitabatur
912 5551 1045 5589 cum
1074 5550 1141 5587 eo
1172 5532 1545 5590 beatissimus
1580 5535 1764 5601 Odilo,
1795 5540 1852 5589 et

181 5626 636 5698 gloriosissima:
672 5622 935 5695 Virginis
967 5621 1329 5676 adorandum
1357 5627 1585 5692 partum
1620 5623 1851 5695 utrique

180 5711 810 5785 cclebravcruntapud
839 5710 1100 5782 Papiam,
1116 5708 1474 5764 ditissimum
1498 5709 1672 5766 Italiae
1696 5711 1853 5783 oppi-

1961 3409 2132 3480 quale
2156 3410 2231 3465 sit
2252 3412 2606 3483 agnoscitur,
2629 3417 2685 3467 et
2707 3414 2910 3470 beatus
2933 3414 3181 3472 Maiolus
3201 3419 3265 3472 ut
3290 3434 3457 3490 opem
3493 3418 3602 3475 mi-

1961 3514 2088 3553 sero
2121 3500 2265 3553 ferat
2295 3501 2557 3556 omnium
2591 3502 2739 3556 votis
2770 3507 3060 3559 exoratur.
3092 3505 3354 3562 Tandem
3405 3507 3604 3564 divina

1961 3586 2147 3658 pietas
2178 3586 2396 3643 inolitis
2429 3589 2905 3648 miserationibus
2936 3592 3216 3651 miserum
3248 3594 3436 3668 erigit,
3468 3597 3601 3653 bra-

1960 3674 2092 3730 chia
2115 3692 2439 3747 manusque
2470 3678 2662 3733 nativo
2695 3678 2938 3737 humore
2956 3681 3272 3754 perfundit,
3289 3684 3458 3740 bases
3474 3686 3603 3757 ejus

1961 3768 2017 3818 et
2038 3762 2264 3834 plantas
2289 3764 2629 3833 consolidat,
2650 3767 2815 3839 isque
2834 3785 2967 3825 cum
2992 3772 3149 3826 omni
3178 3772 3392 3845 populo
3417 3773 3600 3829 Deum

1962 3852 2366 3924 magniﬁcans,
2400 3854 2469 3908 ad
2500 3856 2731 3926 propria
2763 3862 3001 3914 remeat.

2216 3942 2346 3996 CAP.
2381 3941 2449 3995 V.
2483 3974 2549 3982 —
2582 3944 2713 3997 Item
2741 3944 2807 3997 dc
2834 3946 2947 4001 alio
2973 3948 3149 4002 simili
3171 3948 3340 4018 furto.

2029 4028 2278 4083 Alterius
2301 4029 2469 4083 etiam
2496 4029 2641 4086 furis
2664 4032 2837 4087 effera
2858 4050 3025 4090 mens
3046 4033 3237 4091 simile
3256 4036 3601 4109 direptionis

1960 4117 2241 4172 damnum
2275 4117 2606 4188 supradicto
2636 4118 2786 4173 Patri
2816 4120 3026 4177 inferre
3057 4121 3260 4178 molita
3290 4128 3396 4179 est.
3415 4127 3600 4181 Mora-

1961 4205 2131 4260 batur
2151 4205 2542 4275 namquejam
2565 4205 2720 4261 fatus
2746 4208 2910 4263 Pater
2930 4208 2988 4263 in
3020 4209 3395 4267 denominata
3426 4211 3604 4285 Papia

1960 4293 2209 4360 civitate,
2243 4310 2373 4347 cum
2406 4310 2535 4349 ecce
2568 4294 2625 4349 in
2661 4312 2778 4349 uua
2809 4296 3069 4352 noctidm
3119 4299 3357 4370 quidam
3390 4300 3485 4356 fur
3511 4300 3602 4357 in-

1959 4399 2196 4456 gressus
2218 4381 2515 4437 stabulum
2539 4399 2845 4454 equorum,
2869 4385 3061 4459 abegit
3082 4404 3468 4460 unum,quem
3486 4406 3601 4462 pra“;

1960 4467 2182 4525 caeteris
2229 4472 2599 4539 perspexerat
2641 4469 2951 4540 optimum,
2978 4477 3034 4527 et
3075 4474 3245 4545 cujus
3299 4479 3460 4549 tergo
3516 4476 3605 4533 vir

1959 4557 2164 4612 beatus
2195 4557 2392 4611 sedere
2427 4556 2635 4613 solitus
2666 4563 2807 4613 erat.
2833 4559 2942 4614 Sed
2975 4562 3114 4633 quia
3138 4561 3198 4618 in
3222 4563 3422 4620 eadem
3455 4566 3600 4622 urbe

1960 4661 2071 4700 non
2107 4644 2293 4700 solum
2318 4645 2496 4700 homo
2528 4646 2648 4714 Dei,
2681 4663 2880 4702 verum
2930 4648 3105 4705 etiam
3151 4668 3279 4723 quae
3326 4652 3416 4707 sui
3440 4653 3599 4724 juris

1958 4738 2123 4789 erant
2156 4738 2291 4788 nota
2313 4733 2678 4803 videbantur,
2710 4735 2924 4792 veritus
2955 4737 3172 4795 ibidem
3204 4741 3437 4809 morari,
3467 4758 3599 4798 con-

1960 4821 2107 4895 fugit
2137 4823 2205 4876 ad
2241 4822 2541 4878 Laudcnse
2587 4824 2887 4895 oppidum,
2922 4830 2985 4880 ut
3013 4826 3130 4882 illic
3160 4829 3231 4885 de
3266 4828 3598 4886 venditione

1958 4910 2093 4981 equi
2123 4910 2386 4980 cupitum
2418 4910 2582 4982 aequi
2593 4917 2739 4966 reret
2759 4913 3260 4984 pretium.Verum
3284 4917 3423 4990 quia
3444 4918 3597 4975 Deus

1960 5014 2190 5069 semper
2218 5013 2457 5051 suorum
2492 5014 2691 5054 curam
2724 5000 2893 5073 gerit,
2923 5003 3189 5059 omnium
3233 5007 3595 5062 cernentium

1960 5085 2135 5140 corda
2184 5084 2260 5137 ita
2308 5084 2578 5140 obstrusa
2637 5092 2793 5155 sunt,
2827 5093 2892 5142 ut
2922 5089 3142 5146 nullius
3179 5092 3251 5147 ad
3282 5095 3595 5150 emendum

1961 5172 2332 5227 adhiberetur
2374 5173 2792 5231 convenientia.
2826 5176 2986 5240 Quod
3019 5196 3263 5237 cernens
3294 5180 3389 5238 ille
3420 5183 3597 5239 male-

1956 5261 2144 5325 volus,
2185 5263 2374 5314 tactus
2423 5261 2785 5331 paenitudine
2842 5266 3034 5323 cordis
3076 5273 3133 5324 et
3184 5270 3490 5342 pervidens
3538 5289 3600 5328 se

1961 5349 2227 5421 nequiter
2250 5347 2457 5418 egisse,
2483 5350 2787 5406 confestim
2810 5353 2980 5408 rediit
3001 5355 3071 5410 ad
3094 5355 3288 5414 locum
3309 5376 3426 5415 suae
3449 5359 3602 5414 frau-

1959 5439 2051 5494 dis
2080 5434 2400 5501 conscium,
2433 5442 2488 5491 et
2516 5440 2895 5495 maerentibus
2939 5442 3177 5500 famulis
3226 5450 3601 5518 repraesentat

1960 5541 2177 5598 equum
2210 5522 2408 5576 fraude
2439 5524 2815 5581 subductum.
2842 5528 3158 5586 Nuntiatur
3181 5532 3287 5587 hoc
3318 5533 3438 5587 viro
3469 5532 3590 5586 Dei.

1958 5614 2092 5686 Agit
2123 5610 2217 5666 ille
2247 5613 2439 5681 grates
2484 5629 2718 5669 summo
2768 5632 2965 5672 rerum
3011 5619 3225 5690 opiﬁci,
3259 5623 3317 5672 et
3355 5634 3424 5671 ne
3452 5617 3590 5685 quid

1960 5699 2238 5759 molestiae
2268 5697 2549 5755 inferatur
2575 5702 2807 5771 latroni,
2839 5704 3151 5777 imperiosa
3170 5719 3335 5775 prece
3356 5702 3589 5758 saevien-
