4984 6396
1416 475 1534 562 919

2334 502 2398 564 S.
2446 501 2809 565 ODILONIS
2851 501 3412 566 CLUNIACENSIS
3458 502 3788 566 ABBATIS
3833 502 3906 566 V.

4703 503 4813 568 920

1415 629 1567 688 tium
1623 632 1860 705 mitigat
1907 631 2252 691 voluntates.
2297 635 2418 692 Non
2473 636 2626 691 enim
2676 641 2798 692 erat
2856 635 3059 691 avidus
3091 636 3142 704 Α
3171 641 3338 691 tuum
3372 634 3594 708 depelle
3625 637 3696 691 ab
3727 635 3832 692 hac
3876 637 4049 692 domo
4099 635 4370 693 horrores
4419 637 4804 694 tenebrarum.

1415 721 1707 790 vindictze,
1743 723 1842 777 sed
1892 724 2074 778 nimia
2121 725 2313 779 cordis
2364 725 2740 795 benignitate,
2776 726 2924 779 bona
2956 743 3058 796 pro

1419 809 1594 866 malis
1640 829 1870 880 semper
1916 814 2182 868 studebat
2236 831 2692 884 recompensarc.
2726 815 3057 867 Secundum

1419 899 1574 954 beati
1608 900 1766 955 Pauli
1808 901 2076 973 apostoli,
2101 902 2198 972 qui
2229 919 2327 956 vas
2359 903 2659 956 electionis
2692 904 2926 961 dicitur.
2957 904 3055 956 ad-

1420 988 1822 1058 monitionem,
1857 991 2000 1044 nulli
2050 989 2266 1044 malum
2311 1007 2411 1060 pro
2443 991 2595 1045 malo
2628 992 2801 1045 alicui
2837 991 3061 1045 volebat

1422 1094 1682 1149 unquam
1713 1079 1967 1145 reddere,
1999 1079 2098 1132 sed
2131 1080 2406 1135 omnibus
2451 1080 2505 1133 in
2544 1097 2852 1135 commune
2887 1082 3057 1134 bene-

1420 1166 1628 1221 facere.

1419 1271 1552 1328 CAP.
1585 1273 1676 1328 VI.
1709 1303 1777 1314 —-
1804 1275 1878 1329 De
1934 1277 2359 1329 lransmeatimic
2411 1278 2861 1347 profmuiissimm
2921 1280 3057 1333 Tici-

1677 1348 1860 1401 nensz's
1887 1362 2068 1418 aquai’,
2099 1357 2151 1403 et
2178 1351 2497 1402 (u‘ct’nsionc
2528 1351 2786 1404 (tuemur.

1483 1434 1564 1489 Ea
1589 1437 1953 1508 tempestate,
1978 1454 2356 1507 quaregnum
2389 1437 2559 1490 Italia:
2583 1439 2820 1508 quidam
2850 1437 3059 1491 nobilis

1411 1522 1711 1580 Arduinus
1741 1525 2276 1596 arripuerat,etille
2310 1543 2560 1596 magnus
2595 1527 3062 1590 llenricus,intcr

1412 1615 1650 1668 caeteros
1699 1613 2086 1679 clarissimus,
2137 1613 2297 1682 regni
2360 1615 2756 1669 monarebiam
2817 1632 3058 1669 consen-

1410 1699 1694 1755 tientibus
1724 1701 1900 1756 Italiae
1930 1701 2444 1774 principibus,jam
2473 1703 2526 1755 in
2561 1705 2757 1757 eodem
2797 1705 2915 1757 solo
2953 1709 3057 1758 tta-

1411 1787 1523 1844 lico
1556 1790 1781 1861 positus
1813 1791 2146 1855 allectabat;
2169 1791 2542 1862 supradictus
2574 1791 2738 1845 Pater
2773 1793 3058 1846 transiens

1413 1893 1518 1950 per
1539 1877 1788 1944 Italiam,
1812 1879 2045 1933 devenit
2069 1879 2138 1933 ad
2163 1879 2478 1950 quamdam
2503 1897 2734 1950 aquam,
2761 1899 2887 1950 qum
2921 1899 3057 1934 mre-

1414 1964 1512 2020 nia
1544 1966 1732 2038 Papia:
1764 1969 2180 2039 prmterlluens,
2206 1968 2276 2020 ab
2309 1968 2546 2021 australi
2581 1976 2760 2038 parte,
2799 1975 3058 2022 mutuato

1415 2072 1450 2110 a
1479 2072 1542 2110 se
1572 2057 1808 2112 nomine
1855 2057 1954 2111 dat
1994 2055 2182 2110 vocari
2216 2057 2506 2111 Ticinum.
2543 2057 2698 2110 lianc
2731 2075 2866 2125 ergo
2901 2057 3054 2111 l'esti-

1414 2149 1624 2199 nanter
1643 2145 1890 2200 transire
1912 2144 2206 2216 cupiebat;
2233 2146 2332 2200 sed
2369 2145 2659 2213 navigium
2698 2146 2912 2210 deerat,
2943 2165 3057 2217 quo

1413 2234 1588 2288 tanta:
1618 2233 1944 2288 altitudinis
1979 2234 2191 2288 ﬂumen
2228 2233 2586 2288 transvadai-i
2622 2241 2834 2305 posset.
2868 2237 3056 2288 Conli-

1412 2321 1557 2376 dens
1588 2323 1783 2394 itaque
1805 2323 1874 2377 de
1897 2323 2032 2388 Deo,
2058 2324 2148 2377 cui
2177 2328 2296 2377 tota
2321 2329 2510 2377 mente
2533 2324 3057 2386 ἶιίίίὶίιιΓι’δὶιὶ1[,ν‹›(ἷειῐ

1411 2427 1592 2466 unum
1617 2429 1686 2468 ex
1707 2411 1961 2474 famulis,
1987 2413 2075 2466 cui
2099 2430 2308 2466 nomen
2333 2412 2634 2474 Wolveno,
2659 2418 2708 2466 et
2739 2414 2792 2466 in
2823 2415 3056 2466 nomine

1409 2499 1638 2556 Domini
1673 2502 1831 2570 iubet
1861 2519 1996 2556 eum
2029 2518 2130 2572 per
2157 2499 2275 2555 alta
2302 2501 2563 2555 fluminis
2597 2500 2750 2554 haud
2778 2501 2952 2553 dubie
2978 2502 3059 2555 in-

1409 2590 1629 2645 cedere.
1664 2589 1878 2644 Mirum
1910 2590 2105 2644 dictu!
2143 2590 2243 2644 sed
2279 2595 2470 2644 tamen
2522 2591 2717 2643 omnia
2753 2592 3057 2660 possibilia

1409 2682 1550 2733 sunt
1569 2678 2106 2745 credenti,obedivit
2127 2679 2279 2733 illico
2303 2679 2579 2744 famulus,
2604 2685 2658 2731 et
2681 2680 3058 2749 subsequitur

1411 2771 1547 2837 post
1565 2783 1702 2822 eum
1719 2767 2083 2833 dominus,et
2106 2767 2183 2821 ita
2207 2784 2339 2821 cum
2363 2769 2517 2822 omni
2545 2769 2820 2822 comitatu
2839 2770 3054 2838 absque

1411 2853 1678 2910 subsidio
1727 2855 1968 2927 cymbae,
1999 2855 2123 2910 sine
2167 2855 2365 2926 aliqua
2406 2854 2659 2918 liesione,
2694 2856 2920 2911 Christo
2951 2858 3054 2910 du-

1411 2947 1590 3007 ctore,
1621 2947 1858 2998 ventum
1892 2948 1980 2999 est
2009 2945 2078 2999 ad
2112 2943 2297 3015 ripam
2330 2943 2682 2999 ulteriorem.
2711 2945 2952 3014 Impleta
2969 2951 3056 3000 est

1412 3034 1554 3087 tunc
1589 3031 1890 3104 prophetia
1921 3033 2105 3088 sancti
2143 3033 2446 3086 Habacuch
2477 3033 2762 3087 dicentis:
2802 3035 2947 3087 l'z'um
2979 3039 3056 3104 fe-

1410 3121 1539 3175 ciin
1567 3122 1626 3176 in
1675 3123 1823 3176 mari
1868 3124 2019 3192 cquis
2057 3122 2185 3185 luis,
2221 3123 2274 3174 in
2309 3122 2421 3175 luto
2452 3139 2718 3192 (ir/uarum
2754 3123 3057 3176 multarum

1410 3210 1754 3277 (Habitant,
1795 3212 1903 3280 15).
1936 3211 2080 3276 Quid
2140 3227 2272 3264 vero
2333 3210 2684 3273 mirabilius,
2739 3211 2825 3265 vel
2886 3211 3057 3265 laude

1407 3298 1642 3370 dignius
1662 3298 1924 3354 videtur?
1944 3300 2246 3365 Quondam
2263 3298 2514 3370 populus
2537 3299 2889 3353 Israeliticns
2911 3301 3058 3352 inter

3171 726 3282 780 Nec
3316 743 3496 781 mora.
3525 724 3620 780 lux
3647 727 3717 780 ab
3750 728 3960 780 adhere.
3993 729 4120 782 t'usa
4155 727 4316 781 illum
4350 726 4546 783 laetitia
4577 734 4632 783 et
4662 746 4810 784 secu-

3169 816 3355 876 ritate,
3389 821 3438 867 et
3476 816 3712 869 domum
3746 815 3984 870 luminis
4030 817 4281 886 perl‘udit
4333 816 4612 871 claritate.
4651 818 4716 872 Et
4746 836 4809 871 ne

3167 905 3257 958 cui
3297 906 3403 957 ista
3429 904 3789 958 incredibilia
3822 906 4143 967 vidcantur,
4171 924 4203 956 o
4231 905 4333 959 viri
4364 906 4561 961 fideles
4582 911 4635 960 et
4658 907 4807 960 Chri—

3168 993 3339 1046 stiani
3372 994 3596 1056 fratres,
3631 993 3916 1046 Creatoris
3962 999 4052 1048 est
4106 994 4376 1048 miranda
4408 995 4686 1065 potentia,
4719 995 4808 1065 qui

3169 1081 3402 1135 deVotos
3423 1084 3549 1150 eius
3571 1082 3798 1134 animos
3816 1099 4078 1144 cernens,
4099 1082 4289 1135 taliter
4307 1081 4472 1137 illum
4499 1081 4811 1154 gloriﬁcare

3168 1170 3368 1232 voluit,
3403 1176 3462 1222 ut
3496 1170 3589 1224 lux
3624 1172 3964 1225 meritorum
4015 1172 4200 1243 ipsius
4253 1189 4354 1242 per
4394 1171 4555 1226 orbis
4587 1170 4810 1227 climata

3169 1259 3614 1312 ditt‘uuderctur.

3489 1349 3619 1402 (Συ).
3657 1347 3776 1403 VII.
3815 1381 3876 1387 —
3910 1349 3981 1403 De
4011 1350 4188 1402 si'nu'li
4218 1349 4505 1405 miraculo.

3242 1436 3594 1490 Memorialis
3644 1437 3767 1489 dies
3816 1437 4021 1490 divinm
4077 1437 4428 1491 visitationis
4461 1441 4516 1491 et
4547 1436 4808 1492 humanae

3170 1523 3398 1587 salutis,
3417 1526 3698 1578 festivitas
3729 1525 3995 1580 videlicet
4029 1524 4343 1580 Dominica:
4368 1525 4695 1580 Nativitatis
4716 1543 4810 1597 ap-

3172 1614 3617 1684 propinquabat,
3643 1621 3696 1667 et
3726 1620 3963 1668 sanctus
3997 1614 4092 1669 Dei
4127 1614 4294 1669 ()dilo
4328 1615 4550 1686 primos
4573 1615 4697 1668 dies
4718 1616 4810 1668 Ad-

3169 1708 3373 1755 ventus
3399 1703 3677 1756 Domiuici
3703 1704 3854 1772 apud
3885 1702 4308 1769 l’atcruiacum,
4333 1703 4676 1758 delectabile
4707 1703 4810 1758 sibi

3168 1792 3518 1854 CtI‘lltiiIlUlli,
3554 1791 3960 1844 celebraverat.
3997 1791 4132 1845 Inde
4167 1809 4434 1862 gressum
4469 1808 4730 1854 movens,
4759 1797 4810 1846 et

3171 1897 3272 1950 per
3326 1887 3601 1933 montana
3656 1881 3936 1950 paulatim
3997 1880 4106 1934 iter
4163 1880 4402 1948 faciens,
4439 1880 4700 1952 pervenit
4745 1881 4806 1932 ad

3169 1969 3478 2038 quemdam
3541 1969 3754 2028 vicum.
3816 1968 4050 2023 nomine
4125 1969 4480 2024 Lcodonium
4545 1970 4810 2036 [Loris—lc-

3166 2057 3444 2127 Suunier},
3482 2058 3575 2110 ubi
3630 2058 3940 2111 coniicitur
3989 2058 4094 2122 sal,
4126 2057 4521 2112 humanorum
4556 2058 4808 2113 ciborum

3166 2146 3626 2200 condimentum.
3659 2147 3987 2200 Vestimle
4009 2147 4165 2200 enim
4202 2148 4294 2216 pio
4319 2147 4615 2201 desiderio
4644 2148 4808 2201 beata?

3169 2233 3422 2302 Virginis
3456 2243 3683 2305 partum
3730 2236 3880 2305 apud
3933 2235 4297 2300 (lluniacum,
4331 2235 4568 2290 virtutis
4601 2241 4656 2290 et
4687 2235 4807 2290 reli-

3166 2322 3355 2391 gionis
3419 2323 3840 2389 habitaculum,
3901 2323 4210 2377 celebrare.
4245 2324 4574 2378 Advenerat
4623 2329 4803 2378 autem

3166 2411 3416 2463 domnus
3451 2413 3653 2464 Petrus
3686 2412 3756 2463 ab
3793 2411 4044 2470 ltalia,et
4073 2413 4127 2464 in
4161 2413 4290 2480 ejus
4320 2412 4672 2482 obsequium
4694 2428 4807 2482 gra-

3167 2499 3452 2558 diebatur,
3491 2500 3544 2552 in
3578 2501 3746 2568 cujus
3779 2499 3982 2553 solatio
4013 2499 4176 2553 valde
4212 2499 4342 2570 pius
4373 2500 4540 2554 Pater
4570 2499 4808 2572 gratula-

3169 2588 3355 2642 batur.
3393 2588 3673 2659 Ilospitati
3709 2589 3886 2656 igitur
3935 2587 3991 2641 in
4045 2589 4316 2659 przedicto
4367 2589 4512 2651 vico,
4550 2588 4807 2660 prazcepit

3167 2677 3359 2729 senior
3381 2677 3522 2738 suis,
3553 2683 3606 2730 ut
3636 2684 3828 2730 essent
3851 2676 4108 2730 diluculo
4131 2677 4338 2748 parati,
4357 2680 4415 2731 et
4436 2676 4627 2748 primo
4654 2694 4804 2731 mane

3167 2766 3689 2836 proliciscer..-ntur,
3717 2773 3778 2819 ut
3809 2767 4020 2820 diurna
4049 2767 4224 2821 itione
4257 2766 4804 2836 {nu.,diurnatione‘

3168 2860 3420 2926 peracta.
3457 2861 3694 2925 possent
3744 2855 4028 2922 attingere
4062 2856 4131 2909 ad
4170 2855 4599 2910 monasterium
4635 2855 4802 2910 sancti

3166 2946 3352 3012 (μς-ιε)
3396 2944 3667 2997 Marcelli.
3700 2944 4044 2997 lmminebat
4072 2942 4434 3014 namqueille
4449 2943 4578 2999 dies
4601 2949 4804 3015 quartae

3163 3031 3338 3092 fcrize,
3374 3033 3428 3086 in
3463 3050 3577 3104 qua
3619 3039 3674 3086 et
3719 3032 3978 3086 solemne
4020 3033 4340 3101 jejunium,
4372 3038 4429 3086 et
4458 3030 4670 3087 electio
4717 3032 4804 3086 Dei

3167 3121 3371 3173 matris
3422 3121 3476 3174 in
3533 3120 3784 3174 Ecclesia
3835 3127 4197 3190 prirconatur
4227 3123 4359 3190 .20).
4395 3120 4514 3176 Illic
4544 3138 4684 3190 ergo
4715 3136 4803 3174 cu.

3165 3209 3360 3280 piebat
3396 3209 3658 3263 festivum
3693 3208 3942 3263 CII'lCSllS
3967 3210 4182 3262 oraculi
4210 3209 4464 3277 legatum
4498 3209 4681 3264 beatae
4699 3209 4809 3262 Vir-

3166 3298 3284 3368 gini
3339 3300 3625 3351 directum
3673 3299 3872 3351 audire
3925 3297 4138 3368 pariter
4185 3304 4242 3352 et
4289 3299 4605 3353 celebrare.
4647 3299 4804 3354 Facto

1407 3386 1718 3442 divisiones
1756 3387 1936 3442 maris
1988 3405 2088 3458 per
2135 3387 2353 3441 siccum
2390 3388 2696 3453 transivit;
2731 3405 2884 3441 nunc
2919 3405 3048 3441 vero
3082 3376 3124 3440 C
3166 3388 3359 3458 itaque
3418 3405 3588 3440 mane
3659 3388 3972 3455 carpebant
4041 3386 4174 3446 iter.
4230 3403 4364 3442 cum
4417 3388 4542 3458 jam
4606 3388 4806 3442 cadum

1405 3473 1613 3530 beatus
1641 3480 1804 3547 pater
1835 3474 2002 3529 0dilo
2032 3490 2209 3544 super
2241 3474 2396 3544 ipsas
2419 3475 2606 3528 undas
2628 3474 2877 3544 :equoris
2900 3477 3048 3530 viam

1407 3563 1674 3618 suleavit.
1705 3564 1812 3617 Sed
1861 3563 2002 3634 quia
2049 3568 2362 3634 utrumque
2414 3563 2510 3616 Dei
2573 3580 2788 3618 munus
2843 3571 2950 3628 est,
2984 3567 3055 3620 de

1410 3655 1660 3722 utroque
1691 3667 1725 3704 a
1756 3651 1925 3704 nobis
1959 3655 2108 3704 Deus
2140 3651 2610 3721 magniticandus
2643 3658 2748 3705 est.
2787 3653 2899 3706 lloc
2932 3671 3055 3707 cer-

1413 3743 1620 3794 nentes
1641 3739 1741 3810 qui
1769 3737 1846 3792 ibi
1871 3738 2130 3804 aderant,
2159 3743 2866 3810 putaveruntconsuetum
2894 3760 3052 3812 aqua:

1411 3828 1831 3893 transitum,et
1852 3827 2108 3883 ascensis
2129 3829 2296 3898 equis
2320 3829 2374 3882 id
2411 3834 2628 3883 tentare
2661 3831 2847 3884 conati
2883 3840 3051 3892 sunt;

1413 3917 1513 3973 sed
1548 3915 1890 3989 priusquam
1941 3916 2132 3988 prima
2176 3917 2420 3988 vestigia
2469 3919 2813 3988 sonipedum
2868 3921 3050 3990 ripam

1411 4010 1737 4079 tangerent,
1783 4022 1928 4078 pene
1984 4006 2520 4077 submergerentur,
2577 4007 2686 4062 nisi
2742 4010 3050 4064 eont‘estim

1408 4095 1677 4150 retroacti
1709 4095 1958 4166 gradum
1991 4094 2363 4166 pressissent.
2387 4094 2520 4150 Viso
2554 4102 2714 4151 tanto
2745 4097 3049 4162 miraculo,

1407 4201 1561 4240 unus
1595 4199 1663 4238 ex
1693 4183 2214 4238 circumstantibus
2260 4185 2509 4238 accurrit
2539 4185 2610 4238 ad
2642 4201 2832 4251 genua
2864 4187 3048 4240 sancti

1405 4272 1537 4342 viri,
1567 4289 1742 4328 orans
1772 4277 1837 4330 ut
1865 4271 2118 4343 h0$piti0
2154 4289 2271 4326 suae
2303 4273 2514 4328 domus
2547 4272 2629 4327 uti
2662 4274 3002 4343 dignaretur
3035 4293 3047 4330 :

1405 4361 1496 4418 cui
1527 4361 1616 4416 vir
1644 4362 1849 4416 beatus
1880 4360 2127 4416 libenter
2152 4377 2458 4415 assensum
2492 4362 2672 4427 dedit,
2708 4364 3054 4432 vergebatur

1402 4451 1557 4506 enim
1575 4451 1701 4522 jam
1725 4451 1848 4506 dies
1869 4450 1941 4505 ad
1963 4449 2525 4505 occasuiii.Veniens
2548 4451 2746 4520 itaque
2767 4469 2898 4505 cum
2925 4453 3049 4506 suis

1403 4539 1473 4595 ad
1497 4539 1761 4606 domum,
1785 4543 1842 4593 et
1860 4538 2150 4594 icharitatc
2185 4537 2342 4592 illius
2375 4537 2627 4592 hominis
2651 4540 3052 4597 ret'cctusdor-

1403 4626 1614 4682 mitum
1647 4625 1915 4698 perrexit.
1951 4627 2011 4680 In
2063 4625 2253 4679 noctis
2304 4641 2435 4679 vero
2487 4625 2698 4689 medio,
2727 4627 2849 4699 jam
2884 4630 3048 4682 beato

3165 3476 3419 3528 nubibus
3468 3481 3800 3545 praetectum
3854 3475 4208 3528 ditl'underet
4240 3476 4411 3530 terris
4444 3476 4808 3530 immensita-

3162 3568 3275 3617 tem
3313 3564 3588 3617 imbrium
3631 3562 4065 3632 impelleretque
4103 3564 4616 3617 incommoditates
4649 3579 4806 3618 aura-

3162 3669 3289 3706 rum
3334 3655 3478 3718 (‘21);
3510 3652 3608 3704 sed
3664 3654 3868 3705 fortem
3904 3653 4005 3705 viri
4041 3653 4134 3706 Dei
4171 3654 4434 3706 animum
4469 3670 4502 3706 a
4531 3659 4695 3707 statu
4728 3650 4810 3706 sui

3161 3741 3429 3795 desiderii
3459 3743 3573 3794 limc
3597 3759 3802 3810 aspera
3827 3757 4090 3795 revocare
4115 3740 4518 3811 nequiverunt.
4540 3741 4811 3804 Quinimo

3160 3832 3521 3885 cont‘ortabat
3555 3830 3744 3884 socios
3778 3847 3846 3883 ne
3879 3830 4106 3884 animos
4140 3832 4490 3901 frangerent,
4525 3831 4629 3885 sed
4665 3831 4809 3884 viam

3161 3926 3494 3974 constanter
3526 3918 3958 3988 explerent.Qui
3985 3920 4141 3972 enim
4170 3936 4280 3972 nou
4313 3920 4652 3990 patiebatur
4668 3917 4808 3973 vinci
4877 3908 4882 3914 ’

3162 4026 3195 4062 a
3223 4008 3536 4079 voluptate,
3573 4007 3850 4061 invictum
3895 4025 3957 4061 se
4006 4008 4320 4078 praestabat
4361 4025 4393 4061 a
4426 4007 4649 4068 labore.
4682 4007 4811 4080 quia

3163 4099 3432 4151 manebat
3467 4096 3610 4150 liber
3635 4097 3706 4149 ab
3739 4097 3896 4149 omni
3931 4095 4107 4150 animi
4145 4097 4606 4167 perturbatione.
4643 4097 4817 4151 Labo-

3162 4186 3314 4240 riOso
3348 4185 3525 4255 igitur
3557 4184 3760 4238 itinere
3819 4201 3952 4238 cum
4007 4183 4262 4255 plurimo
4309 4185 4499 4256 spatio
4531 4185 4652 4240 diei
4685 4201 4814 4240 con-

3163 4276 3328 4340 fecto,
3364 4280 3645 4328 venerunt
3679 4273 3744 4325 ad
3781 4275 4075 4341 Quoddem
4112 4273 4525 4344 tlumen,quod
4563 4273 4816 4328 itaintu-

3155 4369 3407 4426 muerat,
3443 4371 3506 4416 ut
3540 4363 3692 4416 ultra
3725 4362 3938 4415 littoris
3977 4362 4292 4415 terminum
4348 4368 4696 4434 protensum
4731 4362 4813 4415 in-

3159 4450 3575 4506 transmeabile
3616 4450 3925 4503 videretur.
3955 4451 4206 4504 Comites
4253 4467 4386 4505 vero
4438 4451 4814 4505 circumcirca

3159 4540 3581 4602 discurrentes,
3605 4545 3659 4592 et
3680 4539 3931 4609 plurima
3955 4545 4255 4604 conantes,
4286 4539 4600 4594 meabilem
4636 4546 4812 4594 trans-

3162 4629 3306 4682 itum
3326 4627 3564 4682 minime
3580 4628 4134 4698 reperiebant.'l‘unc
4148 4628 4362 4682 Christi
4379 4627 4643 4683 famulus
4656 4643 4811 4699 spem

1401 4715 1523 4770 viro
1549 4720 1842 4786 soporato,
1876 4720 2111 4784 repente
2141 4717 2348 4769 ventus
2399 4715 2668 4784 aspirans
2722 4731 2824 4785 per
2870 4717 3050 4770 rimas
3087 4739 3129 4803 η
3165 4719 3222 4771 in
3265 4721 3443 4772 Deum
3498 4733 3739 4788 ponens,
3773 4722 3936 4770 vocat
3969 4734 4151 4771 unum
4184 4733 4250 4772 ex
4285 4716 4544 4784 lamulis,
4580 4717 4810 4772 nomine

1402 4804 1615 4859 domus
1643 4821 1772 4874 quae
1804 4804 2101 4875 patebant,
2127 4820 2234 4858 suo
2263 4804 2403 4857 flatu
2433 4802 2731 4857 lucernam
2754 4805 3046 4859 exstinxit.

1402 4892 1848 4965 EXpergefactus
1876 4890 2274 4948 cubicularius
2290 4889 2391 4962 qui
2411 4896 2545 4946 ante
2567 4908 2701 4946 eum
2727 4893 3046 4960 cubitabat,

1403 4981 1637 5038 nomine
1669 4983 1977 5045 Deodatus,
2011 4986 2185 5051 atque
2215 4979 2749 5046 exterritus,doluit
2781 4983 3048 5036 tenebras

1402 5067 1728 5141 irrepsisse,
1761 5069 1861 5124 ubi
1891 5085 1952 5122 se
1984 5067 2174 5122 lucem
2209 5068 2556 5122 meminerat
2587 5068 2912 5138 reliquisse.
2942 5071 3047 5124 Ex-

1402 5155 1579 5212 silivit
1615 5156 1910 5220 alectulo,
1941 5161 1998 5210 et
2053 5157 2315 5211 nesciens
2373 5173 2488 5226 quo
2547 5156 2747 5210 lumen
2807 5163 3044 5227 peteret,

1401 5250 1640 5318 sumpta
1668 5243 1804 5298 fidei
1835 5242 2098 5308 audacia,
2115 5245 2288 5316 cmpit
2318 5245 2500 5300 Deum
2524 5261 2708 5312 orare,
2733 5245 2968 5302 dicens:
3003 5250 3047 5303 υ

1400 5331 1600 5389 lumen
1633 5331 1922 5398 divinum,
1957 5331 2056 5402 qui
2084 5337 2269 5386 totum
2298 5332 2556 5387 illustras
2580 5334 2890 5400 mundum,
2911 5337 3047 5390 audi

1401 5438 1492 5478 me
1513 5418 1872 5477 immeritum
1900 5419 1994 5490 [ιιι.
2029 5421 2165 5488 cod.,
2194 5421 2520 5491 miserum],
2547 5427 2602 5475 et
2623 5438 2725 5492 per
2746 5422 3046 5479 Odilonem

1473 5563 1688 5636 (18-19)
1723 5562 1838 5636 Hoc
1870 5561 2290 5618 monasterium
2323 5562 2501 5618 situm
2545 5566 2634 5616 est
2677 5563 2733 5616 in
2764 5565 3044 5624 subnrbio

1402 5634 1790 5689 Cabiloneusi.

1473 5707 1586 5776 (20')
1623 5706 1786 5762 Feria
1816 5708 2025 5776 quarta
2055 5704 2314 5766 Quatuor
2342 5704 2717 5776 Temporum,
2748 5705 2804 5759 in
2836 5705 3046 5763 hebdo-

1405 5775 1576 5832 mada
1605 5778 1775 5832 tertia
1807 5775 2126 5844 Adventus,
2158 5793 2275 5848 qua
2303 5775 2521 5831 scilicet
2554 5775 2766 5845 legitur
2795 5777 3048 5850 Evange-

3160 4805 3499 4861 Arbaldnm.
3539 4804 3797 4866 Videtur,
3829 4805 4040 4875 inquit,
4075 4806 4218 4861 mihi
4265 4821 4369 4876 per
4407 4805 4558 4860 hanc
4597 4812 4809 4878 partem

3161 4879 3420 4948 ﬂuminis
3454 4891 3644 4946 inesse
3667 4908 3903 4946 cursum
3929 4893 4184 4947 meandi.
4209 4894 4357 4965 Ergo
4379 4893 4435 4947 in
4457 4893 4554 4948 Dei
4579 4895 4810 4948 nomine

3159 4996 3404 5036 securus
3435 4979 3754 5047 ingredere,
3787 4984 3844 5032 et
3889 4979 4237 5050 experiendo
4296 4981 4458 5034 disce
4511 4985 4713 5035 utrum
4759 4984 4810 5033 et

3161 5085 3268 5122 nos
3300 5084 3588 5138 queamus
3621 5068 3889 5122 transire.
3925 5068 4024 5122 Ille
4056 5068 4200 5123 nihil
4233 5074 4520 5133 moratus,
4552 5070 4676 5139 agit
4705 5070 4807 5122 im-

3160 5164 3379 5229 perata,
3413 5155 3624 5210 transit
3653 5157 3890 5224 tlunien,
3922 5162 3979 5210 et
4011 5156 4288 5212 allabitur
4317 5159 4388 5212 ad
4441 5158 4631 5230 ripam
4665 5157 4804 5213 ulte-

3160 5247 3390 5312 riorem,
3407 5251 3460 5300 et
3479 5244 3696 5298 emissa
3716 5261 3850 5299 voce
3873 5245 4088 5301 clamat
4109 5264 4168 5301 se
4191 5263 4396 5302 omnes
4423 5247 4590 5318 sequi
4615 5263 4803 5319 posse.

3158 5337 3228 5390 Et
3249 5333 3444 5388 senior
3468 5351 3480 5388 :
3507 5332 3656 5397 Non,
3681 5332 3890 5404 inquit,
3915 5335 4015 5388 sed
4041 5340 4095 5390 te
4126 5335 4195 5390 ad
4231 5353 4337 5390 nos
4367 5335 4662 5406 oportebit
4685 5334 4802 5389 red-

3159 5425 3261 5478 ire.
3313 5421 3732 5478 'l‘ransvadavit
3785 5421 3880 5475 ille
3941 5423 4151 5478 iterum
4211 5425 4540 5479 interventu
4603 5423 4802 5486 Patris,

3155 5567 3300 5622 lium
3337 5584 3348 5620 :
3385 5567 3584 5621 Missus
3613 5573 3688 5618 est
3720 5566 3948 5631 angelus
3980 5567 4228 5632 Gabriel,
4259 5571 4369 5622 etc.

3225 5639 3338 5708 (21)
3371 5637 3528 5692 Alter
3561 5637 3759 5702 codex,
3794 5639 4148 5711 z'mplcrclque
4199 5638 4666 5694 incommoditates
4711 5651 4802 5688 au-

3155 5726 3214 5764 ra
3224 5727 3342 5763 rum
3354 5751 3365 5762 .
