4984 6378
701 490 805 560 92l

2065 491 2269 552 VITA.
2315 524 2393 538 ι·-
2436 490 2582 552 LIB.
2634 491 2707 553 ll.

3958 490 4075 558 922

697 623 934 703 aiquoris
962 620 1212 683 evadens
1242 619 1587 697 periculum.
1621 621 1883 680 Praecede
1919 640 2076 697 ergo,
2107 620 2318 697 inquit,
2351 624 2405 693 Α
2435 639 2621 693 mens,
2642 620 2820 682 movit
2846 640 3116 699 gressum
3147 622 3219 682 ab
3249 608 3513 696 ecclesia,
3546 626 3604 681 et
3625 623 3696 682 ad
3720 620 4074 685 famulorum

702 735 800 775 nos
828 716 886 771 in
925 713 1160 771 nomine
1210 711 1464 769 Domini.
1497 711 1577 768 Ad
1628 710 1842 769 lineam
1896 712 2094 786 itaque
2140 711 2332 769 cuncti

706 805 1106 880 ingredientes,
1138 802 1500 859 transierunt
1527 801 1817 875 gurgitem
1859 807 2109 869 vastum,
2163 802 2333 875 aquis

702 910 878 967 usque
907 893 977 948 ad
1006 894 1200 964 partes
1230 891 1520 948 femorum
1548 890 1808 964 irrigati;
1832 892 1954 948 viro
1986 895 2179 948 autem
2209 892 2332 957 Dei,

709 984 852 1040 sicut
882 980 1073 1037 testati
1106 982 1246 1035 sunt
1295 980 1395 1052 qui
1428 980 1759 1047 adfuerunt,
1794 996 1980 1052 neque
2029 997 2214 1052 usque
2261 980 2342 1034 ad"

709 1069 1006 1142 corrigiam
1040 1068 1419 1124 calceamehti
1450 1084 1603 1140 aqua
1624 1068 1811 1140 potuit
1836 1067 2106 1123 diﬂ‘undi.
2141 1069 2221 1123 Ex
2251 1066 2335 1122 in-

706 1158 922 1215 fusione
951 1156 1148 1230 itaque
1179 1174 1486 1229 aquarum,
1512 1156 1806 1229 nimioque
1825 1156 2019 1230 algore
2039 1155 2333 1212 constricti

707 1263 896 1303 omnes
925 1244 1087 1312 socii,
1121 1246 1357 1301 tandem
1406 1245 1697 1317 profunda
1739 1249 1903 1300 nocte
1934 1248 2216 1300 venerunt
2261 1244 2332 1299 ad

703 1337 883 1392 locum
910 1333 1007 1388 diu
1039 1332 1390 1405 ﬂagitatum,
1414 1333 1608 1389 eximii
1643 1332 1913 1405 martyris
1945 1332 2197 1388 Marcelli
2228 1332 2336 1387 ho-

704 1442 831 1481 nore
862 1423 1143 1478 dicatum.
1178 1422 1352 1478 Facta
1381 1423 1640 1478 oratione
1670 1422 1964 1494 petierunt
1984 1423 2247 1491 domum,
2279 1426 2337 1477 et

700 1513 956 1571 sedentes
991 1511 1150 1567 circa
1177 1510 1372 1583 ignem
1404 1510 1725 1583 copiosum,
1760 1509 1857 1565 alii
1891 1528 1953 1566 se
1997 1509 2329 1577 calefacere,

701 1620 828 1674 pars
859 1604 1165 1672 cceperunt
1192 1602 1381 1655 vestes
1414 1602 1661 1654 mutare.
1696 1599 1953 1662 Quorum
1987 1614 2218 1671 gravem
2252 1596 2333 1652 la-

699 1691 889 1747 borem
919 1705 1169 1744 cernens
1200 1684 1581 1743 dulcissimus
1603 1688 1769 1742 Pater
1785 1686 2027 1742 incaluit
2047 1685 2257 1755 cordis,
2279 1690 2336 1741 et

702 1774 862 1835 dictis
893 1776 1103 1834 amicis
1134 1776 1352 1832 afﬂicta
1381 1779 1616 1848 pectora
1646 1775 1880 1831 mulcet.

762 1866 804 1922 Ο
834 1866 1133 1938 quondam
1168 1864 1345 1920 fortes
1376 1882 1477 1937 per
1508 1863 1693 1919 multa
1725 1863 1982 1936 pericula
2010 1863 2244 1918 fratres!

760 1954 838 2010 Ne
866 1958 1064 2010 vestra
1090 1956 1298 2007 vestris
1328 1952 1610 2023 frangatis
1641 1956 1870 2023 pectora
1900 1952 2093 2019 rebus,

764 2043 865 2098 Per
891 2040 1088 2097 varios
1121 2058 1293 2096 casus
1322 2057 1424 2112 per
1444 2044 1531 2095 tot
1553 2040 1894 2095 discrimina
1925 2056 2118 2096 rerum

763 2130 1085 2186 Tendimus
1117 2130 1187 2184 ad
1220 2146 1464 2201 regnum
1494 2126 1644 2197 cceli,
1679 2129 1962 2201 sedesque
1989 2130 2207 2184 beatas.

762 2218 991 2283 Durate,
1026 2221 1089 2273 et
1117 2217 1239 2273 haec
1268 2216 1407 2273 olim
1441 2216 1777 2273 meminisse
1799 2217 2049 2289 juvabit.

700 2307 919 2364 Credite
951 2324 1097 2362 mea:
1124 2307 1415 2378 parvitati,
1447 2307 1618 2363 beata
1657 2307 1756 2361 Dei
1801 2311 2003 2372 mater,
2046 2306 2118 2361 ob
2165 2306 2335 2376 cujus

703 2394 1039 2467 obsequium
1077 2394 1448 2462 convenistis,
1474 2394 1652 2466 hujus
1681 2395 1853 2449 vestri
1877 2394 2091 2449 laboris
2113 2394 2219 2448 erit
2243 2393 2337 2465 pia

702 2481 1138 2538 remuneratrix.
1173 2487 1311 2538 Post
1340 2483 1461 2538 haec
1497 2483 1624 2538 cibo
1655 2486 1908 2554 sumpto,
1945 2483 2128 2538 fessos
2175 2486 2337 2537 artus

701 2571 880 2626 somni
905 2573 1106 2643 quiete
1127 2570 1540 2627 refocillarunt.
1555 2572 1617 2626 In
1638 2572 1956 2626 crastinum
1973 2574 2168 2626 autem
2187 2588 2337 2625 com-

697 2657 859 2731 pletis
890 2660 1106 2715 ofﬁciis
1135 2658 1567 2725 ecclesiasticis,
1591 2659 2011 2730 omnipotentis
2039 2659 2137 2714 Dei
2163 2660 2333 2725 dono,

696 2747 816 2802 cibo
844 2754 899 2803 et
927 2747 1131 2803 laatitia
1186 2748 1360 2802 corda
1412 2747 1658 2802 fratrum
1699 2746 1963 2818 implevit
2018 2763 2084 2802 ac
2130 2747 2337 2801 deinde

697 2835 1030 2892 Cluniacum
1061 2837 1342 2908 pervenit.

694 2923 824 2980 CAP.
856 2925 1002 2981 VIII.
1036 2956 1111 2971 ——«
1154 2926 1228 2981 De
1253 2926 1443 2995 paucis
1476 2924 1754 2995 pz'scz'culis
1796 2924 2058 2995 plurimis
2103 2925 2334 2993 relectz's.

764 3014 997 3069 Lutetiae
1030 3015 1149 3085 (22)
1180 3013 1535 3068 Parisiorum
1567 3012 1897 3084 proximum
1929 3016 2017 3067 est
2048 3016 2336 3067 monaste-

696 3098 868 3172 rium,
895 3102 1087 3157 sancti
1111 3099 1367 3172 Dionysii
1403 3101 1673 3171 martyris
1704 3099 1936 3170 gloriosi
1961 3100 2217 3171 corporis
2242 3100 2338 3154 ho-

695 3205 830 3245 nore
861 3190 1229 3263 praeclarum,
1282 3189 1379 3261 qui
1427 3188 1588 3243 locus
1619 3206 1652 3243 a
1703 3189 2052 3242 Francorum
2103 3189 2339 3260 regibus

693 3281 934 3351 Hugone
964 3282 1021 3334 et
1071 3278 1368 3347 Rotberto,
1399 3277 1521 3331 viro
1555 3276 1654 3332 Dei
1681 3275 1908 3332 Odiloni
1940 3277 2129 3332 fuerat
2176 3293 2337 3332 com-

2440 712 2627 770 tendit
2645 712 3001 771 habitacula.
3025 712 3293 771 Pisoandi
3313 729 3528 788 gnaros
3542 717 3727 782 vocat,
3741 714 3925 772 multa
3945 733 4078 774 cum

2439 802 2525 857 eis
2557 801 2952 874 conqueritat,
2979 819 3155 875 super
3179 802 3478 875 capiendis
3498 802 3761 876 piscibus
3783 804 3969 861 multa
3998 805 4081 861 in-

2442 890 2652 957 culcat,
2672 907 2826 946 nunc
2843 892 3007 964 pium
3029 892 3331 948 0dilonem
3351 890 3603 957 venisse,
3620 909 3777 947 nunc
3795 892 3949 971 diem
3973 894 4080 949 Do-

2443 979 2667 1035 minicaa
2690 980 3131 1036 resurrectionis
3153 981 3376 1049 adesse,
3397 997 3554 1036 nunc
3575 980 3782 1036 fratres
3804 981 4081 1039 melodia-

2442 1084 2573 1123 rum
2601 1073 2776 1125 cantu
2798 1068 3068 1142 fatigatos
3094 1070 3235 1125 fore.
3260 1069 3508 1142 Impetat
3527 1069 3766 1125 demum
3785 1069 3844 1125 in
3867 1070 4081 1127 Christi

2440 1155 2674 1223 virtute,
2700 1161 2765 1211 ut
2792 1161 3117 1229 Sequanam
3152 1157 3392 1212 ﬂuvium
3422 1157 3643 1213 retibus
3667 1162 3955 1232 expetant.
3980 1160 4082 1226 Ite,

2442 1243 2652 1316 inquit,
2686 1249 2742 1301 et
2772 1246 3045 1301 meritum
3079 1244 3339 1301 Odilouis
3363 1244 3725 1318 interpellate
3754 1262 4084 1318 nomenque

2442 1331 2655 1387 Christi
2689 1333 2948 1389 invocate
2973 1350 2985 1388 :
3020 1334 3188 1389 credo
3218 1334 3373 1389 enim
3397 1333 3535 1406 quia
3566 1351 3679 1390 non
3706 1333 4083 1391 frustrabitur

2443 1436 2575 1492 spes
2604 1425 2813 1476 vestra.
2849 1422 2914 1475 Id
2946 1420 3068 1476 sine
3101 1438 3264 1477 mora
3285 1421 3574 1477 ﬁdissima
3601 1421 3878 1478 clientum
3909 1423 4083 1480 turba

2443 1508 2583 1563 dant
2604 1510 2776 1565 ﬂuvio
2793 1514 2946 1578 rete;
2982 1510 3113 1565 fluvi
3123 1527 3191 1565 us
3213 1527 3281 1565 ex
3312 1510 3623 1583 improviso
3645 1510 3834 1566 reddit
3854 1510 4074 1583 piscem

2443 1598 2845 1669 magnitudine
2866 1615 3186 1669 enormem,
3209 1599 3487 1655 vocabulo
3510 1598 3840 1668 sturiorem,
3875 1600 3935 1655 in
3966 1617 4081 1672 quo

2444 1685 2704 1741 fluminis
2723 1687 2951 1759 gurgite
2966 1686 3144 1758 piscis
3161 1686 3255 1742 vix
3268 1704 3528 1759 unquam
3546 1687 3836 1743 ferebatur
3850 1705 3884 1743 a
3901 1687 4085 1759 pisca-

2442 1775 2670 1831 toribus
2700 1780 2906 1848 captus
2937 1793 3084 1832 esse.
3119 1777 3383 1832 Redeunt
3402 1792 3538 1849 ergo
3569 1777 3763 1832 onusti
3796 1774 3897 1848 qui
3925 1776 4083 1833 abie-

2444 1868 2574 1918 rant
2601 1864 2788 1920 vacui.
2841 1865 3227 1921 Przesentatur
3276 1882 3461 1921 novus
3512 1864 3708 1937 piscis,
3759 1881 3935 1936 quem
3967 1882 4083 1925 non

2444 1952 2752 2022 praedictus
2775 1952 2988 2007 ﬂuvius
3008 1954 3146 2009 dare
3172 1953 3412 2020 solebat,
3446 1953 3547 2008 sed
3569 1952 3782 2008 Christi
3816 1952 4082 2025 largiﬂua

2444 2056 2654 2095 manus
2685 2058 2789 2095 suo
2821 2058 2982 2097 servo
3012 2042 3317 2097 direxerat.
3341 2042 3503 2108 Quod
3526 2040 3790 2097 videlicet
3809 2039 4079 2113 inopina-

2441 2131 2566 2183 tum
2599 2128 2945 2184 miraculum
2980 2130 3038 2184 in
3079 2134 3241 2185 tanta
3273 2128 3658 2185 admiratione
3705 2134 3793 2184 est
3822 2147 3857 2184 a
3885 2133 4085 2185 sancto

2442 2220 2611 2272 Patre
2631 2216 2918 2285 habitum,
2944 2223 3009 2274 ut
3024 2218 3199 2274 etiam
3219 2217 3472 2274 infantes
3488 2216 3943 2288 scholae,quihus
3961 2221 4085 2273 erat

2444 2305 2670 2361 invisus
2717 2311 2773 2361 et
2815 2306 3150 2378 incognitus
3182 2311 3351 2361 tanta:
3383 2305 3749 2362 enormitatis
3779 2303 3977 2375 piscis,
4011 2305 4082 2360 ad

2443 2394 2755 2449 videndum
2783 2395 2973 2450 venire
3008 2395 3358 2466 praeciperet.
3391 2400 3449 2449 et
3478 2394 3548 2448 ad
3605 2392 4085 2465 gloriﬁcationem

2445 2482 2541 2537 Dei
2574 2482 2987 2555 omnipotentis
3021 2499 3197 2554 super
3227 2482 3332 2537 hoc
3355 2482 3634 2536 beneﬁcio
3666 2481 3922 2537 seniores
3944 2497 4079 2537 cum

2438 2571 2754 2641 juvenibus
2806 2576 2863 2626 et
2920 2571 3114 2643 pueris
3171 2571 3359 2643 magis
3404 2587 3470 2626 ac
3501 2570 3691 2642 magis
3724 2569 4081 2626 accenderet.

2443 2659 2648 2730 Agitur
2677 2661 2802 2715 dies
2832 2659 3110 2715 solemnis
3140 2675 3243 2730 pro
3273 2657 3458 2731 gloria
3486 2657 3797 2713 Dominicas
3827 2673 4085 2713 resurre-

2445 2747 2673 2802 ctionis.
2709 2748 3004 2803 Lzetantur
3032 2746 3236 2803 heroes
3267 2746 3519 2802 novitate
3548 2744 3629 2802 rei
3660 2748 3901 2819 peracta:
3921 2743 4089 2801 meri-

2446 2836 2523 2891 tis
2552 2837 2696 2891 tanti
2728 2835 2856 2891 viri.

2515 2925 2615 2979 Est
2637 2942 2814 2996 prope
2836 2928 3105 2981 sanctum
3135 2923 3473 2997 Dionysium
3508 2921 3991 2980 monasteriolum
4028 2921 4086 2979 in

2447 3014 2662 3069 honore
2691 3014 2875 3069 sancti
2906 3013 3135 3069 Martini
3170 3014 3280 3082 (23)
3323 3017 3750 3081 consecratum,
3797 3018 3853 3069 et
3881 3012 4086 3086 vulga-

2447 3101 2586 3156 riter
2614 3102 2683 3156 ad
2718 3101 3011 3157 Publicam
3036 3102 3287 3157 Stratam
3314 3103 3565 3156 dictum:
3594 3101 3650 3155 in
3676 3118 3789 3172 quo
3815 3100 4086 3157 videlicet

2446 3189 2570 3245 loco
2602 3190 2827 3257 fratres,
2862 3190 2959 3261 qui
2994 3190 3052 3244 in
3086 3189 3357 3261 praedicto
3381 3189 3564 3244 sancti
3604 3190 4087 3262 Dionysiimona-

2446 3278 2622 3333 sterio
2645 3295 2821 3334 causa
2846 3276 3202 3333 inﬁrmitatis
3220 3275 3307 3332 vel
3331 3276 3689 3350 fatigationis
3713 3292 3948 3331 manere
3970 3293 4087 3331 non

695 3366 932 3433 missus,
969 3372 1035 3421 ut
1087 3365 1409 3420 monachuli
1443 3364 1645 3420 ordine
1673 3369 1730 3420 et
1759 3365 2023 3420 doctrina
2053 3365 2336 3437 regularis
2366 3353 2410 3420 Β
2449 3370 2713 3438 possunt,
2737 3366 3051 3438 aliquando
3074 3367 3372 3422 secedunt.
3392 3366 3652 3430 Quadam
3670 3365 3864 3438 itaque
3886 3364 3978 3421 die
4000 3364 4087 3420 vir

693 3453 816 3508 vitae
848 3454 1270 3526 proveheretur
1300 3453 1358 3509 iu
1407 3452 1636 3509 melius.
1668 3454 1733 3509 In
1779 3471 1894 3525 quo
1927 3453 2185 3508 coenobio
2235 3453 2340 3508 ali-

694 3544 926 3613 quando
959 3542 1064 3598 Dei
1096 3541 1357 3596 famulus
1387 3558 1783 3608 commanens,
1817 3540 1942 3595 vitae
1975 3541 2253 3612 pabulum
2287 3546 2342 3597 et

693 3629 898 3686 salutis
931 3631 1217 3687 haustum
1242 3630 1490 3685 facundo
1512 3647 1609 3685 ore
1635 3629 1760 3685 suis
1783 3630 2147 3685 auditoribus
2171 3630 2340 3685 mini-

692 3717 932 3773 strabat.
967 3718 1485 3790 Quadragesimale
1516 3724 1749 3790 tempus
1780 3718 2098 3785 effluxerat,
2132 3723 2189 3773 et
2218 3719 2342 3776 dies

692 3806 948 3878 mysticae
981 3824 1164 3862 ccenaa
1186 3823 1291 3861 nec
1315 3823 1427 3861 non
1454 3811 1509 3861 et
1531 3805 1839 3861 salutifera:
1866 3805 2156 3877 passionis
2177 3806 2340 3862 Chri-

690 3894 764 3948 sti
791 3894 1114 3963 desierant,
1150 3911 1286 3949 cum
1317 3893 1415 3950 lux
1445 3894 1681 3962 lzetitim,
1714 3893 2053 3966 triumphus
2076 3894 2343 3951 videlicet

687 3980 1004 4039 Dominicze
1059 3981 1524 4049 resurrectionis,
1571 3981 1790 4037 mundo
1821 3981 2143 4037 irradiaret.
2191 3984 2341 4039 Esus

686 4086 818 4124 vero
851 4071 1112 4143 piscium
1138 4070 1197 4126 in
1227 4074 1392 4126 tanta
1421 4068 1536 4126 diei
1568 4068 1935 4126 solemnitate
1965 4071 2113 4142 patri
2142 4072 2341 4127 fratri-

687 4157 915 4232 busque
947 4160 1168 4215 deerat.
1202 4159 1449 4215 Gerebat
1476 4162 1617 4214 tunc
1648 4158 1907 4213 ofﬁcium
1949 4159 2340 4231 praepositurae

689 4246 882 4302 senior
903 4247 1024 4316 Ivo,
1052 4246 1379 4303 amicabilis
1400 4246 1595 4311 homo,
1619 4245 1718 4317 qui
1750 4246 1896 4301 bene
1928 4246 2199 4301 meritum
2232 4247 2341 4302 Pa-

686 4334 791 4390 tris
820 4336 1137 4393 observare
1186 4341 1242 4392 et
1289 4335 1475 4391 colere
1533 4335 1841 4402 studebat;
1901 4335 2119 4406 quique
2170 4335 2340 4392 valde

685 4430 963 4480 mcestum
996 4425 1260 4496 gestiens
1289 4423 1552 4479 animum
1571 4423 1725 4495 quod
1751 4422 2026 4478 sterilitas
2047 4440 2333 4495 aquarum

684 4509 794 4567 sibi
826 4529 946 4568 non
997 4514 1282 4585 prazberet
1311 4511 1671 4568 affluentiam
1722 4511 2010 4582 piscium:
2061 4512 2342 4567 actitabat

682 4600 839 4656 enim
873 4602 941 4657 ut
974 4602 1372 4674 undecunque
1394 4600 1719 4672 acquireret
1744 4600 2031 4671 ejusmodi
2054 4599 2336 4667 edulium,

683 4689 1210 4780 sequuzecunque
1241 4689 1622 4780 agitabantur
1660 4687 1881 4780 minine
1911 4688 2338 4780 adprofectum
2367 4717 2418 4780 ο

680 4775 1095 4847 proficiebant.
1132 4777 1336 4833 Divina
1365 4777 1522 4832 enim
1556 4776 1915 4849 providentia
1950 4776 2007 4831 id
2038 4777 2337 4849 agebatur,

681 4867 747 4920 ut
775 4864 837 4921 in
891 4883 1049 4921 nova
1095 4866 1406 4922 festivitate
1455 4882 1639 4920 novus
1671 4865 1883 4936 hospes
1912 4865 2162 4937 gurgitis
2192 4883 2336 4921 novo

681 4953 857 5009 etiam
883 4953 1141 5023 homini,
1168 4954 1493 5010 secundum
1525 4952 1864 5026 Apostolum
1890 4952 2097 5025 spiritu
2126 4953 2337 5010 mentis

680 5057 797 5096 suae
819 5042 892 5098 de
914 5042 1013 5098 die
1030 5041 1094 5097 in
1117 5043 1270 5099 diem
1294 5045 1586 5110 renovato,
1613 5040 1707 5096 Dei
1730 5057 1967 5096 munere
1993 5041 2333 5097 mitteretur.

678 5129 797 5186 Sub
832 5131 967 5202 ipso
1000 5135 1201 5203 itaque
1224 5148 1446 5203 magna:
1469 5129 1583 5185 diei
1609 5128 1972 5201 crepusculo,
1997 5129 2282 5202 completo
2306 5149 2340 5187 a

677 5216 966 5276 fratribus
986 5217 1299 5275 celebriter
1318 5218 1649 5274 matutinati
1674 5217 1883 5285 ofﬁcio,
1912 5217 2221 5288 praedictus
2244 5221 2338 5274 lvo

676 5305 855 5363 ﬁdem
907 5306 1228 5382 possidens
1269 5308 1325 5362 in
1360 5312 1495 5374 Deo,
1530 5307 1599 5360 de
1632 5304 1858 5361 meritis
1889 5305 2075 5360 Patris
2122 5323 2341 5377 praesu-

745 5467 865 5535 (22)
886 5466 1028 5522 Haec
1062 5483 1251 5538 usque
1283 5466 1355 5538 ad
1387 5465 1709 5538 hazcverba
1739 5464 1887 5519 tanti
1916 5464 2024 5517 viri
2054 5463 2341 5522 habemus

674 5551 743 5591 ex
776 5538 959 5593 unico
994 5538 1127 5592 cod.
1156 5536 1227 5593 ‘S.
1262 5536 1556 5592 Germani.

746 5608 861 5680 (23)
913 5608 1207 5680 subsistit
1254 5607 1544 5678 hodieque
1584 5604 1836 5680 ecclesia
1855 5603 1922 5680 _S.
1974 5602 2227 5680 Dionysii
2272 5608 2343 5664 (lo

671 5672 1104 5754 Strata‘vu‘lgo.
1137 5680 1288 5754 sein}
1333 5672 1627 5754 Delli/8‘48
1658 5677 1908 5754 “Istrae,
1942 5672 2039 5754 ubi
2069 5672 2344 5754 visuntur

671 5745 1381 5822 vetustissimasepulcra
1397 5745 1500 5805 SS.
1518 5745 1778 5818 Dionysii
1797 5749 1854 5802 et
1867 5745 2153 5801 sociorum
2166 5746 2343 5805 .Nulli

2450 3459 2689 3510 sanctus
2704 3455 2979 3527 fatigatus
2994 3455 3193 3510 adveni
3201 3455 3753 3522 ens,monasterium
3767 3452 4090 3520 declinans,

2450 3560 2628 3599 causa
2647 3543 3073 3615 repausationis
3097 3543 3233 3598 illuc
3255 3543 3505 3598 divertit.
3530 3544 3690 3607 Quod
3713 3546 4093 3614 agnoscentes

2448 3631 2608 3688 illius
2638 3631 2975 3688 monasterii
3002 3632 3243 3702 majoris
3266 3636 3691 3703 procuratores,
3717 3632 3959 3687 mittunt
3978 3630 4089 3686 sibi

2451 3737 2695 3793 quaeque
2714 3720 3058 3786 necessaria,
3081 3721 3179 3776 sed
3202 3721 3273 3776 de
3304 3720 3589 3792 piscibus,
3622 3736 3915 3792 nusquam
3937 3718 4091 3776 enim

2448 3809 2683 3881 reperiri
2709 3810 2865 3881 apud
2893 3826 2989 3864 eos
3020 3808 3308 3872 valebant,
3332 3808 3498 3864 valde
3526 3826 3699 3883 parva
3720 3807 4092 3865 munuscula.

2450 3901 2674 3953 Interea
2703 3898 2844 3952 dum
2876 3896 2963 3951 vir
2987 3896 3212 3951 Domini
3241 3896 3524 3968 privatam
3550 3897 3811 3968 requiem
3843 3912 3905 3953 se
3931 3900 4097 3969 putat

2449 3985 2683 4051 habere,
2701 4002 2833 4041 ecce
2851 3984 3063 4052 subito,
3090 3984 3239 4039 sicut
3264 3984 3334 4038 ad
3356 4000 3489 4040 eum
3517 4000 3748 4056 semper
3770 3983 4095 4056 frequentia

2449 4073 2869 4130 monachorum
2900 4089 3249 4145 quocunque
3297 4071 3557 4128 locorum
3599 4071 3885 4140 veniebat,
3919 4072 4089 4129 credo

2450 4162 2564 4217 duo
2587 4162 2825 4217 abbates
2843 4179 2975 4216 cum
3000 4160 3267 4233 pluribus
3290 4159 3590 4216 monachis
3613 4159 4085 4223 accedunt.0uos

2449 4267 2580 4306 cum
2626 4250 2839 4323 gaudio
2889 4249 3166 4320 suscepit,
3217 4253 3272 4304 et
3301 4248 3360 4303 in
3392 4248 3631 4321 longum
3664 4265 3797 4304 cum
3829 4246 3914 4303 eis
3968 4264 4088 4304 ser-

2448 4355 2680 4395 monem
2711 4343 2979 4410 protaXIt,
3003 4342 3177 4409 atque
3199 4337 3270 4393 ad
3303 4326 3576 4392 ultimum
3604 4340 3669 4391 ut
3690 4353 3888 4391 secum
3913 4352 4087 4407 pran-

2448 4429 2671 4493 derent,
2704 4426 2983 4482 invitavit.
3037 4427 3327 4482 Accedens
3366 4442 3498 4481 vero
3528 4425 3600 4481 ad
3631 4441 3847 4497 coquos
3896 4429 3953 4480 et
3996 4424 4091 4481 in-

2449 4516 2689 4572 fertores
2720 4516 3006 4577 ciborum,
3040 4514 3285 4586 inquirit
3303 4513 3441 4586 quid
3472 4513 3752 4570 haberent
3775 4513 3929 4569 unde
3951 4530 4091 4570 suos

2448 4622 2595 4675 quos
2621 4604 2962 4660 invitaverat
2993 4603 3255 4674 hospites
3275 4604 3510 4657 reﬁcere
3542 4607 3757 4673 posset.
3782 4603 3854 4656 At
3876 4600 3959 4655 illi
3986 4617 4091 4656 cae-

2446 4697 2569 4749 tera
2600 4692 2836 4765 quidem
2891 4695 3189 4763 utcunque
3235 4690 3467 4757 habere,
3519 4690 3589 4745 de
3643 4688 3901 4762 piscibus
3955 4705 4089 4745 vero

2452 4799 2597 4854 pene
2620 4780 2763 4836 nihil
2782 4798 2930 4843 esse.
2955 4779 3108 4852 quod
3122 4784 3297 4835 tanta:
3320 4778 3681 4835 multitudini
3698 4777 3911 4834 valeret
3933 4777 4090 4833 sufﬁ-

2446 4887 2595 4926 cere.
2627 4869 2815 4936 Pueri,
2848 4868 3040 4940 inquit
3067 4868 3154 4922 vir
3184 4872 3445 4934 sanctus,
3478 4865 3562 4922 illi
3611 4871 3863 4923 vestram
3912 4881 4092 4937 super

2445 4959 2555 5015 hoc
2586 4957 3039 5013 sollicitudinem
3073 4956 3393 5021 committe,
3428 4955 3529 5027 qui
3554 4956 3627 5011 de
3647 4954 3905 5027 quinque
3926 4953 4088 5026 pani-

2445 5048 2557 5104 bus
2576 5050 2632 5103 et
2651 5046 2882 5101 duobus
2899 5042 3157 5117 piscibus
3181 5044 3443 5115 quinque
3466 5044 3651 5100 millia
3672 5041 3977 5100 hominum
3998 5057 4092 5097 va-

2446 5135 2558 5192 luit
2587 5133 2817 5202 satiare,
2854 5137 2910 5188 et
2936 5132 3017 5187 ita
3044 5130 3213 5186 nobis
3239 5130 3687 5204 hospitibusque
3720 5130 3937 5188 nostris
3966 5129 4088 5203 ple-

2448 5223 2755 5279 nissimam
2833 5220 3202 5276 refectionem
3280 5224 3619 5291 praeparate.
3679 5220 3809 5275 ΙΙωο
3888 5219 4089 5273 dicens

2450 5309 2769 5378 abscessit;
2802 5309 2887 5364 illi
2916 5323 3050 5363 vero
3081 5308 3236 5378 quod
3251 5309 3489 5379 jussum
3511 5307 3717 5371 fuerat,
3745 5305 4086 5380 diligentius

2449 5470 2528 5543 ibi
2546 5468 2811 5543 habitant
2835 5462 3123 5543 monachi,
3147 5467 3418 5543 quamvis
3436 5464 3696 5543 redditus
3718 5459 4086 5543 pinguissimi

2450 5542 2588 5606 Sint,
2639 5537 2803 5609 quia
2847 5536 3038 5609 Prior?
3095 5532 3591 5609 commendatario
3652 5532 4085 5609 percipiuntur;

2443 5596 2611 5693 juxta
2641 5596 2789 5693 lianc
2816 5596 3119 5693 ecclesiam
3136 5604 3547 5693 ‘aliahabctur
3573 5596 3885 5693 paijochiali
3916 5596 4085 5651 titulo

2450 5673 2747 5752 insignita,
2782 5679 2890 5733 sub
2923 5674 3106 5731 sancti
3136 5674 3372 5735 Martini
3404 5673 3738 5751 pairocinio.
