4984 6406
1427 438 1548 508 933

2345 440 2411 504 S.
2458 438 2818 503 ODILONIS
2861 433 3426 498 CLCNIACENSIS
3471 433 3803 496 ABBATIS
3851 431 3926 495 ν.

4725 431 4840 496 924

1430 578 1499 632 ut
1519 570 2357 650 possuntprocurarunt.0uid
2383 569 2875 629 morer?Ventum
2897 565 3065 624 estad
3099 565 3155 636 Α
3187 583 3315 623 esse
3347 565 3566 638 largus,
3623 564 3679 621 in
3730 564 3936 620 alienis
3973 581 4106 623 vero
4160 580 4392 640 parcus.
4443 562 4704 624 Allatum
4753 569 4838 621 est

1430 683 1722 732 mensam,
1773 681 1980 720 omnes
2022 663 2284 720 ordinata
2315 664 2448 718 sede
2499 663 2864 718 recumbunt.
2928 658 3073 713 Mira

1435 755 1705 812 dicturus
1726 771 1882 817 sum,
1901 753 2054 808 sicut
2073 752 2128 808 in
2147 753 2381 808 veritate
2405 750 2800 821 testanturqui
2828 764 3074 820 prmsen-

1434 849 1526 902 tes
1552 845 1809 900 fuerunt.
1825 843 1973 898 Dum
1992 859 2026 897 a
2046 841 2245 913 coquis
2263 840 2448 912 pisces
2466 839 2898 904 ministrantur,
2923 842 2979 892 et
3001 837 3072 891 ab

1435 933 1812 990 inferioribus
1843 932 1913 986 ad
1947 946 2206 985 mensam
2241 928 2514 984 fratribus
2539 929 2888 991 inferuntur,
2916 927 2992 980 ita
3018 926 3072 980 iu

1436 1025 1713 1081 manibus
1728 1019 2174 1083 comedentium,
2195 1018 2312 1072 sive
2337 1017 2794 1072 ministrantium
2825 1015 2922 1069 illa
2945 1032 3072 1085 par-

1433 1114 1584 1169 vitas
1607 1111 1854 1184 piscium
1875 1107 1958 1163 vel
1976 1108 2224 1162 aliorum
2250 1106 2511 1160 ciborum
2532 1106 2700 1176 cu‘pit
2723 1120 3073 1167 excrescere,

1435 1205 1502 1258 ut
1530 1200 1896 1256 abundanter
1923 1201 1979 1252 et
2009 1195 2555 1266 superabundanter
2575 1211 2776 1248 omnes
2809 1193 2941 1246 inde
2970 1192 3075 1245 ha-

1433 1291 1656 1359 berent,
1688 1290 1742 1342 et
1773 1284 1958 1341 multa
1987 1283 2364 1339 servitoribus
2400 1286 2784 1336 remanerent.
2811 1280 3070 1335 Tandem

1429 1377 1592 1435 ﬁnito
1622 1375 1918 1432 convivio:
1981 1371 2170 1438 Pueri,
2229 1370 2418 1440 inquit
2471 1369 2557 1423 vir
2589 1372 2846 1435 sanctus,
2899 1384 3073 1438 parva

1427 1463 1803 1540 promisistis,
1837 1467 1894 1515 et
1925 1460 2112 1514 multa
2143 1459 2426 1522 dedistis;
2463 1458 2675 1512 famem
2711 1455 3074 1518 timuistis,et

1429 1553 1978 1628 superabundantcr
2028 1547 2326 1603 rcl'ccistis.
2380 1547 2630 1601 Tantum
2670 1546 2853 1599 videte
2895 1549 2959 1598 ut
3005 1545 3074 1597 de

1429 1641 1797 1718 plenitudine
1819 1644 2026 1694 nostra:
2049 1656 2102 1692 rc
2113 1636 2376 1691 fectionis
2395 1636 2555 1690 vobis
2573 1633 2789 1705 aliquid
2811 1633 3070 1687 servetis.

1431 1735 1504 1789 At
1534 1731 1617 1788 illi
1651 1730 1833 1786 nimia
1862 1727 2052 1783 cordis
2085 1725 2281 1781 lattitia
2311 1724 2635 1787 exbilarati,
2681 1723 3032 1794 respondent
3060 1738 3072 1774 :

1430 1821 1658 1886 Adhuc,
1685 1817 1936 1884 domine,
1971 1815 2140 1872 nobis
2172 1814 2356 1869 multa
2387 1818 2724 1884 supersunt,
2750 1830 2872 1883 qua-
2909 1811 3075 1864 nobis

3184 657 3478 711 modicum
3514 673 3611 710 vas
3657 673 3815 711 mero
3848 655 4109 728 plenum,
4145 673 4258 728 pra:
4292 673 4352 711 se
4383 655 4547 728 ponit
4578 661 4639 710 et
4669 655 4838 728 coepit

3185 763 3344 800 more
3396 747 3680 816 pincernm
3734 744 3874 799 illud
3926 744 4170 816 expendi
4216 744 4326 799 sibi
4368 748 4423 798 et
4456 744 4840 814 abbatijuxta

3185 834 3566 898 recumbenti,
3599 836 3655 886 et
3705 833 3966 903 quaudiu
4001 832 4312 903 prandium
4363 849 4557 888 moras
4613 833 4835 896 habuit,

3185 929 3425 993 uterque
3461 927 3628 993 prout
3675 921 3846 975 libuit
3895 921 4109 976 hausit.
4162 920 4271 976 Alii
4308 939 4438 975 vero
4472 921 4708 986 fratres,
4742 923 4832 994 qui

3183 1017 3348 1065 erant
3381 1009 3696 1080 vegetiores
3728 1011 3972 1075 viribus,
4019 1010 4259 1064 alterius
4295 1009 4539 1081 liquoris
4591 1011 4834 1066 uteban-

3185 1104 3282 1154 tur
3321 1105 3480 1170 potu,
3533 1098 3621 1152 cui
3682 1103 3874 1152 tanien
3929 1116 4044 1153 non
4103 1099 4290 1154 inerat
4348 1099 4561 1155 similis
4613 1103 4833 1172 saporis

3184 1195 3411 1260 gustus.
3435 1188 3564 1242 Jam
3600 1187 3781 1258 cpula‘
3823 1188 4175 1254 defecerant,
4207 1192 4260 1242 et
4295 1204 4328 1245 a
4359 1205 4565 1245 mensa
4592 1206 4833 1262 surgen-

3187 1278 3326 1331 dum
3351 1283 3492 1340 erat,
3517 1294 3650 1332 cum
3693 1275 3833 1332 illud
3863 1294 3985 1342 vas,
4019 1277 4172 1332 velut
4209 1277 4650 1346 inexhaustum,
4685 1279 4834 1332 vide-

3184 1367 3355 1420 batur
3385 1367 3575 1420 adhuc
3618 1367 3865 1420 retinere
3915 1365 4056 1420 meri
4119 1366 4418 1438 pusillum.
4473 1367 4641 1422 Tunc
4695 1384 4831 1421 vera:

3185 1456 3416 1526 pictatis
3449 1461 3674 1510 amator
3729 1455 3941 1510 blande
4001 1455 4354 1510 subridens:
4414 1454 4560 1523 Non,
4625 1455 4831 1528 inquit,

3185 1544 3391 1598 fratres
3426 1543 3556 1610 mei,
3612 1544 3894 1612 inti-grain
3949 1543 4295 1597 charitatem
4347 1561 4485 1613 erga
4515 1561 4619 1598 vos
4672 1546 4834 1599 modo

3186 1633 3386 1688 habui.
3421 1635 3669 1704 Arrepto
3711 1632 4013 1686 confestim
4050 1650 4223 1704 parvo
4254 1632 4572 1687 holovitreo
4630 1633 4834 1688 infudit

3188 1740 3434 1785 merum,
3462 1729 3510 1774 et
3539 1721 3790 1790 singulis
3811 1740 3911 1792 pro
3933 1721 4331 1776 benedictione
4351 1719 4832 1793 largiturpolum.

3185 1811 3404 1866 Accidit
3436 1817 3570 1865 tunc
3598 1829 3687 1864 res
3713 1811 4020 1882 stupenda.
4056 1810 4199 1865 Cum
4231 1812 4388 1865 enim
4412 1817 4610 1866 essent
4636 1812 4832 1866 fratres

1431 1915 1488 1967 et
1515 1908 1648 1966 aliis
1679 1907 1728 1964 si
1785 1902 2246 1977 supervenerint,
2305 1903 2570 1956 suflicere
2630 1905 2892 1971 possunt.
2930 1898 3072 1952 Etsi
3110 1937 3156 2000 Β
3189 1901 3303 1953 fere
3353 1900 3683 1960 duodecim,
3735 1899 3960 1953 haustis
4010 1899 4333 1953 secundum
4388 1917 4705 1954 numerum
4741 1918 4831 1972 po-

1431 1999 1705 2070 deinceps
1724 2000 1917 2051 vestra
1937 1992 2218 2048 sanctitas
2241 1989 2438 2061 aliqua
2460 1989 2709 2044 suadere
2734 1987 3074 2046 voluerit,ad

1432 2087 1785 2144 credendum
1811 2084 1866 2140 in
1886 2081 2162 2137 cordibus
2184 2078 2400 2135 nostris
2425 2077 2583 2132 nulla
2609 2075 2925 2130 difficultas
2947 2077 3073 2140 erit,

1431 2177 1574 2232 Ecce
1595 2173 1752 2229 enim
1774 2175 1976 2227 contra
1995 2185 2158 2241 spem
2183 2172 2391 2222 nostra:
2415 2164 2917 2237 pusillanimitatis
2939 2180 3073 2217 con-

1431 2264 1582 2337 tigit,
1608 2261 1762 2335 quod
1793 2264 1983 2315 vestra
2011 2257 2082 2312 de
2117 2261 2228 2311 Deo
2251 2272 2609 2327 prmsumens
2636 2253 2848 2307 tiducia
2880 2270 3073 2323 repro-

1432 2353 1596 2410 misit
1650 2351 1748 2423 [αἱ.
1779 2350 1917 2412 εοά..
1951 2364 2065 2402 non
2116 2343 2371 2417 difﬁdit].
2403 2344 2488 2398 Ad
2522 2343 2643 2398 haec
2673 2341 2759 2396 vir
2789 2347 3070 2395 sanctus:

1431 2443 1556 2498 Non
1588 2441 1732 2508 haec,
1767 2437 1978 2510 inquit,
2014 2452 2144 2490 mea
2175 2434 2336 2499 fides,
2372 2433 2471 2487 sed
2504 2436 2692 2486 vestra
2721 2430 3072 2494 obedientia,

1431 2535 1489 2588 et
1504 2529 1781 2587 meritum
1801 2526 2103 2598 hOSpitum
2127 2528 2454 2578 nostrorum
2480 2520 2819 2593 promeruit,
2834 2524 2895 2574 ut
2919 2519 3072 2590 quod

1433 2617 1799 2693 sumpsimus
1829 2633 1931 2687 pro
1961 2612 2265 2676 charitate,
2301 2611 2501 2665 divina
2531 2615 2805 2680 cperante
2834 2607 3075 2662 benedi-

1435 2707 1644 2773 ctione,
1677 2703 1895 2760 valeret
1925 2699 2092 2756 nobis
2123 2699 2399 2754 omuibus
2429 2698 2716 2753 sufficere.
2764 2697 3074 2751 Verumta-

1438 2813 1572 2852 men
1595 2791 1766 2850 nobis
1787 2795 1845 2848 et
1864 2790 2026 2846 vobis
2049 2787 2106 2843 in
2131 2787 2229 2843 illo
2261 2805 2394 2860 spes
2417 2791 2504 2842 est
2535 2803 2764 2858 semper
2785 2786 3071 2857 ponenda,

1435 2884 1592 2959 apud
1624 2898 1798 2955 quem
1829 2878 2027 2935 omnia
2057 2881 2195 2933 sunt
2225 2875 2525 2950 possibilia
2563 2893 2688 2947 qua:
2737 2875 3073 2930 hominibus

1435 2977 1574 3033 sunt
1602 2967 2008 3044 impossibilia.

1433 3082 1566 3140 CAP.
1601 3079 1691 3136 IX.
1728 3109 1794 3118 —
1826 3080 1907 3132 De
1933 3075 2318 3132 exuberatz'onc
2347 3074 2466 3128 vini
2497 3074 2554 3127 in
2581 3089 2748 3144 parvo
2771 3073 2986 3127 vasculo
3014 3073 3071 3126 ιή

1995 3154 2174 3202 monte
2214 3146 2496 3200 Aventino.

1500 3240 1643 3298 Huic
1663 3239 1838 3294 etiam
1862 3253 1976 3292 non
1999 3233 2283 3290 dissimile
2306 3231 2653 3288 miraculum
2674 3232 2786 3286 alio
2811 3237 3070 3304 tempore

1429 3330 1669 3404 contigit
1696 3327 1976 3385 evenisse.
2012 3328 2072 3379 In
2122 3321 2402 3379 Romulea
2448 3323 2613 3387 urbe,
2657 3339 2788 3393 qua:
2819 3321 2907 3375 sui
2944 3339 3064 3376 ma-
3099 3306 3140 3371 C

1427 3419 1732 3496 gnitudine
1760 3420 1818 3472 et
1848 3411 2232 3477 formositate,
2267 3427 2370 3466 nec
2401 3427 2515 3465 non
2549 3414 2605 3464 et
2635 3409 2953 3481 apostolica
2982 3409 3069 3463 di-

1425 3509 1647 3583 gnitate
1667 3520 1858 3562 arcem
1879 3502 2062 3558 totius
2080 3499 2288 3555 retinet
2310 3499 2488 3563 orbis,
2510 3498 2858 3553 reverendus
2881 3497 3074 3552 senior

1428 3596 1595 3654 Odilo
1641 3610 1756 3649 uno
1787 3592 1847 3646 in
1889 3595 2148 3661 tempore
2180 3587 2535 3642 morabatur.
2569 3585 2830 3641 Habebat
2877 3591 3069 3641 autem

1428 3681 1753 3757 hospitium
1784 3681 1844 3735 in
1873 3676 2222 3733 monasterio
2255 3692 2429 3730 sacrae
2462 3692 2757 3747 puerpera:
2792 3675 3068 3746 Virginis,

1431 3771 1590 3846 quod
1638 3772 1728 3826 est
1784 3766 1964 3824 situm
1995 3765 2054 3821 in
2103 3763 2383 3820 Aventino
2415 3768 2609 3819 monte
2641 3765 2774 3832 (24),
2808 3764 2904 3836 qui
2956 3781 3070 3836 prae

1433 3859 1659 3918 caeteris
1682 3857 1840 3914 illius
1863 3853 2024 3912 urbis
2055 3853 2353 3910 montibus
2383 3853 2532 3908 aedes
2561 3853 2798 3908 decoras
2829 3853 3070 3920 habens,

1433 3953 1491 4008 et
1511 3967 1631 4007 sua:
1661 3944 1968 4020 positionis
1999 3942 2228 3999 culmen
2258 3941 2316 3996 in
2348 3941 2531 3997 altum
2563 3941 2792 4008 tollens,
2843 3941 3072 3996 aestivos

1432 4040 1682 4097 fervores
1712 4051 1987 4092 aurarum
2019 4033 2214 4106 algore
2239 4030 2571 4087 tolerabiles
2596 4031 2804 4097 reddit,
2839 4036 2894 4085 et
2916 4029 3075 4085 habi-

1430 4127 1544 4186 lem
1569 4128 1627 4184 in
1646 4143 1707 4182 se
1729 4123 2148 4180 habitationem
2167 4119 2322 4176 facit.
2346 4121 2565 4176 Ovibus
2581 4124 2774 4174 autem
2799 4119 3072 4191 spiritua-

1427 4217 1585 4274 libus
1606 4215 1759 4271 intra
1776 4216 1940 4286 septa
1965 4211 2231 4283 ejusdem
2253 4207 2500 4264 cmnobii
2523 4207 2947 4264 accubantibus
2967 4207 3070 4264 mi-

1430 4305 1718 4364 nistrabat
1735 4302 1861 4358 vita:
1883 4317 2102 4375 pascua
2130 4299 2313 4355 abbas
2335 4298 2600 4371 quidam,
2619 4299 2794 4353 Armo
2815 4296 3072 4364 nomine,

1430 4397 1598 4452 beato
1625 4393 1747 4448 viro
1777 4388 2014 4465 speciali
2051 4403 2314 4444 annexus
2344 4403 2562 4442 amore.
2597 4385 2721 4442 Una
2750 4385 2930 4459 igitur
2953 4386 3074 4442 die-

1430 4500 1562 4541 rum
1593 4481 1833 4538 veniens
1863 4479 2116 4535 domnus
2145 4474 2312 4532 Odilo
2335 4475 2405 4530 ad
2439 4491 2723 4546 mensam,
2758 4476 3077 4547 interrogat

1431 4591 1505 4630 an
1536 4570 1652 4628 tale
1696 4569 1898 4625 vinum
1938 4567 1999 4622 in
2032 4568 2307 4640 promptu
2338 4563 2597 4619 haberet.
2630 4564 2782 4636 quod
2816 4582 2933 4618 sua:
2966 4565 3074 4618 im-

1429 4659 1730 4720 becillitati
1761 4655 2204 4714 accommodum
2240 4653 2406 4709 foret.
2439 4652 2720 4708 Intimant
2750 4653 2808 4708 hi
2857 4653 3076 4725 quibus
3107 4674 3155 4740 Β

1431 4747 2050 4813 curaeratcommissa,
2066 4743 2307 4800 minime
2329 4741 2664 4812 hujusmodi
2680 4741 3076 4813 habere,quod

1432 4839 1544 4898 sibi
1562 4837 1702 4894 utile
1726 4835 1912 4894 valere
1941 4850 2088 4892 esse.
2111 4834 2436 4890 Conversus
2467 4835 2663 4887 autem
2689 4830 2863 4887 homo
2887 4830 2987 4887 Dei
3005 4831 3075 4887 ad

1433 4928 1740 5002 praefatum
1799 4925 2091 4990 abbatem,
2148 4921 2249 4995 qui
2281 4937 2389 4976 suo
2434 4918 2600 4976 lateri
2645 4920 2976 4975 assidebat:
3010 4919 3077 4989 Ο,

1433 5016 1645 5089 inquit,
1668 5017 1818 5072 bone
1845 5014 1952 5080 vir,
1982 5013 2033 5068 si
2080 5011 2264 5067 habes
2297 5009 2452 5082 quod
2483 5009 2672 5082 possit
2719 5025 2846 5064 esse
2896 5007 3077 5064 utilli-

1435 5121 1622 5176 mum,
1651 5103 1850 5160 confer
1894 5101 2030 5156 inde
2078 5098 2220 5154 mihi
2258 5097 2671 5154 charitativum
2721 5097 3075 5154 subsidium.

1431 5193 1533 5252 Ille
1555 5192 1727 5249 hilari
1749 5189 1912 5246 vultu
1938 5187 2280 5262 placidoque
2305 5186 2498 5242 animo
2511 5187 2684 5258 jubet
2705 5185 2859 5242 illico
2883 5188 3076 5243 atl‘erri

1434 5285 1725 5356 quantum
1747 5281 1905 5334 esset
1927 5293 2047 5332 suae
2074 5273 2381 5330 voluntati.
2407 5276 2568 5331 Tunc
2593 5275 2761 5331 Pater
2785 5293 2798 5330 :
2829 5276 2946 5332 Hoc
2978 5294 3079 5332 no-

1437 5377 1626 5429 strum
1655 5365 1959 5424 vasculum
1994 5363 2130 5419 licet
2155 5363 2419 5420 videatur
2445 5364 2741 5438 exiguum,
2777 5367 2948 5422 modo
2979 5366 3083 5421 de-

1439 5459 1658 5516 feratur
1714 5453 1978 5528 plenum.
2038 5453 2323 5508 Studebat
2363 5451 2520 5508 enim
2569 5454 2626 5508 in
2674 5453 2799 5510 suis
2853 5473 3085 5528 semper

1506 5584 1616 5709 $24)
1649 5580 1732 5636 lbi
1766 5578 2048 5634 educatus
2076 5578 2187 5635 fuit
2233 5578 2344 5632 sub
2371 5576 2676 5656 _a\'unculo
2720 5593 2827 5632 suo
2875 5581 3084 5662 abbate

1531 5651 1893 5709 debrandus.
1918 5653 2116 5709 postea
2143 5649 2462 5709 Gregorius
2481 5646 2581 5703 VII
2603 5665 2772 5709 papa,
2792 5654 2855 5704 ut
2875 5667 2933 5705 1n
2954 5668 3083 5709 eius

1439 5646 1893 5722 Hildebrandus,
1918 5653 2116 5722 postea
2143 5647 2462 5719 Gregorius
2481 5646 2581 5703 VII
2603 5665 2772 5720 papa,
2792 5654 2855 5704 ut
2875 5651 2933 5705 in
2954 5653 3083 5722 ejus

1440 5725 1569 5784 Vita
1599 5723 1840 5783 dicitur.

3185 1988 3357 2053 culis,
3391 1987 3590 2041 vinum
3626 1986 3778 2041 illico
3814 1988 3964 2040 ultra
3999 1987 4172 2040 fluere
4210 1985 4439 2042 desivit.
4479 1987 4830 2043 Lartantibus

3186 2095 3318 2131 vero
3361 2077 3511 2131 inter
3557 2094 3615 2130 se
3669 2076 3969 2142 fratribus,
4003 2080 4056 2131 et
4092 2077 4244 2147 quod
4280 2080 4549 2131 evenerat
4600 2081 4830 2149 stupen-

3186 2167 3364 2228 tibus,
3427 2165 3926 2236 prudentissimus
3982 2164 4177 2219 senior
4229 2165 4394 2220 iutit:
4454 2165 4682 2237 Hospes
4733 2166 4828 2222 iste

3187 2261 3384 2308 noster
3416 2254 3692 2308 uberibus
3723 2253 3945 2307 eximia:
3988 2253 4319 2308 dilectionis
4369 2253 4677 2308 abundare
4710 2255 4829 2309 fecit

3187 2342 3243 2398 in
3278 2344 3484 2413 exiguo
3515 2360 3646 2396 vase
3679 2341 3876 2395 vinum
3913 2342 4178 2414 praestitze
4213 2341 4540 2397 cliaritatis.
4577 2347 4663 2398 Ita
4693 2361 4825 2416 opus

3185 2449 3286 2503 per
3315 2450 3374 2486 se
3407 2431 3685 2485 divinitus
3720 2432 3959 2490 tactum.
3993 2429 4234 2486 alterius
4270 2430 4550 2503 religione
4600 2438 4824 2488 attesta-

3187 2523 3356 2574 batur
3387 2521 3710 2575 actitatum.
3736 2519 4059 2574 Execllcbat
4083 2519 4236 2574 enim
4261 2520 4318 2574 in
4349 2519 4444 2575 illo
4470 2538 4623 2594 pura
4645 2521 4822 2577 humi-

3184 2609 3338 2671 litas,
3375 2627 3474 2680 per
3505 2626 3702 2680 quam,
3753 2608 3904 2662 sicut
3943 2608 4256 2679 Apostolus
4290 2608 4450 2674 dicit,
4484 2626 4695 2666 omnes
4725 2611 4820 2664 sibi

3184 2698 3514 2770 superiores
3547 2714 3721 2769 seque
3757 2697 4084 2752 inferiorem
4121 2697 4537 2753 arbitrabatur.

3183 2798 3316 2854 CAP.
3353 2797 3414 2852 .\'.
3463 2827 3528 2835 ——
3564 2800 3643 2850 Dc
3673 2795 3904 2866 qundam
3954 2796 4172 2850 homine
4199 2814 4233 2851 α
4269 2797 4518 2867 febribus
4580 2799 4820 2852 liberale.

3256 2886 3475 2958 Inclyta
3507 2889 3632 2956 post
3666 2884 3784 2939 haec
3816 2884 3964 2940 Urbe
3989 2884 4207 2951 relicta,
4243 2884 4517 2940 incedens
4543 2903 4648 2958 per
4668 2902 4822 2957 agge-

3183 2994 3304 3031 rem
3356 2973 3656 3047 publicum
3700 2974 3857 3028 venit
3901 2973 3972 3028 ad
4003 2974 4366 3029 Taurinense
4404 2976 4628 3042 (Turin)
4667 2975 4819 3047 oppi-

3181 3067 3343 3130 dum,
3367 3064 3463 3117 ubi
3490 3063 3728 3134 quidam
3756 3062 3982 3133 patiens
4006 3063 4243 3117 ardores
4268 3063 4516 3118 febrium
4544 3081 4652 3136 per
4671 3064 4819 3119 ablu-

3181 3154 3395 3209 tionem
3455 3169 3735 3206 manuum
3797 3152 3925 3221 ejus
3984 3155 4109 3205 orat
4157 3151 4267 3206 sibi
4299 3152 4424 3206 dari
4473 3153 4812 3208 remedium.

3179 3241 3415 3298 Occulte
3441 3242 3611 3312 igitur
3634 3258 3666 3294 a
3691 3240 3977 3295 ministris
4000 3240 4300 3295 obtentum
4325 3240 4532 3312 recipit
4555 3241 4816 3296 infirmus

3180 3333 3306 3388 sine
3331 3348 3491 3385 mora
3518 3330 3844 3384 sanctitatis
3868 3329 4237 3394 beneficium,
4262 3328 4606 3386 collaudans
4627 3331 4816 3385 aeterni

3181 3421 3368 3476 Patris
3402 3419 3638 3475 unicum
3671 3418 3983 3474 Dominum
4015 3417 4218 3473 Jesum
4251 3418 4575 3474 Christum.
4613 3420 4723 3476 Sed
4755 3436 4819 3474 ne

3181 3510 3250 3564 ad
3283 3525 3454 3564 aures
3478 3508 3662 3562 Patris
3695 3507 4110 3579 perveniretur,
4137 3506 4252 3562 alto
4275 3506 4510 3564 silentio
4539 3508 4617 3564 ab
4643 3506 4821 3564 omni-

3181 3598 3291 3651 bus
3321 3594 3666 3650 occultatur.

3180 3694 3315 3749 CAP.
3353 3696 3449 3746 Χῐ.
3485 3724 3548 3730 -
3580 3696 3661 3748 Dc
3692 3693 3903 3745 utribus
3935 3692 3990 3746 in
4028 3709 4152 3745 usus
4195 3709 4496 3763 pauperum
4528 3697 4822 3761 evacualis,

3568 3772 3619 3818 ct
3651 3765 3848 3818 iterum
3878 3763 4142 3817 divinitus
4175 3765 4434 3835 impletis.

3253 3853 3391 3907 Inde
3422 3851 3491 3906 ad
3523 3850 3694 3924 Alpes
3724 3851 3960 3906 Jovinas
3991 3852 4257 3915 tendens,
4284 3853 4527 3925 jamque
4578 3855 4822 3910 arduum

3180 3941 3290 3998 iter
3319 3941 3738 4006 conscendens,
3764 3940 3954 3994 obviat
3979 3958 4294 4012 egenorum
4329 3942 4522 4010 turba,
4550 3959 4685 4015 qua:
4715 3947 4826 3998 tota

3183 4030 3358 4087 simul
3401 4031 3714 4100 strepebat,
3749 4034 3810 4083 ut
3843 4030 4121 4101 prmberet
4151 4030 4362 4101 stipem
4414 4033 4824 4089 necessariam.

3182 4119 3339 4176 Illico
3364 4117 3953 4173 n'iunilicentissimus
3977 4117 4142 4173 Pater
4159 4119 4342 4189 jussit
4362 4120 4650 4176 exinaniri
4678 4125 4826 4176 utres

3179 4207 3334 4275 vino,
3367 4211 3421 4262 et
3451 4206 3747 4279 egentium
3772 4205 3896 4261 dari
3921 4206 4240 4275 desiderio;
4265 4212 4320 4263 et
4343 4207 4541 4263 statim
4567 4208 4682 4265 hoc
4711 4211 4826 4264 sine

3183 4296 3460 4352 dilatione
3506 4295 3825 4368 perficitur.
3875 4295 3999 4350 Non
4034 4295 4219 4351 multo
4273 4300 4405 4369 post
4436 4297 4644 4354 aderat
4674 4315 4826 4354 com-

3184 4392 3387 4460 petens
3419 4385 3582 4450 hora,
3612 4401 3731 4456 qua
3759 4383 3870 4439 cibi
3921 4386 4350 4458 perceptionem
4410 4386 4683 4458 exigebat
4724 4387 4824 4442 fra-

3183 4475 3318 4548 gilis
3338 4481 3564 4530 natura.
3590 4473 4191 4546 Discumbuntitaque
4213 4475 4431 4543 cuncti,
4451 4481 4505 4530 et
4523 4493 4658 4532 ecce
4682 4481 4826 4532 utres

3184 4564 3317 4620 vino
3349 4563 3535 4632 vacui,
3571 4561 3944 4634 reperiuntur
3993 4562 4215 4618 salubri
4249 4562 4474 4636 liquore
4503 4565 4688 4637 pleni.
4723 4565 4825 4621 0b-

3185 4656 3529 4726 stupcscunt
3571 4668 3795 4718 omnes,
3837 4655 3896 4707 et
3947 4668 4050 4724 pro
4105 4656 4268 4708 tanto
4327 4670 4568 4709 munere
4631 4653 4824 4710 divina

3187 4743 3478 4814 majestati
3513 4739 3853 4814 persolvunt
3883 4739 4175 4796 solemnes
4205 4743 4530 4814 gratiarum
4554 4744 4822 4799 actiones.

3256 4833 3391 4888 CAP.
3425 4830 3543 4886 XII.
3572 4860 3641 4870 ——
3683 4829 3756 4885 De
3786 4845 3912 4886 vase
3940 4832 4106 4886 vitreo
4135 4833 4409 4902 (σπίναι-ιο
4439 4839 4490 4886 el
4513 4833 4759 4886 solidata.

3257 4921 3400 4976 Cum
3433 4919 3490 4974 in
3525 4919 3823 4975 Pannonia
3852 4918 4032 4974 simul
4064 4937 4199 4975 cum
4231 4920 4449 4975 domno
4485 4921 4697 4977 abbate
4727 4920 4825 4975 Hu-

3185 5027 3334 5082 gone
3365 5010 3475 5081 (25)
3508 5024 3719 5075 essem,
3752 5008 4007 5080 quadam
4040 5008 4133 5064 die
4165 5025 4298 5064 cum
4343 5009 4660 5065 venerabili
4715 5009 4822 5062 viro

3187 5099 3474 5155 Richardo
3505 5097 3797 5170 episcopo,
3849 5098 4030 5170 patris
4061 5098 4328 5154 Odilonis
4378 5099 4599 5155 nutrito
4630 5105 4686 5155 et
4712 5115 4820 5154 mo-

3187 5188 3392 5250 nacho,
3439 5186 3586 5259 coepi
3617 5187 3688 5241 de
3718 5186 4033 5242 virtutibus
4065 5187 4330 5258 ejusdem
4364 5187 4551 5243 Patris
4583 5189 4821 5244 collocu-

3191 5277 3407 5334 tionem
3436 5275 3672 5347 habere,
3697 5281 3753 5330 et
3783 5293 3888 5348 ego
3918 5275 4108 5336 illum.
4135 5275 4182 5331 si
4211 5293 4330 5347 qua
4361 5281 4580 5342 nosset,
4605 5283 4672 5333 ut
4695 5275 4818 5332 mihi

3191 5366 3488 5440 panderet,
3524 5362 3811 5419 sollicitus
3841 5381 3998 5419 eram
4029 5364 4345 5437 inquirere.
4383 5365 4514 5421 Fuit
4535 5365 4692 5422 enim
4722 5362 4818 5420 sibi

3190 5455 3314 5528 ipse
3344 5455 3655 5528 episcopus
3683 5453 3845 5510 valde
3877 5453 4396 5522 familiarissimus,
4429 5459 4487 5511 et
4515 5472 4620 5528 per
4653 5453 4822 5510 multa

3231 5579 3370 5706 ὁὲἳῐέ)
3403 5578 3542 5633 Cod.
3573 5577 3631 5633 S.
3666 5577 3960 5644 Germani,
4003 5577 4197 5633 domno
4238 5587 4291 5633 et
4336 5579 4554 5633 seniore
4607 5579 4821 5644 Πυθοῖδε

3299 5668 3328 5705 a
3355 5666 3404 5704 θ.

3192 5666 3404 5705 αοοαιθ.
