4984 6386
657 467 762 530 925

2017 459 2223 523 VITA.
2270 489 2348 505 -—
2388 459 2537 520 LIB.
2585 459 2671 520 ll.’

3916 459 4042 523 9’26

660 603 909 671 tempora
956 608 1198 650 suorum
1247 594 1601 648 secretorum
1652 590 1920 650 conscius
1947 590 2288 666 itinerisque
2319 592 2363 661 Α
2402 590 2638 649 clesiam
2670 594 3045 661 concurrunt,
3066 589 3311 665 psalmis
3336 593 3393 649 et
3421 588 3781 649 orationibus
3810 588 4034 650 incum-

656 687 734 747 vel
764 681 974 741 laboris
1019 679 1234 737 socius.
1268 681 1405 735 Erat
1431 697 1563 737 vero
1594 680 1746 736 inter
1795 681 1906 738 alia
1948 681 2164 738 mentio
2213 683 2282 738 de

655 791 778 833 vase
821 770 1070 844 quodam
1102 768 1415 835 confracto,
1466 772 1523 824 et
1570 770 1932 827 orationibus
1980 771 2188 839 Patris,
2221 775 2286 825 ut

658 865 844 928 fertur,
878 855 1235 914 consolidato
1269 873 1282 912 :
1316 856 1470 912 unde
1500 872 1605 930 ego
1658 857 1849 914 adhuc
1897 858 2176 926 incertus,
2211 860 2283 914 ab

658 952 743 1007 illo
798 948 876 1005 rei
923 946 1227 1002 veritatem
1269 944 1638 1016 inquirebam
1670 945 1977 1002 sollicitus.
2024 950 2095 1002 At
2141 946 2281 1003 ille:
2329 1005 2332 1010 ,

660 1037 892 1103 Recolis,
922 1033 1132 1106 inquit,
1159 1034 1354 1102 frater,
1388 1033 1548 1089 illam
1578 1035 2008 1092 contentionem
2037 1035 2284 1091 Alberici

660 1124 894 1199 episcopi
926 1123 1173 1178 Cumani
1207 1122 1343 1193 (26),
1378 1140 1557 1194 quam
1599 1121 1807 1179 habuit
1837 1140 1970 1178 cum
2019 1124 2282 1190 Odilone,

660 1213 888 1272 senioris
914 1209 1175 1268 Odilonis
1204 1212 1506 1283 nepote,de
1529 1210 1761 1267 abbatia
1791 1212 2146 1268 Bremetensi
2163 1214 2190 1267 ?
2216 1213 2287 1268 Et

660 1320 752 1376 ego
785 1320 796 1357 :
829 1299 1036 1356 Recolo
1068 1303 1223 1354 certe
1273 1302 1329 1354 et
1374 1299 1521 1354 bene
1570 1299 1930 1355 reminiscor.
1963 1300 2109 1355 Dum
2162 1300 2280 1366 illa,

657 1387 1150 1462 inquit,contentio
1181 1387 1613 1459 esset,quadam
1638 1387 1730 1443 die
1763 1404 1867 1461 ego
1889 1392 1944 1444 et
1975 1389 2282 1461 praedictus

657 1479 943 1553 episcopus
975 1477 1034 1533 in
1069 1477 1162 1531 via
1190 1474 1368 1532 simul
1400 1468 1722 1548 pergentes,
1753 1482 1808 1532 et
1850 1477 1919 1531 de
1960 1476 2162 1533 multis
2211 1477 2282 1532 ad

658 1568 886 1623 invicem
915 1564 1337 1636 colloquentes,
1371 1564 1522 1619 inter
1565 1569 1768 1620 caetera
1812 1565 1955 1637 cmpi
2009 1582 2144 1621 eum
2194 1583 2285 1622 ar-

654 1672 835 1729 guere,
867 1671 969 1710 cur
992 1653 1395 1724 supradictam
1428 1653 1722 1708 abbatiam
1754 1653 1971 1724 injuste
1997 1654 2103 1710 sibi
2148 1673 2286 1726 pra:-

655 1741 986 1814 sumpsisset
1015 1739 1335 1811 acquirere,
1370 1756 1503 1794 cum
1537 1739 1709 1794 sciret
1741 1739 1901 1795 illam
1933 1741 2188 1811 primum
2213 1740 2285 1795 ab

657 1832 987 1903 imperatore
1018 1828 1286 1883 Conrado
1317 1827 1591 1882 traditam
1623 1844 1749 1882 esse
1800 1827 2055 1899 praedicti
2101 1829 2288 1884 Patris

660 1917 902 1975 Odilonis
931 1915 1317 1973 ordinationi:
1347 1920 1404 1970 et
1434 1916 1586 1970 inter
1612 1915 1727 1970 alia
1756 1916 1806 1971 ei
1838 1916 1978 1987 ccepi
1998 1934 2287 1989 opponere

661 2006 1010 2063 sanctitatem
1043 2003 1171 2071 viri,
1207 2007 1263 2058 et
1291 2003 1429 2075 quia
1472 2002 1724 2058 multum
1778 2004 2164 2059 audiebantur
2213 2006 2284 2059 ab

661 2094 751 2150 illo
778 2092 1094 2149 laudabilia
1123 2092 1269 2163 fieri,
1300 2091 1450 2147 inter
1480 2108 1605 2164 qua:
1631 2091 1806 2147 etiam
1853 2093 2010 2148 fama
2057 2097 2179 2148 erat
2216 2094 2286 2149 de

661 2181 1137 2253 redintegratione
1196 2179 1502 2250 cujusdam
1558 2180 1714 2235 vasis
1769 2180 1935 2235 vitrei
1985 2180 2283 2236 confracti.

662 2271 785 2336 Hoc,
838 2270 1104 2342 inquam,
1165 2285 1279 2334 me,
1341 2267 1640 2339 respondit
1695 2268 2014 2335 Albericus,
2077 2269 2288 2325 melius

662 2376 823 2431 quam
873 2363 928 2415 te
971 2358 1125 2414 scire
1158 2357 1376 2425 fateor;
1412 2358 1468 2411 et
1498 2357 1635 2428 quia
1664 2362 1717 2412 te
1748 2374 1816 2412 ex
1846 2356 1954 2411 hoc
2000 2357 2285 2412 incertum

661 2447 832 2515 video,
852 2465 920 2503 ne
949 2446 1228 2518 deinceps
1257 2445 1340 2500 sis
1372 2443 1607 2512 dubius,
1627 2444 1762 2500 audi
1793 2444 2097 2500 veritatem
2128 2463 2289 2517 aper-

662 2535 786 2591 tius.
819 2537 884 2591 Et
910 2551 1016 2608 ego
1055 2551 1068 2588 :
1105 2534 1390 2599 Libenter,
1424 2533 2022 2604 inquam,audiam,ct
2052 2532 2292 2606 diligen-

665 2623 770 2679 tius
798 2624 990 2679 animo
1021 2622 1356 2678 recondam.
1393 2623 1465 2676 At
1513 2620 1609 2676 ille
1644 2639 1656 2676 :
1698 2622 1959 2687 Quodam
2007 2625 2286 2694 tempore,

667 2711 751 2767 ille
780 2716 914 2767 tuus
946 2709 1165 2779 senior,
1200 2726 1373 2782 quem
1405 2709 1568 2775 dicis,
1603 2712 1659 2764 et
1706 2710 1887 2765 abbas
1926 2696 2141 2781 (27)‘ad
2187 2728 2291 2766 cu-

665 2799 799 2855 riam
830 2799 1058 2855 Ilenriei
1089 2798 1458 2871 imperatoris
1501 2799 1613 2853 mei
1647 2797 1891 2853 senioris
1935 2803 2204 2867 venerat;
2236 2804 2293 2855 et

665 2887 796 2942 dum
828 2887 906 2942 ibi
938 2891 1222 2953 maneret,
1256 2885 1464 2942 accidit
1489 2887 1742 2957 quadam
1774 2887 1867 2941 die
1898 2891 1963 2941 ut
1999 2886 2059 2942 in
2090 2904 2293 2943 mensa

665 2974 1019 3047 imperatoris
1042 2992 1145 3030 vas
1159 2973 1649 3047 pretiosissimum
1663 2975 1911 3029 vitreum
1922 2974 2293 3030 Alexandrini

666 3064 882 3135 generis
911 3064 1026 3135 (28)
1061 3079 1196 3118 cum
1246 3062 1562 3134 pigmentis
1590 3062 1744 3118 tritis
1777 3067 1906 3117 ante
1936 3080 2069 3118 eum
2118 3080 2294 3135 pone-

666 3156 833 3207 retur.
867 3150 966 3208 Ille
1005 3168 1143 3208 vero
1193 3152 1481 3206 advocans
1530 3167 1622 3206 me
1660 3156 1726 3206 et
1769 3151 2117 3207 Landult'um
2149 3156 2293 3220 Una,

662 3240 1049 3312 Laudult'um],
1079 3243 1280 3312 postea
1308 3239 1729 3295 Taurinensem
1760 3239 2119 3312 episcopum,
2153 3258 2295 3312 prae-

662 3329 803 3400 cepit
831 3333 894 3384 ut
922 3330 1120 3401 ipsum
1152 3344 1251 3383 vas
1281 3344 1415 3382 cum
1444 3327 1674 3397 pulvere
1718 3328 2171 3400 pigmentorum,
2214 3329 2286 3384 ad

662 3432 913 3472 mensam
947 3417 1198 3474 senioris
1228 3414 1490 3471 Odilonis
1521 3415 1898 3483 deferremus,
1932 3420 1989 3471 et
2024 3417 2071 3472 ei
2106 3417 2293 3489 gratia

659 3521 933 3577 corporea:
964 3504 1176 3563 salutis
1211 3505 1504 3560 daremus.
1536 3503 1651 3560 Nos
1683 3521 1834 3571 vero,
1867 3505 2018 3560 sicut
2050 3505 2293 3578 impera-

658 3595 742 3647 tor
761 3595 1042 3666 jusserat,
1065 3611 1167 3649 vas
1197 3592 1534 3658 detulimus,
1570 3610 1763 3648 coram
1794 3593 2000 3648 abbate
2040 3611 2108 3649 ex
2133 3599 2293 3666 parte

656 3681 886 3738 Cesaris
916 3682 1247 3754 posuimus,
1265 3688 1322 3736 et
1353 3681 1504 3735 sicut
1530 3681 1791 3747 decebat,
1814 3680 2113 3737 humiliter
2132 3681 2296 3737 incli-

657 3770 935 3828 navimus.
966 3773 1041 3827 At
1068 3769 1167 3831 ille
1204 3768 1504 3825 humiliter
1534 3769 1834 3841 recipiens,
1867 3787 2000 3825 vase
2048 3775 2290 3839 retento,

656 3860 919 3932 praecepit
948 3877 1058 3917 nos
1088 3858 1295 3924 redire,
1329 3862 1386 3913 et
1429 3861 1689 3929 tempore
1736 3857 2049 3913 constituto
2080 3859 2292 3914 iterum

655 3962 753 4017 pro
783 3948 1018 4004 vasculo
1051 3945 1361 4018 repetendo
1389 3944 1596 4000 redire.
1626 3944 1805 4001 Nobis
1834 3961 1966 4001 vero
2007 3946 2294 4002 redeunti-

652 4034 779 4103 bus,
806 4035 961 4091 sicut
990 4036 1261 4092 humana:
1292 4032 1647 4089 curiositatis
1674 4037 1768 4088 est
1800 4051 1974 4089 novas
2005 4038 2061 4090 et
2091 4034 2288 4090 incon-

655 4127 842 4179 suetas
872 4141 965 4179 res
997 4122 1246 4180 libenter
1274 4121 1419 4177 velle
1460 4121 1766 4193 inspicere,
1800 4127 2095 4193 cceperunt
2142 4123 2291 4179 inter

653 4226 711 4267 se
739 4211 1008 4268 monachi
1040 4228 1142 4267 vas
1171 4210 1446 4266 manibus
1475 4213 1802 4277 attrectare,
1833 4209 1980 4265 alter
2020 4211 2186 4266 alteri
2219 4212 2290 4267 de

650 4313 824 4354 manu
876 4301 951 4355 ad
986 4315 1228 4356 manum
1270 4300 1498 4354 tradere
1530 4315 1544 4353 :
1579 4314 1714 4353 cum
1744 4314 1877 4353 ecce
1905 4298 1975 4354 de
2016 4299 2289 4355 manibus

652 4403 747 4442 vas
776 4387 1017 4456 labitur,
1051 4392 1129 4457 et,
1162 4391 1227 4443 ut
1255 4392 1379 4441 erat
1421 4384 1646 4458 fragile,
1678 4385 1925 4441 labendo
1973 4387 2286 4459 confringi-

650 4479 758 4529 tur.
785 4478 947 4542 Quod
983 4492 1306 4549 agnoscens
1336 4475 1424 4529 vir
1453 4475 1568 4530 Deo
1598 4474 1889 4542 amabilis,
1924 4492 2039 4530 non
2089 4475 2289 4531 leviter

648 4564 1027 4621 contristatae
1074 4563 1154 4620 ait
1187 4581 1200 4619 :
1233 4564 1482 4634 Fratres,
1513 4578 1628 4617 non
1680 4562 1826 4617 bene
1870 4561 2108 4630 fecistis,
2150 4564 2289 4635 quia

2391 682 2562 753 bunt,
2595 685 2653 738 et
2691 698 2763 738 ne
2794 680 2962 738 nobis
2994 681 3130 738 inde
3158 680 3567 738 innocentibus
3595 681 3876 738 damnum
3907 698 4033 738 eve-

2394 769 2952 843 niat,unusquisque
2979 787 3081 842 pro
3114 770 3282 826 nobis
3313 769 3598 826 sollicitus
3631 769 4041 826 exorat.Finita

2391 875 2526 914 vero
2557 859 2929 925 oratione,vir
2958 863 3199 914 sanctus
3227 875 3329 914 vas
3361 856 3473 914 sibi
3505 857 3864 913 confractum
3893 876 4039 931 pras-

2395 947 2609 1003 sentari
2634 946 3016 1018 jubet,oculis
3044 945 3299 1019 inspicit,
3328 946 3603 1002 manibus
3633 950 3902 1003 attrectat
3935 965 3948 1002 :
3982 949 4039 1002 et

2394 1052 2525 1092 ecce
2561 1034 2707 1090 nihil
2758 1040 3013 1108 rupturaa
3062 1035 3147 1091 vel
3195 1033 3604 1091 confractionis
3654 1035 4035 1107 recognoscit.

2396 1124 2740 1197 Indignatus
2769 1141 2899 1180 vero
2932 1123 3086 1179 circa
3111 1123 3466 1179 monachos:
3501 1124 3670 1191 Quid,
3706 1123 3916 1195 inquit,
3949 1140 4043 1179 vo-

2396 1213 2507 1279 bis,
2558 1212 2787 1279 fratres,
2835 1211 3180 1268 videbatur?
3210 1212 3401 1279 credo,
3443 1216 3595 1267 certe
3643 1212 3802 1267 visus
3850 1216 4041 1269 vester

2395 1298 2589 1354 nescio
2621 1316 2739 1371 qua
2766 1299 3013 1371 caligine
3044 1298 3784 1372 detinebatur.Fingebatis
3816 1298 4041 1356 fallaci-

2391 1394 2479 1443 ter
2506 1388 2789 1443 facturam
2819 1386 3063 1451 vasculi,
3095 1404 3229 1443 cum
3259 1404 3388 1444 ecce
3418 1387 3552 1443 inde
3574 1387 3759 1443 nulla
3806 1387 4037 1460 conspi-

2393 1476 2620 1531 ciantur
2650 1476 2817 1548 signa
2847 1476 3108 1549 periculi.
3143 1478 3368 1532 Fratres
3407 1493 3540 1532 vero
3587 1476 3708 1531 haec
3754 1476 4037 1545 videntes,

2393 1565 2619 1620 attoniti
2652 1570 2888 1637 stupore
2922 1564 3208 1632 miraculi,
3235 1564 3379 1620 nihil
3400 1565 3533 1620 inde
3551 1564 4037 1637 audebantloqui.

2393 1654 2528 1708 Post
2548 1654 2669 1708 haec
2689 1658 2949 1725 tempore
2972 1653 3308 1720 constituto,
3325 1669 3429 1725 ego
3457 1669 3590 1708 cum
3616 1653 3772 1709 socio
3789 1670 3891 1725 pro
3908 1669 4044 1709 vase

2400 1742 2712 1813 repetendo
2743 1742 3040 1808 venimus,
3070 1746 3128 1797 et
3155 1759 3190 1796 a
3210 1740 3406 1812 bajulo
3428 1740 3588 1797 illius
3610 1740 4041 1813 requisivimus.

2399 1829 2505 1893 Qui
2534 1830 2821 1885 advocans
2848 1846 2941 1883 me
2972 1829 3029 1884 in
3063 1834 3289 1901 partem
3320 1846 3420 1884 vas
3453 1828 3725 1895 reddidit,
3749 1833 3807 1885 et
3841 1832 3905 1884 ut
3935 1828 4043 1883 im-

2398 1918 2647 1989 peratori
2681 1935 2783 1988 pro
2815 1935 3029 1990 magno
3054 1934 3297 1973 munere
3318 1918 3617 1973 redderem
3650 1916 4043 1982 suasit.Quem

2393 2010 2804 2077 percunctatus
2835 2022 2940 2061 cur
2969 2005 3110 2062 talia
3137 2004 3372 2073 diceret,
3405 2023 3507 2077 per
3536 2005 3799 2062 ordinem
3831 2010 4047 2062 cuncta

2395 2111 2521 2166 quae
2556 2094 2889 2149 acciderant
2929 2092 3203 2149 narravit.
3238 2094 3354 2165 Ego
3402 2110 3534 2149 vero
3577 2093 4044 2167 gratulabundus

2395 2198 2528 2236 cum
2572 2182 2727 2237 socio
2774 2181 2939 2250 redii,
2974 2181 3309 2253 imperatori
3361 2200 3488 2253 qua:
3534 2199 3879 2255 agnoveram
3929 2183 4042 2238 sub

2395 2269 2625 2325 silentio
2656 2269 2849 2334 retuli,
2881 2275 2939 2326 et
2970 2288 3144 2341 super
3175 2270 3283 2325 hoc
3319 2270 3603 2325 miraculo
3634 2287 3847 2343 magno
3877 2270 4041 2326 illum

2396 2357 2608 2430 replevi
2640 2358 3044 2413 admirationis
3075 2358 3286 2430 gaudio
3300 2357 3616 2414 etinsolitaz
3640 2358 4042 2415 delectationis

2388 2445 2596 2518 jubilo.
2618 2447 2806 2518 Supra
2834 2448 3074 2503 modum
3106 2446 3260 2502 enim
3290 2464 3423 2502 eum
3454 2446 3732 2518 diligebat
3758 2446 4037 2519 illiusque

2396 2534 2659 2591 consiliis
2688 2534 2987 2591 humiliter
3016 2535 3369 2591 adhaerebat.
3401 2536 3482 2591 De
3520 2552 3635 2607 quo
3687 2535 3866 2590 etiam
3903 2534 4047 2591 talia

2398 2641 2741 2695 agnoscens,
2773 2624 2959 2696 magis
2991 2642 3055 2679 ac
3094 2623 3283 2697 magis
3331 2623 3490 2680 omni
3537 2623 3911 2679 veneratione
3958 2623 4043 2679 di-

2398 2729 2581 2784 gnum
2612 2712 3020 2767 habebatlizec
3046 2712 3126 2766 ita
3159 2712 3301 2768 mihi
3332 2711 3638 2767 Albericus
3663 2711 3918 2767 ecclesiae
3943 2713 4047 2769 Cu-

2400 2817 2587 2855 manae
2616 2799 2926 2872 episcopus
2955 2800 3015 2857 in
3044 2800 3284 2856 veritate
3315 2800 3590 2867 narravit,
3624 2816 3754 2872 quas
3803 2799 3978 2856 etiam
4013 2817 4047 2857 a

2401 2888 2668 2960 pluribus
2698 2888 2828 2945 aliis
2860 2889 3128 2959 personis
3158 2904 3292 2943 vera
3321 2904 3450 2944 esse
3484 2905 3586 2961 pro
3618 2892 3774 2944 certo
3814 2889 4043 2962 agnovi.

2401 2976 2534 3031 CAP.
2569 2976 2716 3031 XIII.
2749 3008 2817 3017 —
2846 2978 2920 3032 lle
2949 2976 3186 3048 quadam
3216 2979 3422 3032 visione
3467 2977 3750 3050 cujusdam
3776 2979 4042 3035 eremin.

2474 3062 2690 3118 Retulit
2720 3063 2862 3119 mihi
2894 3063 3068 3119 etiam
3100 3065 3355 3119 domnus
3384 3064 3708 3120 Richardus
3736 3064 4046 3138 episcopus

2403 3152 2717 3224 quamdam
2730 3152 3217 3224 visionem,quam
3231 3156 3287 3207 et
3299 3169 3404 3225 ego
3419 3152 4039 3223 quondamaudieram,

2403 3241 2505 3296 sed
2537 3244 2673 3295 tunc
2704 3239 2899 3295 animo
2945 3240 3186 3294 minime
3216 3240 3557 3295 retinebam.
3592 3241 3850 3305 Quodam
3901 3243 4043 3294 tem-

2318 3314 2361 3381 C
2400 3346 2556 3402 pore,
2589 3318 2800 3400 inquit,
2834 3328 2918 3383 vir
2948 3328 3188 3400 quidam
3232 3327 3539 3401 religiosus
3569 3328 3639 3383 de
3669 3344 3816 3400 pago
3868 3328 4037 3384 Rete-

2399 3417 2563 3473 nensi
2623 3416 2834 3488 (Bedes)
2883 3416 3166 3472 oriundus
3224 3417 3296 3471 ab
3352 3415 3733 3488 Jerosolymis
3787 3421 4030 3472 reverte-

2398 3506 2588 3561 batur.
2604 3505 2918 3560 Transiens
2948 3508 3142 3559 autem
3175 3505 3513 3577 marc,quod
3545 3522 3580 3560 a
3609 3503 3805 3559 Sicilia
3834 3521 4041 3560 versus

2400 3594 2873 3650 Thessalonicam
2908 3594 3292 3666 protenditur,
3328 3592 3565 3665 pertulit
3594 3609 3728 3649 cum
3771 3592 4039 3665 pluribus

2400 3683 2528 3739 aliis
2559 3682 2972 3756 gravissimum
3000 3686 3236 3737 ventum
3261 3681 3321 3736 in
3351 3682 3543 3738 medio
3566 3680 3927 3754 positus.Qui
3949 3698 4046 3737 na-

2398 3771 2514 3827 vim
2545 3771 2871 3844 impellens,
2906 3768 3130 3842 appulit
3159 3770 3229 3824 ad
3264 3770 3581 3840 quamdam
3626 3768 3880 3825 insulam
3925 3769 4045 3825 sive

2400 3878 2626 3933 rupem,
2663 3858 2761 3915 ubi
2795 3858 3036 3930 quidam
3069 3874 3269 3913 servus
3296 3857 3395 3912 Dei
3428 3856 3693 3913 reclusus
3723 3857 3997 3912 manebat
4027 3874 4041 3912 :

2400 3947 2499 4004 ubi
2539 3947 2878 4020 aliquandiu
2926 3944 3408 4017 tranquillitatem
3465 3942 3644 3999 maris
3692 3947 4040 4016 exspectans

2398 4036 2713 4108 praedictus
2741 4035 2828 4089 vir
2875 4037 3288 4097 commoratus,
3323 4031 3495 4104 cmpit
3540 4048 3673 4087 cum
3716 4029 3814 4086 illo
3867 4048 4033 4087 servo

2398 4125 2497 4181 Dei
2548 4125 2617 4179 de
2665 4122 2870 4178 multis
2929 4120 3369 4178 collocationem
3430 4118 3662 4174 habere.
3714 4119 4040 4191 Inquisitus

2397 4229 2530 4268 vero
2561 4230 2595 4267 a
2622 4212 2745 4267 viro
2773 4211 2873 4266 Dei
2905 4211 3056 4266 unde
3086 4225 3273 4281 genus
3302 4208 3557 4274 duceret,
3590 4206 3948 4279 Aquitanum
3981 4224 4043 4263 se

2398 4316 2526 4357 esse
2557 4298 3049 4372 respondit.Tunc
3075 4297 3224 4353 idem
3258 4296 3432 4352 homo
3464 4295 3561 4350 Dei
3594 4294 3927 4352 sciscitatus
3955 4299 4045 4351 est

2398 4389 2448 4445 si
2480 4389 2771 4461 quoddam
2805 4386 3222 4443 monasterium
3265 4385 3418 4457 quod
3469 4383 3868 4440 nominaretur
3917 4383 4046 4440 Clu-

2399 4478 2723 4547 niacum,et
2753 4476 3056 4532 Odilonem
3084 4475 3349 4545 ejusdem
3379 4472 3489 4529 loci
3518 4474 3790 4529 abbatem
3822 4476 4041 4529 nosset.

2394 4567 2467 4620 At
2495 4564 2591 4620 ille
2617 4564 2916 4636 respondit
2947 4581 2959 4619 :
2994 4561 3155 4628 Novi,
3188 4567 3245 4617 et
3271 4562 3416 4616 bene
3446 4562 3598 4628 novi,
3632 4567 3689 4616 et
3713 4560 3824 4617 hoc
3855 4578 4036 4633 quare

646 4666 745 4721 pro
775 4651 876 4707 tali
905 4656 1102 4709 vestra
1137 4649 1513 4725 negligentia,
1538 4650 1853 4732 juvenibus
1899 4650 2144 4718 clericis,
2177 4653 2285 4708 sub
2317 4676 2363 4741 Β
2398 4652 2789 4726 percunctaris
2821 4651 2968 4707 scire
3006 4650 3198 4722 cupio.
3231 4649 3430 4705 Dicam
3461 4648 3590 4716 tibi,
3625 4648 3836 4741 inquit,
3871 4653 3929 4705 et
3979 4653 4042 4705 ut

647 4754 891 4810 quorum
924 4741 1194 4799 custodia
1220 4758 1322 4795 vas
1358 4758 1392 4795 a
1422 4739 1591 4794 nobis
1621 4740 1981 4796 confractum
2031 4740 2286 4813 positum

645 4832 781 4894 erat,
815 4830 1071 4901 gratiam
1102 4827 1470 4900 imperatoris
1502 4828 1747 4883 fortasse
1794 4828 2153 4897 abstulistis;
2187 4830 2287 4884 sed

646 4931 713 4971 ne
742 4915 857 4973 illis
889 4918 1177 4973 damnum
1209 4915 1434 4973 eveniat
1464 4916 1563 4987 qui
1587 4915 1881 4972 immunes
1903 4916 2288 4990 suntaculpa,

645 5006 991 5062 accedamus
1026 5006 1096 5061 ad
1126 5004 1456 5070 ecclesiam,
1490 5007 1547 5058 et
1571 5004 1804 5060 Domini
1836 5023 2013 5077 super
2042 5006 2149 5062 hoc
2182 5006 2288 5061 im-

643 5090 937 5162 ploremus
970 5092 1544 5150 misericordiam.Ad
1561 5093 1731 5162 cujus
1761 5093 2073 5166 imperium
2107 5095 2178 5149 ad
2210 5111 2273 5148 ec

709 5216 825 5288 (26)
853 5217 917 5272 Id
948 5221 1039 5272 est
1053 5216 1377 5287 Comensis,
1396 5215 1720 5288 quiszepius
1741 5217 2036 5273 Cumanus
2053 5217 2284 5273 dicitur.

642 5283 781 5360 Nam
805 5283 971 5360 inter
1000 5288 1294 5360 cumanos
1324 5283 1383 5341 in
1412 5283 1730 5360 Campania
1758 5288 1955 5360 Italica
1983 5289 2286 5360 episc0pos

642 5356 834 5414 nullus
864 5358 1175 5415 Albericus
1219 5358 1491 5414 occurrit.
1524 5356 1595 5412 At
1639 5358 1937 5415 Albericus
1985 5356 2287 5415 Comensis

641 5426 949 5549 episcOpus
980 5428 1228 5484 celebris
1257 5433 1367 5495 est,
1402 5428 1498 5499 qui
1534 5445 1740 5484 novam
1773 5429 2163 5486 cathedralem
2194 5446 2284 5485 ee-

642 5513 667 5549 c
694 5498 872 5549 esiam
902 5519 935 5549 a
969 5500 1370 5549 fundamentis
1409 5500 1714 5549 exstruxit-
1747 5504 1955 5549 vetem-
1990 5519 2116 5549 num
2164 5504 2284 5549 erat

642 5498 942 5572 clesiama
968 5500 1370 5555 fundamentis
1403 5498 1727 5572 exstruxit,
1743 5504 1956 5572 vetere,
1990 5519 2116 5572 quae
2164 5504 2288 5555 crat

640 5574 794 5625 extra
836 5570 1157 5636 civitatem,
1193 5568 1494 5625 monachis
1545 5571 1935 5626 Benedictinis
1985 5568 2281 5639 attributa,

640 5641 1181 5763 gnat-postmodum
1215 5641 1286 5696 ad
1318 5639 1727 5722 Cistercienses
1774 5642 2029 5708 transiit,
2060 5659 2125 5696 ac
2158 5645 2282 5695 tan-

675 5727 763 5763 am
816 5728 876 5763 m
910 5711 1265 5763 commenda
1294 5710 1509 5763 tradita
1537 5710 1729 5763 nullos
1761 5729 1918 5763 nunc
1957 5711 2129 5763 habet
2158 5727 2282 5763 mo-

675 5710 876 5768 om‘in
910 5711 1265 5769 commenda
1294 5710 1509 5768 tradita
1537 5710 1729 5768 nullos
1760 5729 1918 5769 nunc
1957 5711 2129 5767 habet
2158 5727 2282 5767 mo-

2398 4743 2594 4799 animo
2624 4741 2904 4797 recondas
2933 4757 3059 4811 qua:
3086 4737 3343 4794 audieris
3372 4736 3890 4793 admoneo.Vicina
3915 4737 4043 4793 loca

2398 4835 2538 4886 sunt
2576 4829 2764 4895 nobis,
2799 4846 2867 4884 ex
2915 4826 3245 4898 semetipsis
3296 4826 3608 4881 manifesto
3653 4825 3752 4880 Dei
3792 4825 4042 4895 judicio,

2398 4917 2740 4992 gravissima
2761 4915 3082 4972 cructantia
3097 4912 3582 4986 ignisiracundia,
3606 4911 3665 4967 in
3689 4911 3905 4983 quibus
3916 4912 4041 4968 ani-

2402 5025 2507 5062 mae
2535 5009 2900 5078 peccatorum
2930 5004 2998 5060 ad
3040 5008 3272 5074 tempus
3298 5006 3581 5057 statutum
3606 5000 3835 5056 diversa
3868 4998 4041 5057 luunt

2403 5094 2709 5167 supplicia.
2731 5093 2879 5149 Sunt
2891 5109 3022 5147 vero
3036 5091 3105 5146 ad
3120 5107 3322 5146 eorum
3337 5106 3569 5162 semper
3580 5088 3907 5144 renovanda
3932 5093 4021 5144 tur
4034 5121 4047 5132 ο

2405 5217 2643 5283 nachos,
2674 5221 2816 5272 teste
2846 5211 3087 5287 Ughello
3117 5216 3274 5267 tomo
3304 5211 3574 5287 V_lta_liaa_
3607 5227 3807 5287 sacras,
3842 5209 3941 5268 ubi
3973 5229 4041 5266 ex

2397 5282 2679 5345 Chronico
2713 5282 3071 5343 Novalicensi
3123 5284 3512 5338 contentionis
3561 5282 3654 5336 hic
3708 5286 4040 5336 memoratae

2395 5359 2701 5415 historiam
2759 5363 2951 5414 refert.
3002 5354 3082 5409 De
3138 5354 3373 5409 abbatis
3423 5352 3798 5415 Bremetensi,
3859 5367 4038 5421 quam

2396 5447 2550 5485 nunc
2572 5428 2853 5485 Olivetani
2885 5422 3152 5499 monachi
3182 5424 3507 5499 possident,
3533 5423 3707 5499 plura
3742 5421 3893 5499 idem
3923 5438 4033 5499 au-

2395 5500 2686 5557 ctor.Vide
2716 5504 2773 5554 ct
2802 5497 3094 5554 Lubinum
3126 5489 3427 5550 in_Notitia
3456 5489 3819 5550 abbatiarum
3838 5489 4033 5543 Italiae.

2467 5573 2579 5641 (27)
2608 5571 2717 5625 Ms.
2751 5570 2809 5625 S.
2842 5562 3132 5624 Germani.
3167 5563 3267 5620 Ille
3297 5570 3440 5633 tuus,
3473 5580 3629 5638 quem
3679 5560 3814 5614 dicis
3853 5560 4037 5613 senior

2392 5646 2443 5699 et
2472 5642 2654 5696 domin
2664 5657 2726 5695 us
2747 5641 2935 5695 abbas.

2464 5712 2572 5784 (28)
2605 5711 2787 5769 Idem.
2817 5703 3215 5767 Alexandriam
3246 5722 3393 5780 cum,
3426 5710 3533 5764 etc.
