4984 6390
685 445 798 504 93ἵ

685 665 874 721 ruisse
901 666 1141 721 Domini
1174 666 1387 721 virtute
1434 670 1491 721 et.
1540 666 1720 737 patris
1768 667 2031 722 0dilonis
2074 668 2347 723 interces-

680 755 847 810 sione
878 754 1075 808 libera
1095 771 1230 809 voce
1260 755 1533 809 narravit.
1567 755 1683 809 Hoc
1716 756 1795 809 ita
1823 772 2022 811 verum
2045 773 2173 811 esse
2196 774 2346 811 mer-

685 848 844 898 cator
875 842 1128 914 quidam
1159 843 1339 911 dives,
1375 843 1609 898 nomine
1639 843 1932 911 Salomon,
1952 847 2008 898 et
2032 843 2227 915 plures
2250 843 2348 900 alii

684 932 948 986 fatentur
979 948 1092 991 sua
1123 932 1464 987 assertione.

1016 1024 1151 1074 CAP.
1193 1019 1286 1074 VI.
1321 1051 1388 1060 —-
1420 1021 1491 1075 De
1519 1035 1658 1076 meo
1689 1020 2022 1075 illuminato.

753 1109 1012 1172 Quidam
1047 1125 1223 1164 senex
1253 1124 1323 1163 ex
1352 1114 1470 1163 toto
1504 1108 1762 1180 privatus
1811 1108 2055 1177 lumine,
2101 1126 2232 1164 cum
2283 1126 2345 1164 se

684 1190 891 1252 deduci
925 1196 1146 1252 faceret
1171 1213 1204 1251 a
1229 1213 1407 1268 puero
1425 1198 1496 1251 ad
1520 1197 1703 1252 Patris
1728 1197 2085 1251 sanctissimi
2111 1214 2343 1263 urnam,

684 1291 1007 1358 antequam
1042 1285 1353 1357 attingeret
1382 1285 1560 1340 limen
1591 1284 1781 1340 ostioli
1815 1285 1975 1341 illius
1995 1291 2204 1358 crypta!
2228 1303 2345 1358 qua

684 1379 925 1429 sanctus
962 1373 1298 1444 requiescit,
1330 1372 1526 1428 lumen
1552 1374 1836 1427 amissum
1870 1375 2104 1445 recepit,
2139 1375 2342 1429 ducto-

684 1478 926 1533 remque
960 1478 1140 1517 suum
1164 1462 1290 1531 jam
1321 1460 1687 1517 illuminatus
1717 1466 1773 1515 et
1815 1460 1978 1516 velox
2026 1462 2340 1533 praecessit,

684 1554 855 1622 atque
879 1551 940 1604 in
960 1554 1183 1605 terram
1208 1554 1341 1605 ante
1363 1554 1629 1604 sanctum
1656 1549 1988 1620 sepulcrum
2018 1556 2342 1621 prostratus

684 1656 785 1712 pro
810 1655 1100 1695 concesso
1132 1638 1242 1694 sibi
1271 1637 1494 1693 lnmine
1524 1638 1744 1710 gratias
1790 1639 1930 1710 egit,
1983 1644 2039 1693 et
2081 1639 2342 1710 gaudens

680 1729 944 1783 recessit.
983 1729 1125 1783 Erat
1153 1744 1286 1783 vero
1317 1732 1455 1782 tunc
1486 1725 1804 1782 Sabbalum
1837 1733 1971 1782 ante
2004 1728 2202 1783 Hamis
2230 1727 2345 1799 pal-

684 1834 915 1874 marum
951 1817 1196 1872 festum.

972 1905 1111 1960 CAP.
1144 1905 1265 1960 VII.
1301 1937 1364 1945 —
1396 1907 1523 1960 Item
1552 1906 1616 1960 de
1642 1921 1787 1961 caeca
1809 1913 2022 1959 sanata.

751 1996 832 2050 Ex
863 1993 1111 2049 castello
1135 1994 1297 2048 Lucii
1327 1994 1543 2048 montis
1567 1994 1832 2065 qumdam
1858 1993 2073 2048 l'emina
2102 2009 2248 2046 caeca
2267 1992 2337 2046 ad

682 2082 886 2138 limina
919 2082 1110 2137 sancti
1146 2082 1333 2136 Patris
1363 2087 1453 2136 est
1482 2082 1753 2136 adducta.
1805 2084 1939 2147 Quae
1987 2080 2210 2135 diutius
2259 2081 2338 2134 ibi

686 2171 1008 2242 persistens
1038 2175 1098 2225 et
1121 2170 1177 2224 in
1201 2170 1461 2224 oratione
1483 2186 1876 2241 perseverans,
1893 2171 2033 2224 dum
2055 2168 2191 2222 vivit
2212 2185 2338 2240 quae

687 2261 915 2331 petebat
946 2260 1007 2314 in
1040 2259 1281 2330 longum
1316 2258 1426 2313 sibi
1459 2258 1699 2325 differri,
1733 2260 1858 2329 jam
1908 2259 2230 2329 desperata,
2265 2257 2335 2310 ad

687 2349 919 2420 propria
952 2348 1200 2419 cupiens
1222 2347 1466 2417 regredi,
1493 2347 1560 2401 ad
1596 2347 1928 2421 sepulcrum
1956 2346 2159 2399 ilernm
2185 2362 2340 2400 acce-

684 2437 762 2490 dit
795 2442 852 2491 et
882 2436 1185 2491 licentiam
1221 2436 1500 2490 redeundi
1524 2452 1555 2489 a
1578 2440 1776 2489 sancto
1803 2436 1975 2504 cmpit
1999 2450 2130 2488 cum
2156 2433 2336 2506 lacry-

690 2524 796 2579 mis
831 2524 1161 2597 deprecari.
1186 2524 1341 2578 Inter
1371 2523 1489 2577 haec
1510 2524 1702 2589 verba,
1720 2523 2122 2593 profundaque
2148 2522 2336 2576 mmsti

686 2614 873 2668 cordis
906 2612 1189 2684 suspiria,
1208 2611 1358 2667 oeuli
1385 2610 1535 2665 male
1556 2611 1735 2666 clausi
1768 2610 2335 2681 aperiuntur,lumen

687 2719 749 2756 ex
788 2703 1093 2774 insperato
1126 2718 1261 2756 mox
1292 2701 1569 2766 redditur,
1604 2705 1661 2755 et
1690 2700 1771 2753 ita
1801 2701 2039 2753 domum
2074 2700 2335 2771 proprio-

686 2808 835 2858 rum,
872 2807 995 2845 non
1028 2788 1275 2844 aliorum
1310 2787 1543 2843 oculum
1577 2787 1794 2842 intuitu
1832 2786 2156 2841 revertitur.

835 2880 977 2933 CAP.
1012 2877 1159 2933 VIII.
1194 2909 1261 2917 —
1291 2882 1427 2931 Item
1455 2877 1521 2932 de
1546 2876 1657 2931 alio
1686 2891 1827 2931 areo
1858 2876 2190 2929 illuminuto.

753 2968 920 3024 Alius
950 2967 1131 3023 etiam
1160 2967 1399 3038 quidam
1429 2970 1736 3020 veteranus
1767 2964 2124 3018 Turonensis
2173 2963 2336 3018 urbis

689 3056 986 3128 indigena,
1022 3054 1324 3111 oculorum
1350 3055 1608 3126 privatus
1633 3052 1854 3107 lumine
1880 3050 2214 3106 admonitus
2235 3068 2336 3122 per

687 3145 898 3210 visum,
933 3146 1116 3199 ductu
1149 3145 1457 3215 cujusdam
1491 3160 1608 3197 suae
1632 3142 1760 3195 filiae
1785 3140 2117 3212 sepulcrum
2148 3139 2334 3193 sancti

690 3233 871 3289 Patris
903 3232 1140 3289 studuit
1168 3232 1433 3287 invisere.
1470 3230 1575 3295 Qui
1613 3229 1851 3285 veniens
1898 3246 1967 3284 ex
2015 3245 2186 3299 aqua,
2221 3245 2336 3298 qua

689 3324 870 3378 sancti
906 3324 1140 3377 fuerant
1170 3321 1432 3375 membra
1464 3319 1681 3386 abluta,
1715 3318 1979 3389 quscesivit
2008 3323 2064 3372 et
2092 3317 2331 3388 accepit,
2364 3305 2405 3369 C

688 3411 869 3466 oculis
898 3410 1231 3466 tenebrosis
1261 3410 1493 3464 infundi
1529 3409 1680 3473 fecit,
1731 3412 1795 3461 ut
1843 3407 1953 3461 sibi
2003 3407 2338 3460 redderetur

690 3497 884 3554 lumen
919 3498 1128 3555 oravit.
1163 3499 1228 3552 Et
1254 3497 1534 3569 quiajam
1566 3513 1678 3550 nox
1709 3495 1960 3550 instabat
1998 3496 2133 3549 inde
2184 3511 2335 3549 rece-

689 3586 1187 3659 dens,hospitium
1207 3590 1261 3640 et
1277 3585 1547 3641 subsidia
1564 3584 1748 3639 vietus
1762 3585 1905 3653 (erat
1922 3584 2074 3638 enim
2096 3586 2337 3655 pauper)

690 3676 1015 3748 requisivit,
1046 3680 1105 3730 et
1133 3690 1426 3746 nusquam
1460 3672 1699 3728 invenit.
1732 3673 1869 3727 Sine
1898 3672 2025 3727 cibo
2058 3672 2252 3743 itaque
2283 3675 2340 3725 et

690 3763 947 3837 hospitio
981 3768 1164 3819 totam
1220 3768 1447 3817 noctem
1507 3760 1882 3833 pernoctavit.
1918 3761 1977 3815 In
2018 3760 2337 3815 crastinum

690 3868 821 3908 vero
852 3854 925 3908 ad
960 3850 1296 3924 sepulcrum
1330 3851 1578 3904 festinus
1609 3847 2127 3919 rediit,statimque
2149 3848 2339 3903 visum

692 3941 927 4013 recepit,
962 3944 1019 3996 et
1048 3939 1215 3994 laetus
1246 3944 1357 3993 Deo
1388 3937 1604 4010 gratias
1626 3937 1856 4008 magnis
1877 3935 2229 3991 clamoribus
2253 3936 2339 3990 in-

693 4027 945 4086 clamare
975 4027 1149 4100 cmpit
1177 4028 1313 4082 Erat
1342 4031 1537 4081 autem
1572 4024 1813 4080 ecclesia
1869 4024 2039 4095 plena
2090 4023 2339 4079 homini-

696 4116 826 4185 bus,
856 4116 1216 4189 presbyteris
1248 4119 1304 4169 et
1335 4113 1560 4168 clericis
1602 4112 1845 4168 missam
1888 4111 2338 4167 celebiantibus.

695 4205 775 4259 Ad
808 4205 924 4261 tale
955 4202 1357 4277 spectaculum
1381 4218 1584 4257 omnes
1617 4204 2020 4267 cucurrerunt,
2040 4201 2119 4255 rei
2140 4200 2344 4255 verita-

698 4297 811 4348 tem
845 4296 1231 4367 agnoverunt,
1265 4291 1454 4347 cuncti
1491 4291 1546 4344 in
1581 4305 1891 4345 commune
1938 4293 2118 4343 Deum
2168 4288 2342 4343 bene-

698 4378 992 4453 dixerunt,
1015 4381 1191 4454 atque
1222 4398 1323 4454 pro
1355 4385 1474 4435 tam
1508 4379 1755 4434 evidenti
1791 4378 2217 4448 manifestoque
2241 4377 2343 4431 mi-

700 4468 895 4528 raeulo
920 4471 1101 4528 simul
1132 4487 1265 4526 eum
1299 4485 1551 4542 paupere
1583 4468 1799 4540 gratias
1831 4470 2092 4539 egerunt.

754 4563 886 4617 CAP.
916 4560 1081 4615 IV.—
1101 4562 1176 4616 De
1205 4558 1437 4631 quodam
1467 4560 1659 4613 insano
1689 4556 1757 4611 ad
1789 4563 2017 4610 mentem
2047 4563 2304 4611 revocato.

2073 447 2284 507 VI'I‘A.
2319 480 2393 492 —-
2430 446 2570 508 LIB.
2619 450 2724 509 Ill.

684 575 840 643 ruit;
871 575 1185 632 silentium
1217 576 1273 631 in
1306 577 1477 631 verba
1506 576 1759 644 resolvit,
1794 582 1849 632 et
1878 596 1939 632 se
1969 578 2088 632 haec
2122 595 2346 650 prome-
2378 585 2430 648 Α

3972 457 4093 515 938

2743 585 2875 637 CAP.
2912 586 2979 635 X.
3013 614 3078 621 —
3112 586 3191 637 De
3218 583 3451 653 quodam
3475 585 3801 655 paralytico.

2530 670 2590 723 In
2609 670 3319 740 bnrgoAntissiodorensis
3333 670 3581 725 civitatis
3595 672 3829 742 quidam
3848 675 4096 730 ruricola

2458 760 2691 813 nomine
2717 759 3031 814 ltaiualdus
3059 760 3349 813 manebat.
3375 756 3477 814 Hie
3499 777 3533 813 a
3565 761 3802 815 renibus
3826 761 4096 818 deorsum

2457 863 2691 901 onmem
2743 848 2861 901 vim
2920 848 3315 903 membrorum
3369 848 3662 903 amiserat.
3703 849 3934 905 Auditis
3963 850 4097 923 ergo

2456 934 2770 990 virtutibus
2794 935 3093 1007 signorum
3118 952 3242 1007 quae
3265 936 3482 990 fiebant
3502 936 3573 991 ad
3597 936 3929 1008 sepulcrum
3950 939 4095 993 tanti

2364 1031 2368 1036 ’
2457 1024 2665 1087 Patris,
2697 1024 2752 1077 in
2790 1023 3048 1095 plaustro
3071 1041 3131 1079 se
3165 1024 3299 1096 poni
3322 1025 3477 1090 fecit,
3501 1029 3557 1079 et
3579 1025 3650 1079 ad
3674 1025 3877 1081 limina
3898 1032 4101 1082 sancta

2455 1130 2489 1168 a
2520 1113 2797 1168 fratribus
2818 1118 2873 1168 et
2893 1129 3069 1167 uxore
3089 1113 3220 1168 duci
3246 1113 3533 1185 praecepit.
3557 1113 3663 1176 Qui
3687 1115 3926 1170 veniens
3947 1118 4003 1170 et
4023 1116 4095 1171 ad

2454 1200 2785 1272 sepulcrum
2820 1202 3000 1255 sancti
3037 1201 3219 1255 Patris
3250 1202 3550 1267 accedens,
3583 1218 3652 1256 ex
3682 1218 3834 1273 aqua
3881 1203 4096 1274 saepius

2454 1289 2610 1344 dicta
2639 1289 2762 1343 dari
2797 1289 2904 1343 sibi
2938 1290 3120 1361 petiit,
3153 1290 3430 1361 languida
3460 1289 3724 1344 membra
3751 1289 3909 1357 lavit,
3941 1296 4000 1346 et
4031 1296 4096 1346 ut

2453 1378 2563 1433 sibi
2593 1378 2813 1432 sanitas
2835 1378 3170 1432 redderetur
3190 1378 3428 1432 devotus
3464 1378 3738 1433 exoravit.
3788 1378 3924 1433 Post
3971 1378 4093 1433 hanc

2453 1465 2735 1537 paulatim
2769 1465 2932 1519 dolor
2961 1483 2993 1519 a
3024 1466 3307 1519 membris
3339 1465 3641 1532 abscessit,
3688 1465 3848 1521 salus
3895 1470 4093 1537 optata

2453 1555 2683 1619 redit,et
2701 1554 2887 1625 magis
2910 1553 3213 1625 magisque
3236 1554 3305 1608 de
3330 1554 3428 1608 Dei
3455 1569 3813 1625 przesumens
3835 1554 4092 1609 bonitate

2453 1648 2510 1697 et
2540 1644 2684 1696 tanti
2716 1643 2900 1697 Patris
2933 1643 3231 1697 conlidens
3280 1641 3695 1698 intercessione
3736 1642 3808 1696 ad
3858 1642 4093 1714 propria

2453 1747 2515 1786 se
2547 1731 2828 1802 reportari
2851 1731 3003 1785 fecit.
3025 1732 3149 1785 Non
3175 1729 3375 1785 multis
3397 1730 3717 1800 interjectis
3748 1730 3954 1785 diebus
3976 1747 4093 1786 non

2444 1820 2571 1891 jam
2583 1818 2867 1882 vehiculo,
2884 1820 2982 1874 sed
3011 1818 3197 1874 firmis
3218 1818 3493 1874 incedens
3511 1816 3770 1889 vestigiis
3792 1818 3863 1872 ad
3889 1817 4094 1875 limina

2454 1912 2656 1962 sancta
2685 1907 3026 1979 regreditur,
3048 1924 3151 1978 pro
3183 1906 3410 1961 reddita
3439 1907 3689 1961 sanitate
3713 1905 3930 1978 gratias
3951 1906 4088 1977 egit,

2448 2001 2580 2050 vota
2610 1995 2841 2061 obtulit,
2876 2013 2993 2049 suae
3026 1995 3345 2049 curationis
3372 1994 3588 2049 indicia
3616 1994 3887 2049 omnibus
3910 1994 4092 2049 mani-

2450 2086 2697 2149 festavit,
2730 2090 2785 2139 et
2816 2086 2897 2138 sic
2930 2086 2998 2139 ad
3030 2084 3263 2155 propria
3296 2083 3552 2138 recessit.

2730 2173 2862 2227 CAP.
2896 2172 2984 2226 XI.
3018 2203 3082 2212 —
3118 2178 3199 2227 De
3229 2172 3523 2243 hydropico
3549 2171 3796 2226 liberato.

2521 2267 2582 2316 In
2616 2262 2889 2316 comitatu
2923 2260 3284 2325 Flandrensi,
3326 2264 3381 2314 et
3429 2260 3487 2313 in
3540 2260 3723 2330 burgo
3777 2260 4087 2314 venerandi

2447 2351 2630 2423 patris
2661 2349 3155 2419 0tmari,quidam
3181 2347 3414 2419 juvenis
3446 2347 3690 2401 clericus
3722 2346 3957 2401 nomine
3986 2348 4089 2402 Ge-

2448 2439 2643 2494 raldus
2677 2438 3072 2508 manebat,qui
3105 2436 3417 2508 hydropico
3447 2434 3650 2490 morbo
3682 2435 3761 2488 ita
3790 2434 4085 2506 afﬂigeba-

2446 2534 2542 2583 tur
2573 2534 2635 2582 ut
2677 2543 2863 2598 neque
2913 2526 3131 2590 cibum,
3190 2541 3376 2595 neque
3430 2528 3628 2594 potum
3689 2522 3816 2577 sine
3873 2539 4086 2595 magno

2447 2618 2641 2672 dolore
2685 2631 2915 2670 sumere
2966 2614 3224 2668 valeret:
3262 2614 3340 2667 ita
3398 2617 3596 2666 venter
3651 2612 3970 2666 intumerat
4024 2616 4090 2665 ut

2446 2706 2595 2760 cutis
2624 2721 2803 2776 supra
2831 2704 3068 2757 modum
3101 2707 3338 2757 extensa
3369 2717 3512 2772 pene
3543 2699 3737 2771 rumpi
3761 2699 4086 2767 videretur;

2445 2800 2600 2850 stare
2628 2794 2712 2849 vel
2748 2793 2947 2847 sedere
2978 2792 3102 2846 sine
3134 2791 3385 2845 maximo
3417 2788 3673 2860 periculo
3704 2806 3819 2843 non
3840 2787 4086 2855 valebat,

2448 2883 2711 2937 incedere
2757 2882 2930 2936 etiam
2980 2881 3070 2934 vix
3119 2882 3361 2951 poterat.
3407 2879 3475 2933 Et
3520 2877 3659 2949 quid
3693 2875 3934 2931 dicam?
3962 2892 4087 2930 om-

2446 2971 2606 3025 nium
2624 2972 3061 3024 menmbrorum
3082 2968 3289 3023 officiis
3307 2969 3385 3022 ita
3402 2966 3634 3021 carebat
3656 2971 3720 3020 ut
3744 2965 3953 3019 melius
3977 2964 4089 3019 sibi

2446 3063 2689 3113 mortem
2718 3074 2894 3128 quam
2920 3058 3106 3128 ipsam
3131 3055 3521 3110 miserrimam
3534 3055 3712 3109 vitam
3734 3051 4089 3124 optaretJlic

2444 3164 2579 3219 ergo
2612 3151 2757 3199 nutu
2790 3145 2983 3199 divino
3025 3143 3399 3197 Silviniacum
3451 3158 3584 3197 cum
3633 3157 3845 3213 magno
3893 3140 4089 3195 labore

2445 3234 2695 3301 advenit,
2731 3235 2801 3288 ad
2833 3232 3166 3304 sepulcrum
3217 3231 3401 3285 sancti
3451 3230 3638 3284 Patris
3686 3245 3748 3284 se
3796 3225 4086 3282 introduci

2445 3323 2628 3396 petiit,
2662 3322 2732 3376 ad
2764 3321 3085 3376 orationem
3116 3320 3176 3373 in
3208 3324 3360 3373 terra
3382 3316 3712 3389 procubuit,
3735 3332 3796 3371 se
3817 3315 3888 3370 de
3917 3314 4087 3386 longe

2444 3413 2668 3468 venisse
2692 3410 2865 3465 flebili
2894 3426 3029 3463 voce
3059 3412 3436 3479 conquestus.
3467 3410 3532 3460 ut
3561 3408 3801 3459 sanctus
3831 3403 3940 3459 sibi
3972 3402 4084 3458 mi-

2446 3517 2573 3556 sero
2604 3516 2770 3570 opem
2802 3500 2974 3553 ferret
3003 3514 3136 3551 cum
3164 3495 3435 3566 laerymis
3468 3492 3705 3566 rogavit.
3738 3492 3852 3546 Nec
3900 3506 4084 3555 mora,

2446 3589 2633 3643 rivum
2666 3586 2916 3642 concreti
2948 3583 3253 3657 sanguinis
3284 3583 3523 3649 ibidem,
3573 3581 3714 3635 dum
3772 3583 3963 3635 oraret
4015 3577 4088 3632 ab

2448 3675 2822 3733 interioribus
2852 3692 2954 3747 per
2983 3692 3067 3741 os,
3100 3672 3433 3728 videntibus
3463 3668 3708 3736 cunctis,
3741 3666 4015 3734 evomuit,
4036 3669 4093 3721 et

2449 3766 2583 3820 inde
2615 3763 3134 3837 surgens,nutibus
3160 3767 3216 3817 et
3240 3760 3435 3816 verbis
3455 3776 3516 3814 se
3538 3774 3748 3815 sanum
3771 3756 3891 3811 fore
3911 3753 4094 3811 excla-

2448 3855 2645 3910 mavit.
2679 3853 3033 3908 Ostendebat
3063 3855 3257 3906 autem
3298 3848 3644 3905 vestimento
3689 3861 3927 3901 sursum
3976 3842 4092 3898 col-

2448 3944 2594 3998 lecto
2627 3958 2801 4013 rugas
2827 3941 2976 3995 cutis
3002 3939 3165 4011 prius
3195 3944 3464 4003 extensm,
3489 3950 3643 3989 nunc
3674 3949 3807 3987 vero
3841 3929 4090 3985 inflatio-

2451 4048 2522 4087 ne
2554 4031 2854 4086 recedente
2883 4044 3094 4083 vacuas
3132 4024 3503 4082 remansisse.
3536 4022 3636 4075 His
3694 4020 3774 4074 ita
3821 4016 4088 4089 peractis,

2450 4120 2683 4193 propria
2713 4116 2974 4189 gaudens
3006 4113 3320 4186 repedavit.

2709 4209 2835 4258 CAP.
2872 4204 2993 4257 X11.
3024 4232 3094 4243 —-
3122 4205 3255 4256 Item
3280 4200 3344 4254 de
3372 4199 3484 4253 alio
3512 4195 3830 4268 hydropico.

2518 4292 2878 4365 Jampridem
2909 4290 3085 4346 etiam
3106 4289 3345 4360 quidam
3378 4302 3554 4343 senex
3572 4282 3851 4354 vulgaris,
3868 4281 4088 4336 ibidem

2452 4401 2485 4439 a
2515 4381 2691 4438 simili
2723 4379 3003 4435 liberatus
3034 4380 3220 4432 fuerat
3249 4378 3471 4431 morbo.

2608 4474 2741 4525 CAP.
2773 4468 2916 4524 XIII.
2950 4499 3017 4508 —
3041 4468 3111 4522 De
3140 4465 3379 4537 quadam
3410 4469 3686 4518 contracta
3711 4463 3930 4515 sanata.

2525 4561 2586 4615 In
2650 4563 2906 4615 extremo
2963 4554 3216 4612 confinio
3275 4548 3790 4625 Augustodunensi
3859 4545 4094 4602 Molinis

772 4651 832 4705 In
863 4651 1049 4722 burgo
1088 4646 1510 4715 Silviniacensi,
1561 4662 1674 4717 quo
1722 4649 1959 4700 sanctus
2007 4644 2343 4715 requiescit,
2379 4666 2420 4730 ῃ
2454 4647 2729 4718 (Montius)
2763 4652 2851 4701 est
2870 4648 3126 4701 castrum
3150 4658 3325 4713 super
3342 4639 3527 4695 Aleris
3561 4637 3819 4730 (I'Allier)
3851 4635 4096 4730 fluvium

702 4743 825 4793 erat
849 4739 1091 4811 quidam
1116 4741 1419 4805 mercator,
1456 4736 1691 4790 nomine
1713 4731 2055 4798 ltainaldus,
2084 4731 2180 4804 qui
2214 4749 2343 4798 pro-

702 4831 830 4897 pter
860 4828 1207 4883 diuturnum
1232 4830 1289 4881 et
1316 4823 1731 4897 gravissimum
1755 4822 2094 4893 languorem
2117 4822 2349 4892 penitus

705 4917 1049 4971 memoriam
1079 4919 1135 4971 et
1164 4930 1406 4971 sensum
1463 4912 1758 4968 amiserat.
1818 4911 1982 4965 Hunc
2036 4911 2240 4965 fratres
2295 4916 2352 4966 et

706 5009 972 5074 parentes
996 5004 1067 5058 ad
1101 5003 1435 5074 sepulcrum
1468 5000 1612 5055 tanti
1642 4998 1827 5054 Patris
1854 5004 2145 5069 coeperunt
2177 4999 2282 5053 ded
2295 5017 2351 5053 u-

706 5109 866 5162 cere;
903 5095 1003 5149 sed
1039 5098 1101 5147 ut
1131 5092 1297 5165 signo
1342 5095 1553 5145 sanctze
1607 5088 1795 5143 crucis
1843 5104 1906 5142 se
1957 5088 2229 5155 muniret,
2262 5086 2350 5143 vel

711 5188 909 5252 pectus
939 5181 1230 5248 tunderet,
1265 5195 1378 5235 non
1404 5181 1716 5251 potuerunt
1745 5176 2009 5231 suadere.
2038 5174 2351 5230 Venientes

710 5268 905 5342 itaque
931 5271 1003 5327 ad
1036 5270 1221 5325 sancti
1252 5268 1439 5323 Patris
1470 5265 1834 5332 memoriam,
1867 5264 2157 5335 quoddam
2192 5263 2351 5318 obla-

711 5356 884 5415 tionis
908 5375 1127 5415 munus
1148 5374 1251 5431 pro
1273 5356 1507 5412 infirmo
1530 5369 1705 5425 super
1725 5350 2057 5423 sepulcrum
2082 5351 2351 5416 offerunt,

711 5451 767 5501 et
794 5464 1036 5505 censum
1068 5445 1510 5503 denominatum
1541 5440 1814 5499 omnibus
1847 5439 2018 5495 annis
2063 5438 2189 5493 vitae
2234 5455 2353 5493 sua:

713 5536 1035 5606 persolvere
1067 5552 1129 5592 se
1160 5534 1527 5608 promittunt.
1562 5530 1680 5586 Hoc
1718 5529 1913 5599 itaque
1958 5531 2147 5598 pacto,
2179 5542 2353 5596 quem

712 5624 1073 5682 adduxerant
1102 5626 1396 5679 amentem
1423 5624 1479 5675 et
1507 5620 1780 5675 insanum
1804 5616 1929 5687 jam
1962 5613 2244 5671 memoria
2265 5632 2357 5671 va-

710 5709 924 5774 lentem
956 5719 1013 5772 et
1044 5730 1113 5771 ex
1141 5712 1369 5783 integro
1401 5723 1608 5764 sanum
1643 5705 1714 5762 ad
1755 5704 1995 5759 domum
2047 5703 2352 5765 reducunt.

1029 5841 1295 5903 PATBOL.
1341 5831 1567 5896 CXLII.

2455 4738 2656 4792 situm.
2691 4735 2771 4791 lbi
2805 4734 3069 4805 qumdam
3094 4728 3409 4802 juvencula
3438 4727 3675 4799 jacebat
3723 4724 3833 4781 sub
3884 4722 4096 4778 solario

2458 4825 2869 4897 Ermengardis
2902 4820 3277 4877 nobilissima:
3308 4823 3604 4873 matronae.
3642 4816 3767 4870 Haec
3797 4830 3866 4870 ex
3895 4811 4099 4867 multis

2459 4914 2630 4971 annis
2656 4914 3054 4968 membrorum
3092 4925 3265 4964 usum
3290 4907 3370 4963 ita
3397 4905 3727 4978 perdiderat
3748 4907 3931 4957 utnec
3951 4901 4103 4955 ince-

2460 5003 2613 5069 dere,
2648 5001 2757 5056 nisi
2800 5004 3148 5071 portaretur,
3183 4996 3411 5068 uspiam
3435 4995 3667 5052 valeret.
3692 4989 4102 5063 Haecigiturin

2459 5091 2684 5147 somnis
2715 5090 2936 5143 monita
2967 5092 3032 5142 ut
3061 5087 3129 5141 ad
3165 5084 3527 5153 memoriam,
3542 5081 3728 5141 sancti
3759 5079 3944 5136 Patris
3974 5095 4105 5151 per-

2460 5184 2639 5253 geret,
2655 5196 2688 5231 a
2710 5177 2920 5232 vicario
2944 5175 3207 5247 ejusdem
3230 5178 3509 5229 matronae
3531 5171 3730 5226 nimiis
3751 5167 4105 5225 clamoribus

2464 5273 2521 5323 et
2552 5265 2903 5337 importunis
2964 5263 3249 5335 praecibus
3307 5261 3546 5317 extorsit
3601 5264 3667 5315 ut
3725 5276 3786 5315 se
3839 5254 4106 5313 vehiculo

2463 5356 2792 5427 imponeret
2815 5357 2873 5409 et
2900 5352 3277 5407 Silviniacum
3304 5350 3513 5406 deduci
3542 5346 3899 5405 faceret.Nee
3922 5359 4103 5408 mora,

2465 5445 2604 5499 dum
2638 5442 2738 5497 illo
2770 5441 3049 5515 pervenit,
3081 5445 3139 5496 et
3171 5442 3239 5496 ad
3273 5438 3607 5511 sepulcrum
3646 5436 3833 5492 canoti
3864 5428 4109 5515 accessit

2467 5547 2713 5602 seseque
2744 5514 2801 5584 in
2842 5528 3162 5584 orationem
3220 5527 3399 5596 dedit,
3461 5526 3859 5582 membrorum
3917 5514 4107 5572 ofﬁcia

2466 5620 2958 5693 redintegrantur,
2991 5622 3049 5672 et
3079 5633 3203 5688 qua:
3235 5619 3531 5673 contracta
3573 5614 3810 5668 venerat
3843 5604 4101 5693 erigitur,

2464 5725 2597 5767 cum
2630 5685 2758 5783 ipsa
2788 5708 2902 5765 Deo
2934 5685 3142 5765 laudes
3173 5706 3245 5762 ab
3269 5704 3542 5763 omnibus
3563 5698 3663 5773 qui
3684 5712 3810 5753 eam
3832 5685 4102 5749 noverant

3707 5814 3786 5881 30
