4984 6442
1469 461 1585 520 939

2389 458 2450 516 S.
2500 457 2863 517 0DII.ONIS
2908 455 3466 517 CLUNIACENRIS
3513 458 3839 518 ABBATIS
3885 459 3955 517 ν.

4784 461 4898 518 0ἶο

1468 593 1819 649 rcddmtur.
1853 593 1987 646 Post
2017 592 2133 644 hzec
2167 591 2386 662 regredi
2424 591 2536 644 illic
2569 591 2720 644 unde
2751 595 2978 644 venerat
3012 608 3115 642 crp-
3143 591 3198 656 Α
3221 591 3431 658 jubilo,
3465 593 3532 643 ad
3569 593 3775 646 coitum
3821 609 4006 663 usque
4041 593 4237 664 populi
4287 608 4458 646 voces
4501 594 4734 648 dabant
4788 611 4895 664 pra:

1471 682 1581 755 pit,
1615 681 1714 736 sed
1749 681 1943 736 nescio
1969 698 2084 752 quo
2115 681 2339 735 occulto
2363 679 2602 747 judicio.
2656 685 2969 751 antequam
3020 696 3115 731 ve-

1473 770 1626 826 niret
1651 770 1722 824 ad
1754 775 2012 825 extrema
2041 769 2206 832 villae,
2239 770 2445 823 iterum
2493 769 2847 822 debilitatur.
2903 769 3115 822 Iterum

1475 859 1724 914 aliorum
1757 859 2028 915 manibus
2059 859 2129 914 ad
2182 859 2512 930 sepulcrum
2564 864 2909 929 reportatur,
2945 865 3117 927 a'que

1474 948 1687 1003 iterum
1719 947 1819 1003 Dei
1850 948 2262 1020 omnipotentis
2287 947 2657 1002 miseratione
2689 953 2744 1001 et
2779 947 2958 1018 patris
2983 947 3116 1000 0di-

1475 1035 1626 1093 lonis
1658 1037 2069 1092 intercessione
2097 1036 2357 1108 pristina:
2395 1036 2628 1090 sanitati
2682 1037 2979 1102 redditur;
3016 1035 3113 1089 sed

1475 1142 1845 1198 nequaquam
1878 1124 2122 1180 ulterius
2172 1129 2330 1179 extra
2385 1124 2582 1178 villam
2637 1125 2952 1196 egreditur,
3014 1141 3115 1178 nec

1473 1213 1787 1270 terminum
1819 1232 1936 1269 sua:
1967 1213 2386 1270 debilitationis
2417 1215 2608 1268 denuo
2651 1214 2900 1268 transire
2945 1232 3115 1267 cona-

1470 1307 1585 1358 tur.

1563 1391 1688 1448 CAP.
1721 1392 1868 1448 XIV.
1903 1424 1971 1432 —
2000 1397 2136 1448 Item
2166 1391 2230 1446 de
2260 1393 2372 1446 alia
2403 1393 2581 1446 simili
2609 1392 2763 1444 ηιοιίο
2794 1395 3011 1444 sumtu.

1535 1479 1784 1543 Quidam
1807 1485 2096 1535 mercator
2120 1481 2356 1534 nomine
2380 1479 2699 1534 llainaldus
2725 1479 2935 1532 ibidem
2962 1479 3114 1550 apud

1466 1567 1844 1624 Silviniacum
1877 1570 2144 1642 degebat.
2179 1569 2280 1624 IIic
2335 1570 2585 1623 habebat
2636 1569 2812 1622 tiliam
2865 1568 3114 1622 debilem

1466 1657 1758 1726 cruribus,
1778 1657 2091 1713 invalidam
2117 1663 2172 1713 et
2203 1659 2271 1713 ad
2305 1659 2779 1730 supplementum
2813 1657 3029 1712 doloris
3052 1675 3117 1711 ex

1470 1745 1759 1818 superiori
1792 1750 1952 1818 parte
1985 1747 2266 1817 corporis.
2304 1747 2458 1800 llanc
2491 1746 2683 1815 itaque
2719 1746 2786 1798 ad
2825 1744 3114 1798 tumulum

1472 1833 1659 1890 sancti
1690 1834 1876 1890 Patris
1907 1836 2176 1890 deferunt
2209 1852 2222 1889 :
2258 1839 2314 1889 at
2347 1835 2442 1889 ubi
2478 1833 2666 1887 delata
2716 1840 2823 1900 est,
2877 1851 3008 1887 mox
3058 1851 3117 1887 se

1471 1924 1692 1996 erigere
1725 1928 1782 1980 et
1811 1923 2092 1997 paulatim
2128 1925 2391 1978 incedere
2423 1923 2612 1994 CU.'[)II,
2648 1929 2701 1977 et
2755 1924 2956 1976 tandiu
3011 1923 3114 1976 ibi-

1471 2013 1605 2068 dem
1637 2011 1818 2068 stedit
1846 2014 2027 2068 donec
2058 2031 2124 2068 ex
2153 2013 2376 2082 integro
2409 2015 2677 2066 etl'ectum
2712 2013 2900 2065 standi
2933 2011 3013 2064 vel
3041 2013 3117 2064 in-

1473 2101 1716 2157 cedendi
1751 2102 2090 2174 promeruit.

1470 2213 1601 2265 CAP.
1635 2209 1751 2264 XV.
1805 2242 1872 2248 —
1925 2211 2000 2265 De
2056 2211 2287 2282 quatiam
2343 2210 2678 2281 paupercula
2734 2210 2910 2262 simili
2967 2207 3116 2261 inmte

2191 2287 2403 2336 curata.

1536 2369 1730 2426 Altera
1753 2370 1962 2425 mulier
1983 2370 2337 2442 paupercula
2362 2370 2438 2424 ibi
2465 2375 2599 2424 tunc
2619 2369 3118 2431 :ulerat,similiter

1465 2477 1533 2515 ex
1556 2459 1741 2516 multo
1784 2465 2044 2532 tempore
2084 2467 2204 2516 toto
2237 2477 2474 2531 corpore
2506 2458 2869 2528 debilis,qua‘
2904 2463 2958 2510 et
2992 2458 3117 2528 ipsa

1465 2549 1667 2605 eadem
1694 2549 1788 2604 die
1811 2549 1870 2604 in
1893 2553 2207 2620 conspectu
2241 2548 2636 2602 multitudinis
2667 2547 2921 2616 vigorem
2969 2546 3113 2599 obti-

1467 2637 1850 2709 nuitintegra:
1873 2639 2516 2693 sanitatis.Sanctorum
2539 2637 2693 2690 enim
2722 2636 3113 2707 apostolorum

1469 2725 1621 2782 Petri
1645 2730 1704 2782 et
1725 2725 1889 2781 Pauli
1916 2727 2197 2782 festivitas
2220 2731 2356 2780 tunc
2389 2727 2699 2779 advenerat
2722 2731 2777 2778 et
2801 2725 3112 2778 multorum

1472 2813 1823 2887 populorum
1856 2814 2070 2870 ibidem
2103 2816 2275 2868 turba
2305 2816 2678 2869 confluxerat.
2715 2815 2818 2879 Qui
2860 2814 3116 2866 videntes

1475 2919 1593 2958 uno
1615 2903 1934 2975 eodemque
1956 2907 2214 2974 tempore
2239 2903 2356 2957 hazc
2381 2903 2489 2957 tria
2513 2921 2687 2974 supra
2711 2903 2926 2972 scripta
2951 2903 3117 2956 mira-

1471 2990 1606 3046 cula
1625 2992 1771 3060 fieri,
1799 2991 1995 3064 repleti
2019 2997 2154 3048 sunt
2177 2997 2410 3064 stupore
2440 2992 2780 3047 vehementi.
2809 2991 2892 3045 Fit
2925 2992 3116 3060 itaque

1470 3079 1682 3152 ingens
1704 3080 1918 3154 laetitia,
1943 3078 2129 3136 currit
2147 3099 2246 3154 per
2275 3099 2445 3136 aures
2489 3087 2830 3135 cunctorum
2865 3079 3115 3133 miracu-

1471 3167 1663 3226 lorum
1693 3169 1938 3226 volitans
1967 3172 2144 3226 fama.
2187 3171 2535 3226 Hominibus
2580 3169 2893 3241 promiscui
2946 3185 3118 3222 sexus

1470 3258 1716 3317 ecclesia
1731 3261 2072 3334 completur,
2093 3260 2337 3316 diversis
2359 3266 2413 3315 et
2439 3260 2742 3314 immensis
2765 3257 3119 3312 clamoribus

3228 681 3438 748 gaudio
3472 685 3641 733 tantm
3671 681 3939 734 novitatis
3965 681 4276 752 stupefacti
4303 682 4896 738 llllPﬂt‘UIi’I.Clll"It—"'19

3231 769 3285 821 in
3314 769 3530 822 sanctis
3556 771 3678 823 suis
3702 787 3933 841 semper
3957 771 4244 825 mirabilis
4268 772 4340 825 ab
4372 773 4658 826 omnibua
4682 773 4895 844 pra-di-

3229 863 3413 925 catur,
3448 864 3501 912 et
3533 865 3818 931 quantrm
3864 877 4067 913 servus
4101 861 4208 914 sibi
4246 861 4631 916 ﬁdelissimus
4662 862 4737 915 de
4770 864 4896 932 ejus

3228 948 3413 1016 gratia
3448 947 3647 1017 possit,
3684 949 3856 1000 certis
3905 948 4135 1004 indiciis
4195 950 4646 1022 manifestisque
4704 951 4894 1023 signis

3227 1035 3554 1088 declaratur
3583 1041 3634 1090 et
3669 1043 4010 1091 cunctorum
4046 1055 4142 1091 ore
4175 1037 4520 1093 celebratur.

3226 1129 3353 1178 Cir.
3384 1124 3522 1178 XVI.
3557 1155 3622 1164 ——
3657 1127 3726 1179 Dc
3757 1127 3986 1197 'I’Ntltiﬂ"!
4027 1130 4237 1198 raptim
4281 1145 4312 1183 a
4361 1129 4597 1182 vinculis
4630 1129 4887 1183 liberato.

3299 1213 3544 1278 Quidam
3580 1214 3932 1268 miserabilis
3959 1233 3992 1268 τι
4023 1217 4276 1287 quodam
4326 1236 4593 1288 perverso
4645 1218 4892 1274 homine

3227 1308 3433 1372 captus
3455 1305 3832 1374 compedibus
3856 1311 4132 1372 arctatur,
4151 1311 4206 1359 ct
4230 1311 4292 1360 ut
4322 1305 4667 1376 diligentius
4691 1316 4890 1362 custo-

3228 1392 3450 1444 diretur
3481 1409 3613 1444 arca
3648 1393 3987 1456 recluditur,
4024 1412 4296 1449 saxorum
4339 1413 4580 1451 acervus
4631 1397 4894 1468 desuper

3227 1479 3577 1549 congeritur,
3639 1481 3901 1535 seracula
3962 1485 4290 1550 tirmantur,
4327 1489 4382 1538 et
4429 1483 4510 1538 ita
4560 1485 4746 1539 miser
4791 1504 4895 1557 pr

3229 1568 3465 1639 longum
3503 1575 3733 1640 tempus
3759 1571 4223 1626 teuelur.\'erum
4255 1571 4347 1626 ille
4381 1574 4646 1644 captivus
4679 1574 4740 1627 in
4775 1574 4892 1628 Deo

3229 1675 3389 1726 spem
3427 1658 3702 1716 retinens.
3737 1658 3806 1711 de
3841 1658 3955 1712 illis
4003 1660 4220 1715 abditis
4268 1662 4646 1716 tenebrarum
4681 1661 4888 1725 Deum,

3228 1745 3578 1799 cuiobscura
3594 1754 3730 1800 sunt
3761 1749 4090 1812 manifesta,
4107 1748 4348 1820 supplex
4369 1756 4566 1804 exorat
4585 1755 4643 1804 et
4659 1757 4887 1821 patrem

3228 1835 3528 1888 tidiloncm
3568 1836 4006 1891 intercessorem
4043 1838 4282 1892 advocat
4319 1842 4384 1892 ut
4414 1856 4475 1892 se
4509 1839 4648 1893 inde
4696 1841 4887 1909 ejiciat

3232 1929 3286 1977 ct
3318 1923 3561 1978 liberum
3597 1925 3674 1978 ire
3707 1927 4002 1980 Concedat.
4037 1927 4190 1981 Inter
4221 1927 4340 1981 ha‘c
4371 1928 4548 1982 verba
4573 1945 4697 1982 sua:
4747 1931 4886 2000 peti-

3231 2013 3420 2074 tionis,
3447 2014 4208 2084 sentitetauditquamdam
4232 2033 4544 2086 personam
4579 2017 4656 2070 ad
4692 2034 4884 2072 arcam

3229 2103 3588 2164 accedere,et
3613 2119 3672 2154 se
3698 2103 3827 2155 inde
3853 2108 3914 2156 ut
3936 2110 4097 2157 exeat
4137 2105 4470 2158 inclamare.
4504 2105 4640 2160 Mox
4672 2107 4886 2161 virtute

3227 2189 3422 2243 divina
3453 2208 3723 2244 saxorum
3759 2210 3841 2245 act
3866 2211 3998 2246 rvus
4029 2193 4141 2246 huc
4193 2193 4447 2264 illucque
4497 2195 4880 2266 dispergitur.

3228 2280 3489 2333 scracula
3541 2281 3823 2338 resiliunt.
3881 2283 4190 2352 compedes
4221 2282 4569 2337 solvuntur:
4595 2291 4648 2338 et
4690 2287 4772 2338 ita
4801 2285 4885 2338 in-

3227 2375 3554 2421 carceratus
3592 2367 3736 2422 liber
3766 2373 3816 2421 et
3854 2369 4156 2424 absolutus
4187 2372 4256 2424 de
4291 2372 4549 2426 tenebris
4583 2373 4658 2427 nil
4705 2373 4880 2427 lucem

3230 2457 3502 2528 procedit,
3541 2459 3917 2528 gaudensque
3951 2460 4019 2513 ad
4067 2461 4400 2530 sepulcrum
4455 2462 4650 2515 sancti
4710 2463 4883 2516 Patris

3227 2547 3578 2616 quuutocius
3613 2547 3854 2611 venit,et
3889 2565 4014 2618 qua:
4048 2549 4156 2602 sibi
4192 2550 4562 2620 contigerant
4598 2552 4780 2605 certis
4809 2554 4882 2605 in-

3227 2635 3396 2688 diciis
3430 2636 3702 2688 omnibus
3736 2638 4044 2690 enarravit.

3334 2730 3463 2778 (Iw.
3500 2725 3665 2777 XVII.
3699 2754 3760 2766 —
3803 2729 3881 2780 De
3911 2726 4141 2795 (liuidum
4177 2736 4349 2782 mente
4378 2738 4535 2800 capto
4567 2739 4789 2784 sanato.

3299 2813 3459 2867 Alius
3491 2813 3728 2884 quidam
3756 2816 3937 2868 sancti
3966 2816 4156 2870 Maioli
4184 2817 4743 2890 monachorumque
4771 2837 4887 2891 pro-

3228 2903 3390 2972 prius
3415 2902 3682 2960 ruriCola.
3706 2905 3940 2956 nomine
3969 2905 4542 2972 ltotbcrtus,babens
4572 2926 4820 2963 uxorem
4843 2915 4890 2962 et

3230 2991 3400 3056 lilios,
3437 2991 3490 3043 in
3527 2992 3842 3045 amentiam
3880 2998 4037 3046 totus
4070 3012 4271 3048 versus
4307 2995 4516 3050 fuerat.
4553 2995 4732 3052 Hunc
4769 2998 4890 3051 totis

3227 3080 3446 3133 viribus
3479 3087 3900 3150 repugnantem
3955 3082 4056 3134 lilii
4087 3088 4141 3136 et
4177 3088 4445 3153 parentes
4478 3085 4781 3141 violenter
4831 3087 4890 3139 ad

3229 3170 3570 3222 memoriam
3609 3171 3787 3222 sancti
3818 3170 4000 3224 l’atris
4030 3172 4740 3238 adducunt,oblationem
4779 3192 4894 3246 pm-

3227 3275 3293 3312 co
3325 3261 3595 3324 ollerunt,
3628 3264 3680 3312 et
3715 3276 3842 3312 mox
3879 3265 4068 3314 mente
4099 3265 4152 3313 et
4184 3278 4423 3333 corpore
4453 3263 4766 3319 salvatum
4802 3265 4891 3317 do-

1469 3349 1816 3408 concutitur.
1862 3332 2196 3408 Psallebant
2253 3349 2521 3404 monachi
2581 3367 2714 3404 cum
2772 3347 2998 3402 clericis
3057 3348 3112 3401 in
3146 3332 3187 3397 C
3229 3365 3388 3402 mum
3428 3349 3731 3402 reducunt.

2490 3513 2795 3521 _———-————

1832 3669 2476 3805 SANCTI
2581 3665 3461 3806 ODILONIS
3562 3667 4510 3807 EPISTOL/E

1975 4047 2320 4103 EPISTULA
2362 4047 2603 4103 PRIMA.

1647 4151 1720 4190 AD
1759 4152 2103 4192 FULBERTUM
2152 4154 2547 4192 CARNOTENSEM
2588 4154 2930 4192 EPISCHPUM.

1759 4226 2117 4296 [Bibliotheca
2148 4227 2542 4295 Cluniacensis,
2578 4244 2631 4298 p.
2663 4228 2812 4296 3-59.]

1540 4313 1785 4370 Domino
1815 4320 1872 4370 et
1899 4315 2215 4370 venerabili
2245 4321 2562 4388 sanctoque
2580 4316 2926 4370 charissimo
2951 4315 3110 4370 fratri

1466 4405 1524 4458 et
1551 4404 2018 4476 compresbytero
2051 4403 2348 4459 Fuwsa'ro
2373 4406 2548 4460 frater
2569 4406 2746 4460 0011.0
2777 4404 3025 4459 salutem
3054 4405 3110 4458 in

1462 4491 1728 4548 Domino.
1792 4520 1798 4522 -

1533 4579 1918 4638 Dilectissime
1948 4583 2055 4649 vir,
2088 4581 2228 4653 quid
2261 4583 2372 4636 sibi
2424 4583 2548 4638 vult
2595 4584 2839 4654 quaestio
2890 4581 3113 4653 prolata

1462 4669 1632 4726 nobis
1661 4687 1696 4726 a
1723 4672 1980 4743 quodam
2011 4676 2203 4727 vestro
2226 4671 2380 4726 fideli
2405 4671 2964 4752 clerico,placuit,ut
2990 4671 3111 4742 ipse

3224 4082 3328 4118 nec
3360 4063 3594 4135 quidem
3625 4062 3798 4133 digne
3849 4062 4104 4132 Cogitarc
4157 4062 4341 4128 valeo,
4397 4071 4601 4120 nostro
4663 4069 4895 4124 debetis

3223 4153 3494 4206 aestimari
3511 4151 3776 4219 judicio?
3800 4151 3913 4204 Nos
3935 4151 4220 4222 enim,qui
4251 4154 4595 4223 ignorantiae
4629 4160 4892 4212 tenebris

3221 4241 3428 4312 pressi,
3445 4241 3834 4311 nosmetipsos
3859 4258 3968 4294 non
3997 4258 4234 4312 possum
4247 4243 4726 4317 usdignoseerej
4739 4255 4892 4300 usto-

3223 4347 3350 4383 rum
3371 4331 3547 4382 vitam
3573 4335 3769 4382 nostro
3793 4330 4028 4384 arbitrio
4055 4330 4391 4384 nullomodo
4414 4332 4710 4388 debemus
4736 4337 4888 4389 msti~

3223 4433 3401 4470 mare.
3437 4415 3552 4470 Vos
3585 4417 3777 4469 omnis
3808 4417 3981 4470 homo
4013 4418 4156 4472 adeo
4187 4417 4358 4473 laude
4390 4419 4640 4490 dignum
4679 4426 4890 4477 merito

3213 4505 3458 4574 judicat,
3481 4511 3540 4558 ut
3567 4503 3697 4574 plus
3729 4506 3798 4559 de
3830 4506 3991 4560 vobis
4026 4507 4222 4560 mirari
4251 4506 4426 4561 libeat
4447 4526 4631 4579 quam
4659 4511 4888 4583 aliquid

3220 4594 3410 4648 dicere
3443 4593 4002 4648 liccat.tlbrueretur
4027 4595 4354 4650 intellectus
4380 4603 4594 4651 nostra:
4629 4603 4890 4670 parvita-

3220 4683 3294 4737 tis
3327 4683 3577 4753 pondere
3607 4689 3806 4737 vestra:
3829 4684 4297 4754 qumstionsmisi
4328 4692 4477 4741 esset
4515 4687 4573 4741 in
4605 4701 4886 4762 promptu

1457 4759 1690 4824 fatetur,
1714 4760 2048 4832 paternitati
2071 4766 2294 4826 vestras,
2321 4777 2432 4830 me,
2454 4759 3112 4833 licetindignumJ'ldi-
3140 4798 3187 4861 Ι)
3220 4772 3539 4825 recordatio
3571 4771 3746 4826 divini
3783 4772 4088 4828 sermonis.
4121 4774 4192 4829 Ut
4247 4775 4404 4829 enim
4463 4759 4635 4832 daret
4689 4759 4886 4834 exem-

1459 4864 1584 4904 cem
1615 4848 1740 4905 ﬁeri
1771 4849 1899 4904 vita:
1930 4850 2503 4917 vestrae,mandando
2536 4849 2680 4905 mihi
2716 4855 2777 4904 ut
2809 4849 3106 4904 litteratim

1458 4937 1850 4994 describerem
1883 4937 2048 4995 vobis
2084 4939 2222 5011 quid
2281 4939 2426 4994 mihi
2484 4939 2717 4994 videtur
2767 4940 2837 4994 de
2893 4944 3105 5004 vestra,

1460 5030 1745 5096 quantum
1759 5027 1873 5083 dici
1899 5028 1985 5083 fas
2009 5028 2620 5100 est,irreprehensibili
2647 5027 3104 5084 conversatione.

1463 5112 1574 5168 Sed
1604 5113 1756 5168 oculi
1786 5115 2036 5188 caligine
2067 5117 2335 5173 eiecitatis
2367 5117 2575 5172 obtecti
2610 5135 2724 5172 non
2756 5117 2947 5172 valent
2978 5134 3106 5189 per-

1463 5201 1662 5272 spicue
1713 5201 1924 5259 intueri
1969 5205 2337 5275 splendorem
2393 5207 2742 5262 ﬁrmamenti
2794 5212 2851 5262 et
2899 5206 3104 5278 globos

1461 5286 1763 5344 stellarum
1794 5290 1940 5346 cazli.
1958 5293 2336 5364 Splendorem
2361 5296 2712 5350 firmamenti
2735 5313 2872 5351 voco
2894 5301 2949 5350 et
2972 5293 3106 5350 stel-

1461 5375 1610 5445 lam;
1643 5377 1874 5433 stellam
1903 5380 2077 5435 etiam
2111 5384 2458 5438 matutinam
2491 5389 2544 5439 te
2575 5385 2810 5452 vocabo,
2846 5385 3103 5440 Danielis

1457 5465 1756 5539 propheta:
1787 5483 1932 5522 usus
1960 5469 2292 5526 testimonio
2312 5489 2324 5526 :
2343 5475 2456 5543 Qui
2482 5473 2623 5528 docti
2651 5476 3101 5546 fuerint,inqnit,

1451 5555 1744 5628 fulgedunt
1771 5557 1913 5611 sicut
1938 5557 2191 5628 splendor
2217 5561 2568 5628 ﬁrmamenti.
2603 5565 2678 5616 Et
2708 5566 2804 5634 qui
2830 5564 2900 5618 ad
2922 5567 3100 5635 justi-

1456 5647 1590 5702 tiam
1619 5645 1882 5702 erudiunt
1905 5645 2124 5713 multos,
2155 5648 2297 5703 sicut
2323 5649 2500 5704 stella:
2531 5652 2588 5704 in
2617 5656 2902 5722 perpetuas
2937 5662 3100 5709 {cter-

1451 5735 1670 5818 pitates.
1705 5736 1819 5794 Vos
1851 5735 2032 5806 enim,
2065 5734 2164 5810 qui
2196 5735 2330 5793 talis
2362 5751 2428 5791 ac
2459 5741 2692 5793 tanctus
2733 5741 2892 5815 estis,
2925 5759 3096 5818 quem

3219 4858 3380 4930 plum
3419 4859 3686 4914 tidelibus
3720 4867 3922 4916 auctor
3946 4864 4072 4916 vita:
4105 4869 4156 4916 et
4191 4862 4491 4926 salutis,ut
4515 4865 4643 4936 ipse
4671 4869 4887 4923 melius

3218 4948 3606 5018 scitis,utpote
3636 4949 3724 5003 vir
3755 4949 3951 5004 omnia
3981 4952 4368 5023 evangelicus,
4392 4954 4639 5010 veniens
4677 4956 4736 5010 in
4765 4976 4886 5029 par~

3215 5041 3302 5091 tes
3334 5041 3600 5092 Cresareze
3637 5038 3884 5110 Philippi
3914 5040 4306 5110 interrogabat
4337 5041 4670 5114 discipulos
4701 5063 4881 5100 suos:

3217 5126 3382 5193 Quem
3413 5127 3602 5181 dicunt
3629 5127 3872 5182 homines
3901 5146 4014 5184 esse
4056 5131 4236 5199 ﬁlium
4284 5131 4578 5185 hominis?
4627 5133 4698 5188 Et
4755 5148 4882 5206 post

3216 5234 3399 5287 pauca
3432 5233 3443 5269 :
3485 5218 3578 5271 l'ns
3608 5227 3787 5272 autem
3819 5237 3975 5289 quem
4010 5236 4094 5273 me
4140 5237 4250 5275 esse
4306 5220 4492 5276 dicitis
4515 5224 4541 5274 .'
4599 5221 4734 5278 Non
4803 5226 4881 5278 id-

3212 5303 3366 5358 circo
3397 5303 3736 5377 interrogat,
3766 5324 3937 5377 quem
3975 5325 4144 5363 nemo
4179 5308 4334 5363 novit
4382 5315 4440 5363 et
4493 5327 4678 5380 quem
4731 5312 4880 5366 nihil

3212 5392 3371 5459 latet,
3406 5393 3582 5448 veluti
3617 5397 3713 5466 qui
3750 5397 3987 5464 nesciat,
4021 5398 4121 5452 sed
4173 5401 4238 5452 ut
4291 5397 4551 5469 pra-latis
4605 5399 4880 5456 Ecclesia:

3211 5482 3542 5554 exemplum
3593 5484 3664 5538 de
3722 5502 3783 5538 se
3842 5485 4238 5554 interrogandi
4291 5488 4566 5557 praabeat.
4625 5487 4700 5544 Et
4753 5492 4882 5544 ideo

3211 5572 3620 5642 unusquisque
3652 5574 3997 5645 prmpositus
4029 5575 4294 5629 Ecclesia:
4327 5592 4360 5628 ει
4395 5575 4658 5631 sudditis
4705 5579 4878 5633 debet

3207 5660 3510 5730 exquirere
3539 5663 3710 5732 cujus
3743 5664 3928 5729 famae,
3962 5666 4202 5734 cujusve
4250 5665 4326 5718 sit
4357 5665 4705 5736 opinionis;
4741 5675 4800 5721 et
4834 5667 4878 5723 si

3209 5748 3426 5821 aliquid
3463 5749 3530 5804 de
3563 5767 3622 5808 se
3655 5752 3924 5824 audierit,
3955 5757 4069 5809 Deo
4101 5771 4134 5808 a
4165 5770 4279 5827 quo
4309 5753 4356 5808 si
4390 5753 4532 5827 quid
4569 5754 4714 5811 boni
4769 5763 4874 5813 est.
