4984 6392
691 493 819 553 943

1858 486 1956 547 DE
2001 487 2180 548 Vl'l‘A
2227 487 2293 546 Β.
2342 487 2612 548 MAIOLI
2659 488 3003 549 ABBATIS.

3999 489 4120 547 9'16

693 622 1066 700 spiritaliter
1099 620 1426 678 intellectus
1459 621 1531 678 ad
1562 619 1750 678 lucem
1785 621 2136 695 procederet,
2183 621 2362 678 Evan-
2395 625 2446 693 Α
2479 621 2759 678 obtinere.
2795 622 3074 677 Processu
3103 637 3237 677 vero
3261 620 4028 694 temporis,posttransitum
4043 621 4120 676 vi‘

692 715 879 790 gelici
917 729 1160 787 quoque
1189 711 1436 768 luminis
1465 711 1672 786 gloria,
1701 711 1887 768 virtus
1909 729 1974 767 ac
1995 711 2272 782 majestas
2295 714 2374 766 to-

697 807 825 864 tius
859 803 1080 860 mundi
1112 801 1502 860 densissimas
1523 802 1804 875 etl‘ugaret
1828 803 2115 858 tenebras.
2149 803 2255 856 Per
2276 801 2374 856 ho-

694 913 840 952 rum
901 893 1128 951 etenim
1161 893 1622 950 sincerissimam
1673 891 2024 948 industriam
2071 889 2370 964 apostolici

697 991 878 1042 actus
913 986 1296 1056 exponuntur
1325 985 1380 1038 et
1411 982 1896 1037 commendantur
1926 981 2214 1036 fidelibus.
2272 981 2374 1034 Per

697 1076 927 1130 horum
946 1070 1396 1128 devotissimum
1417 1071 1700 1139 studium,
1721 1071 2020 1126 beatorum
2048 1075 2369 1142 martyrum

695 1162 1064 1234 triumphus
1095 1160 1362 1216 Ecclesia
1395 1163 1606 1215 sancta:
1629 1160 2075 1215 commendatur
2108 1163 2163 1214 et
2203 1158 2370 1213 meri-

697 1259 858 1309 tum.
898 1252 1160 1307 Istorum
1194 1265 1449 1321 namque
1481 1249 1612 1316 fide,
1634 1247 1918 1320 sapientia
1942 1254 1998 1303 et
2020 1247 2370 1320 praedicatio-

698 1341 794 1396 nis
830 1338 1129 1394 instantia
1161 1336 1595 1393 susurrantium
1623 1341 1679 1392 et
1721 1336 2135 1392 oblatrantium
2168 1339 2370 1391 contra

701 1431 887 1485 fidem
919 1425 1279 1482 catholicam
1312 1442 1580 1481 murmur
1605 1425 1994 1498 compescitur
2009 1430 2065 1481 et
2095 1425 2370 1498 opprimi-

697 1522 820 1584 tur,
854 1515 1384 1574 schismaticorum
1434 1514 1712 1586 strepitus
1761 1515 2000 1570 sedatur
2041 1519 2097 1570 et
2127 1531 2190 1569 os
2220 1531 2370 1570 vana

701 1605 1087 1679 loquentium
1104 1603 1740 1672 obstruitur,idolorum
1757 1608 2012 1676 potestas
2025 1603 2365 1669 destruitur,

701 1695 1032 1769 gentilium
1067 1693 1380 1750 crudelitas
1404 1697 1731 1766 superatur,
1766 1693 2244 1765 philosophorum
2279 1691 2368 1746 in-

703 1783 880 1840 sania
914 1783 1339 1848 contemnitur,
1375 1781 1720 1854 conspuitur
1747 1785 1803 1836 et
1833 1781 2198 1846 annullatur;
2242 1797 2364 1834 om-

702 1874 876 1928 nium
938 1872 1351 1927 hareticorum
1411 1871 1655 1937 falsitas,
1709 1869 1972 1942 perfidia,
2025 1867 2362 1934 infidelitas,

2481 711 2688 767 delicet
2715 712 3036 784 supradicti
3073 711 3321 782 piissimi
3353 709 3554 783 patris,
3578 727 3680 781 per
3698 711 3934 766 beatum
3957 712 4118 766 Mau-

2480 817 2610 856 rum
2625 802 2754 872 ejus
2769 799 3325 873 discipulumomnis
3338 816 3482 872 pene
3495 798 3680 854 Gallia
3692 798 3800 870 (3’7)
3813 801 3940 871 ejus
3952 798 4121 856 insti-

2479 890 2725 946 tutionis
2755 895 2811 946 et
2836 889 3130 963 religionis
3163 890 3423 961 suscepit
3443 887 3764 944 exordium.
3790 887 4122 960 Deindeper

2481 997 2614 1036 eum
2647 985 2704 1036 et
2735 997 2833 1036 eos
2863 980 3152 1052 quosipse
3185 978 3564 1051 adjustitiam
3583 977 3851 1045 erudivit,
3877 978 4120 1050 perplu-

2481 1071 2630 1124 rima
2660 1073 2987 1141 temporum
3021 1069 3228 1140 spatia,
3260 1069 3460 1124 eadem
3495 1066 3695 1140 religio
3710 1069 3780 1123 ad
3813 1067 4120 1124 cumulum

2480 1159 2846 1231 perfectionis
2878 1158 3140 1226 excrevit,
3175 1157 3257 1213 eis
3287 1157 3358 1212 ab
3389 1157 3495 1212 hac
3532 1157 3650 1212 vita
3679 1156 4118 1230 decedentibus,

2469 1248 2704 1318 justitia
2735 1253 3076 1315 rarescente,
3112 1247 3370 1320 nequitia
3397 1248 3814 1315 crebrescente,
3847 1251 3905 1304 et
3934 1252 4120 1306 matre

2478 1335 2740 1392 omnium
2774 1337 3057 1393 bonarum
3081 1337 3362 1393 virtutum
3409 1337 3718 1410 disciplina
3764 1341 4113 1411 tepescente,

2428 1496 2444 1502 _
2477 1431 2774 1499 cceperunt
2804 1426 2998 1482 studia
3024 1427 3258 1482 Patrum
3291 1426 3520 1499 piorum
3561 1426 3825 1494 deficere,
3879 1428 3934 1482 et
3963 1425 4117 1482 sicut

2477 1531 2580 1584 per
2609 1515 2908 1588 religiosos
2939 1519 2994 1570 et
3023 1515 3244 1571 fervore
3275 1515 3462 1571 sancti
3490 1515 3740 1588 Spiritus
3769 1515 3970 1587 plenos
3983 1533 4114 1572 san-

2475 1608 2577 1658 cta
2608 1604 2992 1659 institutionis
3024 1621 3228 1660 norma
3257 1606 3540 1677 gradatim
3564 1607 3931 1678 perfectionis
3956 1625 4114 1663 acce—

2477 1692 2560 1764 pit
2591 1698 2992 1765 augmentum,
3040 1693 3118 1748 ita
3150 1711 3252 1766 per
3299 1693 3656 1767 negligentes
3703 1699 3760 1750 et
3789 1695 4112 1752 desidiosos

2475 1779 2757 1852 paulatim
2790 1781 3001 1836 decidit
3031 1781 3088 1836 in
3121 1782 3428 1838 defectum.
3463 1783 3748 1838 Salutaris
3775 1783 3956 1857 igitur
3986 1803 4112 1857 pro-

2477 1869 2649 1941 positi
2681 1869 3006 1941 perniciosa
3033 1871 3274 1925 defectio
3305 1889 3490 1943 usque
3521 1873 3590 1928 ad
3613 1875 3844 1944 tempus
3876 1872 4016 1928 illud
4041 1874 4113 1928 ir-

703 1979 869 2018 error
900 1965 963 2017 et
996 1960 1190 2016 rabies
1223 1959 1396 2015 veluti
1431 1960 1576 2014 fetor
1607 1959 1892 2024 fumosus,
1926 1961 1982 2013 et
2013 1958 2209 2012 fumus
2243 1957 2365 2012 feti-
2395 1997 2442 2062 B
2477 1958 3179 2032 repseratlatitando,quo
3194 1959 3718 2016 faventeWillelmo
3739 1960 4108 2018 Christianis-

703 2051 1024 2117 dissimus,
1062 2053 1126 2105 ut
1153 2065 1456 2120 nunquam
1479 2052 1536 2104 et
1556 2065 1848 2119 nusquam
1863 2047 2046 2120 possit
2062 2062 2358 2118 apparere,

703 2140 1083 2202 exsufﬂatur,
1115 2142 1172 2192 et
1199 2137 1260 2192 in
1295 2135 1542 2192 nihilum
1597 2135 1905 2192 resolvitur
1935 2139 1992 2191 et
2033 2133 2358 2190 exhalatur.

703 2229 1035 2300 Postquam
1069 2225 1215 2282 tales
1241 2231 1297 2280 et
1325 2229 1518 2280 tantos
1549 2225 1723 2296 viros,
1758 2228 1956 2296 utpote
2005 2223 2157 2278 cives
2178 2208 2358 2290 °suos,

703 2322 760 2373 et
799 2316 981 2389 Regis
1011 2314 1105 2370 sui
1151 2314 1502 2369 domesticos
1553 2313 1684 2368 aula
1735 2312 1985 2368 caelestis
2032 2311 2361 2367 latabunda

704 2405 990 2477 suscepit,
1027 2421 1097 2460 ex
1122 2402 1250 2476 ipsa
1277 2419 1556 2474 suprema
1584 2402 1918 2474 calestique
1941 2400 2256 2473 republica,
2279 2401 2361 2455 di-

701 2495 839 2550 vina
869 2509 1129 2549 censura
1158 2496 1364 2564 quarto
1396 2490 1519 2546 loco
1567 2490 1768 2547 ordine
1800 2507 2054 2562 congruo
2105 2488 2358 2561 parvulis

705 2581 980 2639 Ecclesia
1031 2580 1334 2636 consulere
1388 2579 1587 2648 voluit,
1641 2579 1722 2636 ita
1753 2583 1818 2634 ut
1865 2578 2135 2652 gratiam,
2181 2595 2356 2650 quam

706 2676 988 2744 prastare
1011 2669 1368 2742 dignabatur
1393 2685 1493 2741 per
1509 2668 1792 2724 sublimes
1809 2673 1863 2724 et
1881 2669 2075 2733 fortes,
2101 2673 2356 2739 postmo-

707 2761 849 2816 dum
884 2763 1196 2832 prastaret
1216 2775 1318 2830 per
1341 2758 1595 2814 humiles
1617 2762 1673 2813 et
1697 2758 2032 2813 innocentes
2055 2763 2111 2812 et
2131 2755 2355 2828 simpli-

707 2865 821 2904 ces.
854 2849 1085 2904 Deinde
1114 2847 1286 2918 erepit
1317 2847 1676 2902 monasticus
1691 2847 1830 2901 ordo
1848 2845 2154 2918 pullulare,
2175 2849 2250 2912 et,
2271 2848 2353 2911 ut,

705 2937 900 2992 verius
935 2936 1230 3001 dicamus,
1260 2935 1632 3002 reviviscere;
1665 2951 1836 3006 quem
1871 2951 1901 2989 a
1935 2936 2101 2989 beato
2123 2933 2282 2988 Helia
2301 2937 2355 2986 et

704 3023 930 3080 Joanne
964 3023 1232 3094 Baptista
1281 3023 1550 3079 novimus
1606 3022 1976 3094 processisse,
2025 3026 2081 3078 et
2126 3022 2206 3077 ita
2255 3038 2358 3093 per

707 3113 1096 3186 apostolicam
1124 3116 1180 3167 et
1206 3112 1698 3168 conversationem
1743 3117 1799 3166 et
1828 3111 2030 3178 vitam,
2079 3116 2134 3166 et
2165 3111 2356 3165 incre-

707 3202 1292 3268 mentavirtutum,et
1313 3201 1582 3256 exercitia
1603 3205 1937 3256 sanctorum
1961 3198 2354 3272 spiritualium

707 3289 947 3346 Patrum
981 3290 1056 3345 ad
1092 3307 1196 3345 nos
1225 3306 1412 3360 usque
1428 3291 1753 3362 gaudemus
1776 3289 2123 3361 pervenisse.
2149 3290 2254 3344 Per
2276 3289 2357 3361 ip-

2476 2049 2624 2102 sinio
2655 2048 3078 2120 Aquitanorum
3101 2047 3379 2122 principe,
3399 2049 3580 2105 beata
3595 2050 3884 2106 memoria
3906 2051 4106 2119 abbas,

2470 2141 2655 2192 Berno
2688 2138 2942 2205 nomine,
2970 2139 3024 2192 in
3061 2139 3320 2210 prrtibus
3353 2139 3722 2213 Burgundia,
3745 2140 3960 2213 cespite
3988 2141 4106 2196 Ma-

2471 2226 2728 2293 tisccnsi,
2763 2244 2910 2298 pago
2941 2229 3038 2298 qui
3061 2232 3300 2284 vocatur
3327 2228 3655 2296 Cluniacus,
3687 2229 4105 2286 monasterium

2469 2315 2643 2386 coepit
2673 2319 3006 2370 construere
3031 2319 3106 2384 et,
3140 2316 3198 2372 in
3215 2322 3498 2390 quantum
3517 2318 3725 2390 potuit,
3750 2318 3809 2374 in
3839 2321 4104 2376 eamdem

2468 2404 2897 2459 constructione
2928 2403 3220 2460 elaborare
3273 2405 3500 2462 studuit
3529 2411 3587 2462 et
3623 2407 3729 2479 pia
3783 2408 4106 2466 devotionis

2467 2493 2627 2547 a‘l‘ecl
2641 2509 2735 2547 um
2759 2493 3046 2548 laborioso
3059 2494 3372 2550 certamine
3387 2495 3456 2550 ad
3471 2493 3823 2552 laudabilem
3836 2498 4108 2570 perduxit

2467 2581 2760 2636 effectum.
2793 2582 2982 2652 Ilujus
3031 2581 3187 2637 enim
3227 2583 3434 2638 merito
3478 2588 3534 2638 et
3563 2583 3846 2656 exemplo,
3907 2585 4104 2658 plures

2465 2669 2848 2742 tranquillum
2882 2675 3111 2742 portum
3137 2671 3474 2726 monasterii
3497 2672 3858 2744 requirentes
3879 2691 4108 2730 conver-

2465 2762 2670 2814 tuntur
2699 2759 2769 2814 de
2801 2757 3030 2814 saeculo.
3065 2759 3144 2814 Ex
3177 2759 3395 2832 quibus
3425 2761 3698 2816 omnibus
3729 2779 3912 2817 unum
3948 2763 4102 2818 exci-

2464 2847 2675 2919 piendo
2707 2847 3016 2903 recolimus
3037 2851 3093 2903 et
3122 2847 3427 2904 recolendo
3459 2849 3800 2922 excipimus,
3835 2867 4008 2923 quem
4031 2852 4102 2908 ad

2464 2935 2712 2992 Salutem
2746 2935 3062 2991 multorum
3096 2935 3431 3008 provenisse
3461 2938 3876 3010 comperimus.

2533 3024 2662 3080 Fuit
2689 3025 2776 3080 vir
2807 3023 2920 3092 ille,
2953 3023 3073 3079 Odo
3097 3025 3351 3093 nomine,
3378 3026 3466 3080 vir
3480 3043 3584 3098 per
3606 3032 3815 3085 cuncta
3845 3028 4104 3086 laudabi-

2463 3112 2555 3180 lis,
2591 3111 2912 3168 beatissimi
2944 3113 3176 3168 Martini
3205 3113 3467 3171 Ecclesia
3497 3117 3851 3174 Turonensis
3874 3120 4103 3192 pontiﬁ-

2463 3202 2548 3256 cis
2564 3201 2749 3257 ﬁdelis
2771 3201 3198 3268 devotissimus,
3219 3206 3273 3257 et
3290 3203 3551 3274 ejusdem
3565 3204 3830 3262 Ecclesia
3855 3207 4100 3264 clericus

2466 3295 2519 3346 et
2545 3291 2877 3346 canonicus.
2912 3289 3014 3345 Hic
3027 3291 3628 3350 etenimvirhonestus
3659 3294 4099 3363 ethumilis,ad-

708 3395 803 3433 sos
835 3378 1058 3434 etenim
1089 3382 1146 3433 et
1175 3379 1245 3433 ab
1277 3361 1883 3450 ipsisiperfectissime
1929 3377 2243 3449 arlimpleta
2273 3383 2362 3433 est
2392 3361 2433 3428 C
2473 3378 2784 3434 modumin
2808 3378 3472 3450 regulaiiexcrcitatione
3499 3382 3758 3451 edoctus,
3787 3361 4101 3458 postquam

711 3465 988 3536 perfectio
1021 3465 1182 3521 illius
1214 3465 1390 3522 unius
1421 3484 1487 3521 ac
1535 3465 1803 3538 specialis
1852 3465 2187 3536 evangelici,
2241 3467 2356 3520 imo

712 3554 1002 3610 Dominici
1041 3555 1340 3628 pracepti:
1375 3556 1528 3627 quod
1556 3557 1754 3610 deerat
1785 3555 1865 3611 illi
1915 3555 2254 3619 adolesenti,
2289 3555 2360 3610 de

712 3643 1085 3713 possessione
1116 3643 1239 3698 vita
1269 3647 1495 3698 aeternae
1522 3644 1675 3716 apud
1711 3644 2067 3700 Salvatorem
2119 3644 2358 3715 conqui-

715 3730 884 3798 renti,
920 3731 1310 3803 respondente
1341 3731 1450 3786 sibi
1492 3732 1694 3788 eodem
1745 3732 1988 3788 Domino
2038 3731 2266 3788 Christo
2296 3748 2361 3786 ac

715 3817 977 3875 dicente:
1008 3820 1074 3875 Si
1125 3822 1206 3875 ris
1232 3822 1501 3892 perfectus
1531 3837 1658 3888 esse,
1720 3821 1852 3876 vade
1877 3831 1926 3876 et
1955 3821 2120 3877 vende
2174 3823 2363 3876 omnia

717 3921 836 3976 qua:
863 3909 1054 3975 habes,
1079 3917 1130 3964 et
1157 3909 1228 3963 da
1250 3909 1605 3980 pauperibus,
1637 3913 1687 3965 et
1720 3909 1944 3966 habebis
1973 3911 2287 3965 thesaurum
2304 3912 2362 3965 in

717 3995 863 4062 cwlo,
896 4005 948 4051 et
976 3999 1104 4052 veni
1130 4013 1347 4070 sequere
1375 4015 1461 4051 me
1491 3999 1706 4069 (Matth.
1740 3998 1878 4067 xxx).

789 4083 947 4140 lnter
973 4085 1156 4156 hujus
1184 4102 1316 4140 vero
1341 4085 1622 4142 salutiferi
1651 4087 1914 4158 pracepti
1942 4086 2362 4142 intentissimos

721 4171 1016 4229 auditores
1048 4179 1105 4230 et
1134 4175 1576 4231 strenuissimos
1589 4180 1973 4240 exsecutores,
1989 4174 2364 4232 beatissimus

724 4265 904 4330 pater,
929 4262 1140 4318 merito
1164 4263 1508 4319 Benedictus
1531 4268 1587 4318 et
1609 4263 1863 4330 nomine,
1881 4263 2047 4334 quasi
2071 4264 2362 4334 quoddam

723 4347 888 4404 sidus
917 4351 1152 4406 cmleste
1183 4350 1496 4423 praclarus
1517 4351 1742 4407 enituit.
1769 4351 2089 4418 Quitantus
2119 4369 2183 4407 ac
2209 4351 2364 4418 talis,

725 4435 860 4501 vita,
892 4440 1160 4495 moribus
1191 4444 1248 4495 et
1278 4439 1576 4496 miraculis
1619 4440 1858 4508 exstitit,
1893 4446 1957 4496 ut
1981 4441 2108 4512 ejus
2147 4445 2362 4508 ortum,

723 4521 901 4580 vitam
933 4531 990 4584 et
1012 4527 1236 4584 obitum
1251 4528 1630 4584 describenda
1644 4529 2052 4586 sanctissimus
2066 4547 2216 4602 papa
2234 4533 2367 4586 Gre-

727 4612 946 4680 gorius,
981 4632 1083 4686 per
1112 4616 1310 4671 omnia
1328 4616 1780 4689 virapostolicus
1805 4623 1859 4672 et
1873 4617 2199 4690 apostolica
2212 4618 2368 4674 sedis

2466 3467 2838 3539 supradictus
2870 3471 3030 3538 pater
3060 3468 3130 3522 ab
3148 3468 3256 3522 hac
3285 3467 3412 3524 luce
3433 3469 3722 3540 discessit,
3750 3473 3821 3528 ad
3845 3472 4102 3545 regimen

2467 3555 2710 3611 abbatia
2770 3555 3086 3610 multorum
3146 3556 3400 3612 fidelium
3459 3558 3736 3616 electione
3801 3561 4102 3618 successit.

2468 3644 2683 3701 Deinde
2713 3643 2963 3716 qualiter
2979 3646 3046 3700 ad
3063 3645 3291 3702 culmen
3309 3645 3583 3704 virtutum
3603 3649 3878 3720 pervenit,
3894 3650 4106 3706 studiis

2470 3735 2598 3806 ejus
2630 3733 3027 3801 narrantibus,
3053 3735 3352 3790 Romanus
3375 3735 3795 3796 orbisedidicit.
3814 3738 3958 3794 Huic
3975 3756 4106 3794 suc-

2471 3823 2648 3878 cessit
2679 3821 2860 3878 felicis
2891 3823 3202 3891 memoria,
3239 3823 3599 3896 Hcymardus
3631 3827 3887 3895 nomine,
3928 3827 4107 3882 beata

2472 3910 2864 3984 simplicitatis
2879 3911 3286 3967 etinnocentia
3303 3913 3478 3968 filius.
3495 3913 3670 3969 Hicin
3683 3915 4104 3986 augmentatio-

2473 4017 2544 4055 ne
2578 3999 2924 4072 pradiorum
2948 4004 3002 4055 et
3033 4001 3417 4071 acquisitione
3447 4000 3782 4072 temporalis
3814 4003 4104 4058 commodi

2473 4088 3050 4144 adeostudiosusfuit
3079 4093 3136 4144 et
3161 4087 3219 4142 in
3251 4089 3650 4144 observatione
3670 4089 3812 4145 satis
3841 4089 4102 4144 devotus.

2473 4177 2576 4231 Hic
2589 4175 3034 4231 etamissionem
3052 4173 3707 4246 tcmporalisluminiset
3729 4175 4012 4248 quidquid
4035 4176 4106 4232 si-

2475 4263 2908 4318 biadversitatis
2929 4261 3186 4317 accidere
3207 4263 3394 4334 potuit
3417 4263 3638 4333 absque
3660 4263 3819 4319 omni
3843 4281 4104 4320 murmu-

2476 4352 2695 4408 ratione
2709 4349 3170 4423 etindignationc
3184 4349 3606 4421 patientissime
3618 4350 3877 4406 tulit.Hic
3890 4352 4107 4408 etenim

2475 4441 2640 4496 virob
2655 4439 2928 4495 meritum
2951 4437 3239 4510 patientia
3263 4438 3547 4511 simplicis
3559 4443 3617 4494 et
3635 4438 3960 4496 innocentis
3979 4439 4108 4496 vita

2475 4534 2633 4586 tanto
2648 4528 2866 4600 talique
2879 4527 3146 4583 aChristo
3158 4527 3374 4582 ditatus
3386 4531 3726 4584 estmunere
3741 4528 3957 4600 ut,ejus
3969 4533 4110 4584 tem-

2478 4635 2634 4692 pore,
2667 4618 2738 4673 ad
2770 4633 3025 4672 amorem
3043 4615 3578 4672 monasticiordinis
3591 4620 3884 4673 auctorem
3899 4621 4108 4674 nostra

727 4699 1060 4791 episcOpus,
1085 4704 1480 4761 testimonium
1515 4705 1566 4760 ei
1588 4707 1887 4778 praeberet,
1915 4707 2016 4778 qui
2046 4707 2198 4762 inter
2217 4707 2369 4779 prin-
2397 4726 2444 4791 D
2479 4705 2685 4763 salutis
2711 4707 2946 4760 beatum
2979 4703 3246 4759 Maiolum
3279 4703 3554 4776 dignatus
3583 4703 3660 4761 sit
3701 4721 4010 4762 accersere.
4045 4705 4109 4761 In

729 4785 774 4838 ci
785 4788 944 4858 pales
975 4792 1256 4863 primates
1278 4793 1542 4849 Ecclesia
1573 4794 1800 4866 insigne
1822 4796 2116 4866 quoddam
2143 4799 2198 4852 et
2213 4793 2368 4868 prin-

721 4872 902 4946 cipale
933 4881 1300 4954 privilegium
1341 4887 1397 4940 et
1426 4884 1553 4938 vita
1603 4887 1660 4938 et
1689 4883 1954 4940 doctrina
2002 4884 2366 4957 dignoscitur

2476 4796 2654 4868 hujus
2685 4812 2816 4850 vero
2848 4792 3237 4848 conversionis
3281 4792 3580 4864 obsequio,
3631 4793 3883 4850 multum
3930 4792 4114 4850 valuit

2472 4881 2815 4940 venerabilis
2845 4881 2950 4938 viri
2981 4880 3357 4936 Hildebranni
3389 4881 3498 4952 (26)
3523 4881 3710 4939 dulcis
3729 4881 4035 4940 collocatio
4056 4883 4116 4940 et

1971 4983 2279 5037 ANDREE
2316 4981 2542 5038 CHESN
2549 4981 2595 5036 ΙΙ
2634 4980 2864 5035 NOTAE.

792 5062 901 5136 (37)
934 5071 1049 5142 Ριξτῄ
1074 5074 1134 5125 Β.
1166 5071 1417 5142 Maurum
1437 5071 1614 5142 omnis
1638 5088 1778 5142 pene
1795 5071 1994 5126 Gallia.
2023 5071 2124 5142 Sic
2155 5076 2358 5142 Petrus

724 5128 1364 5215 yenergbilisﬂepistola
1388 5141 1602 5215 28,1ili.
1638 5128 1681 5197 ξε
1717 5167 1742 5191 ‹‹
1783 5141 2362 5215 Discipulumipsius

728 5198 872 5258 beati
908 5198 1223 5279 Benedicti,
1249 5198 1516 5267 sanctum
1530 5213 1731 5268 Mauru
1743 5230 1818 5278 m,
1836 5214 1902 5267 ad
1924 5198 2030 5268 tias
2043 5198 2222 5266 Gallia
2233 5229 2359 5268 rum

729 5279 1057 5360 partes..pro
1071 5283 1479 5360 construendis
1495 5285 1815 5360 secundum
1829 5284 2017 5354 ipsius
2039 5284 2360 5360 doctrinam

732 5349 1027 5425 gmnobjis,
1058 5356 1128 5425 ab
1157 5353 1286 5425 ipso
1319 5355 1620 5425 directum
1677 5349 1944 5425 legimus.
1982 5379 2002 5406 ι»
2041 5355 2107 5408 Et
2155 5354 2365 5409 Glaber

735 5411 1032 5497 Bodulfus,
1067 5411 1275 5497 lib_.im
1317 5424 1489 5487 IIist.,
1535 5443 1660 5497 cap.
1709 5411 1798 5480 5”:
1851 5449 1878 5474 «
1916 5426 2119 5497 Fertur
2161 5425 2362 5497 eadem

735 5490 1018 5546 institutio
1040 5512 1105 5549 cx
1138 5495 1196 5550 S.
1229 5498 1410 5550 patris
1437 5490 1724 5550 Benedicti
1759 5495 2123 5550 monasteriis
2157 5495 2240 5549 vel
2277 5513 2364 5550 re-

736 5553 865 5620 ευιη
887 5565 1183 5637 csordium
1220 5553 1514 5637 habuisse,
1549 5571 1721 5637 atque
1772 5583 1874 5637 per
1911 5567 2151 5637 beatum
2199 5565 2366 5620 Mau-

737 5631 1102 5707 ru‘mLipsius
1131 5636 1394 5691 videlicet
1447 5631 1822 5707 discipulum,
1854 5636 1921 5688 ad
1978 5642 2260 5702 nostrum,
2307 5637 2365 5692 id

739 5702 839 5762 est,
873 5701 1233 5760 Gallicanum
1265 5701 1618 5762 territorium
1647 5709 1896 5762 delatam
1931 5707 2126 5758 fuisse.
2157 5730 2182 5754 ››
2219 5701 2364 5761 lnle-

738 5780 895 5834 8mm
927 5782 1122 5832 autem
1153 5776 1293 5832 Vitae
1325 5778 1381 5832 ξ’).
1415 5777 1601 5832 Mauri
1628 5779 1932 5836 historiam
1966 5777 2216 5832 Fatistus
2240 5781 2368 5847 ejus

2469 5067 3150 5144 suh__sancto_Be_uedicto
3183 5067 3620 5144 condiscipulus
3649 5075 3705 5126 et
3745 5069 3971 5144 itineris
4011 5088 4114 5144 per

2467 5140 2684 5196 Gallias
2714 5139 3050 5214 individuus
3073 5156 3268 5194 comes
3281 5139 3528 5214 fideliter
3541 5139 4112 5214 composuit,exstat-

2471 5229 2582 5284 qne
2615 5211 2766 5282 apud
2801 5210 3036 5284 Surium
3069 5215 3210 5284 tom.
3245 5215 3287 5284 Ι,
3317 5211 3410 5284 die
3444 5212 3508 5266 15
3531 5210 3818 5270 Januerii.

2543 5285 2653 5354 (38‘)
2688 5283 3036 5354 Venerabilis
3063 5283 3174 5336 viri
3203 5283 3581 5354 Hildcbranni.
3632 5285 3800 5340 Multi
3861 5284 4117 5341 nominis

2472 5351 2651 5427 hujus
2682 5357 2739 5406 et
2770 5352 3038 5427 monachi
3067 5358 3122 5407 et
3151 5351 3388 5427 priores,
3422 5355 3539 5409 sive
3562 5357 3853 5427 prapositi
3883 5356 4114 5427 Clunia-

2473 5423 2664 5480 censis
2697 5423 2963 5478 cccnobii.
2997 5424 3250 5478 Joannes
3273 5425 3426 5480 enim
3447 5423 3631 5480 sancti
3649 5423 3868 5482 Odonis
3891 5425 4114 5481 abbatis

2475 5493 2713 5566 Secundi
2734 5493 3093 5566 discipulus,
3114 5501 3182 5566 et
3209 5496 3336 5566 ejus
3368 5496 3494 5550 vita
3519 5497 3786 5566 scriptor,
3804 5512 3985 5566 unum
4003 5513 4116 5550 me-

2477 5569 2658 5619 morat
2678 5564 2780 5637 his
2805 5564 3021 5619 verbis:
3061 5589 3084 5615 ‹‹
3111 5564 3326 5621 Deinde
3351 5583 3474 5637 qum
3498 5564 3750 5620 domnus
3779 5565 4118 5637 Ilildebran-

2476 5653 2607 5696 nus,
2639 5635 2724 5688 vir
2754 5653 2958 5705 nempe
2989 5637 3298 5702 veridicos,
3331 5632 3387 5691 et
3417 5637 3673 5690 Cluniaci
3706 5632 3948 5705 cmnobii
3973 5650 4116 5701 pra-

2479 5707 2727 5776 pusitus,
2789 5705 2844 5759 in
2893 5704 3378 5776 regularibusque
3425 5704 3750 5776 disciplinis
3800 5707 4119 5776 ρηιξοερερι·

2477 5767 2664 5832 incus.
2703 5767 2723 5829 ἡ
2757 5777 2869 5832 Nec
2903 5767 3297 5833 dubitandum.
3323 5780 3464 5848 quin
3488 5767 3590 5829 ille
3624 5773 3768 5842 ipse,
3801 5767 3988 5834 icujus
4022 5767 4122 5820 hic
