3910 6416
289 449 409 516 959

1216 445 1280 509 S.
1317 445 1681 510 ODILONIS
1725 445 2290 509 CLUNIACENSIS
2334 445 2662 508 ABBATIS
2706 443 2778 506 V.

3608 444 3738 507 960

294 585 606 658 patrantur
635 579 938 652 miracula,
969 586 1027 640 et
1059 580 1329 657 plurimis
1377 580 1633 657 plurima
1686 581 1944 656 praestita
1979 581 2026 648 Α
2059 597 2160 654 per
2176 579 2348 654 Alpes
2362 578 2549 638 Julias
2581 595 2768 653 usque
2790 579 2858 636 ad
2878 576 3028 654 juga
3055 575 3460 636 Penninarum
3486 576 3734 652 Alpium

295 677 436 731 sunt
460 677 519 729 et
549 677 904 746 praestantur
935 673 1240 729 beneﬁcia:
1275 690 1526 745 quorum
1560 671 1950 729 numerosita-

296 767 414 818 tem
455 765 513 817 et
551 761 1015 835 magnitudinem
1077 780 1190 818 non
1249 763 1471 818 sufﬁcit
1525 780 1626 835 per
1683 761 1950 818 ordinem

298 850 565 906 omnium
588 855 922 908 nostrorum
954 868 1224 907 enarrare
1251 853 1556 908 memoria.
1579 852 1688 907 Sed
1725 857 1786 906 ut
1817 851 1951 905 bre-

297 937 542 994 vissima
573 943 705 994 utar
733 939 1126 1006 conclusione,
1146 941 1219 996 ad
1251 940 1585 1013 sepulcrum
1618 940 1791 995 istius
1823 956 1953 992 san~

301 1025 547 1082 ctissimi
579 1027 684 1083 viri
717 1030 788 1084 (le
827 1047 944 1101 quo
1002 1028 1302 1101 loquimur
1358 1035 1414 1085 et
1457 1031 1627 1101 cujus
1683 1031 1859 1084 vitam
1895 1033 1953 1082 et

303 1115 512 1172 merita
567 1117 834 1173 charitati
893 1117 1152 1174 fidelium
1213 1121 1626 1175 commendare
1683 1120 1950 1182 nitimur,

301 1206 489 1279 gratia
519 1210 576 1261 et
605 1207 1006 1262 misericordia
1037 1208 1247 1264 Christi
1269 1226 1303 1264 a
1333 1226 1683 1281 quacunque
1713 1210 1954 1266 infirmi-

301 1299 419 1350 tate
449 1295 668 1351 detenti
703 1296 870 1352 multi
916 1297 1103 1352 sanati
1147 1303 1285 1352 sunt
1317 1303 1370 1353 et
1397 1303 1684 1353 sanantur
1710 1298 1950 1354 inﬁrmi.

304 1383 386 1438 lbi
422 1383 721 1458 paralytici
753 1385 1062 1458 eriguntur
1091 1391 1146 1441 et
1185 1386 1400 1453 claudi,
1437 1388 1514 1442 ibi
1554 1387 1952 1444 febricitantes

302 1476 358 1528 et
387 1473 542 1540 caeci,
577 1473 655 1529 ibi
688 1492 720 1529 a
759 1475 1125 1532 «immonibus
1175 1477 1430 1548 possessi
1483 1478 1864 1542 mandantur,
1897 1482 1955 1532 et

302 1561 596 1617 nescimus
646 1565 812 1626 enim
868 1565 1094 1620 teneris
1139 1565 1272 1637 igne
1323 1564 1661 1620 terribiliter
1689 1569 1745 1620 et
1777 1567 1952 1621 mise-

302 1649 564 1706 rabiliter
592 1653 782 1708 adusti
813 1653 1133 1709 liberantur
1155 1655 1292 1722 (56).
1318 1654 1382 1708 Et
1402 1655 1673 1726 quisquis
1693 1653 1767 1708 ibi
1788 1655 1955 1710 devo-

305 1743 403 1794 tus
447 1740 764 1797 adveniens
795 1742 865 1796 de
897 1759 1246 1814 quacunque
1305 1743 1648 1798 necessitate
1707 1742 1956 1798 fideliter

307 1827 592 1884 auxilium
625 1831 859 1903 expetit,
895 1831 1006 1886 voti
1039 1831 1129 1888 sui
1165 1849 1402 1905 compos
1433 1832 1672 1888 etl‘cctus
1703 1833 1852 1888 redit
1880 1831 1950 1886 ad

308 1918 544 1990 propria
571 1936 775 1992 sospes
807 1925 863 1975 et
885 1919 1072 1988 iratus,
1108 1926 1417 1993 prmstante
1459 1921 1703 1977 Domino
1756 1925 1953 1976 nostro

306 2007 446 2062 Jesu
478 2007 841 2080 Christo,qui
877 2009 1015 2063 vivit
1046 2013 1104 2064 et
1136 2014 1338 2082 regnat
1369 2009 1426 2064 in
1459 2009 1681 2065 unitate
1713 2008 1958 2082 spiritus

309 2095 495 2152 sancti
528 2096 684 2152 Deus
714 2113 816 2168 per
845 2097 1044 2152 omnia
1091 2097 1306 2154 smcula
1349 2098 1718 2154 saeculorum.
1750 2100 1954 2154 Amen.

381 2189 520 2241 Cum
562 2185 716 2241 enim
751 2186 888 2241 huic
939 2187 1237 2243 sententia:
1287 2187 1493 2244 vellem
1544 2189 1720 2243 linem
1770 2187 1957 2260 impo-

309 2291 466 2342 nere,
500 2274 558 2330 in
591 2292 707 2347 qua
737 2275 807 2332 de
838 2275 987 2332 beati
1038 2276 1230 2332 Maioli
1273 2279 1392 2332 vita
1420 2282 1476 2332 et
1507 2279 1771 2334 moribus
1804 2277 1958 2332 fideli

307 2363 635 2420 temeritate
665 2369 721 2420 et
751 2364 958 2420 humili
993 2367 1450 2438 prazsumptione
1481 2366 1646 2422 nisus
1691 2384 1823 2422 sum
1853 2365 1959 2422 ali-

309 2451 447 2524 quid
479 2452 690 2519 dicere,
723 2453 878 2510 venit
912 2454 968 2510 in
1004 2471 1288 2511 memoria
1337 2455 1721 2512 memorabile
1775 2455 1960 2528 quod-

311 2541 446 2596 dam
479 2541 854 2614 prresagium,
885 2545 1039 2616 quod
1075 2544 1135 2599 in
1165 2545 1428 2617 genitore
1475 2544 1636 2600 illius
1681 2561 1960 2616 quorum-

309 2630 447 2685 dam
479 2629 740 2686 fidelium
788 2630 1068 2688 relatione
1119 2633 1454 2688 audiveram
1487 2638 1738 2705 gestum.
1773 2633 1960 2700 Quod,

311 2721 379 2772 ut
398 2717 638 2790 quidam
663 2719 940 2785 referunt,
963 2719 1148 2775 isdem
1173 2724 1336 2793 pater
1354 2719 1962 2792 frequentcrjucundo

312 2822 583 2862 sermone
612 2805 820 2862 solitus
851 2811 975 2863 erat
1007 2807 1236 2864 referre.
1271 2809 1381 2865 Sed
1413 2826 1519 2882 ego
1549 2807 1686 2864 huic
1717 2808 1872 2881 Operi
1900 2809 1966 2863 ti-

315 2894 550 2950 mebam
602 2894 880 2965 inserere,
911 2913 982 2952 ne
1035 2895 1206 2952 alicui
1255 2897 1553 2954 videretur
1598 2896 1960 2953 incredibile.

317 2982 632 3056 Postquam
655 2985 976 3042 accidentia
987 2985 1964 3060 quaedamquetemporibusillius

313 3071 541 3128 evenire
556 3073 1040 3147 contigit,quibus
1059 3076 1410 3149 praesagium
1429 3075 1573 3132 illud
1593 3075 1966 3148 apertissima

315 3160 537 3218 ratione
597 3161 843 3230 favebat,
879 3163 1131 3221 recolere
1175 3165 1346 3238 cmpi,
1379 3165 1782 3222 indubitanter
1830 3164 1966 3220 inde

313 3250 532 3323 aliquid
565 3251 756 3308 dicere
795 3253 1080 3326 disposui.
1125 3255 1236 3310 Sed
1271 3253 1519 3311 insolita:
1553 3253 1632 3310 rei
1661 3271 1811 3309 nova
1841 3271 1964 3309 ma-

2063 671 2265 743 rapido
2295 687 2468 726 cursu
2503 670 2781 742 pervenit,
2817 670 3014 742 ibique
3046 668 3366 741 impietatis
3409 687 3532 725 sua:
3567 670 3740 726 frena

2061 759 2458 832 relaxans,per
2482 757 2800 814 multorum
2837 763 3168 830 temporum
3187 759 3380 831 spatia
3401 758 3735 816 Christiani

2062 849 2321 904 nominis
2338 849 2586 920 populos
2599 848 2846 903 diversis
2859 847 3338 904 infestationibus
3353 852 3408 903 et
3426 847 3740 904 calamita-

2061 939 2222 994 tibus
2253 938 2479 1004 afflixit,
2515 937 2661 993 alios
2686 938 3026 1003 occidendo,
3060 937 3207 992 alios
3241 938 3555 1010 capiendo,
3579 937 3737 994 alios

2062 1027 2232 1081 bonis
2256 1028 2380 1082 suis
2399 1026 2676 1081 omnibus
2693 1026 3090 1098 exspoliando,
3107 1025 3429 1099 impietatis
3454 1043 3579 1081 sua:
3597 1032 3742 1083 vota

2061 1115 2256 1172 taliter
2286 1115 2590 1188 tyrannica
2619 1115 3033 1170 exercitatione
3064 1115 3414 1188 complevit;
3451 1115 3612 1171 inter
3632 1134 3742 1171 cm-

2061 1209 2186 1260 tera
2218 1203 2371 1260 mala
2403 1222 2527 1276 quis
2558 1203 2810 1276 populus
2858 1203 2955 1260 ille
3003 1203 3472 1261 nefandissimus
3522 1206 3740 1278 gessit,

2063 1293 2474 1350 beatissimum
2495 1293 2721 1348 Patrem
2745 1293 3044 1360 Maiolum,
3061 1293 3417 1349 aliminibus
3440 1293 3744 1366 apostolo-

2063 1400 2193 1438 rum
2227 1383 2588 1448 redeuntem,
2625 1383 2826 1438 fraude
2859 1388 2914 1438 et
2945 1381 3180 1438 insidiis
3205 1382 3376 1455 repit,
3407 1384 3590 1439 rebus
3613 1401 3744 1438 om-

2063 1472 2240 1527 nibus
2291 1471 2702 1544 exspoliatum,
2730 1471 2981 1527 vinculis
3039 1471 3324 1546 alligavit,
3354 1472 3512 1528 fame
3545 1477 3608 1528 et
3641 1473 3743 1530 siti

2063 1561 2288 1616 at'liixit.
2316 1561 2414 1616 Ille
2436 1578 2568 1617 vero
2599 1561 2878 1616 divinitus
2909 1561 3327 1629 absolutus,ad
3358 1566 3741 1634 postremum

2064 1650 2328 1722 pecuniis
2352 1651 2690 1706 monasterii
2716 1651 2806 1706 sui
2832 1651 3277 1724 redemptus,de
3302 1650 3744 1707 manibusillo-

2064 1757 2191 1794 rum
2209 1741 2456 1795 Domino
2471 1745 2807 1813 protegente
2829 1739 3009 1796 evasit
3032 1739 3338 1802 illa-sus,et
3355 1741 3485 1812 ejus
3509 1741 3744 1812 injusta

2064 1830 2253 1900 captio
2285 1829 2646 1901 expulsionis
2677 1829 2910 1885 illorum
2938 1834 2995 1884 et
3035 1833 3328 1902 perpetuae
3381 1829 3743 1902 perditionis

2065 1919 2171 1974 fuit
2194 1919 2441 1976 occasio.
2466 1918 2629 1975 Sicut
2651 1936 2805 1985 vero,
2833 1923 2965 1990 post
2988 1917 3326 1991 passionem
3358 1918 3600 1987 Christi,
3633 1920 3744 1975 Ju-

2067 2008 2171 2064 daei
2201 2013 2340 2062 sunt
2365 2025 2398 2062 a
2428 2008 2553 2063 suis
2583 2006 2851 2074 exsulati,
2885 2007 2988 2075 ita,
3024 2012 3156 2080 post
3205 2007 3538 2080 captionem
3580 2009 3742 2064 servi

2066 2097 2227 2153 illius
2258 2096 2676 2170 et_fidelissimi
2708 2097 2838 2168 ejus
2873 2095 3076 2152 famuli
3101 2096 3320 2164 Maioli,
3354 2097 3668 2154 Sarraceni
3706 2115 3744 2154 a

2069 2185 2286 2241 ﬁnibus
2317 2185 2781 2242 Christianorum
2810 2190 2950 2242 sunt
2979 2185 3230 2258 expulsi.
3255 2186 3322 2241 Et
3349 2186 3503 2242 sicut
3525 2203 3632 2259 per
3645 2187 3742 2242 Ti-

2067 2279 2194 2331 tum
2226 2280 2283 2329 et
2304 2273 2756 2346 Vespasianum,
2785 2275 3182 2330 Romanorum
3214 2273 3743 2348 principes,Domi-

2070 2382 2184 2420 nus
2207 2381 2238 2419 a
2257 2363 2478 2420 Judaais
2499 2363 2818 2418 vindictam
2843 2364 3122 2431 exercuit,
3137 2363 3222 2419 ita
3243 2381 3346 2436 per
3363 2363 3738 2420 Willelmum

2073 2452 2544 2510 illustrissimum
2575 2452 2762 2507 virum
2791 2453 2904 2524 (57)
2917 2457 2972 2508 et
2989 2451 3561 2510 Christianissimum
3576 2453 3737 2526 prin-

2071 2542 2120 2598 ci
2131 2559 2281 2614 pem,
2307 2541 2532 2596 meritis
2555 2541 2706 2596 beati
2729 2541 2918 2597 Maioli
2935 2542 3150 2614 jugum
3177 2542 3634 2598 Sarracenorum
3661 2542 3738 2598 ab

2072 2631 2336 2686 humeris
2353 2629 2820 2686 Christianorum
2839 2630 3132 2702 deposuit.
3148 2631 3219 2687 Et
3237 2630 3424 2686 multa
3439 2634 3736 2687 terrarum

2073 2720 2285 2792 spatia,
2309 2719 2382 2774 ab
2411 2719 2496 2776 eis
2525 2717 2745 2790 injuste
2776 2737 3072 2792 possessa,
3097 2720 3170 2776 ab
3200 2737 3402 2776 eorum
3425 2721 3738 2793 tyrannica

2073 2807 2471 2864 dominatione
2502 2809 2722 2880 potenti
2753 2809 2967 2864 virtute
2997 2807 3226 2879 eripuit.
3254 2809 3388 2878 Sed,
3409 2807 3505 2865 his
3533 2808 3732 2876 dictis,

2073 2913 2310 2954 necesse
2339 2902 2430 2953 est
2457 2901 2522 2953 ut
2551 2898 2621 2954 ad
2655 2897 2956 2971 proposita
2986 2899 3316 2954 redeamus.

2147 2990 2280 3054 Quae
2311 2991 2450 3043 sunt
2490 3004 2616 3059 qua:
2650 2987 3069 3060 proposuimus
3090 2987 3118 3042 ?
3153 2987 3506 3061 Prazsagium
3537 2988 3736 3060 quod-

2073 3077 2208 3132 dam
2229 3076 2837 3144 memorabile,favens
2854 3075 3141 3132 accidenti
3151 3075 3200 3131 is
3218 3081 3334 3132 tem
3344 3075 3584 3150 poribus
3605 3077 3739 3132 bea-

2074 3166 2117 3221 ti
2133 3164 2326 3221 Maioli
2349 3165 2916 3236 supervenientibus.
2939 3167 3074 3232 Quae
3098 3169 3238 3220 sunt
3259 3163 3361 3221 illa
3381 3164 3738 3222 accidentia?

2074 3258 2528 3310 Sarracenorum
2559 3253 2916 3327 improvisus
2937 3255 3242 3321 adventus,
3261 3253 3736 3310 Christianorum

310 3338 487 3396 teries
518 3339 954 3398 contradicebat
977 3341 1254 3415 incipere,
1277 3343 1430 3415 quod
1465 3343 1538 3397 ob
1567 3343 1962 3414 granditatem
1995 3331 2037 3396 C
2077 3342 2843 3412 afﬂictio,monasteriorum
2859 3347 2914 3399 et
2935 3330 3738 3414 urbium'destructiodpsius

313 3429 404 3484 sui
436 3429 718 3487 timebam
749 3447 843 3485 me
887 3448 1000 3487 non
1053 3448 1224 3503 posse
1253 3433 1548 3503 perficere.
1581 3432 1648 3486 Et
1675 3447 1809 3486 cum
1841 3430 1964 3485 haec

313 3517 655 3590 cogitarem,
695 3519 926 3574 dicebat
955 3519 1084 3591 ipsa
1128 3535 1256 3575 mea
1286 3519 1560 3592 cogitatio
1591 3519 1735 3575 mihi
1770 3537 1783 3575 :
1817 3520 1962 3574 Tam

315 3605 524 3662 idonee
545 3606 757 3677 poterit
776 3607 910 3678 quis
931 3608 1145 3662 referre
1163 3607 1396 3680 ingenio
1419 3607 1670 3679 alicujus
1700 3607 1805 3663 viri
1827 3607 1965 3664 boni

319 3693 584 3750 delusam
609 3694 1081 3751 crudelissimam
1105 3695 1322 3751 rabiem
1341 3695 1753 3769 lupi,sicutille
1770 3695 1968 3752 retulit

320 3783 835 3838 mansuetudinem
863 3788 920 3840 et
949 3784 1339 3840 obedientiam
1366 3784 1571 3852 leonis,
1601 3785 1698 3858 qui
1732 3785 1970 3858 scripsit

318 3871 514 3928 Vitam
537 3877 599 3927 Β.
626 3871 960 3946 Hieronymi
981 3873 1188 3930 divinae
1213 3873 1359 3946 legis
1383 3874 1734 3948 interpretis,
1759 3875 1970 3930 doctis-

321 3960 480 4028 simi,
505 3961 889 4018 eruditissimi
921 3967 976 4017 et
1007 3961 1272 4018 catholici
1305 3963 1460 4018 viri?
1493 3963 1837 4020 Imminente
1870 3963 1971 4019 ita-

322 4067 438 4125 que
469 4055 729 4124 tempore
760 4049 858 4107 illo
888 4069 1003 4125 quo
1022 4052 1094 4108 ab
1115 4051 1406 4125 Hispania:
1438 4053 1657 4110 ﬁnibus
1682 4053 1970 4110 ebulliens

323 4139 734 4197 crudelissima
770 4141 1224 4198 Sarracenorum
1271 4142 1477 4214 ingens
1517 4142 1831 4199 multitudo
1872 4160 1973 4216 per

322 4230 646 4286 iternavale
668 4231 736 4286 ad
761 4231 1045 4287 terminos
1069 4231 1442 4304 usqueltaliae
1464 4237 1638 4306 atque
1659 4232 1970 4292 Provinciae

324 4319 584 4392 pervenit
604 4318 734 4375 etin
760 4323 1006 4392 utroque
1029 4337 1204 4393 regno
1226 4319 1536 4394 utriusque
1557 4321 1779 4377 ordinis
1800 4339 1973 4378 sexus

323 4407 514 4464 a'tatis
542 4407 849 4465 hominum
895 4413 1122 4482 strages
1149 4409 1345 4477 dedit;
1379 4410 1587 4466 deinde
1618 4411 1975 4467 monasteria

325 4494 658 4568 destruens,
685 4497 882 4564 urbes,
915 4496 1073 4554 vicos
1097 4497 1383 4570 villasque
1413 4498 1779 4572 depopulans
1807 4502 1863 4556 et
1893 4499 1976 4554 sic

2074 3430 2225 3486 beati
2260 3429 2455 3486 Maioli
2501 3430 2712 3502 captio,
2748 3432 3094 3504 redemptio,
3129 3435 3186 3487 et
3214 3429 3479 3487 liberatio
3510 3431 3646 3504 (58),
3679 3434 3738 3488 et

2074 3519 2339 3591 ejusdem
2357 3519 2726 3575 ferocissimae
2739 3521 2932 3594 gentis
2951 3539 2985 3576 a
3000 3521 3469 3578 Christianorum
3489 3520 3730 3588 ﬁnibus,

2074 3607 2672 3673 Christo-auxiliante,
2693 3609 2962 3679 dejectio.
2977 3610 3138 3675 Quod
3159 3609 3245 3666 vel
3269 3609 3442 3682 quale
3463 3613 3554 3666 est
3584 3609 3728 3665 illud

2077 3696 2426 3772 prmeagium
2459 3697 2874 3754 memorabile?
2894 3699 3364 3755 Prmcessitenim
3387 3698 3730 3776 crudelissi-

2078 3803 2235 3842 mam
2248 3785 2681 3842 infestationem
2697 3787 3152 3844 Sarracenorum
3168 3788 3359 3844 rabies
3372 3787 3636 3843 inaudita
3649 3786 3733 3842 lu-

2078 3892 2284 3948 porum
2303 3874 2362 3930 in
2381 3873 2498 3930 illis
2516 3875 2770 3932 maxime
2789 3877 3144 3950 partibus,in
3163 3878 3380 3951 quibus
3400 3880 3532 3951 post
3545 3880 3736 3933 trans-

2077 3963 2225 4021 itum
2255 3964 2435 4020 maris
2465 3968 2623 4020 totus
2656 3967 3114 4024 Sarracenorum
3151 3965 3422 4023 efferbuit
3451 3966 3728 4039 impetus.

2079 4053 2347 4110 Diximus
2370 4067 2473 4125 pro
2506 4053 2744 4109 modulo
2777 4053 3030 4127 qualiter
3057 4054 3303 4111 liberata
3333 4058 3424 4110 est
3468 4053 3731 4110 fidelium

2082 4141 2396 4198 multitudo
2409 4143 2906 4199 aSarracenorum
2923 4144 3618 4217 persecutione,dicamus
3632 4161 3734 4216 pro

2082 4247 2252 4305 posse
2280 4248 2396 4304 quo
2421 4231 2624 4287 ordine
2644 4231 2892 4289 liberata
2911 4238 3000 4288 est
3017 4233 3208 4306 patria
3229 4251 3262 4290 a
3283 4232 3558 4306 luporum
3590 4232 3732 4288 infe-

2083 4319 2353 4376 statione.
2388 4321 2516 4377 Fuit
2547 4322 2750 4378 eodem
2784 4326 3046 4395 tempore
3077 4323 3316 4396 quidam
3351 4321 3520 4378 miles
3547 4321 3604 4376 in
3620 4320 3734 4377 illis

2083 4411 2373 4484 partibus,
2389 4413 2626 4468 nomine
2649 4411 2986 4469 Folcberius
3002 4413 3134 4485 (59),
3151 4413 3207 4468 in
3233 4412 3414 4468 armis
3438 4415 3736 4479 strenuus,

2077 4501 2214 4572 jure
2245 4499 2611 4557 hereditario
2641 4501 2983 4574 ceterisque
3017 4503 3189 4560 bonis
3211 4507 3268 4559 et
3285 4502 3507 4559 divitiis
3527 4499 3740 4558 ditissi-

1579 4643 1676 4698 AN
1681 4643 1893 4700 DRE/E
1929 4642 2211 4701 CHESNII
2248 4643 2482 4701 NOTAE.

327 4761 404 4846 tis
425 4774 547 4846 sum
565 4765 992 4846 gravitudinem
1015 4765 1271 4822 invenire
1303 4766 1626 4838 promeruit
1647 4765 1978 4838 aliquantu-
2006 4749 2053 4814 D
2085 4765 2371 4846 occultus,
2389 4767 2485 4846 qui
2509 4768 2900 4846 quodcunque
2931 4771 3332 4846 membrorum
3364 4769 3728 4846 arripuisset,

327 4833 447 4890 lam
477 4833 974 4894 leviaabilitatem.
1011 4859 1039 4887 »

401 4905 514 4980 (56)
544 4905 852 4980 iiVescimus
929 4909 1085 4980 cujus
1156 4909 1371 4978 generis
1444 4910 1572 4979 igne
1655 4911 1980 4966 terribiliter

327 4975 512 5054 adusti
535 4979 868 5054 liberantur:
903 4975 1062 5054 Idem
1087 4975 1260 5054 refert
1285 4975 1516 5054 Glaber,
1549 4980 1650 5036 lib.
1683 4998 1745 5047 Il,
1778 4984 1976 5054 cap._7,

331 5047 503 5116 cujus
529 5050 727 5128 verba.
760 5047 900 5128 quia
945 5048 1140 5128 locum
1189 5051 1347 5108 hunc
1391 5047 1976 5128 aliquomodoeiplié

330 5133 464 5196 care
489 5118 1261 5196 videntur;hic‘eascribere
1291 5140 1407 5196 non
1439 5118 1680 5196 pigebit.
1715 5147 1744 5176 (ι
1777 5118 1979 5196 Ponti-

332 5187 490 5250 fices,
511 5188 719 5258 inquit,
741 5191 800 5265 i_n
833 5191 1034 5246 Galliis
1063 5194 1282 5264 quique
1311 5187 1979 5265 religiosioresaszeculo

333 5260 1291 5338 cacesserunt,i_nter_quos'etiam
1329 5260 1490 5338 bonae
1523 5267 1817 5322 memoriae
1839 5284 1979 5323 san-

333 5332 465 5409 ctus
485 5328 1017 5409 videlicet'Maiolus
1038 5333 1192 5402 apud
1215 5335 1593 5409 Silviniacum
1625 5338 1977 5403 coenobium,

331 5400 460 5480 vitae
491 5400 796 5524 praesentis
829 5400 1141 5457 terminum
1176 5408 1739 5479 consecutus.Cujus
1761 5400 1982 5466 scilicet

333 5475 468 5523 Vltm
532 5475 854 5524 onestatem
881 5473 1169 5524 pretiosus
1190 5475 1359 5524 etiam
1383 5480 1748 5524 commendat
1783 5485 1980 5524 hanc-

333 5471 468 5543 vitm
491 5471 854 5543 honestatem
881 5473 1169 5543 pretiosus
1190 5475 1359 5531 etiam
1383 5471 1752 5536 commendat
1783 5485 1980 5536 trans-

337 5541 507 5596 situs.
525 5541 669 5596 Nam
689 5541 760 5594 ad
779 5541 938 5596 illius
961 5543 1176 5597 famam
1211 5549 1538 5605 sanctitatis
1570 5549 1896 5607 conﬂuxere
1915 5570 1982 5608 ex

339 5612 611 5694 universo
642 5611 902 5694 Rpmanp
932 5611 1204 5694 orbe‘viri
1225 5623 1272 5694 et
1297 5618 1570 5694 mulieres
1601 5627 1985 5694 utrorumque

337 5682 608 5760 ordiprum
645 5681 906 5760 plurimi,
933 5681 1148 5760 exinde.
1162 5688 1482 5760 referentes
1513 5691 1872 5748 diversarum
1893 5681 1984 5750 Iin-

339 5751 682 5808 firmitaturii
743 5754 960 5818 gratias
1023 5751 1312 5812 sanitatis.
1375 5761 1722 5816 Desazviebat
1779 5765 1982 5818 eodem

337 5827 597 5906 tempore
627 5821 824 5881 clades
852 5823 1114 5898 pessima
1134 5821 1194 5878 in
1215 5824 1744 5904 hominibus,ignis
1767 5833 1988 5891 scilicet

2087 4840 2729 4914 exurendo_'truncabat_
2750 4858 2785 4896 a
2807 4840 3074 4914 corpore.
3108 4842 3424 4914 Plerosque
3473 4840 3725 4914 etiamin

2087 4910 2278 4988 spatio
2307 4911 2485 4988 unius
2511 4911 2896 4988 noctisbujus
2913 4913 3067 4988 ignis
3088 4910 3724 4988 consum—psitexustio.

2087 4983 2199 5038 Sed
2229 4998 2364 5038 cum
2396 4982 2454 5038 in
2487 4982 2760 5054 plurimis
2797 4982 3156 5042 sanctorum
3210 4982 3512 5042 memoriis
3559 4983 3728 5054 hujus

2087 5053 2402 5109 tremendae
2433 5053 2616 5126 pestis
2663 5055 2784 5111 sint
2827 5055 3063 5113 inventa
3116 5057 3395 5124 remedia,
3445 5053 3728 5112 maximus

2089 5130 2284 5181 tamen
2343 5142 2666 5182 concursus
2709 5127 2900 5183 factus
2949 5133 3038 5184 est
3085 5129 3155 5184 ad
3188 5129 3366 5184 trium
3401 5131 3728 5183 sanctorum

2087 5197 2492 5253 confessorum
2523 5198 2819 5264 ecclesias,
2837 5199 3074 5254 Martini
3095 5200 3319 5256 scilicet
3343 5201 3727 5264 Turonorum,

2089 5273 2266 5340 atque
2296 5269 2547 5325 Odolrici
2583 5271 3006 5340 Bajoariorum,
3031 5288 3256 5328 necnon
3285 5275 3342 5326 et
3371 5269 3543 5326 istius
3572 5286 3728 5326 vene-

2090 5340 2306 5467 rabilis
2322 5341 2504 5413 patris
2535 5341 3090 5416 Maioli,optatwque
3121 5342 3329 5399 salutis
3350 5341 3585 5398 inventa
3603 5344 3731 5397 sunt

2090 5429 2248 5466 reme
2298 5430 2349 5466 ia
2404 5434 2432 5461 ››

2090 5429 2349 5466 remedia
2404 5434 2432 5461 ››

2160 5484 2274 5550 (57)
2304 5489 2412 5539 Pcr
2447 5483 2785 5540 Wilielmum
2812 5485 3254 5541 illustrissimum
3281 5487 3484 5542 virum.
3504 5481 3729 5540 Arelate:

2092 5555 2211 5609 sive
2241 5554 2560 5628 Provinciae,
2578 5557 2874 5622 comitem,
2909 5558 2979 5612 de
3011 5573 3126 5628 quo
3148 5559 3274 5628 jam
3307 5573 3509 5628 supra.

2163 5628 2278 5700 (b8)
2306 5628 2366 5680 Β.
2403 5626 2590 5700 Maipli
2643 5630 2844 5700 captio,
2904 5626 3221 5700 redemptio,
3259 5633 3314 5684 et
3363 5626 3644 5700 liberatio._
3665 5629 3734 5681 De

2093 5697 2310 5772 quibus
2358 5703 2414 5752 et.
2459 5697 2822 5772 Gla_ber,_;lib.
2857 5716 2875 5754 ι
2906 5700 3053 5772 Hist.
3085 5697 3219 5772 cap.
3251 5702 3301 5755 4.
3336 5704 3395 5756 et
3427 5698 3732 5755 Monachus

2093 5767 2527 5824 Silviniacensis
2559 5769 2618 5823 in
2648 5767 2782 5826 Vita
2811 5770 2998 5828 sancti
3029 5767 3247 5827 Maidli.

2166 5839 2278 5912 (59)
2343 5841 2516 5906 Miles,
2595 5843 2816 5899 nomine
2883 5841 3213 5899 Folcherius.
3290 5841 3461 5898 Pater
3530 5839 3736 5900 scilicet
