4984 6422
1481 425 1596 484 9.83
2403 421 2467 480 S.
2501 420 2866 482 ODILONIS
2908 419 3468 481 CLI‘NIACFNSIS
3515 420 3842 482 ABBATIS
3897 421 3964 479 ν’.
4794 422 4910 480 964

1695 556 1904 610 I'aetus
1935 558 2024 610 est
2055 558 2220 626 pater
2249 553 2498 626 inclytus
3155 556 3208 621 Α
3527 553 3774 608 Honoris
3808 551 4107 625 privilegio

1706 651 1834 716 Ipse
1864 643 1951 697 vir
1973 643 2347 715 apostolicus.
3453 645 3611 698 Crelu
3647 645 3885 715 junctus
3918 641 4240 698 monastieo
4274 659 4286 698 :

1767 733 1949 804 Cujus
1981 731 2134 787 clara
2164 731 2445 787 confessio
3450 735 3558 787 Sed
3592 739 3647 786 et
3678 732 3873 787 choris
3903 731 4181 803 angelicis

1693 823 2016 878 Coronatur
2047 822 2322 893 martyrio
3457 822 3687 878 Frueris
3714 822 3848 876 aula
3875 821 4139 876 luminis.

1697 910 2052 966 Decertando
2085 910 2361 981 legitime,
3525 911 3706 976 Unde,
3735 911 3923 978 Pater,
3958 928 4066 966 nos
4099 910 4342 982 respice.

1695 999 1941 1054 Subacto
1973 999 2175 1053 mundi
2211 998 2490 1070 principe.
3451 1001 3689 1055 Pressos
3725 1000 3942 1072 peccati
3975 1000 4254 1071 pondere;

1765 1087 2070 1159 Templum
2106 1087 2226 1159 ipse
2259 1087 2606 1159 virgineum.
3451 1094 3680 1161 Depone
3711 1106 3941 1160 gravem
3970 1089 4260 1144 sarcinam

1689 1177 1896 1232 Pectus
1927 1176 2172 1231 sacravit
2204 1177 2524 1248 prOprium,
3453 1179 3660 1249 Leviga
3695 1177 4129 1233 conscientiam.

1687 1265 1950 1322 Calestis
1982 1265 2114 1320 vita:
2141 1265 2382 1320 nuntius
3523 1267 3622 1322 llis
3656 1267 3912 1322 fascibus
3945 1267 4245 1338 depositis,

1688 1355 1858 1411 Recte
1889 1359 2130 1409 vocatur
2157 1353 2420 1425 angelus.
3449 1357 3646 1411 Mortis
3679 1356 3900 1411 solutos
3931 1355 4199 1423 vinculis,

1755 1443 2016 1506 Quorum
2049 1441 2265 1514 gaudet
2297 1441 2638 1496 nominibus
3447 1446 3639 1516 Junge
3672 1463 3776 1500 nos
3809 1451 3941 1500 tuos
3974 1444 4235 1500 servulos

1684 1534 1854 1589 Pater
1884 1536 2084 1586 noster
2113 1530 2384 1602 egregius
3453 1535 3748 1589 Monachis
3783 1535 4287 1605 praestantissimis

1685 1621 1790 1676 His
1821 1637 1928 1674 nos
1953 1621 2164 1691 jungat
2202 1619 2256 1672 in
2292 1618 2526 1683 :ethera,
3519 1624 3664 1678 Cum
3700 1625 3917 1694 quibus
3949 1640 4055 1678 nos
4087 1629 4368 1696 perpetua

1691 1709 1905 1764 Christi
1939 1710 2159 1762 favente
2191 1707 2399 1779 gratia.
3451 1713 3864 1766 Possideamus
3893 1711 4127 1784 gaudia,

1765 1797 1868 1852 Cui
1901 1797 1978 1852 sit
2006 1797 2136 1852 laus
2163 1801 2219 1850 et
2248 1796 2432 1867 gloria
3447 1802 3658 1856 Christi
3691 1802 3914 1856 favente
3944 1802 4152 1872 gratia,

1690 1885 1936 1942 Tolleuti
1968 1884 2171 1939 mundi
2202 1885 2449 1940 crimina
2483 1902 2495 1938 ε
3159 1924 3202 1988 Β
3448 1891 3552 1945 Per
3585 1890 3813 1944 intinita
3843 1890 4074 1946 secula.
4151 1892 4356 1946 Amen.

1691 1975 1838 2030 Cum
1874 1974 2038 2028 Patre
2069 1979 2124 2028 et
2151 1978 2348 2029 sancto
2377 1973 2593 2046 Spiritu
3159 1973 3201 1988 “’
3583 1979 3658 2033 .td
3685 1980 3950 2034 secundus
3985 1981 4252 2051 I'espcras.
4285 1981 4562 2052 Hymnus.

1696 2066 1758 2119 In
1787 2063 2142 2136 sempiterna
2163 2061 2391 2116 sarcula.
2471 2065 2669 2116 Amen.
3375 2068 3621 2133 (:liriste,
3653 2074 3997 2122 cunctorum
4033 2068 4248 2140 pariter
4279 2074 4520 2124 tuorum

3377 2157 3684 2212 I‘alniitum
3719 2158 3871 2222 vitis,
3907 2157 4058 2212 Deus
4089 2157 4266 2223 alme,
4299 2157 4470 2213 nobis

3377 2249 3564 2301 I'ra-be
3599 2246 3787 2301 Maioli
3821 2245 4111 2302 celebrare
4139 2246 4285 2302 tanti

3587 2337 3753 2390 Festa
3785 2336 4034 2407 patroni.

3373 2427 3553 2490 Quem
3587 2424 3687 2477 tibi
3725 2424 3938 2479 nostris
3972 2424 4187 2496 placuit
4216 2424 4426 2480 diebus

3374 2514 3644 2567 Pluribus
3674 2512 3857 2582 signis
3892 2513 4233 2585 meritisque
4262 2512 4462 2583 dignis

3372 2603 3622 2672 Regibus
3654 2618 3846 2655 coram
3879 2601 4300 2673 hominumque
4331 2601 4553 2656 turmis

3581 2691 3933 2745 Gloriticare.

3366 2784 3603 2834 Annuas
3637 2779 3878 2850 istisque
3911 2779 3993 2833 sic
4026 2778 4306 2834 interesse

3367 2869 3607 2924 (Iaudiis
3642 2885 3746 2922 nos
3777 2868 4072 2939 perpetuis
4104 2874 4160 2923 et
4185 2866 4400 2940 amplis

3367 2958 3474 3013 Pro
3510 2957 3622 3012 reis
3654 2956 3834 3027 gestis
3869 2957 4074 3010 merito
4105 2973 4299 3010 carere

3582 3045 3652 3102 [ι
3684 3062 4067 3116 nequeamus.

3364 3139 3732 3202 Qua-sumus,
3768 3135 3990 3200 Itector,
4023 3135 4254 3206 pietatis
4286 3138 4517 3200 auctor,

3369 3225 3574 3278 Noster
3609 3225 3698 3278 hic
3732 3228 3928 3294 pastor
3961 3223 4066 3277 tibi
4102 3224 4176 3278 sit
4209 3228 4498 3296 precator,

3368 3315 3490 3376 Quo
3524 3318 3623 3368 tua
3654 3312 3819 3366 nobis
3854 3312 4067 3383 pietate
4100 3313 4325 3367 cunctis

3579 3400 3835 3456 Crimina
3867 3401 4067 3456 dones.

3365 3491 3544 3561 Cujus
3578 3491 3632 3544 in
3665 3495 3826 3544 tanto
3861 3490 3956 3561 pia
3986 3495 4117 3546 vota
4147 3489 4294 3545 festo

3364 3580 3645 3650 Congruit
3677 3579 3844 3633 nobis
3867 3579 4090 3650 jugiter
4119 3579 4383 3634 canendo

3371 3669 3612 3740 Insuper
3645 3667 3876 3721 Paschze
3911 3667 4014 3722 tibi
4045 3665 4376 3740 duplicatas

1965 2184 2219 2250 [lynmus
2251 2180 2307 2233 in
2337 2179 2646 2233 .\'nr!urm’s.

1619 2287 1862 2353 Christe,
1896 2291 2238 2341 cunctorum
2272 2285 2380 2348 via,
2415 2284 2510 2338 lux
2544 2290 2900 2350 sanctorum,

1618 2377 1892 2432 Precibus
1924 2375 2107 2429 sacris
2137 2375 2446 2430 venerandi
2486 2375 2669 2430 Patris

1616 2465 1810 2538 Magni
1840 2463 2032 2520 Maioli
2077 2463 2288 2536 populo
2323 2463 2478 2518 tideli

1828 2554 2050 2610 Gaudia
2083 2553 2240 2625 pacis

1615 2645 1776 2700 Mitte
1807 2644 1878 2698 de
1909 2642 2092 2706 cmlis,
2123 2641 2470 2713 veniamque
2503 2641 2717 2696 nostris

1614 2733 1849 2806 Largire
1881 2731 2088 2804 culpis.
2125 2773 2137 2785 .
2175 2773 2188 2785 .
2227 2773 2239 2785 .
2277 2774 2290 2786 .
2327 2774 2340 2786 .
2383 2772 2396 2784 .
2435 2772 2448 2784 .
2488 2771 2500 2784 .

1615 2823 1776 2879 Adsit
1807 2826 1862 2877 et
1894 2821 2062 2875 nobis
2097 2820 2283 2891 gratia
2313 2819 2586 2892 perennis

1825 2909 2078 2982 Spiritus
2105 2908 2266 2964 almi.

1611 3000 1791 3071 Cujus
1812 2998 2050 3072 protecti
2079 3015 2318 3053 munere
2352 2997 2592 3070 potenti,

1617 3090 1848 3146 Patrum
1881 3087 2162 3160 exemplis
2195 3088 2534 3159 meritisque
2555 3085 2748 3150 celsis,

1613 3178 1834 3234 Pariter
1861 3182 2085 3232 arctum
2121 3193 2449 3232 mereamus
2481 3175 2665 3231 altum

1825 3267 2112 3322 Scandere
2142 3282 2408 3334 regnum.
3145 3290 3188 3355 Ο

1609 3356 1805 3414 Gloria
1832 3356 2008 3421 Patri,
2040 3356 2362 3427 genitasque
2393 3354 2567 3420 Proli,

1609 3447 1679 3502 Et
1707 3445 1812 3500 tibi
1845 3461 2082 3515 compar
2113 3442 2422 3514 utriusque
2453 3458 2705 3514 semper,

1611 3533 1865 3606 Spiritus
1895 3532 2070 3595 alme,
2100 3531 2255 3586 Deus
2285 3548 2440 3585 unus
2471 3531 2628 3584 omni

1827 3621 2112 3691 Tempore
2145 3618 2318 3674 smcli.
2396 3621 2600 3674 Amen.

1951 3735 2010 3790 In
2043 3734 2334 3790 Laudibus.
2369 3736 2635 3805 Hymnus.
3514 3734 3528 3740 ’
3580 3755 3809 3811 Solvere
3840 3754 4062 3811 laudes.

1757 3842 1984 3907 Maiole,
2018 3859 2258 3898 consors
2289 3858 2594 3914 procerum
3367 3845 3644 3910 Trinitas,
3680 3849 3830 3900 Deus
3863 3862 4016 3899 unus
4048 3849 4218 3917 atque
4245 3862 4550 3914 summus,

1686 3933 1906 4005 Regum
1935 3932 2074 4004 Regi
2109 3929 2462 4003 placentium
3369 3935 3456 3988 Sit
3487 3935 3613 3998 tibi,
3647 3935 3784 4000 Rex,
3817 3933 4003 4005 gloria
4032 3934 4413 4006 sempiterna,

1681 4022 1837 4078 Inter
1857 4021 2122 4076 cmlestes
2151 4018 2373 4076 aulicos
3369 4023 3473 4086 Qui
3509 4023 3659 4092 regis
3691 4027 3850 4076 tanta
3887 4023 4142 4077 bonitate
4173 4027 4388 4078 cuncta

1678 4111 2011 4168 Divinitatis
2041 4110 2326 4178 conscios,
3583 4111 3767 4166 Omne
3797 4127 3900 4183 per
3931 4128 4138 4166 aevum.
4214 4113 4424 4168 Amen.

2074 4511 2718 4660 EPIIAPIIIUII
2811 4511 3448 4660 ADALIIEIll/E
3543 4510 4284 4659 llll’llllAIllltI-IS

2383 4790 3016 4900 AUCTOBE
3133 4789 3236 4898 S.
3360 4789 3584 4897 ODI
3615 4788 3965 4896 LONE

1964 5013 2152 5087 (Apud
2185 5017 2248 5068 D.
2283 5013 2469 5082 Pertz,
2498 5014 2844 5070 Monumenla
2876 5013 3187 5070 Germani}?
3213 5012 3496 5079 historica,
3527 5012 3733 5084 Script.
3767 5014 3907 5065 tom.
3939 5009 4032 5078 IV,
4063 5027 4194 5083 pag.
4227 5011 4378 5083 633.)

2912 5337 3416 5410 MONITUM.

1537 5540 1596 5594 S.
1628 5535 1817 5603 0dilo,
1847 5534 2088 5606 quintus
2113 5534 2587 5594 Cluniacensium
2621 5540 2820 5607 abbas,
2861 5538 3116 5596 celeber-
3226 5537 3510 5611 regimine
3558 5535 3802 5592 cmnobii
3834 5536 4234 5594 Cluniacensis
4273 5537 4584 5606 successit,
4617 5543 4682 5596 et
4707 5536 4876 5613 pluri-

1468 5625 1658 5682 rimus
1721 5625 2208 5682 monasteriorum
2265 5628 2355 5682 sui
2410 5629 2694 5700 temporis
2751 5630 3114 5697 reformator,
3226 5628 3339 5686 mis
3371 5626 3655 5682 memoria
3685 5625 3879 5696 dignis
3909 5626 4181 5700 peractis,
4213 5643 4309 5682 an.
4347 5628 4488 5681 1049
4515 5627 4692 5683 obiit.

1468 5713 1742 5775 Arvernis
1788 5713 1940 5773 circa
1987 5734 2078 5776 an.
2133 5718 2260 5786 962,
2295 5721 2492 5790 natus,
2525 5733 2619 5774 an.
2650 5719 2758 5774 905
2811 5717 3018 5775 Maiolo
3056 5718 3115 5777 ia
3300 5717 3528 5775 Litteris
3554 5715 3736 5772 sacris
3760 5715 3904 5772 bene
3928 5715 4193 5771 eruditus
4210 5721 4262 5772 et
4286 5715 4565 5774 assiduus
4598 5716 4878 5774 librorum
