4984 6382
691 438 821 501 9ὓῦ

1607 437 2094 499 EPITAPHIUM
2142 433 2615 495 ADALHEIDIE
2657 434 2739 494 1M
2754 433 3241 495 PERATRICIS.

3998 438 4114 497 966

694 570 1048 643 Hieronymi
1080 569 1459 639 lector,0dilo
1491 571 1619 642 ejus
1649 570 1910 642 exemplo
1933 571 2042 638 (60)
2064 567 2363 623 Adalheidi
2396 570 2451 635 Α
2550 566 2627 638 3“)
2655 567 2715 622 C.
2751 565 2888 621 olim
2938 567 2996 622 S.
3030 565 3343 622 Salvatoris
3379 565 3805 638 Aquicinensis,
3848 568 3972 639 jam
4023 570 4111 624 bi-

693 660 1090 733 imperatrici,
1111 678 1368 731 quacum
1405 660 1627 715 ultimis
1650 660 1778 715 vitae
1803 660 1929 731 ejus
1960 659 2130 713 annis
2158 656 2369 712 intima

695 749 997 805 charitate
1017 750 1367 819 conjunctus
1394 748 1599 816 fuerat,
1618 765 1770 804 anno
1794 748 1900 802 999
1920 748 2225 813 defunctae,
2253 744 2366 816 epi-

697 837 985 910 taphium
1013 836 1384 909 conscripsit,
1410 854 1524 909 quo
1546 838 1773 892 beatam
1797 837 1924 908 ejus
1946 835 2122 891 vitam
2149 839 2203 890 et
2228 851 2368 906 prae-

698 927 887 998 cipua
934 927 1085 981 facta
1134 925 1429 982 succincte
1459 926 1721 997 exposita
1749 924 2021 981 oblivioni
2070 924 2364 985 eximeret,

701 1020 781 1082 et,
819 1018 891 1070 ut
920 1014 1047 1087 ipse
1077 1014 1312 1082 fatetur,
1339 1013 1519 1069 alium
1546 1013 1627 1068 rei
1657 1014 1949 1085 exigendae
1982 1012 2263 1084 aptiorem
2294 1009 2365 1065 ad

697 1105 892 1160 vitam
919 1103 1314 1176 imperatricis
1339 1102 1706 1158 scribendam
1732 1102 2016 1158 incitaret.
2042 1101 2166 1156 Non
2189 1100 2369 1171 igitur

698 1193 836 1249 vita:
869 1192 1185 1252 historiam
1235 1192 1520 1265 integram
1569 1196 1626 1247 et
1672 1195 2006 1247 accuratam
2037 1194 2363 1261 exspectes;

702 1286 847 1337 sunt
880 1281 1179 1354 praecipua
1204 1285 1431 1335 tantum
1458 1280 1684 1345 feminas
1706 1278 1947 1352 egregia:
1980 1279 2096 1334 fata
2117 1276 2365 1333 strictim

704 1370 1010 1425 recensita
1031 1370 1357 1440 (61),0pera
1387 1369 1483 1441 pia
1511 1371 1852 1424 enumerata
1872 1369 2005 1439 (62),
2038 1371 2095 1422 et
2122 1366 2367 1420 ultimus

700 1461 834 1514 vita:
870 1475 1090 1526 annus,
1124 1475 1237 1530 quo
1269 1464 1474 1513 auctor
1496 1456 1876 1512 Adalheidam
1907 1456 2217 1511 comitatus
2239 1469 2366 1509 esse

699 1547 966 1615 videtur,
988 1546 1180 1603 fusius
1212 1549 1497 1601 tractatus
1535 1546 1668 1617 (63),
1694 1546 1793 1600 sed
1825 1562 1859 1600 a
1887 1545 2007 1601 viro
2039 1543 2137 1615 qui
2170 1542 2369 1597 omnia

700 1637 819 1691 ista
851 1641 964 1690 aut
1005 1635 1078 1691 ab
1109 1634 1431 1689 Adalheida
1457 1633 1566 1705 (64)
1589 1636 1690 1689 aut
1732 1649 1986 1705 praesens
2007 1633 2120 1700 (65)
2142 1647 2367 1702 compe-

702 1725 858 1780 risse
890 1723 1228 1778 censendus
1256 1728 1362 1778 est.
1389 1723 1553 1778 Liber
1576 1723 1849 1777 defuncta
1873 1721 2237 1793 imperatrice
2254 1726 2366 1774 sta-

704 1811 810 1867 tim
845 1811 1132 1884 scriptus,
1158 1812 1229 1867 ab
1263 1808 1503 1866 0dilone
1531 1811 1770 1865 Andreae
1810 1809 2003 1865 abbati
2037 1813 2094 1864 et
2124 1824 2365 1880 congre-

703 1900 935 1972 gationi
980 1899 1297 1965 Ticinensi,
1329 1900 1572 1954 fortasse
1611 1903 1666 1954 et
1705 1898 1945 1970 reliquis
1985 1897 2263 1952 coenobiis
2294 1896 2362 1950 ab

701 1988 1038 2044 Adalheida
1054 1988 1334 2053 fundatis,
1350 1986 1778 2042 Paterniaccnsi
1796 1992 1851 2042 et
1868 1985 2365 2053 Saltzensi,trans-

706 2078 934 2133 missus
972 2081 1078 2131 est.
1111 2080 1270 2131 Certe
1301 2075 1624 2131 Saltzenses
1660 2074 2022 2147 epitaphium
2063 2078 2360 2143 noverant,

706 2166 800 2221 cui
831 2163 1055 2221 saeculo
1079 2182 1135 2219 x1
1167 2164 1360 2219 medio
1391 2165 1503 2233 (66)
1533 2163 1749 2218 librum
1782 2162 2049 2229 alterum,
2083 2160 2363 2217 miracula

707 2256 763 2310 S.
797 2252 1146 2310 Adalheidis
1177 2261 1542 2309 cnarranlem
1575 2252 1910 2323 adjecerunt
1930 2253 2062 2321 (67).
2083 2252 2153 2306 Et
2183 2267 2363 2322 quare

707 2360 892 2398 unum
910 2342 1346 2410 Paterniacum,
1364 2342 1460 2397 ubi
1481 2342 1603 2413 ipse
1620 2359 1753 2396 cum
1773 2340 2137 2413 imperatrice
2154 2339 2361 2394 ultimo

705 2432 835 2487 vitae
866 2432 1006 2502 ejus
1038 2447 1190 2486 anno
1233 2436 1492 2486 moratus
1538 2431 1742 2496 fuerat,
1778 2428 2362 2502 praetergrederetur‘?

706 2521 967 2588 Accedit,
1000 2520 1156 2592 quod
1188 2520 1415 2575 codices
1458 2518 1757 2591 epitaphii,
1793 2521 2080 2590 quotquot
2125 2517 2363 2589 reperiri

709 2614 1056 2682 potuerunt,
1088 2613 1311 2664 textum
1346 2608 1633 2663 trifarium
1670 2608 1945 2679 praebent,
1969 2613 2156 2679 quem“
2174 2622 2242 2660 ea
2270 2622 2363 2661 ra-

709 2699 863 2754 tione
890 2699 1280 2753 immutatum
1304 2687 1483 2752 fuisse
1503 2696 1797 2768 opinor,ut
1813 2713 1947 2750 cum
1965 2695 2126 2750 0dilo
2144 2694 2359 2749 librum

712 2805 885 2842 suum
911 2787 1107 2858 primo
1132 2785 1542 2841 Ticinencibus
1572 2784 1897 2851 obtulisset,
1925 2800 2058 2838 eum
2092 2783 2363 2838 secundis

714 2874 867 2930 curis
899 2873 1265 2948 recognitum
1318 2873 1738 2940 Paterniacum,
1772 2878 1829 2927 et
1869 2870 1999 2926 aliis
2042 2872 2199 2943 parvi
2234 2889 2362 2926 mo-

717 2962 893 3017 menti
930 2961 1209 3017 correctis
1238 2961 1511 3017 Sallziam
1543 2961 1815 3015 mitteret.
1836 2960 2160 3016 Ticinensis
2187 2960 2366 3032 igitur

715 3050 929 3106 codicis
961 3049 1299 3123 apographa
1329 3054 1558 3104 exstant
1591 3067 1603 3104 :

790 3141 838 3211 1)
872 3140 932 3195 C.
958 3138 1305 3195 Oxoniensis
1353 3137 1505 3193 inter
1551 3137 1893 3193 Bodleianos
1941 3154 1998 3192 ιι.
2031 3137 2171 3190 2690
2212 3137 2360 3208 (817,

719 3228 879 3283 Bodl.
912 3228 1058 3301 Sup.
1083 3227 1150 3283 D.
1174 3228 1294 3282 Art.
1321 3228 1433 3297 9t),
1466 3227 1753 3299 signatus,
1790 3226 2271 3282 membrauaceus
2303 3226 2361 3280 in

2475 654 2775 710 bliothecae
2795 655 3113 710 Duacensis
3132 656 3646 727 n.792,—uterque
3660 655 4016 712 Belhmanno
4034 675 4113 712 re-

2476 743 2694 798 ferente
2717 742 2932 798 multas
2956 746 3292 798 sanctorum
3312 741 3475 798 Vitas
3495 742 3849 814 complexus,
3869 745 4113 800 membr.

2475 831 2532 886 in
2559 830 2655 886 fol.
2682 832 2935 887 maximo
2967 830 3161 888 saeculi
3192 847 3313 897 xm,
3334 863 3399 871 ——
3423 848 3487 887 ex
3510 830 3834 902 antiquiore
3864 834 4115 904 quodam

2476 920 2787 983 ﬂuxerunt.
2811 921 3026 992 scripto
3048 921 3293 992 jubente
3334 919 3526 975 Attala
3551 919 3672 974 tilia
3702 920 3933 977 Roberti
3963 922 4117 995 regis

2476 1013 2532 1065 et
2561 1009 2929 1077 Constantize,
2953 1009 3234 1065 Flandriaa
3265 1009 3748 1080 comitissa,quaa,
3765 1011 4116 1067 monasterio

2474 1097 2801 1153 Watinensi
2824 1115 2998 1170 prope
3011 1102 3066 1153 S.
3083 1098 3477 1153 Audomarum
3496 1101 3828 1154 constructo
3845 1102 3900 1154 et
3922 1099 4115 1155 Romae

2476 1187 2549 1241 ab
2580 1185 2900 1242 Alexandro
2940 1187 2986 1241 ll
3024 1186 3210 1241 vidua:
3263 1186 3465 1241 haditu
3517 1188 3809 1258 suscepto,
3839 1187 4115 1244 Messanae

2477 1274 2639 1329 obiit.
2661 1274 2878 1331 Versus
2901 1277 3011 1347 (69)
3042 1276 3196 1330 enim
3230 1274 3287 1329 in
3328 1274 3442 1330 fine
3471 1274 3613 1329 Vitae
3659 1274 3997 1330 Adalheidis
4026 1275 4114 1331 hi-

2474 1362 2770 1435 leguntur.

2537 1452 2650 1515 Quo
2680 1452 2810 1500 vixit
2839 1465 2983 1515 more
3013 1452 3195 1515 regina
3221 1450 3473 1501 Adalaida
3501 1453 3697 1509 Romae,

2536 1513 2686 1562 ()dilo
2717 1527 2836 1577 quae
2866 1514 2999 1577 vidit
3026 1513 3207 1572 abbas,
3242 1527 3362 1577 quze
3394 1514 3588 1574 scripta
3617 1515 3840 1573 notavit,

2537 1577 2697 1624 Nobis
2727 1576 2842 1626 ba-c
2868 1576 3021 1625 Atala
3055 1577 3210 1625 scribi
3234 1576 3394 1638 jussit
3426 1577 3709 1635 comitissa,

2537 1638 2849 1701 Exemplum
2879 1639 2988 1686 vita
3017 1638 3115 1701 sibi
3146 1651 3250 1701 quo
3280 1641 3515 1701 captaret
3544 1638 3595 1687 in
3626 1638 3745 1698 ista,

2538 1700 2682 1748 Nolle
2704 1699 2927 1757 malum,
2960 1699 3052 1748 sed
3081 1699 3209 1748 velle
3238 1699 3439 1748 bonum
3470 1699 3729 1749 deducere
3760 1699 3978 1750 seclum.

2538 1764 2744 1834 geguet
2771 1776 2891 1810 cum
2927 1762 3147 1834 Qoi‘nino
3176 1762 3682 1834 semper_laudauda
3705 1763 3913 1834 virago,

2538 1825 2666 1882 Quae
2696 1838 2889 1887 pravos
2920 1823 3064 1884 vitat,
3091 1823 3265 1886 justos
3295 1823 3548 1872 imitarier
3575 1827 3741 1887 optat.

2476 1904 2713 1959 Librum
2745 1902 3177 1958 Bruxellensem
3209 1902 3610 1959 Bethmaunus
3630 1904 3688 1958 in
3711 1920 3855 1960 usus
3886 1910 4113 1963 nostros

2471 1992 2797 2064 exscripsit.

2546 2081 2610 2136 lli
2641 2087 2890 2154 quatuor
2910 2079 3158 2148 codices,
3181 2080 3555 2153 paucissimis
3584 2083 3858 2155 exceptis,
3881 2082 4032 2140 inter
4051 2101 4114 2140 se

2470 2170 2864 2237 consentiunt,
2898 2174 2954 2224 et
3006 2169 3113 2225 soli
3152 2169 3417 2225 omnium
3475 2168 3700 2225 litteras
3729 2170 3992 2228 Odilonis
4039 2173 4110 2228 ad

2469 2260 2761 2315 Andream
2807 2258 3094 2330 praebent;
3127 2274 3160 2312 a
3189 2257 3402 2330 quibus
3433 2257 3640 2329 reliqui
3686 2275 3890 2315 omnes
3938 2261 4111 2317 certis

2469 2348 2613 2404 locis
2643 2348 2939 2404 recedunt.
2967 2347 3212 2420 Propius
3243 2351 3437 2401 tamen
3472 2348 3538 2402 ad
3565 2347 3902 2405 Ticinenses
3932 2349 4111 2407 libros

2471 2437 2567 2493 alii
2614 2442 2752 2505 tres,
2787 2454 2934 2508 quos
2984 2435 3456 2491 Paterniaccnses
3487 2453 3689 2492 vocare
3736 2436 3927 2508 liceat,
3948 2456 4109 2495 accee

2471 2528 2619 2582 dunt
2650 2544 2663 2582 :

2543 2617 2594 2673 4‘;
2625 2616 2683 2670 C.
2719 2614 2864 2669 Bibl.
2900 2614 3067 2685 regias
3108 2612 3451 2669 Parisiensis
3500 2612 3654 2669 inter
3696 2613 4112 2687 Supplementa

2474 2703 2679 2757 Latina
2705 2720 2762 2756 n.
2794 2703 2920 2766 854,
2945 2701 3116 2768 mbr.,
3142 2700 3200 2754 in
3233 2700 3329 2756 fol.
3354 2700 3600 2773 longiori
3626 2701 3821 2756 sarculi
3850 2720 3928 2769 ιιι,
3951 2703 4112 2759 Vitas

2472 2792 2567 2846 SS.
2600 2789 2977 2862 Amalbergae,
3009 2788 3244 2843 Hildulﬁ
3271 2789 3637 2844 Trevirorum
3672 2790 4109 2864 archiepiscopi,

2468 2878 2818 2944 Adalheidaa,
2842 2877 3063 2945 Odiliaa,
3093 2876 3369 2932 Liutwini
3416 2877 3700 2932 Treverici
3732 2878 4114 2951 archipresu-

2469 2967 2563 3034 lis,
2586 2964 2922 3021 Willehaldi
2946 2967 3079 3036 (70),
3103 2964 3333 3037 aliaque
3378 2982 3555 3021 manu
3604 2965 3811 3021 Albani
3859 2971 3915 3022 et
3962 2966 4111 3023 Celsi

2469 3054 2825 3127 complexus,
2860 3070 2893 3108 a
2920 3052 3140 3108 Waitzo
3176 3053 3234 3107 in
3274 3070 3419 3108 usus
3464 3058 3693 3109 nostros
3723 3070 3875 3110 anno
3907 3060 4109 3128 praste-

2472 3145 2579 3199 rito
2611 3158 2921 3198 conversus
2952 3145 3060 3196 est.

2538 3234 2594 3302 5)
2621 3232 2680 3286 C.
2724 3229 2865 3285 bibl.
2928 3228 3318 3285 universitatis
3367 3229 3901 3302 Wirtzedurgensis
3958 3231 4113 3288 inter

711 3316 844 3372 folio
876 3297 1077 3373 saeculi
1107 3333 1317 3388 x1,quo
1347 3315 1471 3387 ipse
1501 3297 1654 3371 anno
1681 3316 1816 3369 1827
1836 3331 1979 3369 usus
2012 3331 2164 3369 sum.
2189 3314 2359 3369 Com-
2391 3297 2433 3364 C
2471 3297 2793 3391 Τιλᾲοιοεοε
2828 3319 2883 3372 in
2916 3317 3013 3373 fol,
3041 3335 3097 3373 ιι,
3133 3319 3221 3383 34,
3246 3318 3422 3383 mbr.,
3445 3317 3640 3373 saeculi
3660 3297 3737 3384 κζ
3762 3318 3901 3374 olim
3931 3323 4111 3376 sancti

712 3404 982 3476 plectitur
1013 3404 1208 3459 Vitam
1259 3403 1479 3460 Odonis
1527 3402 1755 3459 abbatis
1783 3402 2204 3471 Cluniacensis,
2236 3419 2356 3458 cre-

710 3493 1017 3549 dulitatem
1065 3492 1349 3558 0dilonis,
1397 3490 1658 3547 Odilonis
1702 3490 1892 3546 Vitam
1943 3489 2158 3552 Maioli.
2210 3490 2357 3545 Petri

707 3580 969 3639 Damiani
991 3582 1186 3636 Vitam
1209 3580 1489 3647 Odilonis,
1506 3579 1773 3635 Odilonis
1786 3579 1975 3635 Vitam
1996 3579 2354 3645 Adalheidis,

709 3670 875 3740 cujus
905 3670 1130 3726 ultima:
1162 3669 1460 3725 sententiae
1484 3672 1611 3725 octo
1643 3667 1870 3742 paginis
1899 3667 2109 3724 excisis
2138 3667 2359 3725 deside-

708 3764 929 3827 rantur,
963 3759 1360 3832 fragmentum
1390 3757 1533 3813 Vitaa
1564 3758 1622 3814 S.
1655 3756 1945 3813 Simeonis
1973 3760 2030 3813 et
2058 3774 2356 3815 sermones

713 3863 811 3902 sex
859 3848 1123 3904 Odilonis
1149 3849 1283 3920 (68).
1315 3848 1530 3903 Textus
1580 3848 1637 3902 in
1682 3848 2018 3903 universum
2051 3848 2272 3921 integer
2301 3851 2357 3903 et

709 3934 914 3992 houus.
939 3937 1047 3993 Cui
1080 3936 1387 3993 consentit.

774 4026 826 4097 2)
856 4026 938 4093 C.,
963 4024 1106 4081 olim
1140 4026 1198 4081 S.
1225 4025 1459 4081 Martini
1488 4026 1558 4081 de
1590 4025 1841 4097 Campis,
1859 4041 2033 4097 quem
2066 4025 2351 4081 Martinus

714 4111 1115 4186 Marrier,ejus
1137 4115 1380 4170 ccenobii
1407 4113 1748 4179 monachus,
1776 4118 1937 4169 tanta
1966 4113 2270 4186 diligentia
2295 4113 2352 4168 in

711 4199 1063 4257 Bibliotheca
1095 4202 1462 4257 Cluniacensi
1496 4202 1734 4257 Andreae
1776 4201 2089 4257 Duchesnii
2141 4218 2352 4257 nomen

708 4290 1045 4358 praeferente
1066 4308 1122 4362 p.
1139 4291 1393 4355 353-362,
1409 4290 1710 4362 expressit,
1728 4293 1791 4344 ut
1815 4290 1887 4345 ad
1909 4289 2094 4345 instar
2113 4291 2351 4357 codicis,

707 4376 802 4446 qui
835 4377 1008 4435 hodie
1040 4380 1191 4435 inter
1222 4378 1401 4434 libros
1432 4380 1490 4434 S.
1524 4378 1760 4434 Martini
1793 4378 1863 4434 de
1894 4379 2124 4449 Campis
2155 4379 2357 4435 biblio-

710 4463 884 4521 thecae
915 4466 1087 4540 regia:
1132 4467 1444 4523 Parisiensi
1488 4467 1680 4522 illatos
1708 4467 2091 4532 desideratur,
2118 4485 2245 4524 esse
2270 4469 2353 4524 vi-

709 4551 930 4608 deatur.
965 4554 1346 4627 Epitaphium
1380 4553 1611 4609 Ottonis
1643 4554 1663 4607 Ι
1692 4558 1747 4607 et
1790 4553 2042 4608 Heinrici
2076 4553 2123 4607 ΙΙ
2168 4554 2353 4625 subji-

2465 3412 2617 3466 Petri
2666 3411 2725 3464 in
2787 3408 3150 3476 Wissenburg,
3184 3406 3323 3462 Vitae
3367 3405 3697 3462 Adalheidae
3744 3408 4107 3481 epitaphium

2467 3498 2690 3553 Ottonis
2731 3496 3051 3569 praemittit.
3076 3496 3228 3551 Usus
3259 3511 3389 3549 sum
3422 3512 3487 3550 eo
3518 3512 3611 3551 an.
3646 3496 3799 3551 1835.
3831 3497 4107 3568 Ejusdem

2465 3586 2680 3642 codicis
2729 3585 3005 3640 lectiones
3053 3584 3206 3639 docti
3237 3583 3598 3639 Bollandiani
3646 3584 3856 3641 saeculo
3901 3602 4017 3641 xvu
4047 3585 4107 3641 in

2466 3675 2712 3732 schedas
2743 3690 2880 3730 suas
2912 3672 3257 3742 retulerunt,
3282 3689 3428 3745 quas
3459 3673 3521 3728 in
3542 3673 3668 3728 cod.
3693 3673 3852 3747 regio
3880 3673 4112 3729 Bruxel-

2463 3764 2611 3822 lensi
2641 3781 2700 3819 n.
2728 3764 2869 3818 8978
2900 3761 3188 3834 hodieque
3216 3761 3418 3817 haberi
3449 3761 3849 3818 Bethmaunus
3874 3762 4036 3819 vidit.

2533 3854 2585 3925 6)
2619 3852 2680 3907 C.
2715 3850 2856 3906 bibl.
2892 3850 3161 3906 Palatinae
3197 3849 3664 3906 Vindobonensis
3687 3849 3839 3907 inter
3874 3850 4108 3907 histori-

2464 3960 2562 3998 cos
2611 3942 2884 4014 profanos
2930 3956 2989 3993 ιι.
3030 3940 3159 3994 994.
3184 3940 3311 4010 jam
3362 3956 3420 3994 ιι.
3453 3940 3560 3992 622
3609 3937 3897 4010 signatus,
3932 3940 4106 4009 mbr.,

2464 4048 2595 4086 saec.
2622 4044 2701 4097 ιιι,
2725 4026 2955 4100 paginis
2989 4027 3083 4081 1-3
3114 4025 3476 4098 epitaphium
3498 4025 3743 4092 Ottonis,
3766 4026 3897 4081 3-26
3919 4028 4107 4098 epita-

2463 4119 2665 4192 phium
2712 4114 3043 4171 Adalheidze
3092 4106 3367 4179 continet',
3402 4113 3543 4169 locis
3589 4112 3885 4185 aliquibus
3930 4115 4107 4171 adra-

2463 4225 2615 4273 sum,
2643 4206 2797 4278 quod
2829 4204 2886 4258 in
2922 4220 3067 4258 usus
3096 4207 3327 4259 nostros
3360 4202 3614 4258 converti
3643 4202 3780 4257 fecit
3806 4201 4105 4259 Chmelius

2462 4300 2675 4352 noster.

2530 4386 2615 4440 Ab
2643 4382 2736 4439 his
2766 4382 2978 4437 iterum
3018 4378 3365 4436 lectionibus
3405 4377 3702 4435 nonnullis
3735 4381 3793 4434 et
3815 4377 3964 4435 libro
3995 4380 4101 4436 Mi-

2462 4470 2791 4528 raculorum
2823 4469 3018 4524 addito
3049 4468 3275 4524 codices
3300 4465 3623 4523 Saltzenses
3654 4467 3932 4523 recedunt
3966 4486 3979 4524 :

2530 4561 2585 4633 7)
2617 4562 2676 4616 C.
2711 4558 2850 4614 olim
2906 4558 3006 4614 SS.
3050 4556 3305 4613 Mauritii
3354 4561 3412 4611 et
3456 4556 3729 4611 Germani
3786 4555 4099 4627 Spirensis,

707 4638 873 4697 citur.
907 4642 1162 4698 Editioui
1195 4641 1291 4697 isti
1321 4641 1607 4697 Chesnius
1638 4644 1805 4696 notas
1835 4657 2050 4711 paucas
2082 4642 2349 4713 aspersit.
2384 4660 2428 4724 Ι)
2461 4651 2631 4722 cujus
2663 4647 3062 4721 apographum
3086 4645 3144 4701 in
3171 4661 3345 4701 usum
3373 4644 3677 4701 doctorum
3702 4643 4105 4701 Bollandiano—

774 4728 828 4796 3)
849 4730 908 4785 C-
933 4730 1073 4786 Olim
1094 4729 1518 4786 VallicenenSiS
1541 4730 1666 4801 jam
1712 4728 1862 4784 inter
1890 4728 2079 4801 regios
2106 4729 2348 4785 Bruxel-
2458 4756 2589 4793 rum
2612 4754 2869 4793 saec.xvn
2887 4736 3210 4790 confectum
3234 4733 3632 4789 Bethmaunus
3648 4732 3708 4787 in
3726 4732 3920 4789 codice
3942 4732 4102 4805 regio

710 4812 894 4872 lenses
925 4836 983 4874 ιι.
1010 4821 1154 4874 7460
1183 4818 1456 4892 insignis,
1487 4822 1545 4874 et

737 5027 749 5038 .
778 4960 885 5032 (60)
917 4961 1303 5088 Hieronimus
1332 4959 1693 5043 epitaphium
1716 4959 1785 5017 de
1807 4958 2053 5015 Blaesilla
2083 4962 2138 5013 et
2169 4959 2351 5031 Nepo-

737 5044 863 5085 iano
893 5033 1075 5088 edidit
1104 5035 1144 5088 11
1190 5051 1235 5088 r.
1270 5050 1330 5088 ιι.
1367 5038 1537 5088 emst.
1568 5034 1658 5087 22.

709 5030 874 5104 tiano'
893 5033 1075 5089 edidit
1104 5030 1235 5089 libr.
1270 5050 1330 5099 ιι,
1367 5030 1537 5104 epist.
1568 5034 1658 5087 22.

779 5103 887 5176 (fit)
919 5104 1097 5176 φερε).
1132 5107 1247 5161 1-8-

781 5160 886 5247 lQ?)
916 5160 1094 5247 Gabi»
1127 5178 1281 5231 9-12-

778 5243 885 5318 (βέῃ
920 5243 1098 5318 eam).
1134 5246 1320 5301 13-23.

779 5310 887 5389 (ti-fi)
921 5310 1113 5389 Cap:2
1135 5337 1183 5373 ;‹‹
1209 5318 1369 5389 Saepe
1388 5316 1544 5372 enim
1577 5315 1777 5371 inde...
1804 5330 1938 5389 cum
1963 5310 2348 5389 familiaribus

713 5379 979 5458 fidelibus
1003 5379 1360 5444 -conferebat
1410 5392 1632 5458 quanta
1677 5391 1735 5441 et
1776 5384 1973 5458 qualia
2018 5388 2060 5437 t.
2094 5386 2135 5438 t.
2174 5399 2349 5455 passa

714 5451 899 5521 fuerit,
928 5480 956 5506 ››
978 5465 1088 5514 etc,

783 5526 887 5601 (βξ)
918 5533 1051 5600 Cap.
1083 5532 1119 5586 5
1146 5548 1193 5586 :«
1218 5530 1345 5585 Haec
1367 5543 1492 5601 quae
1523 5529 1594 5583 de
1625 5544 1691 5601 ea
1720 5526 1991 5593 dicimus,
2017 5541 2131 5579 non
2172 5524 2347 5601 modo

716 5593 934 5671 auditu,
963 5593 1063 5655 sed
1113 5606 1169 5656 et
1215 5600 1340 5656 visu
1383 5593 1450 5655 et
1505 5598 1896 5671 experimento
1947 5593 2345 5671 cognovimus.

720 5661 895 5721 Multa
921 5661 996 5724 ab
1019 5689 1085 5725 ea
1105 5671 1309 5726 salutis
1340 5670 1513 5725 verba
1540 5661 1890 5736 audivimus,
1914 5661 2168 5740 plurima
2198 5664 2349 5722 dona

718 5741 1103 5815 suscepimus,
1128 5764 1158 5795 »
1181 5747 1314 5819 etc.,
1340 5741 1414 5801 cf.
1445 5756 1610 5818 capp.
1644 5740 1730 5810 15,
1764 5740 1850 5797 19.

2456 4826 2815 4882 Bruxellensi
2858 4843 2915 4881 ιι.
2939 4826 3079 4880 8976
3109 4822 3340 4895 reperit,
3377 4826 3434 4878 et
3460 4838 3620 4894 aeque
3650 4837 3715 4876 ac
3767 4821 4099 4894 proximum

2527 4959 2641 5027 (66)
2670 4959 2834 5012 Anno
2868 4957 3024 5022 1056,
3061 4960 3127 5011 ut
3167 4954 3414 5027 videtur,
3443 4954 3664 5027 scilicet
3693 4958 3829 5010 ante
3878 4971 4098 5010 annum

2454 5025 2868 5095 4057,0ttonis
2900 5027 3066 5082 ducis
3097 5027 3169 5082 de
3196 5025 3551 5092 Swinvorth,
3579 5041 3753 5097 quem
3786 5030 3989 5081 auctor
4016 5027 4099 5081 vi-

2454 5116 2594 5154 vum
2624 5097 2898 5163 celebrat,
2928 5098 3331 5153 emortualem.

2526 5172 2641 5239 (67)
2664 5158 3021 5248 Leopoldup
3044 5168 3583 5248 Babenbergensem
3604 5171 3666 5248 in
3679 5158 3831 5248 libro
3853 5166 4102 5248 D_e_vete-

2457 5238 2586 5313 rum
2606 5238 2934 5313 principum
2948 5238 3371 5313 Germanorum
3387 5239 3501 5313 ﬁde
3517 5243 3575 5295 et
3590 5238 3869 5313 religione
3884 5238 4097 5296 librum

2457 5308 2716 5367 Odilcinis
2745 5308 3016 5364 laudasse
3046 5308 3329 5364 Chesnius
3361 5310 3675 5365 adnotavit.

2550 5383 2639 5451 68)
2663 5381 2809 5435 Vide
2838 5378 3089 5451 Annales
3120 5384 3350 5434 nostros
3382 5381 3504 5447 VII,
3539 5397 3595 5451 p.
3626 5380 3748 5451 418,
3782 5381 3905 5451 419.

2550 5385 2639 5436 68)
2663 5385 2809 5435 Vide
2838 5385 3089 5434 Annales
3120 5385 3350 5434 nostros
3382 5385 3504 5447 Vll,
3539 5397 3595 5451 p.
3626 5385 3748 5447 418,
3782 5385 3905 5435 419.

2456 5385 2863 5578 bulggngersus
2906 5450 3096 5506 Garim
3142 5450 3329 5505 clerici
3374 5451 3431 5505 in
3481 5450 3837 5506 Bruxellensi
3885 5449 4098 5505 inscri-

2495 5528 2694 5577 untur.

2528 5594 2618 5665 (70
2648 5594 2863 5665 Textus
2894 5607 3028 5647 cum
3058 5590 3308 5648 editione
3341 5593 3538 5648 nostra
3568 5590 3668 5646 SS.
3693 5588 3762 5660 ΙΙ,
3785 5589 3909 5657 377,
3939 5602 4095 5659 sqq.,

2456 5662 2762 5721 consentit.
