4984 6422
1437 416 1542 477 971

2349 421 2413 480 S.
2461 419 2820 481 ODILONIS
2866 418 3424 479 CLUNIACENSIS
3474 419 3804 482 ABBATIS
3851 423 3922 482 V.

4727 424 4835 484 972

1437 549 1542 604 luit
1578 551 1733 605 enim
1767 566 1897 606 eam
1931 553 2487 624 paternoaﬂ'ectutot
2511 553 2783 624 perpeti“
2806 552 3080 622 pericula,
3115 554 3168 617 Α
3199 553 3294 621 qui
3326 571 3450 604 eam
3485 569 3616 606 cum
3652 554 4551 625 gaudioarcipientes.duxerunt
4574 556 4619 590 '3
4649 571 4831 612 secum

1439 655 1510 693 ne
1541 645 1697 695 esset
1729 639 1974 713 indigna
2005 639 2105 696 illa
2144 641 2421 696 ﬁliatione
2451 643 2514 710 “7,
2548 642 2618 696 de
2667 659 2782 713 qua
2831 641 3088 712 loquitur

1437 727 1786 800 Scriptura:
1839 729 2085 800 Castigat
2133 732 2392 785 Dominus
2449 748 2659 785 omnem
2705 731 2884 800 ﬁlium
2924 745 3086 801 quem

1439 819 1635 890 recipit
1664 817 1856 890 (Hebr.
1889 837 1989 886 xu,
2017 820 2094 890 6).
2128 819 2287 892 Saepe
2317 819 2470 874 enim
2504 820 2545 853 ⁵⁸
2578 820 2709 873 inde
2732 820 2948 889 gratias
2972 821 3085 874 Deo

1441 907 1811 975 referebat,et
1839 924 1972 964 cum
2007 908 2393 963 familiaribus
2444 907 2714 963 fidelibus
2753 910 2798 942 ⁶⁹
2827 909 3085 962 confere-

1441 995 1840 1068 bat7°,quanta
1852 1002 1903 1052 et
1920 996 2263 1070 qualiatunc
2277 997 2635 1069 temporibus
2649 1015 2822 1068 passa
2841 999 3004 1052 fuerit
3019 999 3085 1064 π,

1443 1087 1501 1139 et
1529 1101 1706 1157 quam
1738 1086 2189 1142 misericorditer
2215 1103 2343 1142 eam
2393 1085 2678 1141 Dominus
2709 1088 2778 1140 dc
2811 1087 3086 1142 manibus

1444 1173 1819 1231 inimicorum
1847 1192 2088 1232 suorum
2128 1174 2462 1231 liberaverit
2491 1177 2556 1232 ⁷³.
2588 1176 2899 1231 Judicabat
2930 1177 3084 1230 enim

1441 1263 1784 1336 oportunius
1813 1263 1922 1320 sibi
1947 1264 2150 1332 fuisse,
2180 1269 2245 1320 ut
2275 1265 2346 1320 ad
2383 1271 2616 1337 tempus
2665 1265 3088 1336 temporalibus

1439 1353 1644 1409 fuisset
1673 1358 1953 1426 occupata
1992 1354 2601 1425 anxietatibus,quam
2636 1354 2833 1409 vivens
2867 1355 2922 1408 in
2951 1353 3088 1407 deli-

1437 1443 1542 1500 ciis
1562 1449 1853 1516 perpetua:
1886 1443 2094 1499 mortis
2125 1448 2280 1500 esset
2311 1444 2546 1498 subdita
2576 1443 2824 1516 legibus.

1507 1535 1562 1589 3.
1587 1534 1905 1606 Postquam
1945 1533 2102 1588 enim
2152 1537 2424 1588 mortuus
2467 1538 2558 1588 est
2609 1533 2916 1588 Lotharim
2968 1535 3086 1573 73-7‘

1437 1622 1798 1696 (an.950),vir
1826 1621 2271 1694 ejus,honorem
2301 1621 2460 1692 regni
2492 1621 2670 1676 Italici
2724 1622 2968 1693 adeptus
3000 1626 3087 1676 cst

1437 1709 1779 1784 quidamvir
1792 1709 2027 1764 nomine
2041 1709 2592 1781 Beringarius”,qui
2615 1709 2863 1764 habebat
2885 1712 3085 1780 conju-

1439 1796 1878 1870 gem7‘nomine
1913 1796 2174 1853 Willam.
2195 1800 2242 1854 A
2268 1798 2485 1870 quibus
2520 1799 2901 1853 indecenter“
2922 1799 3088 1853 innoc

1441 1905 1579 1944 cens
1591 1887 2032 1961 capta,diversis
2045 1888 2375 1959 angustiala
2390 1887 2766 1953 cruciatibus,
2789 1889 3014 1958 capillis
3045 1890 3086 1922 ⁷⁸

1441 1976 1677 2034 caesarie
1698 1978 1743 2012 ⁷ο
1763 1975 2059 2042 detractis,
2093 1976 2304 2049 pugnis
2333 1977 2662 2048 frequenter
2695 1978 2911 2046 agitata
2950 1979 2993 2009 ⁸ο
3032 1982 3086 2029 et

1442 2066 1724 2134 calcibus,
1759 2082 1878 2121 una
1924 2069 2153 2120 tantum
2204 2065 2412 2119 comite
2443 2065 2663 2119 famula
2709 2066 2779 2118 ad
2816 2065 3084 2118 ultimum

1441 2156 1608 2211 tetris
1637 2153 1862 2210 inclusa
1893 2154 2222 2210 carceribus
2253 2161 2364 2222 (an.
2405 2155 2531 2218 951,
2565 2155 2737 2224 April.
2772 2157 2858 2222 20"
2891 2172 2903 2215 ;
2941 2154 3087 2206 libe-

1442 2249 1568 2299 rata
1597 2243 2286 2316 divinitus,postmodum
2337 2243 2642 2296 ordinante
2676 2241 2787 2296 Deo
2825 2241 3087 2312 imperia-

1439 2332 1597 2390 libus
1617 2336 1706 2389 est
1723 2331 2042 2388 sublimata
2063 2329 2511 2386 culminibuan
2541 2331 2666 2402 ipsa
2687 2331 2842 2385 enim
2858 2332 2895 2364 ’”
2921 2336 3084 2384 nocte

1438 2441 1554 2496 qua
1584 2422 1941 2478 educebatur
1987 2421 2057 2475 de
2104 2437 2331 2474 carcere
2375 2422 2506 2490 (81),
2541 2420 2745 2474 indicit
2786 2419 2841 2473 in
2899 2437 3082 2490 quan-

1438 2513 1647 2580 dam,”
1679 2510 1950 2584 paludem
1983 2509 2160 2563 83.L'bi
2196 2526 2299 2581 per
2324 2508 2445 2563 dies
2476 2513 2531 2563 ct
2563 2514 2759 2563 noctes
2800 2509 2926 2562 sine
2957 2508 3084 2563 cibo

1437 2607 1493 2657 et
1519 2605 1660 2674 potu
1691 2599 1911 2656 mansit
1933 2599 1979 2633 “
2001 2614 2396 2669 perseverans,
2430 2597 2712 2652 auxilium
2764 2615 2797 2651 a
2829 2598 2941 2651 Deo
2974 2597 3081 2651 sibi

1439 2688 1747 2746 subvenire
1771 2688 1816 2722 ⁸⁸
1847 2689 2190 2758 deposcens.
2223 2686 2350 2740 Tali
2400 2703 2532 2740 cum
2581 2692 2730 2741 esset
2781 2687 3009 2740 detenta
3042 2688 3084 2718 ⁸⁸

1439 2777 1718 2851 periculo,
1750 2775 1911 2831 venit
1958 2775 2197 2846 quidam
2247 2775 2440 2829 subito
2473 2776 2726 2846 piscator
2761 2775 2987 2845 navigio
3019 2777 3083 2840 ⁸⁷,

1440 2867 1707 2922 deferens
1756 2866 1816 2920 in
1866 2863 2134 2919 navicula
2182 2864 2403 2936 piscem
2459 2865 2556 2936 qui
2617 2871 2852 2918 vocatur
2900 2866 3084 2917 sturio

1437 2957 1598 3027 (Aug.
1629 2957 1746 3024 20).
1781 2957 1935 3022 Quas
1967 2970 2097 3008 cum
2126 2953 2369 3008 vidisset
2402 2956 2532 3022 (8‘2),
2560 2954 2930 3023 interrogavit
2957 2972 3082 3024 quzr

1439 3049 1637 3100 essent
1667 3048 1768 3101 aut
1797 3043 1935 3116 quid
1971 3043 2047 3096 ibi
2081 3036 2338 3114 agere'nt.
2376 3044 2666 3097 llederunt
2708 3044 2816 3098 sibi
2852 3060 3084 3114 respon-

1439 3151 1592 3202 sum,
1619 3133 1943 3190 secundum
1986 3133 2302 3187 instantem
2339 3133 2746 3186 necessitatem
2778 3132 2921 3186 satis
2954 3149 3084 3185 con-

1435 3240 1647 3297 gruum
1681 3241 1696 3279 :
1733 3244 1762 3275 «
1785 3221 2036 3278 Videsne
2067 3221 2218 3293 quod
2275 3220 2367 3274 hic
2418 3220 2676 3276 humano
2707 3221 2948 3275 consilio
2986 3238 3080 3292 pe-

3198 641 3265 693 ad
3301 640 3343 673 9‘
3375 642 3666 710 quoddam
3699 641 4147 714 inexpugnabile
4181 635 4436 697 castrum
4473 645 4610 708 (83).
4643 643 4834 698 Postea

3195 729 3352 783 enim
3387 729 3656 787 consultu
3694 731 4023 785 Italicorum
4079 732 4431 804 principum,
4467 732 4836 803 praiveniente

3197 818 3380 886 gratia
3414 819 3604 880 Cei,de
3637 820 3782 872 Solio
3813 820 3971 890 regni
4007 821 4077 874 ad
4114 838 4305 875 arcem
4331 821 4593 892 pervenit
4621 820 4833 894 imperii

3198 914 3310 967 (an.
3345 907 3469 970 962,
3497 910 3650 961 l-‘clir.
3684 912 3758 974 2).
3797 909 3923 963 llzrc
3953 910 4106 964 enim
4141 912 4540 980 Augustarum
4586 911 4836 966 omnium

3195 996 3629 1066 Angustissima
3662 999 3947 1052 nominari
3982 1005 4032 1054 et
4063 999 4320 1054 venerari
4353 1003 4438 1053 est
4471 999 4671 1071 digna.

3411 1085 3588 1138 Nemo
3621 1092 3752 1140 ante
3789 1086 3947 1142 illam

3409 1174 3772 1229 (lervicosam
3806 1176 4178 1231 Germaniam

3411 1262 3525 1317 llas
3559 1281 3690 1318 cum
3726 1265 3850 1320 suis
3881 1266 4246 1338 principibus

3409 1353 3700 1416 Uttonem,
3738 1371 3927 1422 regem
3966 1353 4241 1423 nobilem,

3409 1442 3486 1494 lix
3521 1459 3634 1512 quo
3667 1444 3866 1512 genuit
3896 1443 4104 1509 tilium,

3413 1529 3494 1584 Ita
3523 1533 3682 1586 auxit
3719 1550 3837 1586 rem
3873 1532 4192 1604 publicam,

3410 1621 3484 1672 Ac
3523 1621 3825 1675 fecundam
3859 1621 4105 1688 Italiam,

3415 1708 3692 1764 Romanis
3722 1710 3984 1764 subdidit
4013 1712 4056 1744 ’⁵
4085 1710 4339 1765 arcibus.

3414 1796 3604 1850 ltomm
3639 1798 3886 1869 pra'fecit
3914 1815 4208 1865 cmsarem,

3414 1884 3661 1956 lmperio
3690 1887 4124 1954 dignissimum.

3266 1973 3318 2026 5.
3355 1973 3431 2026 De
3467 1975 3764 2029 nobilitate
3795 1977 3985 2030 carnis
4013 1977 4156 2031 satis
4179 1976 4334 2030 dicta
4366 1976 4686 2031 suﬂiciant.
4731 1976 4830 2031 No-

3199 2061 3479 2115 bilitatem
3509 2080 3636 2116 vero
3663 2065 3873 2118 mentis
3899 2066 4191 2136 quomodo
4207 2065 4288 2119 vel
4307 2065 4833 2137 qualiterexzrcuit,

3201 2151 3536 2205 mortalium
3576 2171 3742 2206 nemo
3775 2155 3963 2208 dicere
3992 2154 4344 2209 sul'ticitSed
4381 2160 4442 2208 ut
4475 2171 4579 2227 pro
4617 2153 4833 2209 modulo

3197 2241 3605 2310 Compendiose
3641 2241 3845 2313 loquar
3878 2260 3890 2296 :

3196 2331 3304 2398 Spe
3341 2330 3567 2400 tideque
3600 2337 3956 2402 ccita.atque
3981 2333 4022 2364 9"
4054 2333 4286 2402 gemina
4322 2331 4569 2403 pleniter
4614 2331 4836 2386 caritate

4524 2419 4758 2493 {referta
4780 2422 4837 2488 π,

3195 2505 3360 2559 Justa
3395 2508 3558 2574 satis,
3596 2509 3778 2567 tortis.
3813 2510 4068 2578 prudens
4111 2509 4478 2580 nimiumque
4513 2510 4777 2564 modesta

3200 2595 3414 2655 Extitit.
3451 2601 3503 2648 et
3535 2597 3672 2650 vixit
3698 2598 4005 2658 l'elix,dum
4033 2598 4229 2652 secula
4261 2600 4423 2666 rexit,

3195 2684 3421 2736 Auxilio
3458 2685 3681 2738 Domini
3723 2687 4075 2740 moderantis
4103 2687 4340 2742 climata
4370 2688 4578 2741 Cosmi.

3197 2773 3421 2825 Prolata
3455 2780 3644 2826 tamen
3681 2774 4009 2829 Salomonis
4042 2777 4322 2847 sapientis
4355 2775 4572 2829 famine
4607 2777 4674 2841 ",
4717 2776 4837 2830 buic

3195 2864 3578 2915 sanctissimze
3613 2865 3962 2918 conveniunt
4013 2866 4239 2919 femina:
4276 2882 4286 2918 :
4323 2865 4509 2918 Munus
4565 2882 4716 2930 suas,
4750 2866 4833 2918 in-

3196 2949 3344 3020 quit,
3375 2954 3589 3020 aperui!
3624 2956 3792 3023 inopi,
3825 2963 3873 3006 et
3901 2955 4114 3024 palmas
4144 2971 4269 3008 suas
4300 2953 4540 3008 attendit
4587 2955 4662 3008 ad
4705 2971 4838 3026 pau-

3191 3042 3514 3109 prrcni..\'on
3547 3044 3754 3095 time/iit
3768 3043 3953 3095 domui
3973 3060 4090 3098 sum
4104 3063 4133 3095 ιι
4146 3046 4448 3112 frigoribus
4481 3045 4838 3108 niris,omnrs

3191 3131 3335 3182 enim
3351 3129 3630 3183 domins-tiri
3650 3132 3764 3200 ejus
3780 3135 3954 3186 restiti
3977 3139 4101 3185 sunt
4124 3133 4192 3185 du
4198 3134 4254 3202 pl
4262 3135 4694 3199 icilius.Stragul
4701 3141 4783 3186 «ita
4798 3150 4842 3185 νη

3192 3223 3383 3271 restem
3415 3220 3540 3286 [rvit
3571 3221 3696 3284 sibi,
3748 3221 3945 3290 liyssus
3997 3226 4046 3276 cl
4089 3239 4337 3292 purpura
4391 3222 4843 3276 indumentum”

1437 3314 1803 3387 regrinamur
1821 3312 1864 3346 ³⁸
1885 3310 2197 3376 destituta,
2233 3314 2289 3364 et
2331 3309 2482 3381 quod
2542 3309 2748 3363 durius
2799 3315 2907 3372 est,
2946 3309 3079 3363 soli-
3113 3291 3155 3356 (ἶ
3193 3307 3327 3376 ejus.
3360 3307 3566 3361 Nobilis
3615 3310 3673 3362 in
3719 3312 3890 3379 portis
3945 3312 4029 3363 rir
4057 3312 4196 3380 ejus,
4243 3311 4458 3381 qimndo
4495 3311 4704 3366 sederit
4732 3327 4844 3365 eum

1438 3402 1638 3458 tudine
1669 3399 2072 3474 periclitamur
2100 3402 2158 3452 et
2183 3397 2375 3451 fame?
2398 3397 2451 3450 Si
2479 3397 2888 3468 potes,aliquid
2914 3397 3082 3451 nobis

1439 3493 1625 3549 victus
1653 3488 1927 3561 impende
1951 3505 1966 3556 ;
1989 3488 2084 3542 sin
2107 3490 2324 3553 autem,
2363 3486 2406 3519 '9
2435 3484 2705 3540 solatium
2739 3488 2782 3519 ⁹⁰
2816 3487 3004 3557 prmbe
3053 3511 3079 3534 ››

1436 3580 1543 3647 Qui
1575 3576 1977 3634 misericordia
2005 3590 2184 3646 super
2213 3591 2311 3628 eas
2335 3578 2546 3640 motus,
2580 3573 2730 3628 sicut
2763 3573 2883 3644 ipse
2905 3592 2938 3628 a
2970 3592 3081 3644 quo

1439 3667 1786 3724 mittebatur
1817 3664 2005 3719 fuerat
2034 3662 2332 3734 quondam
2374 3678 2548 3734 super
2578 3679 2860 3734 pauperes
2893 3662 2949 3716 in
2984 3664 3081 3716 de-

1441 3760 1596 3812 serto
1628 3755 1779 3810 fame
1811 3751 2206 3825 periclitantes
2237 3750 2805 3817 Chrisius,dixiteis:
2841 3777 2864 3799 ‹‹
2895 3751 3082 3805 Nicbil

1441 3844 1614 3900 nobis
1646 3843 1811 3898 adest
1840 3841 1912 3896 ad
1944 3840 2138 3896 victus
2157 3838 2480 3894 necessaria
2512 3840 2620 3893 nisi
2658 3843 2878 3894 tantum
2907 3840 3082 3912 piscis

1439 3939 1496 3990 et
1517 3949 1689 4006 aqua.
1723 3954 1750 3980 ››
1781 3929 2045 3986 Habebat
2077 3929 2268 4002 ignem
2314 3945 2534 3998 secum,
2578 3930 2732 3983 sicut
2783 3930 2969 3986 solent
3001 3929 3080 3983 illi

1436 4023 1536 4096 qui
1587 4019 1930 4095 piscationis
1980 4022 2249 4075 exercent
2279 4018 2604 4090 negocium.
2648 4021 2941 4074 Accensus
2993 4023 3082 4073 est

1437 4111 1612 4186 ignis,
1645 4111 2003 4183 preparatus
2033 4112 2121 4162 est
2141 4107 2342 4179 piscis.
2366 4107 2624 4178 Sumpsit
2649 4107 2842 4161 cibum
2862 4107 3079 4179 regina,

1436 4199 1670 4258 servivit
1699 4197 1954 4272 piscator
1981 4200 2040 4252 et
2067 4193 2306 4252 famula.

1508 4291 1560 4346 4.
1592 4289 1744 4344 Dum
1775 4287 1897 4341 haec
1926 4287 1965 4320 ⁰¹
2000 4286 2671 4358 agercntur,supervenit
2698 4283 2934 4356 quidam
2969 4284 3082 4340 cle-

1435 4381 1612 4447 ricus,
1647 4375 1748 4450 qui
1777 4376 1828 4431 ei
1858 4376 1902 4410 ⁹²
1925 4375 2116 4431 fuerat
2163 4375 2516 4446 captivitatis
2567 4379 2624 4429 et
2667 4374 2816 4444 fugae
2867 4375 3081 4440 socius,

3191 3399 3531 3449 senatoribus
3565 3398 3628 3430 ¹⁰⁰
3660 3408 3842 3453 terrm.
3879 3401 4155 3454 Fortitudo
4185 3407 4235 3454 et
4262 3399 4421 3453 decor
4464 3400 4844 3454 indumentum

3190 3487 3307 3555 ejus
3337 3490 3388 3538 rt
3436 3487 3631 3540 ridebit
3691 3490 3745 3540 in
3778 3488 3864 3542 die
3915 3490 4222 3543 novissimo.
4285 3489 4353 3542 0s
4411 3505 4573 3541 suum
4636 3490 4844 3560 aperuit

3190 3577 3502 3645 sopimii.‘l’,
3537 3580 3585 3630 et
3632 3578 3720 3630 lca:
3745 3579 4052 3632 (leniantur
4083 3580 4138 3630 in
4172 3578 4366 3645 lingua
4395 3578 4510 3646 ejus
4541 3579 4634 3631 ¹⁰¹.
4670 3578 4845 3632 Consi-

3190 3663 3398 3716 derarit
3428 3665 3491 3696 ¹⁰²
3519 3667 3733 3719 semitas
3764 3667 3947 3719 domus
3995 3682 4130 3729 sum,
4181 3675 4230 3720 et
4274 3683 4470 3737 panem
4522 3670 4700 3720 otiosa
4743 3681 4836 3718 non

3189 3753 3436 3806 cimmlit.
3458 3757 3826 3809 Surrm'erunt
3854 3758 3964 3825 ﬁlii
3991 3757 4124 3826 ejus,
4154 3760 4203 3809 cl
4233 3755 4606 3810 beatissimum
4639 3757 4842 3826 prmiti—

3191 3851 3467 3906 cauerunt,
3503 3852 3553 3897 et
3603 3847 3686 3897 i'ir
3739 3846 3852 3916 cjus
3886 3844 4132 3898 laudarit
4174 3862 4315 3898 cum.
4349 3843 4534 3898 Mullxi’
4562 3846 4706 3912 ﬁlia,
4733 3860 4844 3898 con-

3190 3942 3548 4000 gregurcrunt
3600 3933 3844 3996 dirilius,
3905 3942 3962 3987 tu
4034 3951 4380 4004 supergressa
4447 3950 4501 3987 es
4561 3937 4843 3987 unirersus

3192 4022 3372 4090 (Prov.
3409 4037 3560 4088 xxxi,
3594 4025 3800 4088 20-29).
3837 4022 3962 4076 liceo
3994 4025 4149 4077 enim
4185 4041 4312 4094 quae
4359 4022 4430 4076 de
4461 4039 4530 4076 ea
4562 4022 4842 4084 dicimus,

3193 4126 3306 4161 non
3342 4109 3511 4163 modo
3546 4110 3876 4170 auditu.sed
3910 4117 3964 4165 et
3999 4113 4062 4145 ¹⁰³
4094 4112 4217 4166 visu
4252 4116 4306 4166 et
4339 4112 4747 4182 experimento
4768 4126 4846 4161 co-

3193 4197 3521 4268 gnovimus.
3558 4199 3739 4252 Multa
3771 4200 3842 4253 ab
3900 4217 3967 4254 ea
4017 4199 4224 4255 salutis
4268 4201 4442 4254 verba
4487 4199 4843 4260 audivimus,

3192 4285 3448 4356 plurima
3477 4287 3625 4341 dona
3663 4289 4218 4361 suscepimusﬁxrpe
4238 4289 4394 4343 enim
4427 4289 4490 4322 ¹⁰⁴
4515 4287 4844 4359 indigentes

3196 4376 3598 4440 nummo,fecit
3631 4393 3759 4429 esse
3792 4379 3857 4411 ¹⁰⁵
3880 4377 4088 4432 divites
4113 4395 4290 4444 auro;
4317 4380 4581 4431 carentes
4603 4376 4763 4430 enim
4788 4375 4846 4408 ¹⁶⁶

1437 4448 1728 4526 nuncians
1757 4465 1962 4520 adesse
2009 4465 2325 4520 exercitum
2376 4463 2629 4519 militum
2681 4448 3165 4532 armatorum,’D
3197 4463 3510 4533 aliquando
3537 4465 3869 4518 cottidianis
3913 4467 4267 4538 sumptibus,
4305 4466 4436 4520 fecit
4483 4481 4618 4520 esse
4666 4465 4844 4518 claros

2787 4576 3030 4632 VARUE
3072 4579 3374 4634 LECTION
3383 4580 3482 4633 ES.

1505 4683 1552 4718 “
1578 4681 1706 4754 pati,
1724 4682 1779 4735 7.
1809 4681 1863 4736 8.
1895 4681 1949 4734 9.
1987 4679 2073 4732 10.

1436 4755 1482 4789 7°
1513 4748 1797 4809 referebat
1823 4767 1964 4806 corr.
1999 4748 2152 4804 conf.
2179 4750 2228 4804 1.

1437 4826 1527 4880 10.
1604 4823 1730 4866 ⁷³ι⁷⁴
1757 4820 2088 4878 blotbarius
2120 4821 2172 4875 4.

1435 4898 1490 4950 7.
1524 4897 1578 4951 8.
1611 4893 1666 4949 9.
1701 4895 1787 4950 10.
1865 4894 1910 4927 "7
1940 4892 2102 4948 deest.
2137 4892 2186 4945 4.
2221 4891 2274 4945 5.
2307 4892 2360 4946 6.
2391 4893 2446 4944 7.
2477 4895 2530 4945 8.
2560 4890 2614 4943 9.
2651 4891 2736 4942 10.

1438 4966 1733 5020 distractis
1761 4967 1815 5020 7.
1850 4967 1905 5020 8.
1931 4964 1985 5018 9.
2019 4964 2106 5017 10.

1436 5037 1588 5092 codd.
1622 5038 1774 5091 4-10.
1851 5037 1895 5070 ι’
1923 5034 2132 5108 palude
2165 5034 2215 5088 4.
2244 5036 2298 5108 5.
2329 5037 2384 5108 6‘.

1435 5108 1481 5142 ⁸⁸
1510 5109 1581 5162 de
1609 5113 1770 5163 tanto
1794 5105 1940 5164 corr:
1969 5107 2204 5161 detenta
2237 5107 2285 5159 1.
2360 5105 2402 5139 ⁸⁷

1437 5180 1481 5255 5’
1812 5177 2198 5255 nobisgpraebe
2227 5175 2342 5255 cod.
2376 5175 2522 5255 [1-19.

1436 5251 1480 5285 ⁸⁵
1510 5251 1710 5306 subdit
1735 5251 1790 5306 6.
1867 5251 1912 5284 ⁹⁶
1946 5253 2123 5318 atque
2157 5251 2389 5318 gemina

1438 5322 1646 5378 referta
1673 5321 1824 5377 codd.
1860 5320 2007 5374 4-10.
2028 5316 2042 5318 ⁷
2084 5317 2129 5350 9³
2163 5316 2380 5369 l'amina
2410 5316 2465 5370 2.
2497 5316 2551 5368 9.
2587 5318 2670 5369 10.

1438 5391 1565 5448 Haec
1592 5391 1777 5447 media
1806 5390 2002 5445 desunt
2029 5388 2082 5441 4.
2162 5385 2230 5420 “’3
2258 5386 2582 5441 considerat
2608 5388 2754 5442 5-10.

1439 5464 1504 5500 ¹⁰⁶
1531 5464 1675 5519 deest
1701 5461 1756 5516 3.
1784 5461 1838 5516 4.
1870 5461 1926 5514 5.
1949 5460 2004 5514 6.

2306 4750 2344 4782 τί
2374 4749 2564 4803 fuerat
2589 4750 2641 4802 2.
2675 4749 2731 4801 7.
2756 4749 2809 4801 8.
2842 4748 2896 4800 9.
2929 4750 3014 4802 10.

2149 4679 2192 4711 ‘7
2223 4677 2502 4732 filiatione
2533 4675 2730 4730 divina
2759 4676 2831 4730 de
2859 4676 3013 4730 codd.
3053 4678 3197 4731 4-10.

2431 5102 2685 5175 piscator
2715 5119 2848 5175 cum
2881 5102 3060 5175 limbo
3092 5103 3358 5158 deferens
3389 5102 3538 5159 codd.
3568 5107 3712 5162 411).

2600 5176 2639 5208 ⁹¹
2674 5173 2730 5228 h.
2765 5174 2846 5226 ita
2894 5190 2926 5227 a
2973 5174 3122 5228 7-10.

2458 5245 2664 5300 leniter
2693 5245 2934 5299 caritate
2967 5261 3012 5298 r.
3047 5244 3220 5299 deleto
3253 5247 3494 5300 caritate
3527 5253 3576 5302 1.

2749 5316 2794 5350 ’9
2823 5317 3234 5371 vestimentum
3269 5317 3321 5370 3.
3357 5319 3442 5372 10.

2830 5388 2900 5421 ³⁰³
2946 5387 3092 5442 deest
3140 5388 3193 5442 4.
3224 5389 3278 5442 5.
3311 5389 3364 5442 6.

3275 4678 3318 4710 ⁵⁸
3349 4678 3562 4732 etenim
3594 4681 3707 4733 7.8.
3735 4682 3789 4745 9,
3829 4683 3912 4734 10.
4015 4683 4060 4715 ⁶⁹
4089 4681 4232 4735 deest
4261 4676 4311 4735 4.
4343 4683 4396 4736 5.
4427 4681 4482 4734 6.
4513 4681 4570 4734 7.
4606 4682 4665 4733 8.
4697 4678 4838 4732 9.10.

3096 4749 3139 4781 τ’
3168 4747 3510 4803 liberaverat
3540 4767 3680 4804 corr.
3716 4783 3779 4791 —
3809 4754 3900 4805 rit.
3939 4755 3987 4806 1.
4019 4753 4363 4806 liberaverat
4392 4757 4445 4807 2.
4478 4753 4533 4805 5.
4565 4753 4624 4804 6.
4653 4753 4710 4804 7.
4732 4751 4838 4804 8.9.

2249 4818 2718 4922 “Abeé'engzarius‘
2761 4819 2794 4871 3
2836 4818 3223 4922 perenlgarius
3269 4837 3410 4922 corr.
3465 4821 3814 4888 berengerus
3866 4824 3916 4876 4.
3971 4824 4324 4893 berengerus
4368 4826 4424 4876 7.

2249 4894 2257 4922 ζ
2479 4895 2510 4922 Ω
2683 4895 2696 4922 l
2813 4890 2830 4922 τ
2883 4892 3004 4922 non;
3061 4907 3226 4922 nnnm
3262 4907 3290 4922 η
3388 4897 3595 4922 ηιηηιηιη
3638 4896 3658 4922 ι
3760 4896 3804 4922 το
3835 4896 4079 4922 Ληιιηη-ι;ηι
4119 4913 4234 4922 λλ...-
4387 4895 4424 4922 ..;

2183 4934 2186 4944 .
2221 4891 2274 4945 5.
2307 4892 2360 4946 6.
2391 4893 2446 4944 7.
2477 4895 2530 4945 8.
2560 4890 2614 4943 9.
2651 4891 2736 4942 10.
2813 4890 2856 4922 τί*
2882 4889 3228 4961 capillorum
3262 4907 3311 4944 c.
3347 4892 3600 4946 detracta
3633 4896 3680 4948 4.

2183 4963 2547 5033 “exagitata
2579 4963 2631 5033 4.
2680 4962 2733 5014 5.
2767 4962 2822 5014 6.
2871 4963 2926 5014 7.
2978 4965 3030 5014 8.
3078 4961 3131 5015 9.
3175 4963 3273 5033 10.
3350 4964 3389 4996 ⁸¹
3423 4963 3583 5018 deest.
3635 4967 3680 5017 7-

2418 5031 2690 5104 paludem
2724 5048 2860 5086 cum
2884 5049 3007 5104 una
3036 5031 3253 5104 ancilla
3281 5035 3334 5087 8.
3412 5037 3456 5066 ⁸⁴

4502 4823 4546 4855 ⁷⁶
4604 4836 4836 4877 uxorem

3760 4896 3804 4928 το
3834 4896 4079 4947 ('{PSill‘lm
4111 4892 4253 4949 corr.
4289 4925 4354 4933 --
4387 4895 4469 4947 rie
4501 4894 4553 4947 1.
4586 4892 4838 4948 cesariei

3350 4964 3389 4996 ⁸¹
3423 4963 3583 5018 deest.
3635 4967 3789 5018 7-10.
3868 4967 3912 4998 ⁸³
3941 4968 4249 5032 cujusdam
4287 4964 4670 5020 harundineti
4730 4962 4838 5034 pal.

3489 5038 3808 5104 permansit
3838 5039 3884 5090 1.
3962 5039 4006 5071 ⁸³
4033 5037 4340 5092 subvenire
4370 5053 4513 5091 corr.
4559 5037 4762 5090 venire
4795 5035 4838 5086 1.

3788 5109 3829 5141 ⁸⁸
3859 5109 4002 5162 deest
4027 5111 4182 5162 7-10.
4259 5110 4303 5141 “9
4328 5127 4381 5161 a.
4420 5109 4624 5161 minus
4675 5124 4724 5159 ε.
4761 5107 4836 5158 1U.

3199 5177 3243 5208 ⁹²
3290 5176 3418 5254 ejus
3465 5177 3605 5231 4-H).
3684 5180 3728 5212 93
3759 5183 3886 5250 ejus
3917 5181 4282 5233 deduxerunt
4315 5181 4441 5233 4-10
4515 5179 4559 5212 9‘
4591 5177 4656 5232 in
4695 5178 4839 5230 6-10.

3199 5262 3220 5299 ο
3253 5252 3494 5300 caritate
3527 5253 3576 5302 1.
3655 5251 3696 5283 ’7
3729 5268 3946 5304 soeoue
3980 5252 4089 5304 lide
4119 5258 4274 5304 certa
4323 5250 4560 5304 gemina
4603 5248 4839 5303 caritate

3729 5248 3946 5306 μιὶοαιιθ
3980 5252 4089 5304 lide
4119 5258 4274 5306 certa
4323 5250 4560 5306 gemina
4603 5248 4841 5303 caritate

3527 5265 3576 5302 ι.
3656 5265 3694 5283 ἰ
3729 5268 3946 5320 speque
3980 5265 4089 5304 nne
4119 5265 4274 5306 certa
4323 5265 4560 5321 gemina
4603 5265 4836 5303 cantate

3523 5321 3588 5355 ¹⁰⁰
3617 5323 3946 5375 senioribus
3990 5324 4036 5376 1.
4093 5326 4144 5377 2.
4227 5325 4286 5356 ¹⁰¹
4323 5324 4450 5390 ejus
4501 5326 4558 5374 et
4613 5326 4836 5374 caetera.

3447 5391 3511 5424 ¹⁰⁴
3556 5392 3699 5447 (locst
3747 5395 3797 5447 4.
3879 5395 3942 5427 ¹⁰⁶
3971 5410 4100 5448 esse
4130 5425 4196 5433 —
4226 5393 4358 5448 fecit
4387 5393 4584 5446 desunt
4618 5394 4670 5446 1.
4705 5395 4756 5446 2.
4791 5391 4841 5443 3.

3021 5555 3254 5612 ΝΟΤᾹΞ.

1509 5647 1622 5720 (81)
1642 5645 1829 5720 gastri
1857 5644 2088 5720 βαι-ἀῶ.
2123 5637 2400 5697 Donnizo.

1512 5649 1592 5720 (81
1642 5647 1829 5702 Cestri
1857 5647 2088 5702 Gardie.

1512 5647 1622 5806 (82)
1649 5716 1781 5778 Scil.
1813 5717 2098 5797 piscator.

3191 5647 3367 5778 na(83:)
3400 5650 3716 5706 Canusium
3751 5649 3862 5707 Leo
3910 5650 4197 5708 Ostiensis
4247 5656 4302 5707 et
4349 5650 4614 5708 Donnizo
4659 5647 4840 5706 nomi-

3271 5735 3302 5771 τι

3271 5735 3302 5771 Π
