4984 6378
644 422 748 483 993

2109 411 2544 473 SEIIMONES.

3899 425 4017 485 99.1

645 550 825 608 divina
847 545 1149 616 majestate
1172 544 1730 612 sublimitas.Quam
1750 544 2020 600 sublimis
2043 545 2100 598 in
2123 544 2350 615 suis,A
2382 545 2459 600 lia
2507 545 2881 618 antiquorum
2933 549 3129 602 vatum
3183 549 3521 606 testimonia
3578 553 3646 606 de
3704 557 4021 612 aeternitate

643 654 806 712 quam
827 632 1066 691 humilis
1089 633 1147 688 in
1172 634 1483 700 nostris,in’
1507 634 2026 706 praesepejacebat,
2046 633 2102 688 in
2127 633 2268 688 cmlo

642 723 1164 784 residebatJacens
1195 722 1254 777 in
1287 723 1418 778 sinu
1453 723 1681 790 matris,
1709 723 1919 778 sedens
1951 721 2010 778 in
2041 721 2276 776 dextera

641 816 975 872 Patris.Cum
1000 815 1156 867 esset
1175 811 1276 868 Dei
1301 811 1490 868 Patris
1513 815 1646 867 ante
1667 815 1931 883 tempora
1946 809 2176 877 unicus,
2197 809 2276 866 fa-

642 911 757 962 ctus
771 907 852 959 est
863 898 1120 973 Virginis
1141 899 1198 954 in
1213 904 1473 974 tempore
1485 899 1813 956 Filius.Non
1833 901 2106 955 amittens
2119 898 2275 971 quod

641 999 770 1059 erat,
794 992 978 1046 factus
1010 993 1100 1044 est
1130 990 1282 1061 quod
1316 1007 1430 1044 non
1460 993 1602 1044 erat.
1628 990 1839 1044 Factus
1870 992 1958 1044 est
1987 987 2294 1060 particeps

644 1077 996 1137 mortalitatis
1023 1082 1257 1144 nostrae,
1300 1082 1361 1134 ut
1400 1095 1509 1133 nos
1537 1079 1666 1133 vitae
1699 1095 1820 1133 suae
1850 1077 2160 1150 participes
2193 1077 2274 1130 fa-

643 1173 800 1226 ceret.
829 1166 1006 1223 Hodie
1059 1165 1364 1238 impletum
1413 1171 1502 1222 est
1532 1166 1873 1221 vaticinium
1923 1165 2066 1219 illud
2114 1163 2275 1219 Isaiae

644 1257 917 1332 prophetae
948 1253 1198 1310 dicentis
1227 1273 1239 1310 :
1273 1255 1592 1326 Egredietur
1621 1257 1774 1326 virga
1804 1254 1868 1310 de
1896 1253 2079 1309 radice
2105 1259 2273 1320 Jesse,

641 1353 686 1401 et
707 1349 796 1416 ﬂos
817 1344 878 1400 de
899 1343 1083 1399 radice
1101 1344 1221 1416 ejus
1241 1343 1507 1401 ascendet.
1529 1345 1672 1398 Item
1696 1344 1820 1415 ipse
1841 1343 2098 1415 aperitns
2117 1358 2129 1396 :
2149 1343 2280 1396 Ecce

642 1437 778 1504 virgo
805 1433 1070 1504 concipiet
1099 1435 1152 1486 ct
1182 1435 1358 1502 pariet
1385 1433 1588 1504 ﬁlium.
1616 1433 1753 1487 Item
1801 1431 1951 1486 idem
1986 1431 2107 1502 ipse
2140 1447 2276 1502 pro-

643 1524 802 1594 pheta
825 1541 837 1578 :
860 1521 1134 1578 Parvulas
1157 1525 1322 1576 natus
1343 1529 1420 1576 est
1448 1522 1623 1587 nobis,
1646 1523 1798 1590 ﬁlius
1824 1519 1979 1575 datus
2005 1528 2080 1574 est
2101 1519 2274 1573 nobis.

645 1611 816 1666 Nimis
846 1609 1013 1665 dulce
1041 1610 1196 1682 quod
1232 1614 1404 1666 natus
1435 1614 1552 1678 est;
1585 1609 1833 1664 nimium
1857 1607 2092 1664 salubre
2121 1607 2277 1679 quod

643 1701 801 1754 datus
830 1703 933 1754 est.
968 1701 1113 1753 Cum
1145 1698 1314 1753 audis
1347 1697 1640 1753 Christum
1673 1697 1776 1752 tibi
1812 1701 2036 1763 natum,
2067 1695 2277 1768 gaude.

621 1767 773 1842 'Cum
805 1787 970 1842 audis
1002 1785 1178 1842 etiam
1221 1786 1325 1841 tibi
1370 1787 1592 1853 datum,
1628 1786 1812 1841 multo
1847 1785 2034 1856 magis
2065 1783 2278 1839 laetare.

647 1877 744 1932 Sed
777 1877 921 1931 inter
941 1879 1166 1948 patrem
1195 1879 1252 1930 et
1284 1880 1506 1940 natum,
1535 1879 1592 1928 et
1622 1874 1772 1929 inter
1802 1875 2060 1929 datorem
2095 1878 2151 1927 et
2180 1873 2280 1926 da-

648 1965 1120 2030 tum,secundum
1143 1964 1399 2019 divinam
1426 1968 1696 2018 naturam
1721 1980 1834 2019 non
1863 1962 2158 2033 contingat
2180 1961 2283 2015 tibi

650 2051 812 2107 ullam
845 2052 946 2108 tibi
987 2053 1222 2108 credere
1274 2051 1680 2107 diil‘erentiam.
1716 2051 1900 2107 Unius
1948 2051 2103 2106 enim
2155 2050 2288 2103 sub-

651 2141 860 2195 stantiae
890 2144 1028 2196 sunt
1064 2141 1387 2196 secundum
1419 2141 1652 2196 deitatis
1683 2139 1996 2196 essentiam
2039 2143 2204 2210 pater
2233 2140 2288 2192 et

654 2233 832 2294 natus,
855 2229 1019 2285 dator
1051 2236 1110 2286 et
1140 2231 1332 2285 datus.
1357 2231 1584 2285 Tantus
1621 2233 1710 2284 est
1744 2227 1839 2284 ille
1871 2227 1972 2300 qui
2001 2229 2172 2282 datus
2203 2230 2291 2282 est

653 2322 891 2387 quantus
920 2323 1008 2374 est
1037 2318 1136 2374 ille
1163 2337 1196 2374 a
1228 2336 1341 2390 quo
1391 2318 1563 2373 datus
1595 2322 1701 2372 est.
1734 2318 1802 2372 Et
1833 2316 2023 2388 qualis
2056 2321 2145 2371 est
2194 2313 2290 2369 ille

654 2406 742 2476 qui
775 2407 1004 2478 genitus
1034 2412 1145 2472 est,
1172 2407 1308 2462 talis
1341 2412 1428 2462 est
1457 2407 1552 2460 ille
1579 2423 1612 2460 a
1633 2422 1748 2478 quo
1770 2405 2001 2477 genitus
2033 2409 2140 2460 est.
2167 2405 2290 2458 Non

606 2541 608 2548 .
656 2497 933 2564 praecessit
958 2501 1220 2568 tempore
1251 2496 1506 2568 genitor;
1532 2512 1644 2549 non
1671 2499 1759 2548 est
1782 2493 2038 2564 genitore
2061 2493 2291 2563 genitus

661 2583 902 2638 inferior.
923 2585 1322 2657 Ejusdemque
1353 2583 1867 2654 naturar,potentiae
1891 2587 1948 2637 et
1969 2581 2294 2651 majestatis

605 2691 609 2728 ι
663 2671 904 2728 creditur
923 2678 977 2728 et
999 2674 1352 2747 praedicatur
1375 2672 1628 2744 Spiritus
1663 2676 1920 2736 sanctus,
1945 2687 2060 2742 quo
2093 2685 2292 2740 super-

605 2783 610 2818 ε
664 2759 910 2815 veniente
932 2761 1458 2832 suscepitVerbum
1480 2761 1573 2814 Dei
1594 2759 1974 2814 sanctissimae
1997 2763 2054 2812 et
2069 2773 2298 2828 semper

606 2871 610 2906 ε
669 2846 908 2918 Virginis
931 2851 1342 2920 uterus,cujus
1360 2848 1715 2919 singularem
1742 2853 1970 2918 partum
1992 2846 2298 2902 universus

605 2941 612 2996 ξ
669 2931 826 2991 hodie
857 2938 1056 2994 recolit
1088 2939 1364 2993 mundus.
1390 2938 1586 2992 Tantae
1619 2936 1774 2991 enim
1814 2935 1890 2990 rei
1939 2940 2174 3006 tamque
2209 2935 2299 2988 di-

606 3049 612 3102 ;
667 3020 940 3081 vinissimi
971 3026 1234 3100 mystcrii
1273 3031 1330 3082 et
1368 3023 1680 3081 ineﬂ'abilis
1711 3023 2058 3080 sacramenti
2089 3023 2295 3094 gratia,

607 3162 612 3172 ,
667 3124 772 3164 non
804 3111 992 3169 solum
1023 3117 1086 3171 in
1110 3113 1279 3171 terris
1300 3113 1596 3168 exsultant
1617 3113 1795 3184 justi;
1821 3113 1916 3168 sed
1947 3111 2120 3166 etiam
2143 3127 2301 3166 sum-

666 3213 764 3250 mae
795 3199 1113 3258 divinitatis
1140 3203 1198 3257 in
1227 3201 1498 3257 excelssis
1526 3201 1848 3272 tripudiant
1880 3199 2156 3255 ministri.

2382 631 2594 688 Christi
2627 636 2872 706 ejusque
2903 634 3097 691 divina
3143 641 3199 692 et
3243 636 3745 712 incircumscripta
3773 659 4022 714 praesen-

2382 721 2484 788 tia,
2511 721 2746 780 ductilis
2777 723 2876 779 illa
2895 723 3149 781 caelestis
3181 725 3515 799 magnivoce
3536 736 3843 802 concrepat
3865 733 4025 800 tuba,

2379 815 2538 868 Jesus
2567 811 2832 888 Christus,
2857 812 3072 885 inquit,
3091 815 3212 870 heri
3239 823 3291 871 et
3311 815 3486 882 hodie,
3514 819 3626 888 ipse
3645 822 3698 874 et
3719 820 3775 874 in
3799 823 4024 877 saecula.

2382 899 2452 954 Et
2482 899 2536 953 in
2571 887 2685 954 alio
2716 900 2840 956 loco
2872 901 3140 958 Davidico
3166 919 3312 960 usus
3340 887 3692 961 testimonio.
3723 909 3794 962 Tu
3823 916 4026 978 autem,

2383 986 2594 1059 inquit,
2624 987 2765 1043 idem
2797 991 2910 1061 ipse
2939 1007 3010 1056 es,
3043 998 3094 1046 et
3120 993 3260 1047 anni
3280 995 3364 1048 tui
3382 1010 3492 1048 non
3527 993 3793 1065 deﬁcient.
3821 995 3886 1051 Et
3909 997 4031 1070 ipse

2385 1076 2647 1133 Salvator
2669 1078 2726 1132 in
2752 1079 3060 1152 Evangelio
3082 1081 3154 1136 ad
3175 1080 3428 1137 Judaeos.
3444 1084 3739 1156 Antequam
3758 1085 4034 1142 Abraham

2383 1167 2535 1237 ﬁeret
2560 1183 2654 1238 ego
2683 1184 2823 1222 sum.
2856 1169 2961 1224 Sed
2995 1169 3130 1240 quia
3159 1175 3290 1225 ante
3315 1171 3628 1242 Abraham,
3662 1177 3717 1228 et
3748 1177 3812 1228 ut
3841 1174 4033 1231 verius

2385 1253 2596 1323 dicam,
2631 1260 2763 1312 ante
2815 1273 3047 1312 omnem
3106 1263 3428 1314 creaturam
3459 1277 3689 1334 semper
3733 1279 3864 1318 cum
3915 1263 4032 1319 Deo

2386 1343 2551 1398 Patre
2609 1359 2738 1398 esse
2796 1344 3142 1400 aeternaliter
3187 1345 3414 1413 habuit,
3448 1347 3518 1403 de
3568 1348 3788 1405 semine
3837 1353 4033 1406 tamen

2387 1430 2629 1486 Abrahae
2662 1431 2821 1486 nasci
2851 1433 3248 1504 temporaliter
3275 1433 3476 1490 voluit.
3505 1435 3746 1492 Abrahae
3777 1454 4031 1510 namque

2390 1536 2424 1574 ο.
2452 1519 2567 1574 Deo
2597 1520 2762 1574 Patre
2793 1519 3010 1577 dictum
3044 1526 3131 1576 est
3157 1539 3168 1577 :
3203 1524 3260 1578 In
3292 1525 3498 1580 semine
3525 1533 3614 1580 tuo
3655 1527 4033 1582 benedicentur

2389 1624 2570 1662 omnes
2599 1617 2779 1676 gentes
2809 1617 2990 1666 terra}.

2433 1697 2876 1766 -Hujuscemodi
2907 1699 3080 1754 etiam
3123 1697 3532 1771 promissionis
3583 1701 3812 1776 insigne
3861 1703 4034 1774 privi-

2387 1779 2608 1856 legium
2667 1785 2870 1840 bcalus
2929 1785 3106 1844 David
3168 1787 3498 1859 patriarcha
3558 1791 3897 1862 promeruit,
3943 1791 4037 1847 cui

2391 1871 2547 1927 Deus
2580 1873 2764 1938 Pater,
2799 1873 3018 1928 incerta
3047 1879 3102 1930 et
3133 1875 3360 1931 occulta
3390 1877 3684 1948 sapientiae
3711 1895 3828 1933 sua
3856 1880 4038 1935 mani-

2396 1961 2681 2027 t‘estando,
2715 1961 2859 2016 dixit
2890 1978 2904 2017 :
2937 1965 3012 2019 De
3039 1965 3226 2034 fructu
3271 1967 3474 2020 ventris
3505 1968 3590 2020 tui
3630 1982 3829 2038 ponam
3876 1957 4044 2040 Super

2393 2049 2570 2104 sedem
2622 2066 2812 2106 meam.
2852 2050 2970 2107 lloc
3020 2053 3214 2124 ipsum
3266 2053 3550 2110 Jeremias
3612 2055 3894 2127 propheta
3948 2075 4041 2112 as-

2397 2136 2581 2192 seruit
2611 2136 2708 2192 ubi
2757 2138 2898 2194 dicit
2926 2155 2937 2194 :
2971 2140 3101 2196 Ecce
3127 2143 3241 2197 dies
3271 2144 3516 2210 veniunt,
3545 2143 3684 2198 dicit
3735 2144 4039 2213 Dominus,

2395 2233 2446 2281 et
2474 2226 2744 2281 suscitabo
2775 2229 2944 2282 David
2988 2245 3209 2298 germen
3246 2231 3480 2302 justum.
3513 2231 3702 2303 Hujus
3747 2233 3904 2289 enim
3939 2251 4042 2290 no-

2398 2313 2667 2370 bilissimi
2719 2315 3000 2384 germinis
3054 2317 3570 2389 magniﬁcentiam,
3611 2325 3668 2375 et
3714 2320 4040 2378 dulcissimi

2401 2404 2624 2457 fructus
2673 2404 3094 2460 sublimitatem
3127 2412 3183 2461 et
3224 2407 3646 2474 excellentiam,
3681 2407 3860 2465 Isaias
3909 2426 4040 2481 pro-

2401 2491 2575 2560 pheta
2605 2492 3003 2560 considerans,
3036 2494 3252 2565 Spiritu
3300 2500 3500 2550 sancto
3546 2501 3868 2566 praeventus
3898 2514 4040 2568 pras-

2403 2579 2727 2644 nuntiabat,
2762 2579 2961 2635 dicens
2995 2599 3008 2636 :
3041 2586 3107 2638 In
3151 2583 3239 2638 dic
3287 2583 3386 2638 illa
3441 2585 3547 2639 erit
3589 2601 3806 2654 germen
3853 2585 4043 2641 domus

2405 2669 2632 2722 Domini
2679 2670 2737 2722 in
2781 2671 3190 2740 magniﬁcentia
3218 2679 3268 2726 et
3303 2675 3513 2742 fructus
3556 2680 3721 2729 terra?
3764 2675 4040 2730 sublimis.

2406 2756 2471 2810 Hi
2502 2773 2634 2811 vero
2664 2757 2798 2821 duo,
2821 2757 2918 2828 qui
2950 2776 3062 2830 prae
3113 2759 3332 2814 caeteris
3365 2761 3628 2830 patribus
3677 2761 3748 2816 de
3797 2763 4043 2818 adventu

2404 2843 2718 2899 Salvatoris
2743 2846 3190 2916 promissionem
3211 2849 3576 2920 apertissime
3597 2856 3962 2922 acceperunt,
3986 2850 4045 2906 in

2405 2931 2792 3002 descriptione
2807 2935 2966 2988 Domi
2975 2935 3114 2989 uicae
3127 2935 3760 3005 generationis,secund
3772 2955 3865 2993 um
3879 2955 4048 2995 evan-

2406 3018 2670 3091 gelistam
2698 3021 3055 3090 Matthanum,
3080 3023 3334 3094 primum
3362 3028 3420 3079 et
3449 3023 3824 3097 principalem
3854 3026 4046 3083 locum

2407 3107 2580 3178 digne
2602 3115 3066 3178 promeruerunt,
3091 3111 3261 3181 cujus
3282 3111 3582 3168 exordium
3609 3113 3720 3170 tale
3740 3119 3862 3171 est:
3885 3116 4050 3171 Liber

2407 3197 2772 3262 generationis
2801 3201 2933 3254 Jesu
2978 3199 3206 3267 Christi,
3238 3201 3350 3269 ﬁlii
3371 3198 3565 3270 David,
3596 3202 3707 3272 ﬁlii
3749 3203 4042 3260 Abraham.

729 3286 839 3342 Nos
868 3306 1000 3363 ergo
1031 3291 1168 3346 licet
1215 3289 1467 3362 prepriis
1497 3289 1830 3344 excessibus
1879 3288 2122 3361 gravati,
2155 3304 2295 3359 prae-
2324 3272 2368 3338 C
2406 3283 2504 3337 His
2537 3285 2717 3338 sacris
2748 3285 3112 3357 evangelista;
3134 3287 3324 3343 verbis
3346 3288 3696 3343 conveniunt
3719 3293 3775 3344 et
3805 3290 4047 3362 prophe-

603 3391 613 3443 ξ
665 3387 1004 3447 occupemus
1029 3380 1234 3436 faciem
1257 3379 1316 3434 in
1339 3379 1701 3434 confessione
1720 3378 1968 3442 Domini,
1991 3382 2047 3432 et
2069 3377 2125 3430 in
2149 3374 2300 3449 psal-

666 3463 768 3517 mis
789 3465 1113 3534 jubilemus
1145 3468 1217 3524 ei.
1247 3468 1609 3524 Assistamus
1639 3466 1690 3522 ei
1733 3465 1940 3521 humili
1973 3465 2292 3530 devotione,

603 3585 612 3622 ε
665 3553 722 3603 ut
746 3551 864 3622 ipse
893 3557 1062 3615 nobis
1091 3558 1245 3614 adsit
1277 3557 1372 3630 pia
1415 3555 1808 3620 miseratione,
1832 3560 1895 3610 ut
1931 3555 2174 3610 ﬁdenter
2204 3553 2298 3608 di-

604 3657 611 3710 ξ
664 3651 876 3697 camus.
907 3646 1085 3702 Adest
1117 3646 1318 3718 utique
1350 3645 1520 3702 nobis
1549 3643 1670 3717 qui,
1706 3649 1768 3699 ut
1798 3645 2018 3699 dictum
2055 3649 2164 3713 est,
2195 3660 2297 3697 na-

604 3763 612 3798 τ
662 3727 750 3781 tus
779 3733 833 3784 et
862 3732 1034 3792 datus
1082 3740 1170 3792 est
1218 3733 1406 3790 nobis.
1441 3733 1640 3789 Aderit
1669 3732 1869 3806 procul
1902 3732 2081 3788 dubio
2131 3730 2299 3787 nobis

603 3849 609 3888 ε
661 3811 952 3891 Dominus,
974 3823 1249 3897 idemque
1271 3828 1430 3879 totus
1454 3823 1669 3894 ubique
1693 3821 2015 3878 secundum
2042 3819 2298 3876 divinam

663 3908 920 3964 naturam
989 3913 1263 3968 omnibus
1333 3912 1580 3967 habetur
1643 3911 1702 3965 in
1765 3911 1928 3966 locis.
1978 3909 2083 3974 Qui
2142 3909 2297 3964 enim

663 3996 971 4054 secundum
1012 3999 1581 4072 incircumscriptam
1629 3998 2020 4054 substantiam
2071 4015 2300 4068 semper

663 4073 826 4136 habet
875 4103 1020 4154 esse,
1051 4108 1164 4146 non
1226 4094 1413 4160 potest
1475 4089 1644 4144 nobis
1703 4087 2124 4143 famulantibus
2183 4103 2297 4141 non

603 4203 608 4238 ,
663 4165 876 4240 adesse,
909 4177 1065 4235 sicut
1113 4179 1238 4252 ipse
1287 4177 1590 4250 discipulis
1643 4177 1765 4233 suis
1813 4177 2001 4232 dixit:
2037 4178 2167 4230 Ecce
2196 4192 2298 4248 ego

605 4293 609 4330 θ
661 4255 923 4318 vobiscum
949 4283 1094 4331 sum,
1127 4268 1378 4324 omnibus
1407 4267 1598 4322 diebus
1632 4282 1796 4337 usque
1844 4265 1914 4320 ad
1959 4280 2298 4321 consumma-

603 4383 608 4420 ,
660 4341 854 4402 tionem
882 4357 1095 4412 amenti.
1127 4357 1186 4412 Si
1219 4356 1496 4412 omnibus
1529 4355 1756 4421 diebus,
1787 4351 2058 4408 lidelibus
2088 4351 2211 4408 suis
2237 4367 2299 4408 se

604 4457 608 4508 ἱ
661 4434 922 4495 PPOmisit
967 4445 1331 4513 adfuturum,
1365 4447 1582 4516 quanto
1613 4441 1800 4514 magis
1833 4441 1924 4497 die
1955 4441 2045 4497 sui
2089 4441 2299 4496 natalis

604 4559 607 4594 ρ
660 4517 820 4604 nobis
837 4527 946 4583 erit
965 4534 1328 4604 praesentior,
1348 4534 1395 4589 si
1421 4531 1604 4589 nostri
1629 4529 2027 4588 famulaminis
2049 4530 2300 4586 servitus

2404 3376 2596 3427 tarum
2629 3372 2862 3429 oracula
2905 3381 2961 3430 et
3001 3374 3318 3448 apostolica
3347 3377 3538 3432 verba.
3572 3377 3733 3440 Quod
3766 3379 4048 3435 Mediator

2407 3461 2506 3514 Dei
2539 3467 2595 3516 et
2625 3462 2928 3518 hominum
2957 3480 3024 3518 ex
3055 3466 3275 3520 semine
3303 3467 3544 3521 Abrahae
3576 3468 3897 3523 secundum
3929 3486 4048 3524 car-

2405 3566 2539 3604 nem
2571 3556 2743 3606 natus
2766 3551 2860 3618 sit,
2887 3551 3067 3609 Isaias
3090 3553 3370 3626 propheta
3393 3555 3868 3613 manifestissime
3890 3575 4045 3613 com-

2406 3639 2683 3696 mendare
2713 3641 2960 3708 studuit,
2984 3658 3050 3698 ex
3083 3659 3332 3714 persona
3370 3643 3473 3700 Dei
3503 3644 3692 3700 Patris
3721 3645 3958 3702 dicens:
3983 3647 4049 3702 Et

2403 3728 2501 3793 sic,
2526 3727 2711 3796 Israel,
2733 3745 2884 3785 serve
2913 3746 3084 3798 meus,
3105 3731 3268 3788 Iacob
3298 3748 3456 3804 quem
3483 3733 3641 3804 elegi,
3669 3751 3851 3791 semen
3881 3735 4049 3790 Abra-

2406 3815 2533 3870 ham
2560 3819 2731 3872 amici
2775 3820 2904 3889 mei,
2935 3820 2993 3874 in
3044 3835 3148 3891 quo
3195 3821 3527 3893 apprehendi
3566 3829 3636 3878 te.
3668 3823 3737 3878 Et
3783 3823 4052 3896 egregius

2409 3905 2752 3975 praedicator
2779 3907 2837 3962 in
2888 3907 3143 3978 Epistola
3174 3909 3243 3964 ad
3286 3909 3552 3966 Hebraeos
3580 3909 3661 3966 ita
3707 3911 3928 3977 scribit,
3961 3913 4052 3966 di-

2407 4010 2568 4048 cens:
2587 3998 2865 4066 Nusquam
2883 3997 3101 4067 angelos
3120 3997 3492 4067 apprehendit,
3510 3998 3600 4052 sed
3617 4015 3796 4053 semen
3819 3999 4053 4055 Abrahae

2406 4081 2779 4152 apprehendit.
2805 4083 2873 4137 Et
2895 4083 3050 4153 quod
3077 4083 3148 4138 de
3168 4085 3386 4138 semine
3403 4084 3580 4139 David
3607 4089 3779 4140 natus
3801 4085 3898 4153 sit,
3925 4086 4049 4157 ipse

2408 4169 2606 4224 doctor
2632 4169 2901 4242 egregius
2931 4171 3003 4226 ad
3044 4171 3336 4226 Romanos
3368 4171 3629 4227 scribens
3677 4171 3760 4229 ita
3807 4190 4050 4230 exorsus

2407 4259 2514 4325 est,
2563 4255 2835 4326 inquiens
2866 4274 2878 4312 :
2913 4257 3139 4322 Paulus,
3171 4274 3358 4314 servus
3403 4263 3534 4316 Jesu
3581 4259 3803 4330 Christi,
3835 4269 4052 4317 vocatus

2406 4344 2694 4415 apostolus,
2724 4354 3038 4417 segregatus
3093 4347 3152 4401 in
3205 4347 3560 4416 Evangelium
3590 4350 3705 4414 Dei,
3738 4349 3879 4420 quod
3926 4357 4054 4405 ante

2401 4434 2728 4504 promiserat
2751 4451 2851 4506 per
2873 4435 3162 4506 prophetas
3179 4451 3301 4492 suos
3332 4437 3391 4491 in
3410 4437 3712 4508 Scripturis
3755 4439 3958 4493 sanctis
3986 4436 4053 4494 de

2406 4522 2548 4578 Filio
2577 4537 2691 4586 suo,
2715 4524 2812 4594 qui
2845 4524 3022 4594 factus
3049 4531 3128 4579 est
3151 4525 3205 4580 ei
3229 4540 3299 4579 ca:
3326 4526 3532 4580 semine
3561 4525 3730 4581 David
3757 4525 4054 4582 secundum

604 4647 606 4682 ε
658 4601 704 4702 (ii
727 4605 899 4668 fuerit
933 4601 1288 4694 promptior!
1312 4601 1427 4687 Qui
1461 4637 1562 4692 per
1591 4618 1959 4676 Salomonem
1993 4617 2252 4689 loquitur
2283 4633 2296 4672 ε
2329 4638 2377 4702 D
2405 4626 2644 4702 carnem.
2671 4611 2838 4702 Etiad
2865 4611 3236 4667 Timotheum
3268 4613 3530 4668 scribens
3561 4613 3642 4669 ait
3670 4631 3682 4669 :
3708 4618 3922 4671 Memor
3945 4622 4053 4670 esto

604 4737 606 4770 ε
658 4690 757 4760 E90
783 4714 853 4754 ex
883 4719 973 4761 ore
1003 4690 1275 4767 Altissimi
1287 4690 1524 4782 ργοιιίιῖί,
1545 4710 1908 4780 primogenita
1938 4714 2063 4762 ante
2087 4722 2297 4762 omnem
2329 4690 2372 4702 ”
2406 4701 2701 4754 Dominum
2727 4701 2907 4756 Iesum
2937 4702 3296 4757 reSurrexisse
3319 4719 3350 4757 ιι
3377 4703 3610 4758 mortuis
3637 4718 3707 4758 ea:
3727 4705 3933 4759 semine
3954 4704 4055 4759 Da-

655 4789 996 4869 creaturam;
1027 4799 1097 4855 Et
1148 4800 1358 4855 iterum
1397 4816 1408 4854 :
1442 4799 1703 4854 Dominus
1729 4796 1964 4869 possedit
2009 4811 2096 4852 me
2144 4797 2304 4852 initio

656 4868 868 4965 viarum
895 4897 1144 4956 suarum,
1165 4893 1460 4960 antequam
1491 4868 1786 4958 quidquam
1815 4887 2014 4955 [iaceret
2044 4903 2074 4939 a
2099 4885 2304 4955 princi-

653 4968 760 5045 Ιζξο,
792 4975 920 5023 ante
960 4978 1186 5043 saecula,
1219 4977 1478 5033 ordinata
1523 4993 1662 5030 sum.
1699 4975 1764 5028 Et
1793 4973 1894 5045 qui
1945 4991 2046 5045 per
2097 4971 2303 5027 Isaiam

661 5039 796 5132 dicit
831 5067 843 5104 :
880 5055 1085 5118 Caelum
1130 5039 1182 5121 et
1237 5073 1443 5120 terram
1491 5078 1588 5131 ego
1631 5039 1846 5132 impleo,
1879 5039 2134 5114 mirabili
2189 5075 2308 5113 sua:

657 5125 1058 5225 dispositionis
1081 5153 1358 5225 mysterio
1377 5155 1550 5206 natus
1572 5149 1742 5206 hodie
1765 5148 2002 5220 ponitur
2021 5146 2080 5202 in
2103 5163 2306 5218 praese-

657 5215 768 5287 βίον
791 5224 972 5289 Quem
999 5215 1272 5298 Salomon
1295 5239 1550 5297 ostendit
1568 5243 1701 5294 ante
1723 5215 1935 5293 saecula
1954 5215 2302 5290 azt-ernaliter

655 5308 958 5374 exstitisse.
985 5323 1167 5386 Isaias
1197 5330 1454 5386 afﬁrmat
1483 5325 1646 5382 nullo
1677 5326 1802 5381 loco
1823 5325 2042 5380 deesse.
2068 5321 2167 5378 Ille
2199 5322 2298 5393 qui

655 5403 879 5490 sf’mpet‘
907 5415 998 5466 est
1027 5420 1085 5470 et
1114 5419 1335 5490 ubique
1367 5433 1480 5472 non
1516 5417 1705 5487 potest
1729 5412 1898 5469 nobis
1930 5412 2148 5466 deesse.
2178 5413 2297 5465 Au.

608 5503 611 5506 '
655 5475 852 5578 191116?
879 5493 996 5553 dixi
1033 5519 1045 5558 :
1081 5523 1196 5562 non
1225 5475 1435 5578 potest.
1471 5475 1738 5560 Pbtenter
1766 5501 1874 5556 hoc
1921 5515 2036 5554 non
2085 5502 2296 5569 potest.

655 5561 808 5664 :I‘alis
836 5561 1295 5656 impotentiae‘st
1315 5590 1753 5664 omnipotentia.
1781 5589 1897 5644 Ista
1923 5561 2300 5658 impossibili-

653 5652 738 5713 tas
771 5669 856 5722 est
887 5652 1124 5738 summa
1152 5652 1532 5757 possibilitas.
1555 5679 1736 5748 Quam
1770 5675 1888 5735 sint
1917 5652 2050 5734 vera
2077 5677 2134 5730 et
2163 5673 2299 5731 ﬁde-

2411 4787 2520 4852 vid,
2551 4787 2844 4843 secundum
2872 4790 3239 4858 Evangelium
3266 4807 3465 4846 meum.
3489 4790 3764 4863 Quisquis
3789 4791 4053 4865 ignoran-

2412 4877 2504 4932 tiae
2534 4877 2789 4932 tenebris
2825 4877 3106 4934 liberatus
3151 4882 3207 4934 et
3255 4880 3384 4934 ﬁdei
3433 4879 3653 4936 lumine
3700 4879 4054 4952 illustratus,

2411 4964 2472 5020 in
2512 4965 2818 5036 Evangelio
2863 4965 3071 5022 Filium
3117 4966 3216 5022 Dei
3265 4966 3450 5022 ﬁlium
3498 4967 3674 5022 David
3722 4967 4052 5040 appellavit,

2416 5070 2530 5109 non
2557 5053 2745 5109 solum
2767 5054 3086 5126 spirituale,
3111 5055 3210 5111 sed
3236 5055 3408 5110 etiam
3432 5055 3728 5127 corporale
3750 5057 3947 5113 lumen
3973 5075 4056 5114 re-

2415 5143 2605 5213 cipere
2626 5142 2858 5197 meruit.
2879 5141 3014 5198 Vult
3029 5159 3089 5198 se
3111 5143 3393 5199 Dominus
3407 5143 3674 5200 Christus
3695 5144 3796 5200 tali
3819 5147 4055 5202 nomine

2405 5230 2619 5296 vocari,
2643 5230 2782 5302 quia
2813 5230 2922 5285 scit
2952 5247 3064 5286 non
3088 5249 3216 5288 esse
3247 5231 3406 5288 aliud
3439 5249 3650 5288 nomen
3684 5233 3743 5289 in
3775 5251 3890 5306 quo
3921 5253 4052 5308 pos-

2407 5319 2484 5374 sit
2515 5319 2771 5373 mundus
2815 5317 3046 5374 salvari.
3079 5319 3193 5375 Nos
3227 5336 3385 5393 ergo,
3412 5319 3776 5377 dilectissimi
3823 5323 4048 5388 fratres,

2407 5411 2472 5462 ut
2499 5407 2570 5462 ab
2603 5406 2728 5478 ipso
2761 5405 2862 5476 qui
2893 5411 2983 5461 est
3024 5405 3287 5463 Salvator
3334 5424 3662 5464 mereamur
3692 5409 3928 5478 salvari,
3959 5409 4050 5464 di-

2405 5510 2610 5549 eamus
2630 5509 2854 5558 omnes,
2869 5493 3134 5550 dicamus
3154 5495 3371 5569 singuli
3396 5513 3408 5552 :
3435 5494 3695 5566 Domine,
3712 5496 3793 5550 fili
3845 5495 4044 5562 David,

2406 5582 2680 5638 miserere
2711 5581 2908 5638 nostri.
2945 5583 3150 5638 Amen.
