4984 6570
1470 435 1584 492 995
2393 429 2455 488 S.
2505 427 2863 489 ODlI.0.\'lS
2909 425 3466 486 Cl.l'.\'lACENSlS
3512 424 3840 488 ABBATlS
3887 427 3958 486 V.
4786 429 4906 487 996

2118 560 2357 615 SEltMt)
2400 560 2466 615 ll.

1957 667 2026 704 DE
2065 667 2364 704 El’ll’llANIA
2407 667 2628 702 lJHMlNl.

1541 741 1585 795 Ο
1610 741 1862 794 fraterna
1884 737 2138 793 Charitas
2161 743 2216 792 et
2237 742 2345 792 Deo
2368 742 2531 808 grata
2553 736 2819 802 societas,
2841 737 2988 792 scire
3012 755 3116 792 nos

1469 833 1694 900 oportet
1715 827 1853 900 quia
1883 826 2180 898 praesentis
2203 825 2312 879 diei
2340 825 2639 892 festivitas,
2668 843 2791 896 quae
2815 827 2884 880 de
2907 828 3114 881 allec-tu

1469 918 1773 989 Magorum
1792 915 2284 986 devotionemjam
2301 914 2629 968 declarabat
2650 915 3115 984 gentilium,aliis

1469 1012 1556 1062 est
1585 1006 1757 1061 etiam
1786 1005 2051 1060 decorata
2084 1003 2393 1075 mysteriis,
2420 1021 2484 1057 ac
2519 1003 2944 1074 multiplicibus
2975 1006 3110 1058 sub-

1472 1095 1602 1150 nixa
1626 1093 2022 1167 privilegiis,et
2045 1093 2171 1146 ideo
2195 1109 2295 1164 per
2321 1098 2505 1146 totum
2526 1093 2722 1147 orbem
2749 1093 2953 1146 merito
2979 1111 3115 1164 prm-

1467 1184 1693 1239 dicatur
1722 1181 1982 1237 celebris.
2017 1180 2194 1235 Hodie
2230 1197 2483 1252 namque
2515 1181 2904 1234 ministerium
2940 1182 3110 1250 virgi-

1466 1272 1552 1328 nei
1589 1275 1807 1344 partus,
1830 1275 1886 1325 et
1915 1269 2196 1341 gaudium
2230 1268 2514 1323 Dominici
2549 1269 2759 1322 natalis
2787 1269 3114 1324 declaratur

1461 1366 1674 1433 aperte,
1700 1360 1864 1432 signo
1888 1359 2016 1414 novi
2041 1363 2097 1412 et
2121 1357 2408 1429 perspicui
2435 1357 2663 1412 sideris.
2689 1357 2932 1411 Claritas
2955 1359 3109 1413 enim

1459 1451 1576 1517 Dei,
1607 1466 1757 1522 quae,
1791 1447 1944 1503 sicut
1983 1446 2358 1518 Evangelium
2401 1445 2678 1516 loquitur,
2717 1451 2848 1499 nato
2881 1447 3109 1501 Christo

1458 1545 1720 1612 pastores
1741 1535 2156 1600 eircumfulsit,
2183 1536 2252 1589 de
2286 1535 2523 1589 remotis
2557 1541 2720 1588 terra:
2753 1537 3014 1606 partibus
3038 1538 3105 1590 ad

1459 1627 1806 1700 prmsepium
1840 1625 1980 1678 illud
2012 1624 2182 1678 hmlie
2207 1624 2405 1694 Magos
2429 1624 2688 1688 adduxit,
2716 1624 2912 1694 inquo
2937 1625 3107 1692 Virgo

1461 1732 1745 1788 puerpera
1777 1715 1958 1768 Deum
1996 1715 2274 1767 infantem
2309 1713 2522 1783 posuit.
2551 1713 2701 1766 Deus
2723 1717 2808 1766 est
2839 1714 2936 1784 qui
2972 1721 3106 1768 tunc

1460 1806 1517 1860 in
1551 1805 1786 1859 homine
1820 1803 2187 1864 nascebatur,
2216 1801 2390 1855 homo
2420 1806 2508 1855 est
2541 1801 2636 1871 qui
2670 1819 2702 1854 a
2735 1801 2848 1855 Deo
2882 1819 3105 1856 assum-

1461 1896 1618 1964 ptus,
1633 1890 1806 1946 hodie
1823 1907 1854 1944 a
1873 1889 2058 1959 Magis
2075 1889 2368 1942 adoratur.
2386 1889 2607 1941 Miraris
2628 1889 2864 1942 forsitan
2890 1891 3103 1942 dixisse

1462 1998 1552 2036 me
1587 1982 1764 2036 Deum
1799 1978 1853 2032 iu
1885 1977 2120 2032 homine
2146 1982 2365 2040 natum,
2384 1976 2470 2030 vel
2507 1977 2796 2030 hominem
2823 1995 2853 2030 a
2879 1979 2988 2030 lJeo
3012 1998 3102 2031 as-

1459 2073 1786 2140 sumptum.
1812 2066 1954 2121 Audi
1976 2066 2315 2138 .\postolum
2341 2065 2650 2129 dicentem,
2677 2065 2788 2118 Vas
2811 2067 3107 2121 electionis

1460 2159 1574 2214 Deo
1613 2157 1868 2230 plenum.
1894 2157 2036 2212 Deus
2064 2163 2180 2209 erat
2207 2157 2262 2208 in
2295 2156 2524 2219 Cluisto,
2557 2155 2820 2209 mundum
2871 2160 3106 2210 reconci-

1459 2249 1604 2303 lians
1632 2247 1756 2301 sibi.
1787 2247 1858 2300 De
1886 2245 1991 2299 hoc
2016 2244 2076 2298 B.
2100 2245 2463 2314 Augustinus
2490 2245 2564 2297 ita
2597 2246 2795 2312 St'nllt,
2825 2251 2872 2298 et
2905 2246 2957 2298 in
2983 2247 3105 2299 suis

1455 2336 1664 2392 litteris
1687 2335 1970 2405 scriptum
1999 2332 2250 2404 reliquit.
2272 2337 2419 2386 Deus
2443 2339 2562 2387 erat
2591 2334 2642 2386 in
2666 2334 2913 2398 tlhristo,
2942 2353 3106 2388 mun—

1453 2428 1592 2480 dum
1629 2423 2008 2480 reconcilians
2043 2421 2174 2476 sibi.
2201 2423 2353 2476 Deus
2376 2421 2642 2475 occultus
2665 2439 2732 2476 ex
2771 2423 2883 2476 Deo
2908 2424 3102 2489 Patre;

1453 2517 1626 2570 homo
1649 2513 1995 2569 manifestus
2019 2529 2084 2566 ex
2109 2511 2343 2565 homine
2364 2511 2800 2581 virgine.Quem
2827 2528 3104 2581 cognove-

1452 2610 1589 2661 runt
1632 2607 1916 2676 pastores,
1948 2600 2152 2670 angelo
2197 2600 2460 2664 docente,
2496 2601 2882 2653 adoraverunt
2931 2600 3100 2670 Magi,

1451 2691 1624 2747 stella
1649 2706 1796 2746 nova
1825 2689 2096 2742 ducente.
2123 2688 2282 2749 Quod
2319 2693 2580 2760 pastores
2612 2688 2848 2757 angelos
2884 2691 3100 2760 vident,

1454 2779 1747 2834 Bethleem
1779 2777 2018 2842 adeunt,
2042 2776 2347 2840 infantem,
2375 2780 2436 2828 ut
2461 2775 2545 2830 eis
2570 2776 2787 2830 dictum
2814 2778 3016 2841 fuerat,
3043 2779 3099 2833 in

1452 2867 1735 2941 prtesepio
1769 2866 2024 2937 positum
2057 2869 2111 2918 et
2151 2864 2362 2935 pannis
2414 2863 2736 2918 involutum
2771 2865 3098 2933 inveniunt;

1451 2956 1804 3010 admonetut
1823 2952 1900 3007 illi
1921 2952 2018 3024 qui
2041 2958 2301 3024 pastores
2317 2959 2454 3006 sunt
2472 2952 2860 3024 spiritualium
2882 2955 3096 3024 ovium,

1451 3061 1555 3118 per
1575 3043 1821 3099 caelestis
1851 3043 1977 3096 vita:
2008 3041 2576 3113 contei'nplationem,
2601 3059 2831 3114 semper
2862 3043 2974 3098 Deo
2998 3046 3097 3098 ad-

1448 3132 1724 3201 hazreant,
1749 3137 1805 3186 et
1835 3132 1904 3186 de
1935 3131 2087 3186 Pane
2120 3130 2218 3185 illo
2249 3131 2346 3202 qui
2381 3130 2437 3184 in
2482 3130 2772 3185 Bethleem
2810 3139 2980 3186 natus
3011 3141 3098 3189 est

1444 3223 1640 3290 edant,
1673 3225 1728 3276 et.
1757 3219 2008 3276 subditis
2057 3220 2252 3291 ipsum
2298 3237 2506 3291 panem
2557 3220 2683 3273 vita:
2739 3222 3093 3277 ministrent.

3142 560 3194 625 Α
3227 557 3357 626 bus,
3392 557 3620 611 advenit
3681 557 3885 627 ingens
3927 575 4137 613 mwror
4177 565 4350 631 atque
4413 558 4690 615 tristitia.
4727 560 4904 622 Quale

3230 646 3332 698 fuit
3365 647 3666 716 gaudium,
3692 647 4058 702 dilectissimi
4091 649 4320 714 fratres,
4343 648 4416 704 de
4439 649 4713 704 adventu
4746 648 4910 702 Chri-

3226 734 3524 803 stijustis,
3555 740 3609 789 et
3640 736 3969 801 exsultatio,
4004 738 4052 792 si
4085 737 4262 791 vultis
4311 738 4383 792 ad
4437 737 4696 810 plenum
4731 737 4906 802 scire,

3225 824 3373 876 beati
3413 824 3574 877 Luem
3606 824 3970 894 evangelista:
4013 825 4357 882 tidelissima
4388 833 4448 882 et
4480 827 4728 882 sincera
4758 845 4910 898 prm-

3226 913 3574 965 ministrabit
3605 913 3940 985 descriptio.
3977 915 4176 980 Qualis
4207 932 4238 970 e
4268 916 4502 971 diverso
4549 915 4778 971 accidit
4819 917 4910 970 in-

3214 1001 3396 1068 justis
3427 1006 3482 1055 et
3517 1002 3735 1072 iniquis
3767 1002 3850 1056 ira
3894 1008 3952 1057 et
3997 1003 4343 1074 indignatio,
4379 1004 4685 1059 hodierna
4716 1005 4908 1059 sancti

3224 1090 3516 1160 Evangelii
3551 1108 3715 1144 sacra
3748 1092 4079 1147 manifestat
4111 1092 4298 1148 lectio.
4323 1095 4512 1158 Quam
4549 1092 4774 1148 timida
4795 1095 4909 1148 fuit

3223 1178 3289 1230 de
3325 1196 3452 1248 rege
3488 1184 3619 1233 nato
3651 1179 3890 1234 llerodis
3929 1180 4111 1252 iniqui
4144 1186 4202 1236 et
4231 1181 4441 1236 anhela
4475 1182 4785 1254 suspicio,
4816 1189 4904 1237 te-

3222 1274 3409 1321 statur
3439 1270 3508 1321 ad
3537 1269 3733 1338 Magos
3769 1269 3952 1340 ipsius
3984 1271 4216 1326 nefandi
4240 1271 4492 1327 subdola
4517 1278 4577 1328 et
4616 1273 4910 1328 formido-

3223 1356 3344 1409 lusa
3378 1356 3612 1410 locutio.
3647 1357 3885 1412 Dicebat
3914 1359 4035 1413 eis:
4061 1363 4144 1414 lle
4176 1368 4227 1414 et
4271 1361 4616 1429 interrogate
4645 1360 4908 1430 diligen-

3220 1454 3302 1498 ter
3347 1446 3412 1498 ile
3458 1462 3646 1516 puero,
3678 1452 3785 1500 etc.
3821 1445 4107 1501 Promittit
4149 1465 4211 1502 se
4241 1448 4546 1504 Christum
4597 1449 4906 1504 subdolus

3219 1534 3479 1595 adorare,
3507 1551 3679 1604 quem
3713 1535 3934 1590 occulte
3977 1535 4324 1591 moliebatur
4353 1537 4652 1604 occidere,
4671 1557 4910 1610 qua-re-

3220 1623 3316 1675 bat
3353 1621 3567 1693 impius
3603 1624 3942 1690 interlicere,
3979 1642 4080 1695 per
4109 1642 4282 1697 quem
4314 1627 4512 1681 omnis
4538 1629 4764 1698 justus
4797 1629 4906 1683 de-

3218 1712 3434 1764 siderat
3463 1712 3649 1766 vivere
3679 1718 3734 1766 et
3773 1714 3897 1768 sine
3928 1731 4042 1784 quo
4071 1732 4242 1769 nemo
4294 1721 4484 1786 potest
4529 1718 4900 1773 subsistere.
4935 1777 4954 1792 υ

3219 1797 3430 1853 Multos
3467 1801 3850 1855 interimenda
3875 1802 4147 1872 perdidit,
4171 1803 4270 1858 sed
4297 1820 4480 1858 unum
4513 1822 4712 1876 quem
4748 1824 4904 1877 quaa-

3217 1890 3375 1940 rebat
3411 1888 3662 1941 invenire
3709 1906 3818 1942 non
3873 1889 4078 1960 potuit,
4116 1907 4229 1944 non
4281 1889 4648 1964 intelligens,
4683 1895 4896 1960 miser,

3216 1982 3416 2030 contra
3439 1995 3497 2030 se
3525 1978 3744 2030 dictum
3774 1994 3784 2030 :
3810 1983 3926 2034 Non
3958 1988 4032 2032 est
4062 1981 4356 2050 sapientia,
4385 1997 4495 2034 non
4527 1989 4612 2036 est
4637 1984 4898 2052 pruden-

3216 2068 3314 2125 tia,
3333 2082 3436 2119 non
3458 2076 3530 2118 est
3551 2069 3840 2119 consilium
3863 2077 4050 2121 contra
4068 2069 4377 2123 Dominum.
4399 2069 4467 2124 Et
4491 2070 4717 2126 beatus
4745 2088 4900 2143 papa.

3215 2155 3526 2221 Gregorius
3551 2156 3691 2207 adeo
3711 2156 4084 2209 concinnatur
4107 2158 4368 2224 festivus,
4387 2157 4442 2212 in
4469 2157 4736 2213 homilia
4761 2177 4902 2231 [διδω-

3217 2244 3397 2295 sentis
3430 2243 3564 2308 diei,
3593 2245 3661 2296 ad
3697 2245 4156 2313 exprobrandam
4191 2246 4578 2300 calliditatem
4635 2247 4894 2303 Herodis

3216 2347 3575 2400 suorumque
3620 2330 3925 2396 similium,
3963 2333 4042 2386 ita
4081 2333 4290 2387 affatus
4340 2339 4448 2401 est,
4479 2335 4699 2390 dicens
4732 2355 4747 2391 :
4785 2338 4892 2400 Qui

3215 2423 3389 2471 lii-um
3429 2422 3555 2472 tiete
3578 2427 3865 2490 qnmrunt,
3891 2421 4145 2476 invenire
4170 2422 4411 2477 minime
4436 2430 4720 2496 possunt.
4745 2428 4894 2491 Quo~

3216 2508 3384 2560 motio
3419 2507 3509 2561 ille
3545 2508 3754 2563 illusus
3793 2509 3996 2578 angelo
4039 2518 4332 2577 monente,
4358 2529 4462 2585 per
4510 2512 4700 2569 aliam
4733 2516 4892 2570 viam

3212 2596 3466 2649 declarat
3501 2597 3797 2664 Magorum
3828 2600 4071 2653 reditus.
4099 2600 4357 2664 Qualiter
4377 2606 4508 2672 post
4531 2601 4890 2659 illusionem

3212 2683 3413 2749 iratus,
3437 2685 3806 2754 parvulorum
3832 2703 3895 2741 ac
3925 2694 4176 2742 matrum
4212 2690 4554 2744 manifestat
4588 2690 4802 2747 luctus
4833 2701 4888 2748 et

3210 2775 3484 2843 gemitus.
3510 2778 3690 2836 Quam
3723 2775 3942 2828 tumide
3975 2794 4035 2830 se
4064 2776 4269 2832 extulit
4292 2784 4498 2833 contra
4529 2782 4884 2842 Dominum.

3209 2862 3465 2916 declarat
3516 2880 3672 2916 mors
3722 2865 3974 2936 pretiosa
4022 2869 4710 2933 sanctorum.Quantum
4768 2873 4882 2925 sibi

3211 2951 3421 3017 malus,
3458 2958 3741 3022 quantum
3778 2954 3901 3008 suis
3935 2955 4246 3026 pessimus,
4268 2956 4358 3010 sui
4391 2973 4793 3031 suorumque,
4821 2967 4884 3014 ut

3211 3047 3437 3110 patrum
3490 3042 3644 3094 dicta
3698 3043 3962 3109 referam,
4007 3043 4449 3099 infelicissimus
4493 3046 4876 3104 demonstrat

3205 3132 3411 3185 exitus.
3434 3132 3693 3186 'l’estium
3717 3133 3925 3187 (.‘hristi
3951 3133 4230 3202 lzetitiam,
4251 3140 4308 3190 et
4331 3135 4564 3207 piorum
4587 3137 4878 3194 innocen-

3208 3225 3330 3272 tum
3362 3219 3807 3275 exsultationem
3839 3227 3895 3275 et
3925 3223 4228 3292 gaudium,
4261 3222 4505 3278 Herodis
4538 3228 4726 3282 etiam
4763 3228 4876 3282 ini-

1441 3311 1602 3374 Quod
1635 3310 1784 3384 Magi
1832 3326 2048 3365 novum
2097 3309 2262 3365 sidus
2309 3313 2613 3364 cernentes
2645 3310 2716 3363 ab
2749 3311 2969 3364 oriente
3003 3329 3091 3364 ve-
3126 3294 3167 3360 C
3207 3325 3573 3379 quiirumque
3596 3309 3858 3363 omnium
3897 3328 4092 3380 pirnas
4113 3316 4167 3364 et
4191 3311 4493 3367 interitum
4521 3314 4711 3370 Isaias
4745 3334 4876 3388 pro-

1443 3399 1633 3468 niunt,
1658 3399 1868 3472 Regem
1893 3403 2098 3453 natum
2128 3399 2733 3470 qurerunt,qua:rendo
2756 3415 2890 3453 cum
2915 3400 3095 3455 Maria

1445 3493 1634 3542 matre
1662 3488 1791 3557 ejus
1823 3486 2128 3541 inveniunt
2155 3492 2211 3540 et
2242 3487 2458 3556 apertis
2488 3486 2782 3541 thesauris
2815 3488 2940 3542 suis
2973 3505 3097 3544 mu-

1447 3592 1590 3630 nera
1615 3575 1883 3640 offerunt,
1908 3575 2183 3628 admonet
2213 3579 2278 3628 ut
2311 3573 2510 3628 ﬁdeles
2531 3591 2736 3630 omnes
2762 3593 2861 3646 per
2883 3583 3092 3630 sancta)

1441 3663 1901 3718 conversationis
1931 3661 2345 3716 exbibitionem
2372 3666 2428 3716 et
2458 3663 2652 3717 activa:
2675 3663 2798 3717 vita:
2830 3671 3090 3720 sanctam

1441 3749 1836 3822 Operationem
1872 3766 2104 3821 semper
2134 3750 2246 3805 Deo
2278 3750 2501 3822 placere
2533 3752 2826 3807 studeant.

1514 3837 2250 3906 Succedunt,dilectissimi
2277 3841 2504 3902 fratres,
2531 3841 2936 3912 spiritualibus
2958 3859 3094 3914 gau-

1443 3928 1557 3984 diis
1595 3926 1922 3999 spiritualia
1953 3927 2189 4000 gaudia,
2217 3929 2400 3984 sacris
2425 3929 2760 4001 junguntur
2788 3931 3090 3986 solemniis

1441 4032 1606 4071 sacra
1635 4015 1938 4072 solemnia.
1979 4016 2112 4070 lnde
2142 4015 2521 4071 cumulantur
2553 4017 2842 4084 ﬁdelibus,
2863 4021 2911 4073 si
2945 4020 3090 4076 bene

1437 4105 1831 4173 considerant,
1871 4106 2116 4161 virtutes
2161 4111 2220 4162 et
2267 4107 2524 4178 prmmia.
2561 4107 2949 4163 Doctissimus
2997 4110 3091 4164 ille

1434 4193 1884 4266 Gregorius,qui
1906 4195 2061 4266 apud
2087 4197 2314 4252 Graecos
2336 4201 2577 4252 vocatur
2598 4196 2951 4269 Theologus,
2975 4216 3091 4254 ser-

1437 4299 1669 4339 monem
1722 4283 1940 4338 faciens
1973 4283 2043 4338 de
2091 4283 2199 4338 hac
2230 4283 2620 4350 solemnitate,
2653 4283 2735 4338 ita
2775 4285 3086 4354 inchoavit,

1435 4371 1633 4428 dicens
1657 4389 1670 4428 :
1694 4371 1868 4428 Jesus
1896 4389 2082 4442 meus,
2098 4377 2155 4427 et
2175 4373 2383 4428 iterum
2415 4372 2778 4446 mysterium.
2804 4374 2926 4429 Non
2955 4381 3089 4430 ante

1437 4459 1691 4517 multum
1733 4462 2016 4534 temporis
2065 4460 2322 4533 spatium
2371 4459 2785 4517 celebravimas
2817 4463 2994 4530 diem,
3028 4465 3085 4519 in

1435 4565 1550 4620 quo
1566 4547 1660 4604 die
1680 4548 1855 4604 homo
1875 4548 2058 4603 factus
2081 4547 2252 4602 exivit
2268 4549 2339 4604 de
2353 4547 2620 4620 virginali
2643 4553 2804 4603 utero
2826 4557 3087 4620 tanquam

3207 3397 3379 3467 pheta
3405 3397 3745 3467 praevidens,
3779 3399 3934 3452 brevi
3968 3401 4255 3454 sententia
4285 3402 4772 3472 comprehendit,
4796 3407 4880 3459 di-

3203 3501 3361 3538 cens.
3396 3485 3602 3539 Atlilent
3645 3489 3802 3540 mites
3836 3489 3889 3540 in
3929 3491 4160 3542 Domino
4207 3489 4485 3554 laetitiam,
4513 3495 4570 3544 et
4598 3509 4880 3564 paupere:

3202 3574 3444 3627 [contines
3476 3576 3530 3627 in
3563 3583 3746 3629 sancto
3777 3577 3951 3631 Israel
3974 3578 4348 3644 exsultabunt,
4372 3583 4644 3649 quoniam
4675 3582 4885 3651 defecit

3201 3665 3297 3733 qui
3316 3664 3667 3733 praevalebat.
3703 3667 3969 3734 Confusus
4015 3673 4092 3721 est
4142 3669 4355 3733 illusor,
4387 3676 4438 3723 et
4485 3673 4698 3725 succisi
4744 3682 4880 3727 sunt

3200 3769 3382 3804 omnes
3408 3755 3509 3823 pui
3541 3755 3844 3820 vigilabant
3874 3772 4037 3825 super
4067 3757 4440 3826 iniquitatem.

3271 3844 3452 3905 Quam
3476 3840 3606 3895 felix
3626 3847 3783 3896 vates
3803 3843 3899 3912 qui
3921 3843 4260 3914 prophetica
4276 3846 4623 3903 auctoritate
4649 3850 4878 3924 impios

3199 3929 3460 3993 damnat,
3492 3935 3547 3983 et
3577 3930 3771 3984 divina
3805 3932 4188 4001 promissione
4233 3933 4360 4005 pios
4391 3946 4763 4003 remunerat,
4791 3949 4874 4002 et.

3201 4022 3263 4070 ut
3296 4016 3375 4070 ita
3395 4017 3609 4084 dicam,
3634 4025 3940 4091 utramque
3973 4027 4194 4092 partem
4230 4022 4538 4078 hominum
4565 4025 4872 4083 bonorum

3198 4111 3254 4160 et
3285 4106 3573 4161 malorum
3606 4109 3894 4179 condigno
3921 4110 4252 4166 charactere
4285 4118 4466 4167 notat.
4491 4113 4536 4168 Ο
4569 4118 4874 4188 prOpbcLa

3201 4194 3509 4262 mirabilis,
3528 4198 3626 4268 qui
3656 4203 3720 4252 ut
3751 4199 3810 4252 Β.
3838 4200 4221 4272 Hieronymus
4245 4201 4406 4264 dieit,
4431 4218 4548 4257 non
4582 4208 4712 4260 tam
4738 4224 4875 4278 pro-

3200 4285 3372 4356 pheta
3401 4285 3684 4340 dicendus
3740 4293 3828 4341 est
3875 4292 4052 4359 quam
4111 4289 4487 4359 evangelista,
4520 4294 4623 4364 qui
4677 4296 4868 4352 etiam

3199 4375 3396 4429 omnia
3427 4381 3635 4428 nostra:
3656 4376 3862 4431 salutis
3893 4379 4168 4450 mysteria
4193 4380 4264 4434 ad
4298 4379 4590 4451 liquidum
4625 4385 4866 4454 pandit,

3198 4461 3312 4517 alia
3333 4463 3525 4517 adhuc
3550 4465 3743 4518 futura
3762 4465 4131 4522 vaticinando
4153 4473 4515 4538 pronuntiat,
4538 4469 4659 4526 alia
4679 4477 4863 4544 quasi

3189 4552 3314 4622 jam
3349 4557 3579 4622 peracto
3610 4554 4059 4624 evangelizando
4089 4557 4382 4628 prazdicat.
4409 4558 4722 4632 Virginem
4757 4581 4866 4634 pa-

1430 4654 1652 4709 sponsus
1684 4637 1975 4710 procedens
2004 4637 2072 4692 de
2099 4637 2338 4692 thalamo
2367 4653 2488 4692 suo.
2523 4637 2702 4691 Hodie
2742 4637 2907 4692 illum
2941 4638 3085 4694 cele-
3118 4658 3164 4723 Ι)
3197 4641 3441 4696 rituram
3475 4641 3779 4712 promittit,
3798 4644 4019 4715 virgam
4043 4645 4112 4700 de
4145 4646 4336 4700 radice
4356 4646 4522 4702 Jesse
4542 4665 4863 4720 processu-

1433 4725 1674 4782 bramus
1704 4727 1860 4782 diem
1903 4726 1959 4780 in
2001 4743 2117 4799 quo
2147 4725 2409 4798 seipsum
2467 4724 2775 4780 manifeste
2833 4725 3087 4783 innotuit

1432 4815 1673 4870 mundo.
1700 4815 1760 4870 In
1787 4814 1888 4870 illo
1919 4815 2013 4870 die
2038 4815 2310 4870 cantibus
2332 4813 2672 4886 angelorum
2697 4820 2786 4868 est
2807 4814 3087 4872 acclama-

1429 4907 1556 4972 tus;
1589 4902 1646 4959 in
1680 4905 1792 4960 isto
1815 4903 1907 4959 die
1930 4905 2234 4977 Magorum
2267 4903 2612 4958 muneribus
2633 4907 2720 4958 est
2741 4903 3079 4962 honoratus.

1431 4991 1592 5048 sicut
1620 4993 1678 5048 in
1703 4992 1800 5048 illo
1822 4993 1916 5048 die
1935 4993 2007 5049 ab
2029 4993 2254 5066 angelis
2278 4991 2616 5048 hominibus
2639 4991 2801 5046 bonae
2827 4993 3084 5048 volunta-

1431 5079 1526 5146 tis,
1559 5086 1704 5137 teste
1734 5080 2064 5152 Evangelio,
2092 5086 2185 5138 est
2227 5098 2337 5153 pax
2375 5079 2742 5148 annuntiata,
2776 5081 2860 5136 ita
2887 5080 3080 5153 hodie,

1430 5167 1704 5223 Davidico
1736 5173 2030 5223 asserente
2059 5169 2316 5234 oraculo,
2347 5169 2439 5223 luv
2469 5169 2589 5224 orla
2618 5177 2696 5224 est
2715 5169 2884 5240 justi:
2911 5179 2964 5224 et
2992 5187 3080 5226 re-

1429 5259 1531 5312 ctis
1560 5255 1718 5310 corde
1750 5255 1972 5309 lwtitia.
1999 5257 2057 5311 Si
2086 5273 2218 5314 vero
2263 5257 2436 5314 rectis
2465 5257 2637 5314 corde
2667 5263 2720 5312 et
2741 5257 2944 5330 justis,
2979 5276 3077 5332 pa-

1432 5343 1694 5399 storibus
1723 5339 1991 5396 videlicet
2027 5349 2084 5398 et
2119 5345 2324 5418 Magis,
2355 5346 2639 5402 Zacharias
2671 5352 2728 5401 et
2758 5346 3075 5418 Elizabetb,

1434 5427 1694 5486 Simeoni
1724 5431 1782 5482 et
1808 5429 2007 5494 Annae,
2031 5435 2089 5486 et
2107 5432 2308 5488 multis
2330 5433 2458 5490 aliis
2483 5435 2687 5490 mundi
2709 5434 2957 5491 salutem
2983 5438 3076 5494 de-

1433 5521 1561 5573 vote
1601 5514 2094 5588 prtestolantibus,
2133 5519 2470 5576 adveniente
2505 5522 2734 5578 Christo
2763 5529 2960 5580 exorta
2987 5533 3078 5582 est

1433 5604 1536 5660 lux
1562 5608 1620 5660 et
1647 5600 1881 5671 laetitia;
1931 5603 2168 5674 injustis
2217 5612 2277 5662 et
2322 5606 2558 5679 iniquis,
2592 5610 2799 5666 llerodi
2831 5613 3074 5682 scilicet,

1435 5691 1658 5753 Scribis
1683 5691 1745 5746 et
1773 5688 1936 5750 Phari
1947 5691 2078 5749 szeis
2100 5692 2283 5767 ipsius
2305 5695 2640 5753 crudelitate
2670 5701 3078 5761 consentienti-

3197 4746 3320 4784 ram
3354 4729 3686 4800 introducit,
3721 4733 4024 4803 parvulum
4072 4735 4239 4790 nobis
4271 4741 4474 4792 natum
4523 4741 4767 4806 asserit,
4801 4747 4860 4796 et

3194 4818 3380 4872 lilium
3414 4819 3581 4873 nobis
3613 4820 3813 4876 datum
3847 4823 4124 4890 ostendit,
4160 4828 4216 4879 et
4246 4825 4404 4896 quod
4434 4825 4558 4897 ipse
4591 4827 4668 4881 sit
4697 4833 4858 4886 Dens

3193 4907 3332 4962 talia
3361 4906 3412 4962 ei
3443 4909 3678 4962 nomina
3729 4909 4036 4966 inserendo
4081 4913 4402 4983 perdocuit.
4435 4917 4510 4969 Et
4535 4917 4855 4986 vocabitur,

3193 4996 3402 5066 inquit,
3443 5013 3637 5051 nomen
3685 4999 3802 5068 ejus
3846 4999 4222 5066 Admirabilis,
4255 5003 4640 5071 Consiliarius,
4677 5009 4850 5074 Deus,

3191 5085 3389 5149 Fortis,
3423 5086 3589 5139 Pater
3614 5089 3795 5156 futuri
3821 5089 4032 5153 saeculi,
4068 5090 4324 5162 Princeps
4349 5093 4521 5162 pacis.
4555 5093 4725 5156 Quod
4753 5112 4854 5150 su-

3190 5189 3292 5244 per
3321 5173 3533 5228 solium
3567 5175 3742 5230 David
3775 5176 3993 5242 sedeat,
4015 5183 4071 5231 ct
4102 5195 4345 5250 regnum
4379 5180 4568 5252 ipsius
4597 5180 4659 5236 in
4683 5183 4854 5253 judi-

3190 5261 3279 5316 cio
3317 5265 3373 5314 et
3411 5262 3664 5333 justitia,
3691 5264 3864 5319 modo
3911 5269 3967 5320 et
4013 5265 4072 5321 in
4121 5273 4404 5324 aeternum
4446 5270 4762 5327 confirmet
4793 5277 4852 5329 et

3186 5351 3536 5414 corroboret,
3562 5357 3763 5423 aperta
3785 5369 3920 5408 voce
3949 5353 4228 5412 declarat.
4250 5356 4617 5414 Hierusalem
4640 5358 4848 5416 horta-

3185 5444 3281 5494 tur
3311 5445 3372 5494 ut
3403 5445 3622 5512 surgat,
3647 5440 3844 5497 lumen
3876 5459 4050 5499 suum
4080 5445 4201 5516 jam
4223 5445 4336 5501 sibi
4357 5447 4588 5504 venisse
4618 5448 4851 5507 denun-

3185 5527 3320 5595 tiat;
3346 5528 3513 5598 jubet
3546 5534 3608 5583 ut
3638 5528 3838 5584 oculos
3869 5529 4014 5586 levet
4062 5539 4117 5587 et
4163 5533 4372 5604 videat,
4397 5552 4603 5592 omnes
4629 5535 4695 5592 in
4725 5538 4846 5595 ﬁde

3185 5621 3567 5689 congregatos
3593 5618 3701 5672 sibi
3718 5619 3842 5689 jam
3862 5621 4088 5676 venisse
4109 5624 4500 5695 congaudent;
4534 5642 4848 5698 processu-

3185 5724 3279 5763 ras
3311 5711 3512 5782 gentes
3545 5706 3602 5764 in
3634 5707 3855 5766 lumine
3885 5726 4014 5783 suo,
4042 5716 4098 5768 et
4129 5729 4295 5787 reges
4323 5713 4382 5770 in
4414 5713 4730 5790 splendore
4753 5733 4846 5780 or-
