4984 6406
609 402 715 461 997

2085 398 2523 462 SERMONES.

3906 404 4028 467 998

609 551 695 606 tus
747 531 840 588 sui
890 531 1048 587 clara
1093 548 1229 587 voce
1277 530 1637 604 pronuntiat,
1673 532 1825 603 quod
1877 530 2051 586 hodie
2107 535 2268 587 totus
2301 533 2356 597 Α
2389 532 2568 588 Maria
2601 550 2734 589 cum
2763 550 2940 606 puero
2964 531 3275 600 invenitur,
3298 549 3432 589 vera
3449 533 3662 589 Christi
3688 535 4024 592 humanitas

609 622 865 678 mundus
900 620 1205 693 impletum
1242 620 1630 676 concelebrat.
1662 620 1840 675 David
1893 637 2101 693 nempe
2147 637 2263 687 rex,

609 729 667 766 ex
696 728 836 781 quo,
871 713 935 765 ut
963 708 1285 781 Cyprianus
1313 708 1842 764 victoriosissimus
1864 707 2025 778 dicit,
2051 725 2264 765 secun-

609 801 743 854 dum
775 814 1014 855 carnem
1043 796 1258 853 Christi
1308 796 1581 853 nativitas
1624 796 1891 865 oritur,et
1915 797 2016 870 qui
2046 800 2267 853 tantam

609 887 853 961 gratiam
886 887 1120 953 meruit,
1154 885 1307 942 sicut
1356 886 1419 941 B.
1466 886 1823 941 Ambrosius
1854 885 2073 954 scribit,
2107 889 2171 941 ut
2201 901 2269 941 ex

609 978 731 1049 ejus
763 975 990 1031 familia
1019 974 1194 1047 Virgo
1223 975 1694 1047 e1igeretur,quaa
1726 974 1895 1031 nobis
1929 978 2098 1047 partu
2132 991 2269 1047 pro-—

610 1067 734 1137 prio
765 1064 1067 1120 Christum
1100 1064 1333 1131 ederet;
1368 1062 1425 1117 in
1460 1062 1686 1134 psalmo
1712 1064 1811 1134 qui
1844 1063 2123 1118 recitatus
2160 1067 2268 1129 est,

612 1151 1053 1209 sacratissimos
1083 1150 1543 1224 Epiphaniarum
1567 1151 1691 1207 dies
1714 1152 1913 1207 devote
1935 1150 2275 1207 celebranti-

614 1245 724 1299 bus
753 1244 922 1307 favet,
954 1244 1011 1296 et
1041 1240 1181 1312 quid
1233 1240 1549 1312 unicuique
1609 1239 1908 1295 festivitati
1959 1238 2275 1312 prospiciat

614 1329 956 1403 plenissime
985 1328 1231 1384 intonat.
1266 1328 1582 1383 Dominicze
1612 1328 2032 1384 incarnationis
2064 1332 2273 1400 mystc-

616 1422 699 1474 ria
727 1434 1003 1475 enarrare
1032 1417 1301 1489 cupiens,”
1331 1416 1413 1472 ita
1443 1420 1683 1472 exorsus
1713 1420 1801 1471 est
1839 1415 2133 1488 inquiens.
2168 1420 2273 1471 De-

614 1508 820 1563 scendet
848 1508 993 1562 sicut
1019 1507 1213 1577 pluvia
1241 1506 1301 1560 in
1334 1506 1523 1572 vellus,
1551 1508 1657 1560 etc.
1687 1504 2010 1560 Praevidens
2040 1520 2274 1576 quoque

618 1602 874 1668 tempore
902 1593 1231 1649 nativitatis
1264 1610 1397 1647 cum
1425 1592 1663 1664 justitia
1682 1608 1885 1664 pacem
1907 1592 2127 1647 mundo
2147 1608 2278 1646 ven-

618 1692 805 1739 turam
837 1684 981 1738 dicit
1013 1700 1026 1738 :
1065 1684 1299 1739 Orietur
1331 1683 1391 1736 in
1420 1681 1605 1736 diebus
1634 1681 1751 1752 ejus
1771 1682 2067 1751 justitia,et
2094 1680 2274 1735 abun-

623 1774 807 1828 dantia
834 1774 1005 1844 pacis.
1036 1770 1270 1826 Sciebat
1301 1769 1457 1825 enim
1491 1769 1627 1840 quia
1659 1786 1759 1841 per
1789 1772 2152 1840 assumptam
2175 1768 2277 1823 hu-

628 1862 966 1916 manitatem
998 1858 1251 1915 decrevit
1282 1858 1435 1913 Deus
1464 1862 1653 1913 totum
1684 1856 1795 1913 sibi
1828 1858 2075 1913 subdere
2105 1873 2275 1911 mun-

2371 624 2429 674 (ξι
2459 620 2556 677 Dei
2578 622 2877 694 genitricis
2894 622 3240 694 praedicatur
3262 621 3688 693 intcgritas.Sic
3708 623 3860 678 enim
3882 624 4025 679 dicit

2372 709 2727 783 evangelista
2761 727 2773 766 :
2801 710 2866 765 Et
2896 711 3164 765 intrantes
3193 710 3413 765 domum
3443 710 3771 765 invenerunt
3795 726 4026 781 puerum

2373 816 2498 853 cum
2542 798 2717 855 Maria
2762 804 2939 855 matre
2983 799 3122 868 eius,
3168 804 3222 855 et
3268 797 3606 871 providentes
3666 798 4027 854 adoraverunt

2374 904 2499 942 eum
2522 896 2592 956 et,
2625 891 2826 960 apertis
2858 888 3128 944 thesauris
3153 888 3289 955 suis,
3322 888 3635 943 obtulerunt
3677 887 3732 941 ei
3773 902 4022 958 munera,

2375 994 2596 1043 aurum,
2639 978 2781 1044 thus,
2811 985 2862 1033 et
2907 978 3211 1049 myrrham.
3262 977 3343 1032 Ea
3392 992 3519 1047 quae
3564 974 3721 1047 Magi
3777 975 4027 1029 oﬂ‘erunt

2379 1082 2642 1134 munera,
2688 1070 2911 1122 secreta
2951 1067 3022 1122 de
3070 1064 3297 1121 Christo
3356 1065 3611 1137 produnt
3640 1066 4025 1119 sacramenta.

2378 1154 2593 1210 Dantes
2622 1172 2853 1222 aurum,
2887 1172 3079 1227 regem
3123 1154 3457 1226 praedicant,
3517 1152 3656 1207 thus
3699 1152 4028 1218 offerentes,

2380 1247 2557 1298 Deum
2603 1244 2877 1312 adorant;
2931 1242 3227 1315 myrrham
3273 1241 3664 1307 ostendentes,
3717 1239 4025 1296 mortalem

2379 1333 2849 1404 agnoscunt.Nos
2878 1348 3014 1405 ergo
3046 1332 3126 1387 ita
3148 1332 3454 1386 credamus
3474 1329 3771 1385 Christum
3796 1344 4026 1385 assum-

2380 1420 2568 1492 psisse
2594 1420 3005 1476 mortalitatem
3040 1425 3297 1477 nostram
3333 1423 3397 1475 ut
3444 1434 3545 1490 per
3593 1417 3722 1489 ejus
3754 1416 4029 1490 simplam

2382 1514 2626 1564 mortem
2659 1508 2898 1581 duplam
2945 1512 3205 1563 nostram
3255 1522 3682 1579 cognoscamus
3728 1505 4027 1561 abolitam.

2383 1598 2679 1663 Quomodo
2711 1597 2977 1652 Christus
3006 1595 3269 1653 mortalis
3294 1595 3647 1668 apparuit,et
3694 1592 3898 1649 mortis
3936 1593 4033 1648 de-

2383 1685 2564 1741 bitum
2599 1685 2975 1753 solvit,habes
3008 1686 3292 1757 scriptum
3326 1685 3383 1739 in
3420 1683 3568 1739 Isaia
3600 1700 3612 1738 :
3647 1684 3799 1738 Sicut
3831 1680 4033 1737 ovisad

2382 1776 2703 1829 occisionem
2732 1773 2922 1829 ductus
2966 1781 3058 1829 est.
3097 1774 3161 1828 Et
3207 1773 3315 1827 sub
3368 1788 3617 1844 persona
3660 1769 3923 1826 Jeremize
3964 1769 4034 1823 de

2388 1863 2515 1934 ipso
2566 1879 2599 1917 a
2646 1862 2865 1918 Judmis
2913 1862 3136 1916 dictum
3190 1861 3444 1933 legimus
3477 1877 3490 1915 :
3524 1861 3687 1915 Morte
3714 1859 4035 1929 turpissima

624 1952 839 2013 dum,et
868 1949 1249 2003 dominabitur
1278 1964 1311 2001 a
1341 1948 1489 2001 mari
1534 1962 1706 2018 usque
1750 1946 1821 2001 ad
1863 1962 2040 2010 mare,
2078 1950 2184 2001 etc.
2217 1946 2286 1999 Et
2314 1945 2359 1965 υ
2387 1951 2799 2007 condemnemus
2828 1967 2971 2006 cum.
3006 1951 3086 2005 De
3118 1954 3301 2004 morte
3332 1948 3693 2020 turpissima,
3726 1946 3781 2001 id
3824 1950 3913 2001 est
3965 1945 4035 1999 de

626 2040 756 2110 quia
789 2055 904 2093 non
940 2036 1131 2093 solum
1163 2035 1486 2101 Judai,sed
1519 2034 1693 2089 etiam
1726 2033 1973 2107 gentiles
2003 2035 2072 2089 ad
2107 2034 2279 2088 {idem

627 2125 867 2182 vocandi
916 2128 1104 2192 erant,
1160 2128 1216 2179 et
1264 2123 1568 2196 nigredine
1622 2126 1991 2195 peccatorum
2021 2122 2177 2187 tecti,
2210 2121 2280 2176 ad

635 2216 818 2269 lucem
850 2211 1113 2267 veritatis
1142 2208 1761 2277 convertendi,subdit,
1795 2210 1994 2264 dicens
2030 2226 2042 2263 :
2090 2209 2282 2264 Coram

630 2306 721 2359 illo
783 2302 1069 2375 procident
1122 2301 1413 2371 .rEthiopes.
1476 2299 1919 2353 Sacramentum
1977 2296 2283 2369 praesentis

629 2394 738 2447 diei
764 2390 1146 2447 considerans
1186 2405 1322 2443 voce
1358 2387 1515 2442 clara
1540 2386 1876 2458 pronuntiat
1902 2385 2101 2441 dicens
2135 2404 2147 2442 :
2186 2387 2283 2440 Re-

630 2499 712 2550 ges
743 2481 958 2536 Tharsis
1006 2487 1056 2534 et
1104 2478 1308 2533 insulse
1359 2476 1583 2530 mudera
1642 2473 1891 2548 offerent,
1924 2479 2033 2530 etc.
2080 2474 2282 2528 Adhuc

632 2571 796 2625 etiam
828 2567 1299 2639 magnitudinem
1337 2564 1642 2637 potestatis
1671 2563 1799 2632 ejus
1830 2562 2279 2629 admirans,ait:

640 2662 699 2714 Et
719 2658 1028 2713 adorabunt
1056 2672 1181 2710 eum
1211 2670 1392 2709 onmes
1408 2669 1556 2721 reges
1575 2668 1754 2708 omnes
1769 2661 1948 2723 gentes
1961 2652 2191 2707 servient
2212 2653 2264 2706 ei
2270 2694 2282 2706 .

706 2753 761 2802 In
790 2747 977 2817 hujus
1031 2744 1184 2799 enim
1238 2741 1603 2815 pauperculae
1652 2745 1861 2795 nostra:
1916 2739 2287 2796 declamatio-

643 2836 726 2890 nis
758 2836 1014 2901 exordio,
1050 2832 1270 2905 praefati
1305 2847 1512 2885 sumus
1539 2829 1718 2899 hujus
1748 2828 1859 2883 diei
1896 2830 2105 2883 festum
2142 2828 2289 2883 mul-

638 2927 706 2980 tis
770 2923 1101 2979 divinorum
1183 2918 1591 2991 mysteriorum
1675 2916 1991 2989 privilegiis
2078 2934 2285 2973 conse-

638 3017 875 3077 cratum,
905 3015 963 3067 et
995 3015 1058 3064 ut
1086 3026 1287 3064 verum
1319 3024 1447 3063 esse
1479 3006 1625 3061 sciat
1679 3010 1874 3060 vestra
1925 3006 2281 3073 fraternitas,

639 3100 947 3156 multifario
1017 3096 1316 3153 catholica:
1384 3095 1516 3150 ﬁdei
1589 3095 1962 3149 commendat
2036 3093 2282 3148 auctori-

641 3195 745 3244 tas.
797 3188 977 3245 Hodie
1027 3186 1295 3242 Christus
1344 3184 1564 3238 mundo
1616 3183 1965 3237 manifestus
1996 3181 2283 3254 apparuit,

2390 2043 2575 2093 morte
2616 2036 3145 2110 crucis,Apostolus
3178 2055 3190 2093 :
3227 2038 3416 2091 Factus
3464 2035 3713 2091 obediens
3760 2049 3927 2105 usque
3967 2031 4038 2088 ad

2388 2134 2867 2193 mortem,mortem
2897 2135 3078 2183 autem
3102 2127 3297 2182 crucis.
3330 2125 3399 2180 Et
3430 2123 3489 2179 in
3521 2122 3634 2179 alio
3664 2122 3823 2177 loco:
3855 2121 4035 2176 Chris-

2391 2221 2475 2271 tus
2507 2232 2788 2285 resurgens
2809 2232 2878 2271 ex
2906 2215 3273 2286 mortuis,jam
3300 2230 3408 2268 non
3455 2214 3718 2280 moritur;
3752 2215 3810 2266 et
3839 2229 3859 2267 :
3889 2208 4039 2279 Quod

2388 2312 2631 2359 mortuus
2678 2311 2754 2359 est
2788 2311 3020 2375 peccato,
3070 2306 3318 2358 mortuus
3362 2309 3440 2356 est
3480 2300 3676 2364 semet;
3718 2302 3776 2353 et
3828 2315 3840 2353 :
3892 2300 4039 2368 Quia

2392 2401 2631 2448 mortuus
2660 2401 2737 2448 est
2776 2400 2995 2463 propter
3044 2392 3237 2446 delicta
3284 2394 3490 2455 nostra,
3524 2389 3591 2443 Et
3638 2392 3700 2442 B.
3734 2387 3936 2442 Petrus
3967 2386 4039 2441 de

2392 2481 2660 2554 passione
2692 2483 2818 2552 ejus
2848 2480 2989 2535 dicit
3022 2498 3034 2539 :
3069 2480 3313 2535 Christus
3342 2494 3531 2549 passus
3576 2481 3654 2531 est
3697 2492 3798 2548 pro
3842 2474 4037 2541 nobis;

2390 2573 2488 2641 qui
2535 2587 2659 2625 cum
2701 2577 2990 2641 pateretur,
3053 2585 3161 2624 non
3218 2567 3674 2622 comminabatur.
3735 2562 4036 2628 Quomodo

2391 2658 2683 2714 Christum
2710 2675 2902 2729 regem
2935 2674 3062 2712 esse
3092 2657 3424 2722 credamus,
3458 2653 3655 2708 divina
3696 2651 4037 2707 auctoritate

2393 2748 2860 2819 approbavimus.
2890 2751 3017 2818 Ipse
3041 2746 3197 2801 enim
3230 2745 3299 2799 de
3332 2761 3393 2799 se
3417 2742 3628 2797 dicitin
3651 2738 3874 2813 psalmo
3898 2740 4039 2806 :Ego

2391 2846 2572 2890 autem
2600 2838 2917 2891 constitutus
2944 2852 3062 2889 sum
3096 2851 3197 2888 rex
3230 2834 3296 2887 ab
3328 2848 3407 2898 eo,
3440 2830 3499 2884 id
3532 2834 3620 2886 est
3645 2846 3678 2884 a
3707 2829 3822 2884 Deo
3853 2827 4038 2893 Patre;

2393 2928 2450 2979 et
2479 2923 2652 2979 David
2686 2923 3014 2996 patriarcha
3048 2939 3061 2977 :
3102 2926 3268 2986 Deus,
3293 2920 3571 2992 judicium
3600 2922 3755 2972 tuum
3792 2917 3910 2984 regi
3951 2914 4041 2970 da.

2392 3014 2461 3067 Et.
2491 3013 2643 3084 quod
2676 3012 2753 3067 sit
2780 3012 2896 3067 Rex
2927 3009 3327 3083 regnum,ipse
3359 3007 3499 3062 dicit
3522 3024 3623 3078 per
3654 3003 4038 3077 Sapientiam:

2392 3102 2498 3155 Per
2518 3117 2603 3156 me
2634 3117 2778 3169 reges
2809 3106 3057 3168 regnant,
3088 3106 3138 3154 et
3160 3098 3435 3169 principes
3465 3096 3645 3164 legum
3681 3110 3819 3166 Jura
3856 3093 4040 3148 decer-

2392 3198 2532 3244 nunt
2556 3190 2623 3243 Et
2653 3189 2804 3260 quod
2838 3205 2968 3243 vere
2998 3187 3075 3243 sit
3111 3186 3378 3241 Christus
3421 3183 3575 3238 Deus
3620 3186 3678 3238 et
3731 3181 4041 3246 Dominus,

641 3278 804 3333 hOdie
834 3275 1211 3348 baptismatis
1242 3276 1671 3328 sacramentum
1706 3270 1980 3343 suscepit,
2005 3275 2061 3325 et
2096 3269 2279 3324 ευεεί·
2313 3262 2355 3326 C
2394 3282 2643 3333 testatur
2672 3295 2775 3349 per
2796 3271 2988 3348 ipsum
3012 3275 3281 3331 conditus
3297 3278 3454 3328 totus
3476 3271 3735 3342 undique
3759 3269 4040 3324 mundus.

643 3367 846 3438 piendo
896 3381 1006 3421 sua
1054 3361 1363 3436 praesentia
1406 3359 1782 3415 consecravit.
1815 3359 2018 3424 Hodie,
2048 3362 2112 3413 ut
2142 3360 2285 3413 fides

646 3455 1000 3511 credentium
1033 3451 1234 3517 credit,
1263 3465 1447 3521 aquas
1478 3449 1546 3503 ad
1580 3448 1815 3520 nuptias
1844 3448 1901 3502 in
1927 3447 2126 3501 vinum
2157 3464 2290 3502 con-

644 3544 826 3598 vertit.
860 3541 951 3599 Fit
1002 3538 1388 3612 spiritualiter
1435 3537 1634 3593 vinum
1683 3554 1751 3592 ex
1803 3552 1975 3607 aqua,
2009 3534 2286 3607 quoniam

643 3636 898 3688 cessante
927 3630 1076 3703 legis
1107 3625 1511 3698 littera,fulget
1533 3642 1637 3698 per
1664 3625 1961 3681 Christum
1996 3622 2288 3696 Evangelii

645 3722 843 3791 gratia.
900 3718 1238 3791 Baptizatur
1291 3714 1577 3781 Christus,
1638 3717 1951 3770 renovatur
2006 3713 2284 3769 mundus.

645 3808 900 3864 Christus
929 3806 1452 3879 baptizatur,vetus
1484 3802 1658 3857 homo
1691 3802 1940 3868 exuitur,
1970 3818 2153 3857 novus
2182 3800 2286 3855 ho-

647 3915 734 3952 mo
762 3896 1046 3952 induitur.
1081 3893 1401 3966 Expellitur
1428 3891 1527 3946 ille
1576 3891 1800 3963 primus
1832 3890 2006 3945 homo
2038 3891 2107 3945 de
2136 3894 2290 3945 terra

649 3984 1234 4053 terrenus;secundus
1267 3980 1532 4036 induitur
1560 3980 1630 4034 de
1659 3978 1800 4034 cmlo
1827 3978 2292 4044 coalestis.Quan-

648 4074 714 4128 do
743 4074 1010 4129 Christus
1042 4070 1371 4143 baptizatus
1397 4073 1504 4131 est,
1531 4066 1871 4139 mysterium
1913 4067 2060 4121 sacri
2109 4067 2293 4138 bapti-

650 4160 844 4217 amatis
877 4163 1283 4216 consecratum
1315 4161 1402 4211 est
1432 4155 1736 4228 praesentia
1758 4155 1939 4210 totius
1963 4154 2287 4224 Trinitatis,

648 4266 747 4303 vox
768 4250 966 4305 Patris
996 4247 1252 4303 intonuit
1283 4261 1297 4300 :
1325 4247 1423 4300 llic
1451 4252 1528 4300 est
1554 4244 1729 4301 Filius
1757 4259 1909 4298 meus
1950 4241 2199 4308 dilectus,
2232 4244 2291 4297 in

651 4354 746 4407 quo
784 4339 929 4394 mihi
972 4335 1305 4409 complacui;
1351 4334 1409 4388 in
1463 4332 1653 4406 specie
1707 4329 1987 4386 columbae
2036 4329 2290 4402 Spiritus

652 4430 883 4481 sanctus
912 4424 1267 4498 apparuit,et
1299 4422 1450 4477 sicut
1476 4419 1635 4476 solus
1658 4418 1812 4474 ﬁlius
1834 4420 2051 4474 abeato
2068 4419 2290 4474 Joanne

652 4513 925 4586 baptizari
955 4512 1157 4569 voluit.
1187 4510 1266 4567 De
1315 4510 1423 4565 hac
1470 4524 1603 4564 vero
1643 4506 1929 4564 sententia
1958 4508 2165 4563 beatus
2193 4507 2290 4561 Hi-

2394 3371 2521 3438 Ipse
2550 3366 2706 3421 enim
2737 3365 2874 3420 dicit
2905 3365 2962 3419 in
2996 3362 3302 3436 Evangelio
3340 3380 3352 3417 :
3387 3363 3525 3417 Data
3572 3367 3647 3415 est
3692 3358 3833 3414 mihi
3867 3358 4045 3413 omnis

2390 3464 2622 3527 potestas
2653 3457 2711 3509 in
2739 3455 2867 3509 cwto
2895 3462 2945 3509 et
2978 3456 3035 3509 in
3066 3461 3230 3508 terra.
3256 3451 3323 3505 Et
3350 3447 3664 3522 Apostolus
3695 3445 3904 3502 asserit
3932 3446 3984 3501 ei
4012 3461 4046 3501 ει

2397 3545 2512 3599 Deo
2544 3545 2711 3599 Patre
2738 3544 2939 3598 datum
2972 3558 3166 3597 nomen
3195 3538 3334 3611 quod
3362 3546 3441 3595 est
3465 3554 3628 3609 super
3658 3551 3815 3591 omne
3844 3550 4045 3590 nomen

2393 3642 2453 3689 ut
2483 3635 2543 3688 in
2573 3634 2795 3689 nomine
2820 3633 2946 3688 Jesu
2974 3647 3133 3687 omne
3160 3646 3301 3699 genu
3327 3629 3581 3698 ﬂectatur
3606 3626 4044 3688 cwlestium,ter-

2396 3724 2651 3777 restrium
2681 3729 2731 3776 et
2764 3722 3128 3791 infernarum.
3160 3719 3228 3773 Et
3259 3718 3317 3773 in
3350 3715 3463 3773 alio
3508 3715 3635 3771 loco
3682 3712 3997 3786 Apostolus
4032 3728 4045 3766 :

2399 3811 2668 3879 Quoniam
2696 3826 2794 3881 per
2818 3810 3014 3880 ipsum,
3047 3814 3100 3863 et
3126 3808 3187 3861 in
3219 3808 3331 3878 ipso
3360 3812 3541 3861 creata
3587 3810 3717 3858 sunt
3760 3802 3966 3863 omnia,
3998 3808 4050 3856 et

2398 3902 2515 3971 ipse
2542 3907 2670 3954 ante
2699 3914 2882 3953 omnes
2914 3906 2964 3952 et
2990 3898 3176 3951 omnia
3204 3897 3264 3951 in
3296 3897 3413 3966 ipso
3439 3899 3703 3947 constant.
3738 3890 3803 3944 Et
3841 3890 4048 3944 beatus

2396 3986 2750 4060 evangelista
2782 4004 2794 4043 ε
2833 3987 3036 4043 Omnia
3056 4000 3156 4056 per
3188 3986 3363 4055 ipsum
3396 3983 3541 4053 facta
3568 3985 3768 4044 sunt,et
3796 3979 3913 4032 sine
3932 3978 4047 4048 ipso

2395 4076 2603 4145 factum
2629 4080 2706 4128 est
2739 4072 2963 4128 uihil.Si
2987 4070 3183 4125 omnia
3213 4084 3315 4141 per
3346 4067 3542 4139 ipsum
3574 4064 3726 4119 facta
3753 4079 3881 4117 esse
3910 4062 4043 4117 etin

2398 4162 2526 4234 ipso
2559 4165 2824 4217 constare
2855 4162 3196 4222 noscuntur,
3229 4169 3594 4226 consequens
3626 4150 3714 4207 e'st
3740 4154 3806 4206 ut
3834 4150 4045 4205 adven-

2398 4255 2524 4306 tum
2553 4250 2751 4305 omnia
2780 4248 3116 4322 cognovisse
3140 4245 3477 4303 credantur.

2469 4338 2614 4402 Quid
2666 4339 2736 4393 de
2784 4336 3113 4393 rationabili
3165 4337 3454 4399 creatura,
3485 4328 3749 4403 angelica
3785 4324 4049 4381 videlicet

2399 4429 2455 4482 ct
2484 4426 2743 4481 humana
2772 4425 3007 4481 dicam?
3039 4425 3172 4488 Quze
3211 4424 3496 4494 quantum
3528 4414 3781 4473 Creatori
3811 4430 3917 4470 suo
3949 4429 4052 4486 per

2398 4513 2809 4587 cogitationem
2842 4517 2931 4567 est
2970 4512 3235 4576 vicinior,
3266 4512 3497 4564 tantum
3532 4506 3601 4560 de
3640 4504 3889 4559 adventu
3920 4502 4049 4573 ejus

654 4600 829 4658 larius
853 4607 974 4658 tam
1004 4600 1245 4674 pulchre
1274 4598 1481 4689 scribit
1509 4613 1684 4689 quae}
1709 4613 1849 4689 81198
1871 4595 2140 4651 εοηῑίίιΕῐ
2162 4593 2293 4650 licet
2324 4624 2369 4689 Ι)
2402 4602 2622 4658 exstitit
2655 4601 2858 4657 laetior.
2894 4601 2961 4656 Et
3008 4618 3124 4656 non
3176 4597 3365 4655 solum
3399 4595 3499 4650 illa
3528 4610 3655 4666 qua:
3688 4587 4051 4647 rationabilis

654 4694 769 4746 tota
815 4691 1071 4746 Trinitas
1119 4688 1578 4745 incarnationem
1628 4685 1801 4741 Verbi
1846 4690 1902 4740 et
1951 4684 2293 4757 mysterium

655 4779 927 4850 baptismi
959 4782 1194 4851 operata
1226 4778 1523 4845 sit,tamen
1554 4774 1713 4831 solus
1762 4774 1920 4829 ﬁlius
1968 4772 2296 4846 baptizatus

656 4872 738 4921 est
764 4886 797 4923 a
825 4869 1071 4933 Joanne,
1101 4867 1254 4924 sicut
1294 4865 1455 4921 solus
1500 4868 1672 4919 natus
1720 4867 1806 4919 est
1837 4863 1906 4917 de
1936 4862 2189 4933 Virgine,
2242 4866 2299 4917 et

659 4971 856 5013 omnes
886 4974 1084 5013 assum
1093 4961 1203 5029 pta:
1218 4954 1591 5010 mortalitatis
1608 4951 1911 5024 passiones
1926 4951 2049 5017 sine
2064 4954 2297 5022 peccato

660 5046 1021 5107 transcurrit,
1048 5050 1105 5101 et
1130 5043 1453 5100 secundum
1482 5040 1806 5097 divinitatis
1837 5044 2106 5095 naturam
2146 5056 2297 5093 sem-

663 5149 759 5202 per
787 5133 1169 5207 impassibilis
1198 5131 1433 5189 mansit.

729 5221 836 5276 Sed
870 5228 935 5277 ut
965 5222 1036 5278 ad
1070 5222 1266 5295 priora
1294 5220 1620 5275 redeamus.
1649 5219 1750 5273 Est
1779 5216 1873 5273 hic
1904 5217 2122 5283 dies,ut
2148 5232 2297 5288 saepe

666 5307 934 5379 diximus,
971 5311 1115 5367 satis
1145 5327 1248 5383 per
1277 5324 1339 5365 se
1365 5309 1626 5377 festivus,
1654 5308 1754 5363 sed
1786 5307 1912 5362 ideo
1962 5306 2139 5362 nimis
2177 5323 2301 5379 pcr-

668 5397 922 5466 spicuus,
941 5400 1221 5471 quoniam
1252 5396 1431 5453 natali
1460 5395 1756 5452 Dominico
1782 5394 2145 5468 dignoscitur
2174 5411 2301 5450 esse

669 5485 1141 5559 contiguus.Cum
1186 5487 1340 5542 Deus
1383 5484 1443 5539 in
1488 5502 1666 5557 puero
1713 5484 2007 5550 adoratur,
2056 5483 2300 5555 virginei

670 5578 862 5644 partus
893 5575 1079 5632 honor
1106 5573 1404 5631 excolitur.
1437 5572 1581 5628 Cum
1630 5570 1852 5629 homini
1903 5572 2017 5626 Deo
2061 5587 2305 5627 munera

671 5661 1220 5737 deferuntur,divini
1251 5661 1540 5739 puerperii
1571 5661 1824 5735 dignitas
1854 5659 2303 5718 adoratur.Dum

2403 4696 2510 4758 est,
2564 4690 2752 4745 Deum
2804 4688 2863 4744 in
2915 4705 3087 4744 carne
3136 4686 3364 4743 venisse
3413 4680 3697 4757 cognovit,
3732 4679 3830 4735 sed
3872 4677 4048 4734 etiam

2404 4777 2823 4834 irrationabilis
2854 4777 3209 4849 quibusdam
3250 4774 3491 4831 nutibus
3540 4773 3844 4826 Auctorem
3876 4779 4050 4823 suum

2406 4868 2598 4940 ipsum
2634 4882 2762 4921 esse
2793 4865 3128 4932 declaravit,
3161 4869 3217 4919 et
3262 4863 3311 4918 ei
3354 4858 3649 4917 servitutis
3705 4854 4052 4928 obsequium

2406 4948 2837 5028 quodammodo
2869 4952 3229 5025 prtebuitEt,
3265 4954 3331 5005 ut
3367 4966 3556 5022 pauca
3603 4948 3672 5003 de
3721 4943 3923 4999 multis
3965 4941 4053 4997 di-

2407 5060 2555 5110 cam,
2610 5047 2673 5097 ut
2721 5044 3015 5114 majorum
3065 5039 3244 5095 tradit
3291 5036 3628 5103 auctoritas,
3662 5051 3728 5091 eo
3759 5035 4054 5098 nascente,

2407 5131 2615 5187 ccelum
2649 5147 2861 5186 novum
2895 5130 3060 5186 sidus
3077 5124 3629 5200 produxit.Pedibus
3653 5123 3782 5194 ejus
3815 5126 3972 5176 mare
3992 5134 4055 5174 se

2406 5219 2679 5276 calcabile
2710 5219 2976 5292 praebuit,
3009 5221 3237 5284 ventus,
3266 5230 3364 5270 eos
3380 5208 3964 5285 jubente,conticuit;
3987 5222 4055 5263 eo

2410 5307 2713 5374 moriente,
2741 5312 2896 5362 terra
2941 5303 3310 5361 contremuit.
3358 5299 3451 5356 Sol
3503 5299 3696 5354 radios
3741 5295 3890 5352 lucis
3936 5310 4054 5351 sua:

2410 5396 2667 5466 retraxit,
2697 5412 2833 5452 saxa
2859 5398 2916 5450 et
2943 5395 3325 5450 monumenta
3354 5383 3908 5463 patuerunt,mortui
3933 5398 4057 5438 sur-

2412 5487 2702 5550 rexerunt,
2732 5480 2898 5537 multi
2931 5480 3029 5554 qui
3078 5479 3428 5535 tenebantur
3472 5471 3682 5547 captivi
3732 5472 3805 5527 ab
3854 5469 4057 5524 inferis

2414 5571 2579 5629 liberi
2609 5570 2891 5628 exierunt.
2929 5571 3006 5625 De
3035 5568 3127 5624 his
3159 5568 3417 5625 Joannes
3457 5562 3601 5620 satis
3650 5556 4064 5616 convenienter

2414 5657 3069 5735 ChrysostomusOmne
3099 5657 3253 5729 quod
3279 5660 3368 5714 est
3388 5646 3710 5714 necessario
3741 5639 4060 5701 famulatur
