4984 6438
1466 422 1585 482 999

2370 416 2438 478 S.
2485 410 2847 472 ODILONIS
2894 409 3457 470 CLUNIACENSIS
3507 412 3838 473 ABDATIS
3888 413 3961 474 ν.

4751 412 4776 470 1
4788 411 4906 469 ΟεΪι

1469 554 1520 610 ei
1554 569 1726 623 aquo
1764 555 1818 603 ut
1855 555 2011 604 esset
2042 549 2260 618 accepit
2291 545 2596 612 originem.
2619 545 2852 604 Idcirco,
2889 545 3115 604 fratres,
3149 544 3200 608 Α
3234 543 3321 595 sui
3352 551 3512 596 ortus
3547 544 3826 600 Dominus
3855 551 4052 600 noster
4077 545 4339 615 legaliter
4359 545 4546 600 voluit
4574 561 4608 598 a
4645 545 4906 616 parenti-

1470 642 1540 696 de.
1563 641 1864 694 divinitate
1895 636 2104 691 Christi
2140 640 2297 689 tanta
2342 633 2599 686 diximus
2632 638 2682 685 et
2719 632 2905 684 adhuc
2937 631 3126 684 dicere

1472 728 1747 782 vilumus
1780 727 2012 790 ut,dum
2047 723 2208 777 illum
2243 725 2297 775 in
2329 721 2602 792 pratsepio
2631 718 3126 791 positum.pannis

1472 817 1822 880 involutum,
1857 813 2136 869 humilem
2171 813 2461 866 hominem
2515 811 2664 863 inter
2709 809 2905 864 omnia
2939 809 3124 863 cerni-

1475 923 1632 970 mus,
1667 906 1849 960 Deum
1885 920 2080 958 verum
2116 906 2166 954 et
2203 900 2509 954 Dominum
2558 915 2734 968 super
2771 898 2966 950 omnia
2999 913 3124 950 esse

1475 1012 1591 1050 non
1623 991 2134 1049 dubitemus.lllud
2170 1006 2298 1041 vero
2331 987 2626 1054 singulare
2655 1004 2864 1039 nomen
2895 986 3124 1038 deitatis

1476 1084 1627 1155 quod
1661 1089 1749 1137 est
1785 1087 1955 1143 Deus,
1992 1077 2286 1133 multoties
2323 1077 2376 1130 in
2411 1076 2623 1130 divinis
2675 1073 2883 1128 litteris
2916 1075 2984 1126 ad
3023 1075 3122 1127 Pa-

1475 1177 1620 1227 trem
1655 1171 1917 1233 refertur,
1951 1167 2256 1238 aliquoties
2289 1165 2625 1240 ad'Filium.
2653 1164 2886 1228 Quoties
2920 1165 2986 1215 ad
3024 1164 3122 1216 Pa-

1472 1265 1616 1316 trem
1651 1260 1949 1322 referatur,
1980 1255 2139 1310 nullo
2172 1255 2342 1308 modo
2405 1271 2571 1306 mens
2630 1253 2888 1305 humana
2939 1258 3125 1322 potest

1469 1348 1754 1418 colligere,
1789 1353 1843 1401 et
1873 1346 2027 1417 quod
2063 1343 2378 1414 aliquando
2435 1343 2502 1395 ad
2561 1340 2768 1396 Filium
2823 1341 3120 1406 referatur,

1466 1435 1666 1492 multis
1697 1434 2051 1489 testimoniis
2083 1433 2412 1486 edocemur.
2450 1431 2609 1483 Unde
2635 1435 2722 1482 est
2757 1429 2896 1481 illud
2927 1447 2937 1481 :
2966 1431 3119 1494 Deuc,

1456 1525 1631 1597 judea'.
1653 1526 1855 1596 justus.
1889 1528 2030 1576 Cum
2082 1523 2356 1578 (ilt'llnllS.
2409 1521 2562 1581 Deus,
2607 1519 3010 1589 jude.rjustus.
3054 1519 3122 1570 de

1469 1614 1609 1671 Filio
1639 1614 1860 1668 dictum
1895 1629 2021 1664 esse.
2050 1629 2160 1664 uon
2199 1610 2702 1678 dubitanms.lpse
2739 1608 2895 1659 enim
2929 1606 3070 1659 dixit
3106 1622 3117 1660 :

1468 1707 1634 1759 Pater
1663 1719 1766 1756 non
1791 1702 1852 1772 ju
1878 1701 2000 1753 lira!
2033 1716 2378 1768 quemquam.
2411 1697 2502 1750 sed
2533 1714 2686 1749 mune
2725 1696 2997 1765 judicium
3030 1694 3120 1746 tle-

1468 1793 1548 1846 (Ιιί
1579 1793 1735 1846 Filio.
1771 1793 1834 1842 Et
1869 1790 1921 1842 in
1959 1788 2067 1841 alio
2100 1787 2220 1840 loco
2245 1785 2572 1847 Psalmista,
2611 1789 2916 1855 postquam
2947 1784 3117 1837 dixit:

3238 632 3345 683 bus
3396 633 3755 703 eircumcidi,
3805 634 3902 696 ita,
3960 635 4319 705 quaterdeno
4368 650 4618 688 numero
4672 633 4906 686 dierum

3236 721 3641 784 deducto,cum
3679 722 3963 791 legalibus
3998 723 4203 777 hostiis
4237 740 4268 778 α
4301 729 4486 777 matre
4517 722 4770 792 Virgine
4809 739 4910 775 vo-

3237 809 3344 862 luit
3380 810 3432 863 in
3472 810 3684 881 templo
3715 811 4069 882 przrsentari.
4105 812 4484 866 Circumcisio
4510 816 4653 865 tunc
4679 817 4912 881 tempo—

3239 898 3315 951 ris
3347 900 3416 950 ab
3451 900 3716 968 originali
3775 907 4006 970 peccato
4055 900 4426 954 circumcisio
4479 898 4806 971 purgabat,
4856 905 4916 951 et

3237 987 3438 1053 legalis
3470 987 3681 1041 oblatio
3717 988 3910 1058 pueris
3942 995 3994 1042 et
4028 990 4317 1042 matribus
4350 988 4772 1058 purificatione
4821 987 4914 1039 in-

3235 1077 3565 1144 digentibus
3599 1081 3651 1129 et
3699 1076 3887 1130 radice
3943 1077 4076 1130 Adin
4133 1076 4371 1147 pollutis
4423 1075 4910 1148 purificationem

3237 1165 3564 1235 perstabat.
3603 1165 3709 1219 Sed
3748 1164 3886 1219 nihil
3925 1164 4130 1219 horum
4187 1171 4383 1219 noster
4433 1163 4748 1236 parvulus,
4805 1180 4910 1216 nec

3235 1256 3363 1322 ejus
3387 1254 3758 1307 sanctissima
3792 1260 3846 1306 et
3881 1254 4273 1307 mundissima
4297 1252 4908 1324 genitrixindigebat.

3233 1343 3374 1396 Vere
3409 1361 3518 1396 non
3556 1344 3850 1413 indigebat
3883 1344 3974 1396 Dei
4014 1343 4194 1398 Filius
4225 1343 4394 1412 legali
4420 1341 4906 1400 circumcisione,

3234 1433 3330 1502 qui
3390 1449 3500 1485 non
3561 1439 3680 1485 erat
3735 1431 3953 1485 carnali
4015 1431 4364 1485 admistione
4423 1436 4770 1494 concretus,
4808 1432 4906 1483 sed

3233 1523 3480 1575 adventu
3513 1521 3763 1592 Spiritus
3797 1520 3978 1574 sancti
4013 1528 4068 1573 et
4097 1519 4379 1574 Altissimi
4411 1519 4653 1584 virtute,
4689 1519 4906 1588 angelo

3235 1611 3562 1676 nuntiante,
3597 1611 3652 1663 in
3690 1617 3852 1664 utero
3879 1608 4145 1680 virginali
4181 1614 4520 1680 conceptus.
4557 1608 4696 1679 Ipse
4748 1609 4910 1662 enim

3231 1707 3310 1754 est
3351 1700 3695 1770 lapis,quem
3728 1698 3925 1752 Daniel
3955 1698 4093 1751 vidit
4121 1697 4424 1769 praecisum
4451 1697 4523 1751 de.
4547 1701 4762 1751 monte
4788 1697 4915 1750 sine

3235 1791 3524 1850 manibus,
3572 1788 3837 1841 Christus
3881 1787 4143 1840 videlicet
4195 1791 4366 1840 natus
4426 1787 4497 1840 de
4549 1785 4912 1840 Judamrum

1466 1883 1709 1942 Domine,
1735 1878 1957 1933 addidit
1988 1896 2006 1931 :
2039 1881 2179 1932 Deus
2206 1877 2402 1928 salutis
2451 1891 2601 1927 metr.
2654 1874 2827 1928 Jesus
2873 1873 3123 1925 Salvator
3156 1911 3196 1974 Β
3231 1884 3418 1945 gente,
3456 1876 3615 1930 nullo
3650 1876 3907 1929 humano
3938 1892 4110 1945 opere
4145 1875 4591 1930 interveniente.
4631 1875 4765 1929 Non
4823 1875 4910 1927 ἰη-

1466 1971 1582 2024 sive
1613 1970 1877 2023 salutaris
1911 1967 2341 2035 interpretatur.
2377 1968 2515 2015 Item
2567 1963 2864 2031 Scriptura
2917 1961 3114 2014 clami-

1465 2064 1547 2114 tat
1581 2075 1592 2115 :
1630 2060 1889 2114 Dominus
1923 2057 2035 2126 ipse
2064 2063 2141 2107 est
2173 2055 2329 2116 Deus,
2365 2053 2622 2104 Dominus
2673 2054 2784 2119 ipse
2831 2055 2904 2103 est
2953 2055 3111 2103 Deus.

1465 2150 1645 2212 Quam
1684 2149 2017 2217 frequenter
2058 2143 2324 2196 Christus
2354 2142 2528 2195 Jcsus
2556 2140 2834 2194 Dominus
2864 2146 3112 2201 vocetur,

1464 2237 1654 2292 omnis
1689 2237 1899 2307 pagina
1929 2234 2123 2287 divina
2173 2237 2418 2285 testatur
2471 2247 2482 2282 :
2531 2231 2789 2283 Dominus
2837 2233 3115 2281 conterens

1465 2328 1625 2390 bella,
1653 2327 1914 2380 Dominus
1947 2340 2138 2376 nomen
2170 2330 2248 2374 est
2281 2323 2387 2382 illi,
2431 2325 2484 2372 et
2543 2320 2849 2372 Psalmista
2885 2335 2896 2371 :
2933 2319 3112 2370 Domi-

1461 2432 1565 2470 ηαδ
1597 2415 1933 2470 illuminutio
1966 2429 2081 2464 mea
2111 2419 2158 2464 et
2183 2412 2331 2463 salus
2365 2426 2502 2461 mea.
2541 2407 2894 2461 Illuminatio
2922 2413 3116 2458 nostra

1461 2509 1549 2558 est
1579 2504 1714 2574 quia
1747 2503 1898 2556 sicut
1929 2500 2284 2569 evangelista
2315 2498 2460 2550 dixit
2499 2515 2510 2550 :
2547 2497 2657 2566 Ipse
2690 2498 2971 2548 illuminat
3003 2511 3116 2548 om-

1462 2610 1583 2647 nem
1617 2593 1889 2645 hominem
1917 2590 2217 2642 venientem
2276 2589 2333 2640 in.
2380 2586 2524 2638 hunc
2551 2585 2834 2637 mundum.
2873 2584 2936 2636 lit
2969 2584 3117 2636 sicut

1465 2681 1528 2734 Β.
1561 2680 1766 2734 Petrus
1795 2677 2097 2748 apostolus
2129 2676 2209 2729 ait
2243 2692 2254 2729 :
2292 2677 2408 2744 Ipse
2442 2674 2628 2727 edua'it
2662 2690 2756 2726 nos
2782 2673 2845 2725 de
2882 2673 3117 2725 tenebris

1467 2772 1528 2823 in
1553 2767 1880 2822 admirabile
1910 2767 2089 2819 lumen
2118 2781 2299 2816 suum.
2335 2761 2505 2816 Salus
2556 2779 2657 2815 nos
2704 2767 2790 2814 est
2831 2761 3115 2824 Christus,

1470 2857 1623 2910 sicut
1655 2855 1806 2910 idem
1850 2853 1974 2925 ipse
2027 2858 2221 2924 pastor
2273 2850 2536 2905 Ecclesia:
2588 2851 2747 2913 dicit,
2786 2850 2941 2904 lsaia'
2977 2868 3117 2903 usus

1470 2943 1805 3000 testimonio
1839 2959 1850 2996 :
1881 2943 2045 3012 Cujus
2076 2943 2243 2996 livore
2275 2943 2464 2993 sanati
2488 2940 2764 2992 smnus.lit
2799 2939 2856 2992 Β.
2879 2939 3076 2992 Petrus
3103 2956 3114 2992 :

1467 3032 1789 3097 Domiue,ad
1813 3049 1968 3104 quem
2001 3032 2238 3084 ibimus?
2274 3029 2332 3082 Et
2371 3029 2489 3098 ipse
2541 3028 2596 3081 in
2649 3026 2760 3081 alio
2809 3027 2932 3080 loco
2969 3044 2979 3080 :
3018 3029 3117 3081 Do-

1467 3124 1634 3186 mine,
1670 3122 1864 3176 bonum
1895 3128 1972 3174 est
1997 3136 2091 3173 nos
2122 3119 2211 3172 hic
2240 3135 2368 3172 esse.
2392 3118 2453 3170 Et
2477 3117 2730 3170 Thomas
2765 3121 2892 3186 post
2926 3133 3117 3168 resur-

1465 3212 1775 3268 rectionem
1805 3211 1932 3280 ejus
1966 3225 1978 3266 :
2014 3210 2274 3264 Dominus
2307 3224 2453 3260 meus
2482 3216 2531 3260 et
2571 3208 2710 3261 Deus
2760 3223 2926 3258 meus.
2961 3204 3115 3256 sicut

3229 1967 3457 2036 «ligebat
3482 1967 3657 2019 etiam
3689 1966 3777 2018 Dei
3804 1965 4050 2030 genitrix
4079 1964 4477 2033 puritieatione
4509 1963 4913 2033 carnali.qu.e

3227 2057 3482 2125 conrepit
3513 2073 3621 2107 non
3651 2056 3985 2124 operatione
4009 2053 4306 2111 virilii.sed
4339 2053 4548 2106 virtute
4575 2052 4910 2116 Altissino,

3225 2151 3272 2197 et
3311 2143 3691 2196 illustratione
3726 2144 3976 2212 Spiritus
4010 2142 4217 2196 sancti.
4269 2142 4376 2195 Sed
4433 2142 4559 2196 ideo
4616 2141 4814 2196 voluit
4847 2160 4908 2196 se

3228 2249 3510 2302 suamque
3543 2233 3881 2299 genitricem
3913 2231 4179 2296 decretis,
4215 2230 4500 2300 legalibus
4534 2233 4906 2290 subdere.ue

3225 2324 3515 2374 videretur
3542 2338 3668 2374 esse
3697 2320 3838 2386 legis
3871 2326 4256 2389 contemptor,
4287 2319 4386 2390 qui
4419 2326 4542 2372 erat
4573 2321 4906 2391 utriusque

3227 2412 3282 2464 Τ.
3310 2411 3579 2462 stamenti
3615 2410 3853 2477 largitor
3879 2415 3928 2462 et
3964 2410 4247 2462 Conditor.
4267 2408 4516 2478 l'rgebat
4549 2410 4716 2462 enim
4757 2409 4904 2479 legis

3219 2499 3431 2567 jussio,
3469 2503 3528 2551 ut
3565 2496 3836 2567 parvulus
3868 2503 4067 2550 Octava
4119 2497 4210 2550 die
4254 2497 4812 2563 circumcideretur,
4848 2508 4900 2551 et

3227 2587 3674 2657 quadragesimo
3711 2587 3822 2651 die,
3859 2592 3920 2638 ut
3951 2587 4171 2640 dictum
4219 2592 4328 2650 est,
4363 2585 4421 2639 in
4471 2586 4700 2656 templo
4753 2605 4902 2658 pne-

3228 2684 3573 2742 Sentaretnr,
3608 2682 3660 2728 et
3698 2682 3962 2746 parentes
4007 2677 4134 2742 ejus
4181 2692 4281 2745 pro
4332 2692 4398 2728 eo
4449 2691 4555 2744 par
4587 2681 4898 2730 turturum

3229 2771 3326 2818 aut
3368 2765 3514 2816 duos
3565 2763 3756 2835 pullos
3815 2764 4218 2817 columbarum
4252 2764 4547 2822 offerrent.
4583 2765 4633 2817 si
4671 2781 4898 2832 agnum

3228 2853 3486 2907 invenire
3523 2872 3633 2907 non
3674 2858 3927 2924 possent.
3957 2852 4014 2905 ln
4043 2859 4287 2923 utroque
4315 2869 4447 2905 vero
4476 2853 4908 2923 animali,pr:e-

3232 2942 3487 3008 fulgebat
3536 2943 3722 3010 gratia
3770 2941 4044 2994 salutaris
4095 2941 4376 3011 mysterii.
4436 2941 4682 3000 Turtur.
4712 2949 4780 2995 ut
4817 2942 4904 2994 illi

3228 3030 3428 3084 volunt
3451 3030 3546 3101 qui
3581 3031 3648 3083 de
3681 3029 3903 3083 naturis
3927 3030 4268 3082 animalium
4293 3030 4908 3100 disputant,castissi-

3233 3137 3390 3172 mum
3424 3126 3508 3172 est
3542 3118 3786 3178 animal;
3822 3118 4091 3172 columba
4125 3119 4682 3173 mansuetissimum
4713 3125 4772 3172 et
4810 3138 4908 3190 pa-

3232 3208 3833 3261 tientissimumdiene
3866 3225 3966 3278 pro
3998 3208 4225 3262 Christo
4252 3213 4444 3262 turtur
4473 3207 4592 3261 sive
4623 3207 4908 3261 columba

1462 3300 1780 3372 saepissime
1798 3299 2247 3354 CbristusJesus
2264 3295 2545 3350 Dominus
2569 3295 2743 3348 simul
2773 3295 2997 3348 etDeus
3024 3311 3116 3346 vo-
3151 3278 3191 3342 C
3231 3299 3488 3356 ulri'l‘itlr,
3523 3297 3660 3367 quia
3695 3298 3815 3366 ipse.
3847 3303 3932 3350 est
3965 3296 4254 3367 patientia:
4303 3301 4359 3350 et
4414 3297 4906 3350 mansuetudinis

1461 3389 1690 3456 citatur,
1727 3389 1805 3441 ita
1835 3387 2150 3458 aliquando
2185 3403 2280 3438 rex
2313 3390 2366 3439 et
2403 3385 2574 3448 Deus,
2629 3383 2943 3453 aliquando
2985 3399 3116 3434 vero

1463 3478 1745 3531 Dominus
1775 3481 1831 3531 et
1862 3493 1957 3530 rex
1992 3473 2335 3546 appellatur.
2375 3473 2489 3526 Itex
2523 3479 2576 3526 et
2605 3473 2777 3538 Deus,
2814 3472 2867 3524 in
2912 3472 3116 3542 quinto

1468 3565 1693 3636 psalmo
1730 3580 1742 3618 :
1777 3565 1892 3618 Rex
1936 3580 2084 3616 meus
2133 3570 2182 3616 et
2229 3563 2361 3615 Deus
2412 3561 2870 3624 metu,DoIninus
2910 3565 2965 3613 et
3000 3576 3114 3622 rex,

1467 3653 1620 3707 sicut
1652 3652 1710 3706 in
1741 3650 2018 3705 vicesimo
2051 3650 2219 3704 tertio
2255 3666 2268 3702 :
2302 3651 2560 3704 Dominus
2598 3651 2861 3702 virtutum
2894 3651 3006 3718 ipse
3041 3653 3116 3702 est

1469 3757 1568 3796 rea:
1595 3741 1815 3808 gloria}.

1541 3829 1640 3882 llis
1672 3845 1806 3898 ergo
1839 3831 1894 3880 et
1926 3825 2074 3894 aliis,
2135 3829 2336 3881 fratres
2385 3825 2773 3888 dilectissimi,
2809 3825 3116 3896 Scriptura:

1469 3917 1674 3971 diviuaz
1710 3916 2062 3972 testimoniis
2093 3917 2326 3982 eruditi,
2363 3915 2410 3968 si
2463 3915 2758 3968 credimus
2806 3914 3116 3968 Dominum

1467 4011 1732 4062 nostrum
1764 4005 1963 4060 Jesum
2000 4005 2703 4069 Christum,mediatorem
2733 4004 2820 4057 [)ei
2846 4009 2901 4057 et
2937 4002 3117 4056 homi-

1467 4095 1856 4166 num,l)eique
1877 4100 1932 4150 et
1957 4095 2212 4156 hominis
2237 4094 2421 4148 tilium
2449 4094 2503 4146 in
2530 4099 2726 4147 nostra
2749 4093 2922 4146 fuisse
2947 4109 3121 4146 carne

1467 4183 1798 4249 mortalem,
1833 4188 1890 4238 et
1921 4183 2308 4254 prazdicamus
2351 4181 2515 4236 illum
2571 4182 2784 4251 Regem
2819 4199 3039 4252 regum,
3068 4186 3122 4235 et

1466 4273 1779 4328 adoramus
1803 4272 1967 4326 illum
2003 4272 2185 4326 Deum
2220 4273 2558 4336 deorum,et
2586 4270 2898 4325 Dominum
2932 4269 3118 4324 domi-

1467 4377 1697 4427 norum,
1727 4366 1878 4415 recte
1909 4361 2196 4415 credendo
2239 4366 2294 4415 et
2339 4360 2482 4414 bene
2530 4359 3120 4430 Operando,vitiorum

1466 4465 1692 4506 errores
1741 4449 2111 4515 declinando,
2169 4467 2271 4522 per
2319 4448 2563 4520 justitize
2605 4448 2727 4502 vias
2778 4447 3120 4512 incedendo,

1467 4555 1701 4594 carnem
1735 4543 1996 4593 nostram
2031 4556 2160 4593 cum
2196 4538 2350 4592 vitiis
2380 4541 2436 4592 et
2467 4535 2951 4607 concupiscentiis
2974 4552 3122 4588 mor-

3226 3385 3584 3457 auetor.ipse
3617 3385 3967 3453 virginitatis
4002 3392 4194 3437 custos
4226 3391 4282 3438 et
4314 3385 4610 3439 castitatis
4646 3392 4902 3438 amator.

3227 3476 3352 3545 Ipse
3384 3475 3454 3527 ad
3489 3492 3591 3528 nos
3623 3475 3880 3534 veniens,
3913 3491 3978 3527 ex
4017 3473 4253 3543 Virgine
4285 3490 4485 3527 verum
4540 3490 4770 3544 corpus
4803 3492 4903 3528 as-

3227 3581 3488 3628 sumens,
3543 3563 3934 3630 virginitatem
3986 3563 4044 3616 in
4096 3569 4278 3616 matre
4333 3564 4740 3621 consecravit;
4805 3581 4904 3634 pro

3229 3653 3394 3707 nobis
3428 3653 3681 3705 moriens
3715 3652 4001 3722 patientim
4036 3652 4204 3705 nobis
4239 3651 4571 3723 exeniplum
4631 3652 4904 3722 reliquit.

3297 3741 3532 3794 Sistitur
3566 3741 3754 3802 hodie,
3786 3741 3938 3793 sicut
3973 3741 4160 3794 Lucas
4193 3742 4388 3799 refert.
4421 3741 4750 3811 prmsentia
4781 3758 4908 3794 car-

3231 3831 3319 3884 nis
3336 3830 3658 3900 puerJesus
3683 3829 4050 3899 Domino,qui
4079 3847 4380 3899 nunquam
4400 3847 4499 3900 per
4517 3831 4906 3900 praesentiam

3229 3919 3552 3973 divinitatis
3586 3936 3617 3971 a
3645 3924 3883 3988 paterno
3930 3918 4075 3972 Solio
4120 3918 4411 3972 discessit.
4461 3917 4636 3972 Dives
4675 3919 4736 3972 in
4773 3937 4826 3971 si
4858 3937 4908 3976 ο,

3233 4025 3452 4080 pauper
3503 4008 3559 4060 in
3604 4013 3820 4068 nostro,
3873 4006 4148 4060 τρςυιίίυιι
4195 4006 4363 4060 hodie
4412 4013 4820 4077 pra-sentatus
4857 4008 4910 4060 in

3231 4095 3468 4166 templo,
3544 4095 3698 4166 quod
3769 4095 3905 4148 olim
3987 4094 4096 4148 sibi
4170 4101 4590 4166 przeparaverat
4669 4095 4914 4150 Davidzs

3231 4186 3540 4256 prudentia
3596 4189 3653 4238 et
3703 4183 3996 4237 Salmonis
4045 4183 4353 4237 industria.
4414 4183 4556 4237 Jure
4631 4185 4713 4238 ab
4797 4187 4912 4239 illis

3232 4275 3469 4329 domum
3506 4273 3611 4328 sibi
3643 4273 3888 4326 condere.
3919 4271 4266 4336 dccrevit,de
4291 4288 4544 4343 quorum
4573 4273 4770 4344 stirpe
4796 4291 4914 4327 ma-

3233 4370 3377 4416 trem
3402 4363 3612 4432 eligere
3647 4361 3844 4414 voluit.
3867 4361 4288 4414 Convenienter
4319 4360 4794 4423 ditissimorum,
4830 4380 4914 4417 sa-

3233 4451 3732 4523 pientissimorum
3785 4455 3838 4504 et
3885 4450 4338 4504 fortissimorum
4386 4450 4658 4504 omnium
4701 4469 4908 4521 regum

3234 4539 3548 4610 propagine
3582 4543 3890 4606 generatur
3934 4536 4030 4591 Dei
4064 4538 4314 4606 genitrix
4357 4543 4412 4591 et
4445 4553 4692 4607 semper
4723 4542 4912 4606 virgo.

1466 4627 1762 4693 tificando,
1798 4627 2055 4682 visibilia
2085 4626 2536 4689 contemnendo,
2571 4624 2888 4678 invisibilia
2914 4641 3121 4678 concu-
3151 4647 3198 4711 D
3235 4627 3431 4690 Maria,
3465 4628 3603 4698 quia
3635 4626 3799 4679 illum
3832 4632 3954 4680 erat
3989 4626 4270 4696 paritura,
4302 4626 4402 4696 qui
4428 4631 4518 4679 est
4549 4625 4656 4680 Dei
4694 4628 4908 4684 virtus.

1468 4716 1767 4788 piscando,
1801 4735 1930 4770 cum
1969 4715 2086 4772 illis
2119 4716 2310 4770 tribus
2357 4715 2539 4785 Magis
2587 4719 2702 4768 tres
2751 4713 3118 4784 supradictas

1469 4803 1691 4876 species
1726 4804 2324 4876 munerum,quotidie
2345 4801 2724 4874 spiritualiter
2741 4803 2810 4856 ad
2838 4803 2963 4871 ejus
2990 4820 3122 4874 por-

1469 4897 1663 4946 tamus
1695 4893 2067 4964 przesepium.
2103 4893 2205 4948 Cui
2239 4893 2315 4946 sit
2345 4892 2528 4960 gloria
2559 4897 2614 4946 et
2647 4892 3127 4963 potestas,bonor

1473 4987 1525 5034 et
1556 4980 2027 5052 impcrium,cum
2060 4982 2222 5037 Patre
2255 4987 2311 5036 et
2340 4981 2555 5052 Spiritu
2584 4986 2783 5035 sancto
2809 4999 2909 5052 per
2930 4982 3126 5034 omnia

1477 5067 1686 5124 secula
1717 5069 2084 5126 saeculorum.
2117 5073 2320 5126 Amen.

2114 5177 2355 5232 SERMO
2394 5177 2489 5232 ΙΙΙ.

1530 5261 1600 5298 DE
1641 5261 2073 5302 PURIFICATIONB
2111 5265 2336 5303 εΑΝσΜι
2375 5265 2462 5303 DEI
2501 5265 2818 5303 GENITRICIS
2861 5265 3072 5303 .‘lARl.E.

1551 5331 1978 5403 Omnipotcntis
2025 5335 2127 5390 Dei
2188 5335 2371 5390 Patris
2425 5337 2792 5408 omnipotens
2841 5340 3059 5399 Sermo,
3095 5355 3128 5393 a

1483 5419 1775 5492 regalibus
1805 5423 2043 5478 sedibus
2068 5423 2324 5489 veniens,
2354 5424 2688 5480 hominibus
2727 5425 2900 5480 homo
2935 5426 3120 5482 factus

1485 5523 1792 5580 apparens,
1827 5509 2070 5566 indutus
2103 5512 2316 5567 amictu
2348 5530 2640 5584 corporeo,
2671 5514 2932 5569 Mosaicze
2977 5514 3122 5585 legis

1485 5595 1668 5651 voluit
1700 5597 2019 5672 adimplere
2045 5600 2359 5668 decretum,
2394 5606 2458 5656 ut
2487 5603 2739 5673 antiquae
2781 5604 3123 5674 praevarica-

1486 5681 1663 5744 tionis
1694 5683 1908 5746 deleret
1934 5687 2590 5766 chirographum.8icut
2620 5690 2773 5747 enim
2805 5695 3008 5748 octava
3031 5693 3123 5749 die

3230 4717 3379 4770 sicut
3411 4715 3710 4788 apostolus
3745 4714 3958 4770 Paulus
3993 4715 4238 4784 intonat,
4270 4721 4326 4769 et
4357 4714 4452 4768 Dei
4487 4715 4822 4786 sapientia,
4857 4726 4906 4770 et

3237 4811 3294 4859 ut
3331 4805 3453 4875 ipse
3489 4803 3697 4860 Paulus
3733 4808 3980 4857 testatur
4015 4804 4110 4857 :ln
4141 4820 4245 4872 quo
4274 4813 4400 4858 sunt
4431 4820 4619 4858 omnes
4655 4807 4906 4860 thesauri

3234 4897 3521 4964 sapientia:
3549 4902 3598 4947 et
3629 4895 3874 4948 .s'eientia'
3894 4893 4364 4947 absetmditiﬁrat
4388 4892 4545 4946 enim
4570 4894 4792 4948 eadem
4820 4913 4908 4949 no-

3236 4991 3356 5038 stra
3388 5000 3689 5053 puerpera.
3727 4999 3943 5051 pauper
3975 4986 4203 5034 terrena
4234 4981 4758 5051 possessione.sed
4789 4984 4904 5054 ple-

3238 5090 3310 5126 na
3341 5072 3555 5126 caelesti
3591 5070 4008 5124 benedictione.
4051 5071 4184 5123 Erat
4235 5071 4538 5141 progenita
4587 5076 4908 5126 stemmaze

3235 5160 3433 5231 regali,
3469 5160 3565 5214 Sed
3593 5177 3809 5229 pauper
3838 5159 3980 5211 adeo
4015 5157 4303 5227 stipendio
4333 5158 4910 5230 temporaliJ’auper

3239 5251 3432 5314 rebus,
3469 5237 3676 5302 referta
3708 5247 3919 5301 divinis
3952 5245 4388 5301 muneribus.ln
4414 5251 4652 5301 tantum
4684 5265 4907 5320 pauper

3236 5344 3298 5392 ut
3329 5336 3676 5409 agnum,qui
3712 5353 3815 5406 pro
3849 5339 4082 5406 peccato
4115 5335 4612 5396 ott‘erebatur.non
4637 5335 4903 5391 haberet:

3237 5427 3291 5481 in
3308 5432 3534 5481 tantum
3562 5425 3720 5479 dives
3744 5429 3805 5478 ut
3823 5426 4316 5493 .-\gnnm,peceata
4335 5423 4544 5477 mundi
4567 5423 4902 5486 tollentem.

3234 5516 3392 5572 salva
3423 5513 4051 5584 virginitate.gencrare
4085 5510 4436 5584 posset.Una
4454 5513 4796 5585 eademque
4823 5531 4902 5569 res

3232 5608 3360 5670 fuit,
3393 5611 3450 5662 et
3481 5605 3635 5676 quod
3668 5604 3736 5657 de
3773 5618 4024 5674 paupere
4076 5606 4281 5668 matre,
4332 5601 4490 5674 quod
4545 5602 4624 5658 de
4656 5604 4900 5676 despon-

3231 5702 3356 5755 sata
3387 5695 3622 5770 Virgine
3653 5692 3922 5751 Christus
3954 5690 4115 5749 nasci
4142 5690 4340 5761 voluit,
4379 5694 4442 5748 ut
4468 5690 4758 5749 videlicet
4789 5694 4900 5750 Vir-
