4984 6448
806 460 977 520 1001

2279 466 2317 523 S
2332 461 2721 524 ERMONES.

4056 469 4212 531 1002

802 592 979 665 ginis
1001 594 1170 664 partu
1202 589 1478 647 divinitas
1507 609 1633 664 quae
1665 598 1788 648 erat
1820 594 1876 649 in
1905 594 2159 660 homine,
2187 610 2371 666 usque
2391 595 2462 649 ad
2494 594 2548 659 Α
2579 595 2847 651 homines
2867 594 3159 651 Christum
3194 614 3296 669 per
3316 597 3610 669 Virginem
3632 599 3858 654 venisse
3880 600 4109 655 fatetur.
4133 600 4215 656 Ex

803 689 1058 753 tempus
1086 679 1437 752 praefinitum
1461 697 1494 735 a
1517 686 1649 746 Deo,
1675 681 1904 737 diabolo
1928 688 1985 738 et
2018 683 2221 738 mundi
2258 683 2471 754 princi-

806 772 1000 843 pibus
1038 768 1343 824 celaretur.
1368 768 1430 823 Si
1456 771 1605 824 enim
1632 773 2025 839 cognovissent,
2058 788 2340 843 nunquam
2371 773 2473 827 Do-

802 862 1039 915 minum
1068 858 1260 929 gloriae
1307 859 1741 928 cruciﬁxissent;
1775 859 1926 930 quod
1971 859 2471 933 pernecessarium

803 953 965 1004 erat.
988 948 1046 1003 Si
1079 946 1345 1001 Christus
1366 963 1479 1001 non
1501 948 1958 1019 crucifigeretur,
1982 948 2156 1004 homo
2187 965 2302 1003 non
2330 947 2470 1013 libe-

803 1042 1069 1092 raretur.
1096 1037 1225 1107 Ipse
1247 1034 1403 1089 enim
1418 1035 1516 1089 Dei
1545 1034 1725 1090 Filius
1748 1035 2121 1107 paulominus
2147 1037 2471 1091 minoratus

806 1128 891 1182 ab
917 1124 1162 1197 angelis,
1186 1140 1290 1196 pro
1312 1124 1481 1178 nobis
1502 1123 1675 1178 etiam
1708 1140 1925 1194 egenus
1953 1125 2140 1179 factus
2159 1128 2340 1194 est,ut
2366 1141 2471 1180 nos

807 1233 933 1271 sua
961 1216 1303 1286 paupertate
1322 1212 1551 1267 ditaret.
1575 1213 1618 1267 Ο
1647 1213 1814 1267 beata
1840 1219 2170 1285 paupertas,
2207 1231 2332 1286 quae
2364 1229 2470 1270 nos

806 1304 1032 1359 divites
1063 1300 1341 1357 reddidit!
1376 1316 1409 1355 o
1440 1299 1576 1355 felix
1605 1300 1818 1373 inepia,
1845 1318 1971 1373 quae
2003 1319 2110 1357 nos
2152 1301 2471 1372 locupletes

802 1390 1040 1449 effecit!
1077 1391 1306 1455 Quanta
1335 1392 1391 1444 et
1419 1388 1610 1459 qualis
1641 1393 1730 1444 est
1759 1390 1870 1445 ista
1899 1395 2211 1463 paupertas
2244 1407 2368 1461 qua:
2397 1392 2469 1446 ab

802 1478 1048 1553 angelis
1079 1477 1406 1543 nuntiatur,
1433 1495 1467 1532 a
1496 1478 1829 1549 pastoribus
1866 1484 2193 1545 veneratur,
2224 1495 2258 1532 a
2287 1478 2469 1550 Magis

801 1567 1251 1626 ofﬁciosissime
1303 1566 1593 1622 salutatur
1637 1572 1694 1622 et
1738 1567 2033 1633 adoratur,
2061 1572 2117 1621 et
2165 1568 2256 1622 cui
2298 1583 2471 1623 omne

798 1675 973 1730 genu
999 1654 1278 1712 ﬂectitur!
1303 1654 1512 1717 Quales
1533 1659 1590 1709 et
1610 1660 1858 1726 quantas
1881 1655 2111 1709 divitias
2131 1655 2189 1709 in
2215 1653 2312 1709 illo
2335 1671 2471 1727 pue-

795 1764 875 1801 ro
911 1744 1258 1818 grandaevus
1309 1742 1407 1797 ille
1454 1744 1686 1798 Simeon
1708 1745 1910 1814 justus
1940 1747 1996 1798 et
2028 1745 2335 1798 timoratus
2378 1743 2469 1797 in-

794 1836 973 1889 tuitu
995 1833 1208 1888 mentis
1226 1832 1478 1903 agnovit,
1496 1848 1665 1903 quem
1693 1837 2001 1903 postquam
2019 1832 2211 1887 videre
2235 1832 2466 1895 meruit,

798 1920 967 1976 nihil
1001 1924 1207 1991 praeter
1238 1918 1433 1989 ipsum
1475 1918 1805 1990 concupivit
1827 1919 2043 1990 videre,
2068 1936 2171 1973 nec
2201 1919 2375 1974 etiam
2409 1919 2465 1973 in

794 2010 928 2064 hac
960 2010 1078 2063 vita
1108 2006 1456 2062 desideravit
1485 2007 1703 2061 vivere!
1741 2007 1863 2062 Nisi
1893 2012 2266 2079 cognosceret
2296 2025 2470 2064 senex

794 2096 915 2152 ille
938 2096 1170 2151 Simeon
1198 2095 1257 2149 in
1282 2094 1508 2149 Christo
1539 2099 1594 2148 et
1625 2110 1727 2166 per
1748 2096 2041 2150 Christum
2069 2108 2239 2167 poese
2269 2114 2468 2152 conse-

797 2185 920 2257 qui
955 2189 1291 2257 perpetuam
1325 2182 1524 2249 vitam,
1546 2199 1660 2237 non
1703 2188 1824 2239 tam
1874 2183 2122 2239 libenter
2142 2201 2207 2238 eo
2239 2185 2468 2257 cognito

792 2276 1115 2346 appeteret
1136 2270 1514 2342 temporalem
1536 2276 1803 2327 mortem.
1823 2277 2154 2343 Responsum
2171 2281 2467 2343 acceperat,

806 2368 889 2418 ut
929 2362 1114 2416 Lucas
1146 2359 1514 2431 Evangelista
1561 2363 1826 2428 testatur,
1851 2377 1884 2414 (ι
1911 2361 2125 2431 Spiritu
2149 2370 2332 2417 sancto
2362 2378 2469 2415 non

787 2454 1069 2507 'z'isurum
1118 2465 1175 2503 se
1202 2453 1453 2513 mor/em,
1502 2449 1615 2504 nisi
1654 2449 1859 2504 videret
1905 2450 2182 2504 Christum
2228 2450 2466 2506 Domini.

804 2542 1145 2611 Postquam
1180 2537 1476 2592 Christum
1508 2537 1735 2591 Domini
1777 2539 2096 2592 secundum
2133 2539 2469 2609 promissio-

797 2644 958 2685 nem
992 2626 1248 2698 Spiritus
1279 2625 1465 2680 sancti
1497 2625 1728 2679 Simeon
1753 2624 1849 2680 ille
1873 2642 2047 2680 senex
2066 2625 2289 2695 vidit,et
2320 2627 2472 2680 salu-

798 2725 944 2773 tare
973 2714 1171 2770 lumen
1198 2714 1416 2769 mundo
1434 2712 1660 2768 venisse
1677 2715 1962 2785 cognovit,
1979 2715 2270 2770 benedixit
2289 2715 2469 2770 Deum

792 2811 867 2862 et
921 2803 1115 2858 dixit:
1151 2807 1307 2859 Nune
1356 2802 1612 2871 dimittis,
1650 2804 1900 2867 Domine,
1933 2819 2146 2857 servum
2198 2811 2353 2857 tuum
2411 2805 2471 2858 in

785 2909 971 2968 pace,
1004 2893 1136 2963 quia
1165 2890 1418 2946 viderunt
1445 2891 1590 2945 oculi
1619 2892 1729 2945 mei
1748 2891 1991 2945 salutare
2016 2899 2189 2945 tuum.

883 2987 1010 3036 Nos
1040 2996 1195 3053 ergo,
1230 2979 1595 3034 dilectissimi
1642 2980 1869 3046 fratres,
1903 2978 2083 3049 hujus
2114 2980 2467 3035 sanctissimi

795 3071 982 3129 senis
1033 3069 1320 3124 Simeonis
1377 3067 1706 3139 exemplum
1766 3072 2100 3138 sequentes,
2160 3069 2467 3123 Dominum

792 3160 1117 3217 Christum
1151 3158 1207 3212 in
1239 3158 1525 3212 mundum
1555 3157 1783 3211 venisse
1813 3157 2138 3222 credamus,
2165 3156 2320 3212 ulnis
2353 3158 2470 3212 sin-

792 3247 1135 3305 cerissima:
1169 3245 1495 3300 dilectionis
1527 3245 1807 3299 adventus
1837 3245 1964 3314 ejus
2012 3245 2351 3301 memoriam
2400 3247 2465 3301 fi-

2583 684 2754 739 dictis
2786 684 2965 756 igitur
3005 685 3320 755 majorum,
3343 686 3757 741 catholicorum
3790 688 4087 743 doctorum
4119 705 4212 743 co-

2581 772 2940 843 gnoscimus,
2957 774 3263 845 utriusque
3279 774 3633 829 Testamenti
3651 778 3862 846 patres,
3877 774 4011 829 licet
4026 779 4222 831 essent

2581 858 2724 913 locis
2762 865 2819 914 et
2849 860 3207 931 temporibus
3238 859 3427 929 divisi,
3462 860 3816 916 unanimiter
3862 864 4053 916 tamen
4088 876 4218 917 sen-

2582 947 2728 1002 sisse
2760 949 2828 1003 de
2858 948 3041 1019 gloria
3069 950 3351 1005 adventus
3389 949 3694 1005 Dominici.
3728 951 3795 1004 Et
3841 953 3907 1005 ut
3956 950 4063 1005 hoc
4095 949 4223 1004 sine

2582 1037 2759 1091 dubio
2792 1053 3234 1109 cognoscamus,
3258 1038 3464 1094 beatus
3493 1055 3645 1110 papa
3682 1038 4013 1111 Gregorius,
4029 1039 4102 1094 ad
4131 1037 4220 1093 in-

2582 1129 2703 1179 star
2732 1124 2980 1180 scelestis
3012 1124 3407 1198 sideris,quod
3440 1132 3661 1198 septem
3696 1126 3882 1183 stellis
3903 1142 4017 1182 non
4043 1126 4221 1182 simul

2580 1214 2893 1279 stantibus,
2917 1214 3017 1269 sed
3051 1213 3225 1269 simul
3276 1215 3650 1283 micantibus,
3674 1231 3821 1287 quas
3868 1215 4065 1271 divina
4110 1232 4219 1288 pa-

2578 1302 2717 1373 gina
2746 1302 3005 1358 Pleiades
3054 1303 3335 1369 nominat,
3358 1303 3582 1359 divinos
3619 1308 3884 1360 auctores
3933 1305 4005 1360 ad
4054 1321 4219 1361 enar-

2580 1390 2760 1445 randa
2776 1395 2994 1445 nostrae
3020 1389 3228 1446 salutis
3251 1392 3547 1464 mysteria,
3572 1392 3679 1447 etsi
3701 1392 3979 1448 discretos
3997 1391 4140 1449 locis
4160 1397 4219 1449 et

2579 1478 2958 1549 temporibus,
2981 1479 3038 1533 in
3071 1496 3183 1535 una
3213 1483 3406 1535 tamen
3441 1480 3552 1535 ﬁde
3577 1486 3633 1536 et
3659 1481 3897 1537 veritate
3916 1480 4216 1538 refulsisse

2578 1567 2904 1623 denuntiat.

2649 1655 2763 1710 Hos
2796 1672 2908 1710 non
2942 1655 3129 1711 solum
3163 1654 3382 1723 stellas,
3406 1659 3505 1713 sed
3539 1657 3714 1713 etiam
3741 1657 3935 1726 castos,
3963 1657 4218 1713 Davidici

2577 1743 2865 1798 sermonis
2888 1750 3051 1798 vocat
3073 1745 3405 1813 auctoritas,
3421 1746 3620 1801 dicens
3640 1763 3652 1800 :
3676 1748 3809 1802 Casii
3829 1752 4093 1802 enarrant
4111 1747 4223 1818 glo-

2576 1834 2721 1887 riam
2750 1834 2865 1887 Dei.
2892 1833 2956 1886 Hi
2986 1834 3199 1887 etenim
3235 1834 3384 1900 cmli,
3405 1835 3491 1889 hae
3524 1836 3722 1903 stellis,
3751 1840 4070 1907 casteraque
4099 1834 4217 1908 spi-

2579 1919 2812 1975 ritualia
2841 1926 2896 1975 et
2926 1921 3296 1977 rationabilia
3324 1927 3479 1978 astra
3504 1925 3677 1978 verbo
3718 1923 3990 1991 lucentia,
4023 1941 4218 1980 amore

2578 2010 2860 2074 ardentia,
2897 2025 3009 2063 non
3042 2027 3073 2064 a
3104 2026 3187 2075 se,
3220 2011 3321 2066 sed
3373 2012 3445 2066 ab
3477 2015 3710 2067 auctore
3753 2029 3861 2068 suo
3889 2012 4220 2068 habuerunt

2579 2102 2643 2152 ut
2673 2114 2940 2152 sermone
2971 2097 3249 2169 lucerent,
3274 2099 3580 2155 dilectione
3610 2100 3899 2169 arderent,
3924 2104 3981 2156 et
4004 2117 4070 2156 ea
4090 2116 4218 2171 quae

2578 2187 2650 2241 de
2671 2185 2795 2257 ipso
2818 2187 3370 2258 senserunt,Spiritu
3395 2190 3595 2243 sancto
3616 2188 3877 2256 docente,
3894 2193 4215 2245 narrarent.

2579 2277 2833 2339 Quorum
2856 2273 2952 2328 alii
2981 2275 3269 2337 diffusius,
3298 2275 3397 2330 alii
3421 2276 3910 2348 compendiosius,
3930 2277 4025 2332 alii
4052 2294 4218 2349 aper-

2578 2364 2716 2430 tius,
2734 2362 2827 2417 alii
2846 2362 3155 2417 obscurius
3176 2364 3246 2418 de
3268 2363 3482 2418 divinis
3503 2364 3614 2419 sibi
3637 2365 3905 2421 revelatis
3927 2365 4219 2438 mysteriis

2577 2450 2754 2507 locuti
2776 2455 2933 2505 sunt.
2959 2451 3037 2505 Ex
3059 2452 3272 2522 quibus
3307 2452 3459 2506 sicut
3488 2452 3639 2508 inter
3670 2457 3889 2509 veteres
3919 2459 4113 2525 patres
4144 2454 4219 2510 ad

2580 2540 3022 2611 praenuntiantia
3038 2540 3235 2594 divina
3254 2540 3793 2613 benelicia,insigne
3813 2543 4104 2615 quoddam
4128 2559 4226 2598 no-

2579 2629 2907 2683 bilissimus
2926 2627 3340 2699 prophetarum
3359 2628 3723 2701 privilegium
3743 2630 3995 2685 obtinuit
4016 2631 4220 2697 Isaias,

2579 2717 2662 2771 ita
2689 2718 2760 2771 ad
2792 2717 3120 2772 enarranda
3151 2717 3432 2771 incarnati
3456 2717 3630 2772 Verbi
3650 2721 3707 2772 et
3726 2717 3967 2791 virginei
3998 2723 4220 2792 partus,

2580 2821 2790 2861 arcana
2822 2805 3116 2876 mysteria,
3148 2804 3528 2876 principalem
3573 2805 3763 2861 locum
3794 2806 4055 2863 obtinere
4087 2823 4219 2879 pro-

2581 2893 2794 2949 meruit
2815 2894 3020 2947 Lucas.
3047 2893 3148 2947 Hic
3170 2893 3256 2947 vir
3276 2892 3678 2949 divinissimus
3696 2898 3772 2962 et,
3792 2899 3855 2949 ut
3874 2911 4065 2950 omnis
4090 2896 4218 2966 eju

2577 2980 2891 3052 descriptio
2918 2980 3203 3051 patefecit,
3228 2980 3387 3035 omni
3418 2982 3705 3053 sapientia
3733 2987 3790 3038 et
3819 2983 4063 3039 scicntia
4085 3000 4218 3039 eru-

2577 3069 2928 3135 ditissimus,
2953 3085 3067 3123 non
3098 3068 3156 3122 in
3183 3067 3389 3139 primis
3419 3070 3490 3123 ad
3512 3084 3580 3123 ea
3599 3069 3669 3124 de
3694 3070 3909 3141 quibus
3930 3071 4118 3143 magis
4138 3071 4222 3125 di-

2578 3164 2777 3212 cturus
2807 3162 2948 3221 erat,
2973 3162 3028 3211 et
3052 3157 3122 3211 ad
3154 3173 3279 3228 quae
3311 3156 3498 3227 ipsius
3529 3161 3647 3211 tota
3665 3158 3943 3213 tendebat
3970 3158 4216 3225 devotio,

2578 3245 2837 3301 ordinem
2862 3244 3213 3299 narrationis
3232 3245 3484 3315 incipere
3504 3243 3702 3313 voluit,
3717 3246 3819 3299 sed
3842 3245 4240 3301 circumstan-’

790 3337 1030 3393 deliter
1059 3333 1500 3406 amplectentes,
1532 3333 1579 3387 ei
1610 3337 1808 3405 utpote
1838 3333 2099 3387 membra
2125 3334 2296 3405 capiti
2330 3352 2464 3389 con-
2495 3316 2537 3381 Ο
2578 3335 2662 3389 tia
2693 3325 2993 3395 miracula,
3017 3332 3445 3404 generationem
3471 3331 3737 3387 videlicet
3764 3331 4049 3387 Dominici
4081 3351 4223 3406 pra-

777 3430 1163 3499 jungamur,
1189 3422 1270 3476 ita
1298 3427 1365 3477 ut
1397 3439 1510 3477 non
1538 3423 1610 3476 ab
1642 3438 1709 3475 eo
1733 3438 2088 3493 separemur,
2116 3439 2300 3494 usque
2332 3423 2472 3479 dum

789 3530 957 3571 eum
992 3512 1049 3566 in
1074 3509 1291 3581 templo
1322 3509 1516 3583 gloria:
1540 3527 1657 3565 suae
1679 3510 1874 3564 videre
1906 3526 2255 3565 mereamur.
2281 3512 2472 3567 Vitam

791 3616 1056 3676 quoque
1086 3599 1261 3654 istam
1308 3598 1571 3653 fallacem
1623 3602 1680 3651 et
1727 3598 2006 3653 caducam
2061 3598 2365 3670 fugientes,
2400 3602 2473 3656 ad

788 3693 983 3748 illam
1016 3706 1142 3759 quae
1172 3705 1306 3742 vera
1335 3692 1393 3741 et
1424 3703 1776 3759 permanens
1820 3691 1927 3751 est,
1959 3691 2079 3741 toto
2130 3690 2341 3743 mentis
2372 3690 2475 3745 de-

792 3778 1038 3837 siderio
1087 3777 1417 3843 tendamus,
1442 3775 1762 3831 auxiliante
1812 3776 2058 3831 Domino
2109 3782 2305 3833 nostro
2336 3778 2476 3834 Jesu

790 3866 1072 3932 Christo,
1095 3865 1194 3936 qui
1239 3869 1349 3931 est,
1383 3869 1446 3918 ut
1494 3864 1616 3935 ipse
1665 3863 1827 3930 dicit,
1850 3863 1961 3930 via,
1986 3865 2197 3921 veritas
2227 3871 2279 3921 et
2311 3866 2429 3922 vita
2460 3884 2472 3923 :

789 3957 933 4019 via,
962 3952 1228 4009 videlicet
1258 3956 1409 4008 recte
1449 3952 1878 4024 gradientium;
1912 3953 2145 4019 veritas,
2175 3955 2476 4011 veritatem

794 4042 1176 4110 amantium;
1199 4041 1337 4108 vita,
1362 4041 1506 4096 bene
1535 4041 1874 4096 viventium.
1899 4041 2005 4105 Qui
2029 4042 2166 4097 vivit
2187 4048 2243 4098 et
2273 4053 2479 4115 regnat

794 4149 959 4191 cum
992 4131 1160 4186 Patre
1190 4134 1247 4185 et
1276 4129 1494 4202 Spiritu
1528 4133 1728 4183 sancto
1773 4146 1874 4201 per
1904 4130 2101 4185 omnia
2133 4130 2343 4187 saecula
2373 4149 2476 4187 sae-

797 4222 1114 4281 culorum.
1147 4221 1352 4275 Amen.

1452 4306 1703 4363 'SERMO
1741 4306 1836 4361 IV.

1223 4414 1294 4453 DE
1324 4412 1742 4453 INCARNATIONE
1774 4412 2052 4451 DOMINICA
2062 4438 2074 4451 .

886 4486 1208 4545 Dominicae
1251 4485 1669 4542 incarnationis
1717 4490 1773 4541 et
1804 4488 2013 4540 nostris
2064 4486 2476 4557 reparationis,

795 4577 979 4653 quod
1012 4577 1156 4631 fides
1188 4574 1449 4630 ﬁdelium
1479 4574 1761 4629 hodierna
1780 4574 1871 4629 die
1902 4572 2128 4639 recolit,
2154 4591 2480 4631 sacramen-

2581 3422 2838 3479 cursoris
2869 3427 2924 3476 et
2954 3427 3170 3487 ortum,
3192 3421 3369 3476 vitam
3394 3420 3522 3491 ejus
3553 3420 3899 3487 mirabilem,
3924 3438 4226 3477 conversa~

2581 3513 2798 3567 tionem
2832 3515 3117 3577 sanctam,
3142 3514 3197 3565 et
3224 3508 3547 3564 inauditam
3581 3526 3614 3563 a
3643 3508 3871 3564 saeculis
3902 3509 3962 3563 in
3990 3510 4146 3564 victu
4171 3515 4231 3565 et

2581 3599 2793 3656 vestitu
2823 3599 3261 3665 abstinentiam,
3284 3602 3339 3652 et
3361 3597 3417 3652 in
3442 3598 3601 3653 omni
3628 3613 3837 3671 genere
3863 3614 4231 3670 perseveran-

2584 3694 2700 3744 tem
2733 3686 3123 3743 constantiam
3156 3691 3212 3741 et
3236 3690 3599 3741 constantem
3632 3686 4140 3758 perseverantiam,
4173 3691 4231 3743 et

2585 3778 2657 3832 ad
2690 3775 3165 3848 reprehendenda
3205 3774 3345 3829 vitia
3392 3776 3866 3831 robustissimam
3912 3775 4228 3831 liberalita-

2586 3871 2723 3921 tem.
2757 3865 3071 3920 Parentum
3129 3864 3303 3919 etiam
3343 3864 3471 3933 ejus
3515 3863 3942 3919 nobilissimam
3992 3868 4050 3918 et
4102 3866 4229 3922 sine

2586 3953 2745 4009 omni
2794 3951 3029 4024 querela
3076 3952 3370 4024 justitiam
3429 3950 3501 4005 ad
3554 3950 3845 4023 liquidum
3901 3952 4235 4007 describere

2584 4040 2784 4097 voluit.
2808 4041 3124 4111 Postquam
3156 4056 3289 4094 vero
3347 4040 3418 4095 de
3457 4040 3550 4095 his
3599 4038 3956 4095 sufﬁcienter
4010 4038 4229 4097 dixisse

2586 4145 2649 4184 se
2679 4128 2943 4192 credidit,
2977 4127 3048 4182 ad
3078 4127 3420 4182 disserenda
3449 4144 3518 4183 ea
3546 4143 3671 4198 qua:
3703 4126 3761 4181 in
3791 4130 3921 4181 voto
3952 4125 4225 4194 habebat,

2586 4220 2879 4289 praeeunte
2928 4214 3149 4270 lumine
3192 4214 3442 4270 scelestis
3481 4214 3700 4287 gratiae,
3735 4231 3797 4270 se
3828 4217 4012 4268 totum
4045 4214 4226 4282 dedit,

2587 4305 2860 4376 inquiens
2888 4320 2899 4359 :
2936 4305 3133 4362 Missus
3160 4310 3236 4358 est
3264 4304 3490 4373 angelus
3521 4303 3736 4359 Gabriel
3766 4319 3802 4358 a
3823 4304 3928 4358 Deo
3957 4302 4017 4357 in
4042 4304 4241 4358 civita-

2589 4403 2695 4448 tem
2725 4393 2993 4459 Galilwm,
3025 4394 3117 4447 cui
3160 4408 3353 4447 nomen
3397 4391 3686 4457 Nazareth,
3717 4391 3787 4446 ad
3813 4391 4084 4460 virginem
4110 4390 4230 4446 des-

2583 4490 2869 4553 ponsatam
2900 4484 3035 4546 viro,
3058 4481 3150 4535 cui
3176 4496 3369 4537 nomen
3398 4484 3517 4537 erat
3541 4479 3733 4551 Ioseph
3759 4478 3824 4535 de
3852 4478 4005 4535 domo
4035 4478 4232 4547 David,

2586 4579 2640 4625 et
2669 4587 2865 4625 nomen
2896 4571 3148 4638 virginis,
3185 4569 3377 4624 Maria.

794 4634 971 4731 gum,
994 4665 1130 4720 licet
1158 4663 1485 4737 granditate
1513 4662 1601 4718 sui
1626 4666 1681 4717 et
1709 4661 2045 4717 excellentia
2069 4634 2394 4718 humanum
2420 4667 2481 4719 et
2516 4678 2559 4742 Ι)
2660 4634 3025 4724 Audivimus,
3045 4634 3269 4723 fratres,
3288 4655 3558 4729 angelum
3581 4674 3615 4712 a
3633 4655 3748 4712 Deo
3769 4656 3937 4712 Patre
3956 4656 4025 4711 ad
4050 4634 4236 4727 Virgi-

794 4752 1153 4827 angelicum
1186 4750 1423 4806 excedat
1454 4748 1833 4811 intellectum,
1862 4754 2056 4805 tamen
2093 4751 2374 4822 quidquid
2401 4750 2474 4807 de

798 4843 1029 4901 eodem
1089 4839 1278 4913 potuit
1306 4838 1394 4894 vel
1435 4838 1637 4893 debuit
1667 4839 2156 4910 comprehendere
2213 4844 2271 4894 et
2326 4840 2474 4896 scire

799 4930 1141 4987 electorum
1173 4925 1422 4991 devotio,
1454 4929 1643 4980 totum
1682 4940 1783 4995 per
1816 4925 2090 4996 antiquos
2119 4931 2331 4997 patres,
2364 4926 2474 4981 Ve-

796 5016 965 5093 teris
986 5014 1253 5071 videlicet
1271 5013 1629 5070 Testamenti
1655 5013 2013 5085 patriarchas
2031 5019 2085 5069 et
2102 5021 2261 5070 vates
2285 5014 2478 5087 dispo-

799 5106 944 5165 suit
974 5103 1265 5170 nuntiare,
1290 5107 1346 5158 et
1376 5119 1478 5174 per
1503 5101 1800 5174 apostolos
1833 5107 1890 5157 et
1918 5102 2326 5175 evangelistas,
2351 5103 2474 5159 ido-

796 5210 966 5253 neos
1014 5194 1175 5247 novae
1228 5191 1376 5264 legis
1418 5190 1740 5258 ministros,
1770 5190 2011 5261 dignata
2068 5195 2157 5246 est
2208 5208 2476 5249 enarrare

796 5282 1032 5341 divinm
1055 5278 1412 5353 dignationis
1436 5278 1737 5349 Majestas.
1762 5279 1989 5344 Quanta
2011 5279 2167 5334 enim
2199 5284 2254 5335 et
2284 5279 2479 5351 qualia

799 5368 1236 5447 pret-fulserunt
1256 5367 1315 5422 in
1334 5366 1483 5422 serie
1500 5365 1710 5421 veteris
1729 5364 1787 5420 In
1797 5362 2105 5421 strumenti
2121 5367 2472 5437 testimonia,

794 5458 960 5519 huic
1007 5472 1173 5527 sacro
1225 5455 1501 5527 mysterio
1534 5454 1675 5509 adeo
1710 5453 1959 5509 faventia
2005 5457 2061 5509 et
2109 5456 2476 5526 apertissime

796 5544 1221 5620 congruentia,
1249 5560 1363 5599 non
1391 5546 1582 5615 potest
1608 5542 1677 5597 ad
1702 5541 1939 5613 plenum
1971 5542 2240 5614 colligere
2264 5549 2475 5600 nostris

732 5658 741 5661 ‘
786 5633 1124 5713 parvitatis
1144 5631 1491 5704 ignorantia.
1514 5630 1804 5701 Quidquid
1830 5645 1963 5683 vero
1986 5629 2316 5702 Evangelia,
2344 5649 2480 5705 apo-

801 5722 1114 5790 stolorum
1154 5718 1425 5792 Ερίειοιω
1476 5722 1535 5774 et
1578 5720 1757 5775 Actus
1810 5716 2151 5793 loquuntur,
2185 5722 2372 5779 totum
2402 5720 2477 5783 ad

1146 5846 1414 5910 PATBOL.
1463 5841 1702 5911 CXLII.

2590 4763 2723 4802 nem
2748 4746 3361 4814 missum,audivimus
3375 4744 3672 4818 Virginem
3694 4760 3839 4801 novo
3865 4743 4235 4801 salutationis

2587 4835 2801 4890 famine
2826 4835 3232 4901 salutatam,et
3261 4834 3319 4889 in
3351 4834 3480 4906 ipsa
3505 4834 3878 4900 salutatione,
3895 4837 3960 4888 ut
3977 4832 4236 4905 Evange-

2584 4923 2729 4980 lium
2748 4923 3025 4995 loquitur,
3038 4924 3217 4978 fuisse
3229 4921 3896 4979 turbatam.Audivimus
3908 4919 4237 4977 Gabrielem

2585 5012 2997 5084 archangelum
3020 5012 3211 5067 verbis
3235 5011 3660 5077 consolatoriis,
3682 5027 3750 5066 ne
3771 5010 4003 5066 timeret
4025 5008 4239 5065 allocu-

2584 5105 2734 5165 tum,
2760 5118 2826 5156 eo
2853 5100 3006 5171 quod
3040 5100 3357 5155 invenisset
3398 5099 3648 5173 gratiam
3692 5099 3847 5170 apud
3898 5098 4237 5167 Dominum,

2587 5189 2796 5244 deinde
2821 5193 3230 5261 generaturam
3276 5193 3333 5243 et
3374 5188 3696 5261 parituram
3728 5186 3980 5243 asseruit
4025 5185 4235 5254 filium,

2585 5293 2760 5349 quem
2783 5276 3054 5348 praecepit
3072 5280 3137 5331 ut
3154 5277 3793 5333 vocaretJesum.Hunc
3812 5293 3940 5332 esse
3959 5290 4238 5348 magnum

2584 5369 2642 5419 et
2660 5364 2848 5420 ﬁlium
2869 5363 3177 5430 Altissimi,
3196 5365 3397 5423 sedem
3419 5365 3623 5429 David,
3639 5369 3695 5420 et
3714 5366 3958 5420 domum
3983 5362 4240 5428 Jacob,et

2584 5470 2835 5524 regnum
2868 5452 3297 5524 sempiternum
3323 5454 3447 5508 sine
3468 5453 3582 5508 line
3612 5454 3933 5510 secundum
3966 5448 4235 5507 humani-

2586 5546 2767 5597 tatem
2794 5540 3147 5613 adepturum
3179 5542 3462 5613 prmdixit.
3482 5542 3641 5606 Quod
3666 5558 3899 5612 semper
3916 5537 4236 5597 secundum

2589 5630 2953 5686 divinitatem
2983 5646 3115 5684 cum
3146 5630 3261 5685 Deo
3284 5631 3448 5686 Patre
3469 5634 3525 5685 et
3544 5628 3759 5701 Spiritu
3782 5632 3985 5683 sancto
4006 5628 4238 5681 aiterna-

2588 5718 2743 5790 liter,
2779 5721 3096 5796 antequam
3125 5719 3383 5777 mundus
3412 5718 3595 5787 fieret,
3622 5717 3682 5772 in
3713 5719 3934 5770 aeterna
3962 5728 4066 5770 sua
4094 5720 4234 5800 ραι.

3836 5833 3928 5920 ag
4207 5812 4236 5826 ‘
