  <div class='ocr_page' id='page_1' title='image "/cluster/home/n/w/nwhite01/storage/ocr_20150623/142-143/uc1.31175018423130/509.png"; bbox 0 0 4984 6416; ppageno 0'>
   <div class='ocr_carea' id='block_1_1' title="bbox 1366 485 1519 544">
    <p class='ocr_par' dir='ltr' id='par_1_1' title="bbox 1366 485 1519 544">
     <span class='ocr_line' id='line_1_1' title="bbox 1366 485 1519 544; baseline 0 -1"><span class='ocrx_word' id='word_1_1' title='bbox 1366 485 1519 544; x_wconf 79' lang='grc'><strong>1003</strong></span> 
     </span>
    </p>
   </div>
   <div class='ocr_carea' id='block_1_2' title="bbox 2286 479 3857 568">
    <p class='ocr_par' dir='ltr' id='par_1_2' title="bbox 2286 479 3857 568">
     <span class='ocr_line' id='line_1_2' title="bbox 2286 479 3857 568; baseline -0.003 -25"><span class='ocrx_word' id='word_1_2' title='bbox 2286 484 2348 543; x_wconf 88' lang='lat' dir='ltr'><strong>S.</strong></span> <span class='ocrx_word' id='word_1_3' title='bbox 2396 481 2756 568; x_wconf 66' lang='lat' dir='ltr'><strong>ODILONIS</strong></span> <span class='ocrx_word' id='word_1_4' title='bbox 2803 480 3358 544; x_wconf 67' lang='lat' dir='ltr'><strong>CLUNIACENSXS</strong></span> <span class='ocrx_word' id='word_1_5' title='bbox 3404 479 3736 539; x_wconf 79' lang='lat' dir='ltr'><strong>ABBATIS</strong></span> <span class='ocrx_word' id='word_1_6' title='bbox 3783 480 3857 542; x_wconf 84' lang='lat' dir='ltr'><strong>V.</strong></span> 
     </span>
    </p>
   </div>
   <div class='ocr_carea' id='block_1_3' title="bbox 4617 477 4782 537">
    <p class='ocr_par' dir='ltr' id='par_1_3' title="bbox 4617 477 4782 537">
     <span class='ocr_line' id='line_1_3' title="bbox 4617 477 4782 537; baseline -0.018 0"><span class='ocrx_word' id='word_1_7' title='bbox 4617 477 4782 537; x_wconf 62' lang='lat'><strong>1004</strong></span> 
     </span>
    </p>
   </div>
   <div class='ocr_carea' id='block_1_4' title="bbox 1369 610 4784 688">
    <p class='ocr_par' dir='ltr' id='par_1_4' title="bbox 1369 610 4784 688">
     <span class='ocr_line' id='line_1_4' title="bbox 1369 610 4784 688; baseline -0.002 -16"><span class='ocrx_word' id='word_1_8' title='bbox 1369 615 1612 672; x_wconf 57' lang='lat' dir='ltr'><strong>scientia</strong></span> <span class='ocrx_word' id='word_1_9' title='bbox 1640 615 1846 670; x_wconf 79' lang='lat' dir='ltr'><strong>habuit</strong></span> <span class='ocrx_word' id='word_1_10' title='bbox 1865 619 1923 671; x_wconf 89' lang='lat' dir='ltr'><strong>et</strong></span> <span class='ocrx_word' id='word_1_11' title='bbox 1952 615 2261 688; x_wconf 77' lang='lat' dir='ltr'><strong>disposuit.</strong></span> <span class='ocrx_word' id='word_1_12' title='bbox 2286 616 2416 670; x_wconf 89' lang='lat' dir='ltr'><strong>Post</strong></span> <span class='ocrx_word' id='word_1_13' title='bbox 2448 613 2859 669; x_wconf 84' lang='lat' dir='ltr'><strong>consolationis</strong></span> <span class='ocrx_word' id='word_1_14' title='bbox 2887 613 3010 666; x_wconf 81' lang='lat' dir='ltr'><strong>ol‘li-</strong></span> <span class='ocrx_word' id='word_1_15' title='bbox 3039 613 3092 680; x_wconf 78' lang='grc' dir='ltr'><strong>Α</strong></span> <span class='ocrx_word' id='word_1_16' title='bbox 3121 629 3334 666; x_wconf 72' lang='lat' dir='ltr'><strong>scrcmrt</strong></span> <span class='ocrx_word' id='word_1_17' title='bbox 3367 629 3564 665; x_wconf 84' lang='lat' dir='ltr'><strong>meum.</strong></span> <span class='ocrx_word' id='word_1_18' title='bbox 3595 611 3734 675; x_wconf 84' lang='lat' dir='ltr'><strong>Quis</strong></span> <span class='ocrx_word' id='word_1_19' title='bbox 3767 611 3983 664; x_wconf 92' lang='lat' dir='ltr'><strong>audivit</strong></span> <span class='ocrx_word' id='word_1_20' title='bbox 4017 628 4275 682; x_wconf 89' lang='lat' dir='ltr'><strong>unquam</strong></span> <span class='ocrx_word' id='word_1_21' title='bbox 4311 610 4466 664; x_wconf 85' lang='lat' dir='ltr'><strong>tale?</strong></span> <span class='ocrx_word' id='word_1_22' title='bbox 4496 613 4606 665; x_wconf 80' lang='lat' dir='ltr'><strong>Aut</strong></span> <span class='ocrx_word' id='word_1_23' title='bbox 4642 611 4784 682; x_wconf 64' lang='lat' dir='ltr'><strong>.pis</strong></span> 
     </span>
    </p>
   </div>
   <div class='ocr_carea' id='block_1_5' title="bbox 1369 701 3013 774">
    <p class='ocr_par' dir='ltr' id='par_1_5' title="bbox 1369 701 3013 774">
     <span class='ocr_line' id='line_1_5' title="bbox 1369 701 3013 774; baseline -0.004 -14"><span class='ocrx_word' id='word_1_24' title='bbox 1369 704 1700 761; x_wconf 89' lang='lat' dir='ltr'><strong>ciosissima</strong></span> <span class='ocrx_word' id='word_1_25' title='bbox 1725 708 1781 758; x_wconf 91' lang='lat' dir='ltr'><strong>et</strong></span> <span class='ocrx_word' id='word_1_26' title='bbox 1803 704 2240 774; x_wconf 85' lang='lat' dir='ltr'><strong>jucundissima</strong></span> <span class='ocrx_word' id='word_1_27' title='bbox 2270 703 2691 774; x_wconf 74' lang='lat' dir='ltr'><strong>l‘amina,Virgo</strong></span> <span class='ocrx_word' id='word_1_28' title='bbox 2714 701 3013 756; x_wconf 81' lang='lat' dir='ltr'><strong>sanctissi-</strong></span> 
     </span>
    </p>
   </div>
   <div class='ocr_carea' id='block_1_6' title="bbox 1368 791 3017 865">
    <p class='ocr_par' dir='ltr' id='par_1_6' title="bbox 1368 791 3017 865">
     <span class='ocr_line' id='line_1_6' title="bbox 1368 791 3017 865; baseline -0.002 -17"><span class='ocrx_word' id='word_1_29' title='bbox 1368 810 1462 848; x_wconf 88' lang='lat' dir='ltr'><strong>ma</strong></span> <span class='ocrx_word' id='word_1_30' title='bbox 1486 793 1899 865; x_wconf 84' lang='lat' dir='ltr'><strong>interrogando</strong></span> <span class='ocrx_word' id='word_1_31' title='bbox 1922 796 1978 849; x_wconf 90' lang='lat' dir='ltr'><strong>et</strong></span> <span class='ocrx_word' id='word_1_32' title='bbox 2000 795 2191 864; x_wconf 91' lang='lat' dir='ltr'><strong>potius</strong></span> <span class='ocrx_word' id='word_1_33' title='bbox 2217 794 2270 846; x_wconf 90' lang='lat' dir='ltr'><strong>in</strong></span> <span class='ocrx_word' id='word_1_34' title='bbox 2290 793 2615 847; x_wconf 88' lang='lat' dir='ltr'><strong>cunctando</strong></span> <span class='ocrx_word' id='word_1_35' title='bbox 2635 793 2805 862; x_wconf 73' lang='lat' dir='ltr'><strong>C(‘I‘pit</strong></span> <span class='ocrx_word' id='word_1_36' title='bbox 2831 791 3017 862; x_wconf 86' lang='lat' dir='ltr'><strong>inqui-</strong></span> 
     </span>
    </p>
   </div>
   <div class='ocr_carea' id='block_1_7' title="bbox 1372 880 3016 954">
    <p class='ocr_par' dir='ltr' id='par_1_7' title="bbox 1372 880 3016 954">
     <span class='ocr_line' id='line_1_7' title="bbox 1372 880 3016 954; baseline -0.002 -18"><span class='ocrx_word' id='word_1_37' title='bbox 1372 899 1495 938; x_wconf 83' lang='lat' dir='ltr'><strong>rere</strong></span> <span class='ocrx_word' id='word_1_38' title='bbox 1515 883 1808 954; x_wconf 90' lang='lat' dir='ltr'><strong>quomodo</strong></span> <span class='ocrx_word' id='word_1_39' title='bbox 1833 883 1953 936; x_wconf 83' lang='lat' dir='ltr'><strong>ﬁeri</strong></span> <span class='ocrx_word' id='word_1_40' title='bbox 1979 887 2171 953; x_wconf 89' lang='lat' dir='ltr'><strong>posset</strong></span> <span class='ocrx_word' id='word_1_41' title='bbox 2192 882 2342 953; x_wconf 87' lang='lat' dir='ltr'><strong>quod</strong></span> <span class='ocrx_word' id='word_1_42' title='bbox 2375 881 2618 952; x_wconf 75' lang='lat' dir='ltr'><strong>angelus</strong></span> <span class='ocrx_word' id='word_1_43' title='bbox 2645 880 2935 934; x_wconf 83' lang='lat' dir='ltr'><strong>insolitam</strong></span> <span class='ocrx_word' id='word_1_44' title='bbox 2961 885 3016 933; x_wconf 88' lang='lat' dir='ltr'><strong>et</strong></span> 
     </span>
    </p>
   </div>
   <div class='ocr_carea' id='block_1_8' title="bbox 1375 969 3016 1039">
    <p class='ocr_par' dir='ltr' id='par_1_8' title="bbox 1375 969 3016 1039">
     <span class='ocr_line' id='line_1_8' title="bbox 1375 969 3016 1039; baseline -0.002 -14"><span class='ocrx_word' id='word_1_45' title='bbox 1375 970 1700 1026; x_wconf 79' lang='lat' dir='ltr'><strong>inauditam</strong></span> <span class='ocrx_word' id='word_1_46' title='bbox 1750 987 1868 1026; x_wconf 89' lang='lat' dir='ltr'><strong>rem</strong></span> <span class='ocrx_word' id='word_1_47' title='bbox 1904 975 2064 1025; x_wconf 90' lang='lat' dir='ltr'><strong>tanta</strong></span> <span class='ocrx_word' id='word_1_48' title='bbox 2093 971 2431 1026; x_wconf 87' lang='lat' dir='ltr'><strong>auctoritate</strong></span> <span class='ocrx_word' id='word_1_49' title='bbox 2480 969 2748 1023; x_wconf 87' lang='lat' dir='ltr'><strong>nuntiare</strong></span> <span class='ocrx_word' id='word_1_50' title='bbox 2799 987 3016 1039; x_wconf 59' lang='lat' dir='ltr'><strong>pransu-</strong></span> 
     </span>
    </p>
   </div>
   <div class='ocr_carea' id='block_1_9' title="bbox 1376 1057 3016 1130">
    <p class='ocr_par' dir='ltr' id='par_1_9' title="bbox 1376 1057 3016 1130">
     <span class='ocr_line' id='line_1_9' title="bbox 1376 1057 3016 1130; baseline -0.003 -16"><span class='ocrx_word' id='word_1_51' title='bbox 1376 1063 1589 1126; x_wconf 88' lang='lat' dir='ltr'><strong>meret;</strong></span> <span class='ocrx_word' id='word_1_52' title='bbox 1623 1059 1799 1130; x_wconf 84' lang='lat' dir='ltr'><strong>hujus</strong></span> <span class='ocrx_word' id='word_1_53' title='bbox 1832 1060 1908 1114; x_wconf 94' lang='lat' dir='ltr'><strong>rei</strong></span> <span class='ocrx_word' id='word_1_54' title='bbox 1943 1060 2184 1124; x_wconf 77' lang='lat' dir='ltr'><strong>factum,</strong></span> <span class='ocrx_word' id='word_1_55' title='bbox 2211 1060 2363 1129; x_wconf 86' lang='lat' dir='ltr'><strong>quod</strong></span> <span class='ocrx_word' id='word_1_56' title='bbox 2399 1063 2606 1112; x_wconf 89' lang='lat' dir='ltr'><strong>natura</strong></span> <span class='ocrx_word' id='word_1_57' title='bbox 2640 1076 2754 1112; x_wconf 84' lang='lat' dir='ltr'><strong>non</strong></span> <span class='ocrx_word' id='word_1_58' title='bbox 2790 1057 3016 1120; x_wconf 90' lang='lat' dir='ltr'><strong>habuit,</strong></span> 
     </span>
    </p>
   </div>
   <div class='ocr_carea' id='block_1_10' title="bbox 1379 1147 3019 1220">
    <p class='ocr_par' dir='ltr' id='par_1_10' title="bbox 1379 1147 3019 1220">
     <span class='ocr_line' id='line_1_10' title="bbox 1379 1147 3019 1220; baseline -0.001 -18"><span class='ocrx_word' id='word_1_59' title='bbox 1379 1148 1531 1219; x_wconf 89' lang='lat' dir='ltr'><strong>quod</strong></span> <span class='ocrx_word' id='word_1_60' title='bbox 1555 1147 1816 1220; x_wconf 83' lang='lat' dir='ltr'><strong>exemplo</strong></span> <span class='ocrx_word' id='word_1_61' title='bbox 1851 1147 2288 1218; x_wconf 88' lang='lat' dir='ltr'><strong>caruit,Spiritu</strong></span> <span class='ocrx_word' id='word_1_62' title='bbox 2331 1153 2533 1203; x_wconf 90' lang='lat' dir='ltr'><strong>sancto</strong></span> <span class='ocrx_word' id='word_1_63' title='bbox 2572 1148 3019 1219; x_wconf 84' lang='lat' dir='ltr'><strong>superveniente</strong></span> 
     </span>
    </p>
   </div>
   <div class='ocr_carea' id='block_1_11' title="bbox 1379 1236 3020 1306">
    <p class='ocr_par' dir='ltr' id='par_1_11' title="bbox 1379 1236 3020 1306">
     <span class='ocr_line' id='line_1_11' title="bbox 1379 1236 3020 1306; baseline -0.002 -14"><span class='ocrx_word' id='word_1_64' title='bbox 1379 1241 1434 1292; x_wconf 89' lang='lat' dir='ltr'><strong>et</strong></span> <span class='ocrx_word' id='word_1_65' title='bbox 1454 1236 1665 1292; x_wconf 87' lang='lat' dir='ltr'><strong>virtute</strong></span> <span class='ocrx_word' id='word_1_66' title='bbox 1694 1236 1972 1292; x_wconf 85' lang='lat' dir='ltr'><strong>Altissimi</strong></span> <span class='ocrx_word' id='word_1_67' title='bbox 2005 1237 2389 1291; x_wconf 84' lang='lat' dir='ltr'><strong>obumbrante</strong></span> <span class='ocrx_word' id='word_1_68' title='bbox 2423 1236 2664 1306; x_wconf 82' lang='lat' dir='ltr'><strong>angelus</strong></span> <span class='ocrx_word' id='word_1_69' title='bbox 2699 1236 2815 1289; x_wconf 85' lang='lat' dir='ltr'><strong>tieri</strong></span> <span class='ocrx_word' id='word_1_70' title='bbox 2853 1253 3020 1306; x_wconf 84' lang='lat' dir='ltr'><strong>posse</strong></span> 
     </span>
    </p>
   </div>
   <div class='ocr_carea' id='block_1_12' title="bbox 1378 1324 3022 1397">
    <p class='ocr_par' dir='ltr' id='par_1_12' title="bbox 1378 1324 3022 1397">
     <span class='ocr_line' id='line_1_12' title="bbox 1378 1324 3022 1397; baseline -0.002 -17"><span class='ocrx_word' id='word_1_71' title='bbox 1378 1325 1693 1397; x_wconf 86' lang='lat' dir='ltr'><strong>perdocuit.</strong></span> <span class='ocrx_word' id='word_1_72' title='bbox 1715 1325 1756 1380; x_wconf 92' lang='grc' dir='ltr'>Ο</span> <span class='ocrx_word' id='word_1_73' title='bbox 1779 1325 2111 1380; x_wconf 88' lang='lat' dir='ltr'><strong>inauditum</strong></span> <span class='ocrx_word' id='word_1_74' title='bbox 2137 1330 2190 1379; x_wconf 90' lang='lat' dir='ltr'><strong>ct</strong></span> <span class='ocrx_word' id='word_1_75' title='bbox 2213 1325 2554 1379; x_wconf 88' lang='lat' dir='ltr'><strong>admirabile</strong></span> <span class='ocrx_word' id='word_1_76' title='bbox 2578 1324 2896 1395; x_wconf 78' lang='lat' dir='ltr'><strong>singularis</strong></span> <span class='ocrx_word' id='word_1_77' title='bbox 2921 1325 3022 1378; x_wconf 90' lang='lat' dir='ltr'><strong>hu-</strong></span> 
     </span>
    </p>
   </div>
   <div class='ocr_carea' id='block_1_13' title="bbox 1376 1413 3022 1486">
    <p class='ocr_par' dir='ltr' id='par_1_13' title="bbox 1376 1413 3022 1486">
     <span class='ocr_line' id='line_1_13' title="bbox 1376 1413 3022 1486; baseline -0.001 -18"><span class='ocrx_word' id='word_1_78' title='bbox 1376 1413 1639 1468; x_wconf 89' lang='lat' dir='ltr'><strong>militatis</strong></span> <span class='ocrx_word' id='word_1_79' title='bbox 1659 1413 2018 1486; x_wconf 81' lang='lat' dir='ltr'><strong>exemplum!</strong></span> <span class='ocrx_word' id='word_1_80' title='bbox 2045 1415 2123 1469; x_wconf 83' lang='lat' dir='ltr'><strong>Ea</strong></span> <span class='ocrx_word' id='word_1_81' title='bbox 2147 1431 2272 1486; x_wconf 65' lang='lat' dir='ltr'><strong>qua»</strong></span> <span class='ocrx_word' id='word_1_82' title='bbox 2297 1432 2356 1468; x_wconf 80' lang='lat' dir='ltr'><strong>se</strong></span> <span class='ocrx_word' id='word_1_83' title='bbox 2379 1413 2689 1469; x_wconf 88' lang='lat' dir='ltr'><strong>Dominum</strong></span> <span class='ocrx_word' id='word_1_84' title='bbox 2715 1419 2770 1467; x_wconf 90' lang='lat' dir='ltr'><strong>et</strong></span> <span class='ocrx_word' id='word_1_85' title='bbox 2791 1414 3022 1467; x_wconf 88' lang='lat' dir='ltr'><strong>Creato-</strong></span> 
     </span>
    </p>
   </div>
   <div class='ocr_carea' id='block_1_14' title="bbox 1375 1501 3020 1574">
    <p class='ocr_par' dir='ltr' id='par_1_14' title="bbox 1375 1501 3020 1574">
     <span class='ocr_line' id='line_1_14' title="bbox 1375 1501 3020 1574; baseline -0.001 -18"><span class='ocrx_word' id='word_1_86' title='bbox 1375 1517 1492 1558; x_wconf 85' lang='lat' dir='ltr'><strong>rem</strong></span> <span class='ocrx_word' id='word_1_87' title='bbox 1517 1518 1691 1557; x_wconf 90' lang='lat' dir='ltr'><strong>suum</strong></span> <span class='ocrx_word' id='word_1_88' title='bbox 1715 1503 2054 1574; x_wconf 79' lang='lat' dir='ltr'><strong>concepisse</strong></span> <span class='ocrx_word' id='word_1_89' title='bbox 2087 1503 2376 1574; x_wconf 74' lang='lat' dir='ltr'><strong>gaudebat</strong></span> <span class='ocrx_word' id='word_1_90' title='bbox 2400 1509 2454 1556; x_wconf 91' lang='lat' dir='ltr'><strong>et</strong></span> <span class='ocrx_word' id='word_1_91' title='bbox 2476 1503 2543 1556; x_wconf 87' lang='lat' dir='ltr'><strong>de</strong></span> <span class='ocrx_word' id='word_1_92' title='bbox 2572 1519 2630 1557; x_wconf 88' lang='lat' dir='ltr'><strong>se</strong></span> <span class='ocrx_word' id='word_1_93' title='bbox 2660 1501 3020 1556; x_wconf 89' lang='lat' dir='ltr'><strong>nasciturum</strong></span> 
     </span>
    </p>
   </div>
   <div class='ocr_carea' id='block_1_15' title="bbox 1375 1591 3022 1663">
    <p class='ocr_par' dir='ltr' id='par_1_15' title="bbox 1375 1591 3022 1663">
     <span class='ocr_line' id='line_1_15' title="bbox 1375 1591 3022 1663; baseline -0.001 -17"><span class='ocrx_word' id='word_1_94' title='bbox 1375 1607 1488 1646; x_wconf 91' lang='lat' dir='ltr'><strong>non</strong></span> <span class='ocrx_word' id='word_1_95' title='bbox 1521 1591 1848 1659; x_wconf 85' lang='lat' dir='ltr'><strong>dubitabat,</strong></span> <span class='ocrx_word' id='word_1_96' title='bbox 1880 1607 2013 1648; x_wconf 89' lang='lat' dir='ltr'><strong>cum</strong></span> <span class='ocrx_word' id='word_1_97' title='bbox 2050 1596 2247 1663; x_wconf 86' lang='lat' dir='ltr'><strong>posset</strong></span> <span class='ocrx_word' id='word_1_98' title='bbox 2278 1607 2338 1645; x_wconf 82' lang='lat' dir='ltr'><strong>se</strong></span> <span class='ocrx_word' id='word_1_99' title='bbox 2372 1607 2716 1660; x_wconf 75' lang='lat' dir='ltr'><strong>cognoscere</strong></span> <span class='ocrx_word' id='word_1_100' title='bbox 2751 1591 2873 1644; x_wconf 85' lang='lat' dir='ltr'><strong>sine</strong></span> <span class='ocrx_word' id='word_1_101' title='bbox 2905 1592 3022 1644; x_wconf 85' lang='lat' dir='ltr'><strong>dis-</strong></span> 
     </span>
    </p>
   </div>
   <div class='ocr_carea' id='block_1_16' title="bbox 1376 1679 3022 1752">
    <p class='ocr_par' dir='ltr' id='par_1_16' title="bbox 1376 1679 3022 1752">
     <span class='ocr_line' id='line_1_16' title="bbox 1376 1679 3022 1752; baseline -0.001 -18"><span class='ocrx_word' id='word_1_102' title='bbox 1376 1679 1586 1752; x_wconf 89' lang='lat' dir='ltr'><strong>pendio</strong></span> <span class='ocrx_word' id='word_1_103' title='bbox 1618 1697 1735 1735; x_wconf 61' lang='lat' dir='ltr'><strong>sua;</strong></span> <span class='ocrx_word' id='word_1_104' title='bbox 1768 1679 2174 1735; x_wconf 64' lang='lat' dir='ltr'><strong>sincerissima:</strong></span> <span class='ocrx_word' id='word_1_105' title='bbox 2209 1679 2557 1734; x_wconf 76' lang='lat' dir='ltr'><strong>humilitatis</strong></span> <span class='ocrx_word' id='word_1_106' title='bbox 2587 1681 2848 1734; x_wconf 88' lang='lat' dir='ltr'><strong>omnium</strong></span> <span class='ocrx_word' id='word_1_107' title='bbox 2887 1679 3022 1732; x_wconf 81' lang='lat' dir='ltr'><strong>lide-</strong></span> 
     </span>
    </p>
   </div>
   <div class='ocr_carea' id='block_1_17' title="bbox 1374 1768 3024 1834">
    <p class='ocr_par' dir='ltr' id='par_1_17' title="bbox 1374 1768 3024 1834">
     <span class='ocr_line' id='line_1_17' title="bbox 1374 1768 3024 1834; baseline 0 -11"><span class='ocrx_word' id='word_1_108' title='bbox 1374 1768 1524 1824; x_wconf 90' lang='lat' dir='ltr'><strong>lium</strong></span> <span class='ocrx_word' id='word_1_109' title='bbox 1552 1769 1873 1834; x_wconf 90' lang='lat' dir='ltr'><strong>dominam,</strong></span> <span class='ocrx_word' id='word_1_110' title='bbox 1902 1787 2013 1823; x_wconf 92' lang='lat' dir='ltr'><strong>non</strong></span> <span class='ocrx_word' id='word_1_111' title='bbox 2057 1768 2282 1824; x_wconf 78' lang='lat' dir='ltr'><strong>distulit</strong></span> <span class='ocrx_word' id='word_1_112' title='bbox 2313 1787 2373 1822; x_wconf 87' lang='lat' dir='ltr'><strong>se</strong></span> <span class='ocrx_word' id='word_1_113' title='bbox 2424 1787 2624 1824; x_wconf 87' lang='lat' dir='ltr'><strong>vocare</strong></span> <span class='ocrx_word' id='word_1_114' title='bbox 2675 1769 2901 1824; x_wconf 90' lang='lat' dir='ltr'><strong>Domini</strong></span> <span class='ocrx_word' id='word_1_115' title='bbox 2935 1769 3024 1823; x_wconf 89' lang='lat' dir='ltr'><strong>sui</strong></span> 
     </span>
    </p>
   </div>
   <div class='ocr_carea' id='block_1_18' title="bbox 1381 1857 3024 1930">
    <p class='ocr_par' dir='ltr' id='par_1_18' title="bbox 1381 1857 3024 1930">
     <span class='ocr_line' id='line_1_18' title="bbox 1381 1857 3024 1930; baseline -0.001 -16"><span class='ocrx_word' id='word_1_116' title='bbox 1381 1857 1674 1930; x_wconf 83' lang='lat' dir='ltr'><strong>ancillam,</strong></span> <span class='ocrx_word' id='word_1_117' title='bbox 1707 1859 1909 1914; x_wconf 85' lang='lat' dir='ltr'><strong>dicens</strong></span> <span class='ocrx_word' id='word_1_118' title='bbox 1941 1875 1954 1914; x_wconf 91' lang='lat'>:</span> <span class='ocrx_word' id='word_1_119' title='bbox 1989 1860 2120 1913; x_wconf 85' lang='lat' dir='ltr'><strong>Ecce</strong></span> <span class='ocrx_word' id='word_1_120' title='bbox 2151 1860 2352 1912; x_wconf 85' lang='lat' dir='ltr'><strong>ancilla</strong></span> <span class='ocrx_word' id='word_1_121' title='bbox 2386 1860 2622 1924; x_wconf 87' lang='lat' dir='ltr'><strong>Domini,</strong></span> <span class='ocrx_word' id='word_1_122' title='bbox 2657 1861 2753 1927; x_wconf 75' lang='lat' dir='ltr'><strong>ﬁat</strong></span> <span class='ocrx_word' id='word_1_123' title='bbox 2779 1861 2915 1912; x_wconf 81' lang='lat' dir='ltr'><strong>mihi</strong></span> <span class='ocrx_word' id='word_1_124' title='bbox 2947 1875 3024 1912; x_wconf 68' lang='lat' dir='ltr'><strong>se-</strong></span> 
     </span>
    </p>
   </div>
   <div class='ocr_carea' id='block_1_19' title="bbox 1381 1947 2071 2003">
    <p class='ocr_par' dir='ltr' id='par_1_19' title="bbox 1381 1947 2071 2003">
     <span class='ocr_line' id='line_1_19' title="bbox 1381 1947 2071 2003; baseline 0.001 -1"><span class='ocrx_word' id='word_1_125' title='bbox 1381 1947 1622 2003; x_wconf 85' lang='lat' dir='ltr'><strong>cundum</strong></span> <span class='ocrx_word' id='word_1_126' title='bbox 1647 1948 1872 2003; x_wconf 75' lang='lat' dir='ltr'><strong>verbum</strong></span> <span class='ocrx_word' id='word_1_127' title='bbox 1897 1956 2071 2003; x_wconf 90' lang='lat' dir='ltr'><strong>tuum.</strong></span> 
     </span>
    </p>
   </div>
   <div class='ocr_carea' id='block_1_20' title="bbox 1454 2036 3028 2109">
    <p class='ocr_par' dir='ltr' id='par_1_20' title="bbox 1454 2036 3028 2109">
     <span class='ocr_line' id='line_1_20' title="bbox 1454 2036 3028 2109; baseline 0.001 -21"><span class='ocrx_word' id='word_1_128' title='bbox 1454 2036 1677 2106; x_wconf 81' lang='lat' dir='ltr'><strong>Videte,</strong></span> <span class='ocrx_word' id='word_1_129' title='bbox 1743 2037 1972 2104; x_wconf 78' lang='lat' dir='ltr'><strong>fratres,</strong></span> <span class='ocrx_word' id='word_1_130' title='bbox 2029 2037 2418 2092; x_wconf 83' lang='lat' dir='ltr'><strong>humilitatem</strong></span> <span class='ocrx_word' id='word_1_131' title='bbox 2473 2038 2726 2109; x_wconf 73' lang='lat' dir='ltr'><strong>Virginis</strong></span> <span class='ocrx_word' id='word_1_132' title='bbox 2775 2037 3028 2090; x_wconf 89' lang='lat' dir='ltr'><strong>Verbum</strong></span> 
     </span>
    </p>
   </div>
   <div class='ocr_carea' id='block_1_21' title="bbox 1388 2125 3030 2198">
    <p class='ocr_par' dir='ltr' id='par_1_21' title="bbox 1388 2125 3030 2198">
     <span class='ocr_line' id='line_1_21' title="bbox 1388 2125 3030 2198; baseline -0.002 -16"><span class='ocrx_word' id='word_1_133' title='bbox 1388 2125 1487 2182; x_wconf 88' lang='lat' dir='ltr'><strong>Dei</strong></span> <span class='ocrx_word' id='word_1_134' title='bbox 1518 2126 1922 2198; x_wconf 89' lang='lat' dir='ltr'><strong>concipientis.</strong></span> <span class='ocrx_word' id='word_1_135' title='bbox 1945 2126 2149 2181; x_wconf 80' lang='lat' dir='ltr'><strong>Videte</strong></span> <span class='ocrx_word' id='word_1_136' title='bbox 2171 2127 2556 2182; x_wconf 81' lang='lat' dir='ltr'><strong>obedientiam</strong></span> <span class='ocrx_word' id='word_1_137' title='bbox 2586 2126 2806 2180; x_wconf 84' lang='lat' dir='ltr'><strong>Domini</strong></span> <span class='ocrx_word' id='word_1_138' title='bbox 2833 2127 2900 2179; x_wconf 88' lang='lat' dir='ltr'><strong>ad</strong></span> <span class='ocrx_word' id='word_1_139' title='bbox 2929 2144 3030 2179; x_wconf 85' lang='lat' dir='ltr'><strong>nos</strong></span> 
     </span>
    </p>
   </div>
   <div class='ocr_carea' id='block_1_22' title="bbox 1388 2214 3031 2288">
    <p class='ocr_par' dir='ltr' id='par_1_22' title="bbox 1388 2214 3031 2288">
     <span class='ocr_line' id='line_1_22' title="bbox 1388 2214 3031 2288; baseline -0.001 -20"><span class='ocrx_word' id='word_1_140' title='bbox 1388 2231 1492 2287; x_wconf 89' lang='lat' dir='ltr'><strong>per</strong></span> <span class='ocrx_word' id='word_1_141' title='bbox 1525 2214 1820 2288; x_wconf 88' lang='lat' dir='ltr'><strong>Virginem</strong></span> <span class='ocrx_word' id='word_1_142' title='bbox 1869 2216 2173 2270; x_wconf 84' lang='lat' dir='ltr'><strong>venientis.</strong></span> <span class='ocrx_word' id='word_1_143' title='bbox 2203 2215 2402 2269; x_wconf 81' lang='lat' dir='ltr'><strong>Videte</strong></span> <span class='ocrx_word' id='word_1_144' title='bbox 2449 2215 2770 2269; x_wconf 72' lang='lat' dir='ltr'><strong>claritatem</strong></span> <span class='ocrx_word' id='word_1_145' title='bbox 2804 2220 2860 2268; x_wconf 86' lang='lat' dir='ltr'><strong>et</strong></span> <span class='ocrx_word' id='word_1_146' title='bbox 2893 2214 3031 2268; x_wconf 82' lang='lat' dir='ltr'><strong>dile-</strong></span> 
     </span>
    </p>
   </div>
   <div class='ocr_carea' id='block_1_23' title="bbox 1388 2303 3029 2376">
    <p class='ocr_par' dir='ltr' id='par_1_23' title="bbox 1388 2303 3029 2376">
     <span class='ocr_line' id='line_1_23' title="bbox 1388 2303 3029 2376; baseline -0.001 -18"><span class='ocrx_word' id='word_1_147' title='bbox 1388 2303 1827 2371; x_wconf 88' lang='lat' dir='ltr'><strong>ctionem,circa</strong></span> <span class='ocrx_word' id='word_1_148' title='bbox 1850 2305 2173 2359; x_wconf 88' lang='lat' dir='ltr'><strong>humanum</strong></span> <span class='ocrx_word' id='word_1_149' title='bbox 2197 2322 2402 2376; x_wconf 78' lang='lat' dir='ltr'><strong>genus,</strong></span> <span class='ocrx_word' id='word_1_150' title='bbox 2429 2305 2528 2360; x_wconf 91' lang='lat' dir='ltr'><strong>Dei</strong></span> <span class='ocrx_word' id='word_1_151' title='bbox 2553 2305 2733 2358; x_wconf 79' lang='lat' dir='ltr'><strong>Patris</strong></span> <span class='ocrx_word' id='word_1_152' title='bbox 2757 2303 3029 2374; x_wconf 76' lang='lat' dir='ltr'><strong>angelum</strong></span> 
     </span>
    </p>
   </div>
   <div class='ocr_carea' id='block_1_24' title="bbox 1388 2391 3032 2464">
    <p class='ocr_par' dir='ltr' id='par_1_24' title="bbox 1388 2391 3032 2464">
     <span class='ocr_line' id='line_1_24' title="bbox 1388 2391 3032 2464; baseline -0.002 -18"><span class='ocrx_word' id='word_1_153' title='bbox 1388 2393 1456 2447; x_wconf 89' lang='lat' dir='ltr'><strong>ad</strong></span> <span class='ocrx_word' id='word_1_154' title='bbox 1491 2391 1807 2464; x_wconf 85' lang='lat' dir='ltr'><strong>Virginem,</strong></span> <span class='ocrx_word' id='word_1_155' title='bbox 1831 2395 2065 2448; x_wconf 91' lang='lat' dir='ltr'><strong>nomine</strong></span> <span class='ocrx_word' id='word_1_156' title='bbox 2099 2394 2362 2462; x_wconf 80' lang='lat' dir='ltr'><strong>Mariam,</strong></span> <span class='ocrx_word' id='word_1_157' title='bbox 2391 2393 2696 2448; x_wconf 73' lang='lat' dir='ltr'><strong>mittentis.</strong></span> <span class='ocrx_word' id='word_1_158' title='bbox 2723 2394 2911 2461; x_wconf 81' lang='lat' dir='ltr'><strong>llujus</strong></span> <span class='ocrx_word' id='word_1_159' title='bbox 2937 2411 3032 2446; x_wconf 86' lang='lat' dir='ltr'><strong>no-</strong></span> 
     </span>
    </p>
   </div>
   <div class='ocr_carea' id='block_1_25' title="bbox 1386 2481 3035 2554">
    <p class='ocr_par' dir='ltr' id='par_1_25' title="bbox 1386 2481 3035 2554">
     <span class='ocr_line' id='line_1_25' title="bbox 1386 2481 3035 2554; baseline -0.001 -19"><span class='ocrx_word' id='word_1_160' title='bbox 1386 2481 1654 2537; x_wconf 83' lang='lat' dir='ltr'><strong>bilissimi</strong></span> <span class='ocrx_word' id='word_1_161' title='bbox 1681 2482 1936 2537; x_wconf 87' lang='lat' dir='ltr'><strong>nominis</strong></span> <span class='ocrx_word' id='word_1_162' title='bbox 1969 2481 2278 2554; x_wconf 73' lang='lat' dir='ltr'><strong>prtedulcis</strong></span> <span class='ocrx_word' id='word_1_163' title='bbox 2311 2483 2707 2553; x_wconf 83' lang='lat' dir='ltr'><strong>interpretatio</strong></span> <span class='ocrx_word' id='word_1_164' title='bbox 2739 2482 3035 2536; x_wconf 83' lang='lat' dir='ltr'><strong>claritudi-</strong></span> 
     </span>
    </p>
   </div>
   <div class='ocr_carea' id='block_1_26' title="bbox 1383 2571 3032 2642">
    <p class='ocr_par' dir='ltr' id='par_1_26' title="bbox 1383 2571 3032 2642">
     <span class='ocr_line' id='line_1_26' title="bbox 1383 2571 3032 2642; baseline -0.001 -16"><span class='ocrx_word' id='word_1_165' title='bbox 1383 2587 1513 2626; x_wconf 90' lang='lat' dir='ltr'><strong>nem</strong></span> <span class='ocrx_word' id='word_1_166' title='bbox 1541 2571 1877 2626; x_wconf 89' lang='lat' dir='ltr'><strong>meritorum</strong></span> <span class='ocrx_word' id='word_1_167' title='bbox 1907 2571 2065 2626; x_wconf 89' lang='lat' dir='ltr'><strong>illius</strong></span> <span class='ocrx_word' id='word_1_168' title='bbox 2089 2576 2261 2642; x_wconf 89' lang='lat' dir='ltr'><strong>atque</strong></span> <span class='ocrx_word' id='word_1_169' title='bbox 2286 2573 2562 2625; x_wconf 81' lang='lat' dir='ltr'><strong>virtutum</strong></span> <span class='ocrx_word' id='word_1_170' title='bbox 2589 2577 2784 2642; x_wconf 84' lang='lat' dir='ltr'><strong>aperta</strong></span> <span class='ocrx_word' id='word_1_171' title='bbox 2813 2573 3032 2625; x_wconf 83' lang='lat' dir='ltr'><strong>ratione</strong></span> 
     </span>
    </p>
   </div>
   <div class='ocr_carea' id='block_1_27' title="bbox 1385 2660 3034 2731">
    <p class='ocr_par' dir='ltr' id='par_1_27' title="bbox 1385 2660 3034 2731">
     <span class='ocr_line' id='line_1_27' title="bbox 1385 2660 3034 2731; baseline -0.002 -16"><span class='ocrx_word' id='word_1_172' title='bbox 1385 2661 1766 2717; x_wconf 90' lang='lat' dir='ltr'><strong>demonstrat.</strong></span> <span class='ocrx_word' id='word_1_173' title='bbox 1791 2663 2212 2731; x_wconf 83' lang='lat' dir='ltr'><strong>Interpretatur</strong></span> <span class='ocrx_word' id='word_1_174' title='bbox 2248 2660 2402 2713; x_wconf 90' lang='lat' dir='ltr'><strong>enim</strong></span> <span class='ocrx_word' id='word_1_175' title='bbox 2449 2660 2628 2714; x_wconf 76' lang='lat' dir='ltr'><strong>Maria</strong></span> <span class='ocrx_word' id='word_1_176' title='bbox 2659 2663 2812 2714; x_wconf 76' lang='lat' dir='ltr'><strong>stella</strong></span> <span class='ocrx_word' id='word_1_177' title='bbox 2867 2664 3034 2713; x_wconf 74' lang='lat' dir='ltr'><strong>maris</strong></span> 
     </span>
    </p>
   </div>
   <div class='ocr_carea' id='block_1_28' title="bbox 1388 2749 3034 2820">
    <p class='ocr_par' dir='ltr' id='par_1_28' title="bbox 1388 2749 3034 2820">
     <span class='ocr_line' id='line_1_28' title="bbox 1388 2749 3034 2820; baseline -0.002 -15"><span class='ocrx_word' id='word_1_178' title='bbox 1388 2749 1507 2805; x_wconf 88' lang='lat' dir='ltr'><strong>sive</strong></span> <span class='ocrx_word' id='word_1_179' title='bbox 1553 2750 1797 2804; x_wconf 84' lang='lat' dir='ltr'><strong>domina.</strong></span> <span class='ocrx_word' id='word_1_180' title='bbox 1832 2749 2037 2803; x_wconf 88' lang='lat' dir='ltr'><strong>Merito</strong></span> <span class='ocrx_word' id='word_1_181' title='bbox 2081 2755 2317 2802; x_wconf 87' lang='lat' dir='ltr'><strong>vocatur</strong></span> <span class='ocrx_word' id='word_1_182' title='bbox 2368 2749 2790 2820; x_wconf 87' lang='lat' dir='ltr'><strong>Domina,quia</strong></span> <span class='ocrx_word' id='word_1_183' title='bbox 2843 2751 3034 2804; x_wconf 79' lang='lat' dir='ltr'><strong>Domi-</strong></span> 
     </span>
    </p>
   </div>
   <div class='ocr_carea' id='block_1_29' title="bbox 1391 2838 3035 2908">
    <p class='ocr_par' dir='ltr' id='par_1_29' title="bbox 1391 2838 3035 2908">
     <span class='ocr_line' id='line_1_29' title="bbox 1391 2838 3035 2908; baseline -0.001 -15"><span class='ocrx_word' id='word_1_184' title='bbox 1391 2855 1533 2893; x_wconf 91' lang='lat' dir='ltr'><strong>num</strong></span> <span class='ocrx_word' id='word_1_185' title='bbox 1561 2838 1740 2892; x_wconf 89' lang='lat' dir='ltr'><strong>totius</strong></span> <span class='ocrx_word' id='word_1_186' title='bbox 1785 2842 2082 2905; x_wconf 69' lang='lat' dir='ltr'><strong>creatum,</strong></span> <span class='ocrx_word' id='word_1_187' title='bbox 2117 2838 2274 2892; x_wconf 85' lang='lat' dir='ltr'><strong>salva</strong></span> <span class='ocrx_word' id='word_1_188' title='bbox 2319 2843 2594 2908; x_wconf 85' lang='lat' dir='ltr'><strong>perpetua</strong></span> <span class='ocrx_word' id='word_1_189' title='bbox 2645 2856 2750 2891; x_wconf 88' lang='lat' dir='ltr'><strong>sua</strong></span> <span class='ocrx_word' id='word_1_190' title='bbox 2796 2839 3035 2908; x_wconf 67' lang='lat' dir='ltr'><strong>virgini-</strong></span> 
     </span>
    </p>
   </div>
   <div class='ocr_carea' id='block_1_30' title="bbox 1393 2925 3037 2998">
    <p class='ocr_par' dir='ltr' id='par_1_30' title="bbox 1393 2925 3037 2998">
     <span class='ocr_line' id='line_1_30' title="bbox 1393 2925 3037 2998; baseline -0.001 -16"><span class='ocrx_word' id='word_1_191' title='bbox 1393 2931 1528 2995; x_wconf 89' lang='lat' dir='ltr'><strong>tate,</strong></span> <span class='ocrx_word' id='word_1_192' title='bbox 1566 2926 1846 2982; x_wconf 89' lang='lat' dir='ltr'><strong>hodierna</strong></span> <span class='ocrx_word' id='word_1_193' title='bbox 1877 2925 1969 2980; x_wconf 90' lang='lat' dir='ltr'><strong>die</strong></span> <span class='ocrx_word' id='word_1_194' title='bbox 2016 2927 2316 2998; x_wconf 88' lang='lat' dir='ltr'><strong>concipere</strong></span> <span class='ocrx_word' id='word_1_195' title='bbox 2367 2932 2420 2981; x_wconf 89' lang='lat' dir='ltr'><strong>et</strong></span> <span class='ocrx_word' id='word_1_196' title='bbox 2471 2933 2624 2980; x_wconf 88' lang='lat' dir='ltr'><strong>certo</strong></span> <span class='ocrx_word' id='word_1_197' title='bbox 2660 2933 2916 2998; x_wconf 85' lang='lat' dir='ltr'><strong>tempore</strong></span> <span class='ocrx_word' id='word_1_198' title='bbox 2947 2929 3037 2996; x_wconf 71' lang='lat' dir='ltr'><strong>gi-</strong></span> 
     </span>
    </p>
   </div>
   <div class='ocr_carea' id='block_1_31' title="bbox 1394 3015 3039 3089">
    <p class='ocr_par' dir='ltr' id='par_1_31' title="bbox 1394 3015 3039 3089">
     <span class='ocr_line' id='line_1_31' title="bbox 1394 3015 3039 3089; baseline 0 -19"><span class='ocrx_word' id='word_1_199' title='bbox 1394 3032 1569 3089; x_wconf 81' lang='lat' dir='ltr'><strong>gnere</strong></span> <span class='ocrx_word' id='word_1_200' title='bbox 1602 3016 1832 3071; x_wconf 85' lang='lat' dir='ltr'><strong>meruit.</strong></span> <span class='ocrx_word' id='word_1_201' title='bbox 1868 3015 1968 3070; x_wconf 87' lang='lat' dir='ltr'><strong>Cui</strong></span> <span class='ocrx_word' id='word_1_202' title='bbox 2003 3015 2154 3070; x_wconf 87' lang='lat' dir='ltr'><strong>Deus</strong></span> <span class='ocrx_word' id='word_1_203' title='bbox 2196 3015 2377 3081; x_wconf 82' lang='lat' dir='ltr'><strong>Pater,</strong></span> <span class='ocrx_word' id='word_1_204' title='bbox 2406 3021 2465 3069; x_wconf 91' lang='lat' dir='ltr'><strong>ut</strong></span> <span class='ocrx_word' id='word_1_205' title='bbox 2505 3017 2675 3070; x_wconf 89' lang='lat' dir='ltr'><strong>David</strong></span> <span class='ocrx_word' id='word_1_206' title='bbox 2711 3017 3039 3088; x_wconf 78' lang='lat' dir='ltr'><strong>patriarcha</strong></span> 
     </span>
    </p>
   </div>
   <div class='ocr_carea' id='block_1_32' title="bbox 1394 3103 3041 3177">
    <p class='ocr_par' dir='ltr' id='par_1_32' title="bbox 1394 3103 3041 3177">
     <span class='ocr_line' id='line_1_32' title="bbox 1394 3103 3041 3177; baseline 0.001 -18"><span class='ocrx_word' id='word_1_207' title='bbox 1394 3109 1646 3160; x_wconf 85' lang='lat' dir='ltr'><strong>testatur</strong></span> <span class='ocrx_word' id='word_1_208' title='bbox 1702 3106 1757 3158; x_wconf 89' lang='lat' dir='ltr'><strong>in</strong></span> <span class='ocrx_word' id='word_1_209' title='bbox 1807 3103 2054 3177; x_wconf 88' lang='lat' dir='ltr'><strong>psalmo,</strong></span> <span class='ocrx_word' id='word_1_210' title='bbox 2087 3104 2285 3159; x_wconf 87' lang='lat' dir='ltr'><strong>dicens</strong></span> <span class='ocrx_word' id='word_1_211' title='bbox 2320 3121 2332 3158; x_wconf 92' lang='lat'><strong>:</strong></span> <span class='ocrx_word' id='word_1_212' title='bbox 2371 3110 2511 3160; x_wconf 84' lang='lat' dir='ltr'><strong>Data</strong></span> <span class='ocrx_word' id='word_1_213' title='bbox 2541 3114 2616 3160; x_wconf 81' lang='lat' dir='ltr'><strong>est</strong></span> <span class='ocrx_word' id='word_1_214' title='bbox 2666 3108 2809 3161; x_wconf 81' lang='lat' dir='ltr'><strong>mihi</strong></span> <span class='ocrx_word' id='word_1_215' title='bbox 2865 3109 3041 3160; x_wconf 80' lang='lat' dir='ltr'><strong>omnis</strong></span> 
     </span>
    </p>
   </div>
   <div class='ocr_carea' id='block_1_33' title="bbox 1391 3195 3039 3266">
    <p class='ocr_par' dir='ltr' id='par_1_33' title="bbox 1391 3195 3039 3266">
     <span class='ocr_line' id='line_1_33' title="bbox 1391 3195 3039 3266; baseline 0 -18"><span class='ocrx_word' id='word_1_216' title='bbox 1391 3198 1627 3265; x_wconf 72' lang='lat' dir='ltr'><strong>potestas</strong></span> <span class='ocrx_word' id='word_1_217' title='bbox 1658 3195 1714 3248; x_wconf 83' lang='lat' dir='ltr'><strong>in</strong></span> <span class='ocrx_word' id='word_1_218' title='bbox 1762 3195 1892 3249; x_wconf 60' lang='lat' dir='ltr'><strong>ca&#39;lo</strong></span> <span class='ocrx_word' id='word_1_219' title='bbox 1921 3199 1972 3249; x_wconf 90' lang='lat' dir='ltr'><strong>et</strong></span> <span class='ocrx_word' id='word_1_220' title='bbox 2002 3196 2058 3248; x_wconf 85' lang='lat' dir='ltr'><strong>in</strong></span> <span class='ocrx_word' id='word_1_221' title='bbox 2091 3203 2255 3260; x_wconf 83' lang='lat' dir='ltr'><strong>terra,</strong></span> <span class='ocrx_word' id='word_1_222' title='bbox 2285 3200 2394 3249; x_wconf 90' lang='lat' dir='ltr'><strong>ctc.</strong></span> <span class='ocrx_word' id='word_1_223' title='bbox 2422 3195 2499 3249; x_wconf 90' lang='lat' dir='ltr'><strong>De</strong></span> <span class='ocrx_word' id='word_1_224' title='bbox 2553 3212 2666 3266; x_wconf 90' lang='lat' dir='ltr'><strong>quo</strong></span> <span class='ocrx_word' id='word_1_225' title='bbox 2717 3195 2866 3248; x_wconf 88' lang='lat' dir='ltr'><strong>idem</strong></span> <span class='ocrx_word' id='word_1_226' title='bbox 2907 3196 3039 3248; x_wconf 61' lang='lat' dir='ltr'><strong>I’roo</strong></span> 
     </span>
    </p>
   </div>
   <div class='ocr_carea' id='block_1_34' title="bbox 1396 3283 3037 3356">
    <p class='ocr_par' dir='ltr' id='par_1_34' title="bbox 1396 3283 3037 3356">
     <span class='ocr_line' id='line_1_34' title="bbox 1396 3283 3037 3356; baseline 0.001 -20"><span class='ocrx_word' id='word_1_227' title='bbox 1396 3283 1568 3355; x_wconf 88' lang='lat' dir='ltr'><strong>pheta</strong></span> <span class='ocrx_word' id='word_1_228' title='bbox 1600 3300 1613 3339; x_wconf 92' lang='lat'>:</span> <span class='ocrx_word' id='word_1_229' title='bbox 1646 3285 1864 3339; x_wconf 78' lang='lat' dir='ltr'><strong>Domini</strong></span> <span class='ocrx_word' id='word_1_230' title='bbox 1897 3292 1973 3338; x_wconf 85' lang='lat' dir='ltr'><strong>est</strong></span> <span class='ocrx_word' id='word_1_231' title='bbox 2017 3292 2163 3339; x_wconf 84' lang='lat' dir='ltr'><strong>terra</strong></span> <span class='ocrx_word' id='word_1_232' title='bbox 2210 3289 2261 3338; x_wconf 83' lang='lat' dir='ltr'><strong>et</strong></span> <span class='ocrx_word' id='word_1_233' title='bbox 2306 3285 2590 3356; x_wconf 72' lang='lat' dir='ltr'><strong>plenitudo</strong></span> <span class='ocrx_word' id='word_1_234' title='bbox 2641 3285 2776 3356; x_wconf 87' lang='lat' dir='ltr'><strong>ejus.</strong></span> <span class='ocrx_word' id='word_1_235' title='bbox 2809 3285 2947 3338; x_wconf 89' lang='lat' dir='ltr'><strong>Item</strong></span> <span class='ocrx_word' id='word_1_236' title='bbox 2983 3285 3037 3338; x_wconf 91' lang='lat' dir='ltr'><strong>in</strong></span> 
     </span>
    </p>
   </div>
   <div class='ocr_carea' id='block_1_35' title="bbox 3123 699 4787 772">
    <p class='ocr_par' dir='ltr' id='par_1_35' title="bbox 3123 699 4787 772">
     <span class='ocr_line' id='line_1_35' title="bbox 3123 699 4787 772; baseline 0.001 -19"><span class='ocrx_word' id='word_1_237' title='bbox 3123 702 3258 754; x_wconf 85' lang='lat' dir='ltr'><strong>vidit</strong></span> <span class='ocrx_word' id='word_1_238' title='bbox 3294 699 3428 754; x_wconf 89' lang='lat' dir='ltr'><strong>huic</strong></span> <span class='ocrx_word' id='word_1_239' title='bbox 3462 700 3650 755; x_wconf 85' lang='lat' dir='ltr'><strong>simile</strong></span> <span class='ocrx_word' id='word_1_240' title='bbox 3668 703 3695 754; x_wconf 71' lang='lat'><strong>1’</strong></span> <span class='ocrx_word' id='word_1_241' title='bbox 3723 701 3918 770; x_wconf 70' lang='lat' dir='ltr'><strong>Virgo,</strong></span> <span class='ocrx_word' id='word_1_242' title='bbox 3947 700 4258 755; x_wconf 89' lang='lat' dir='ltr'><strong>Dominum</strong></span> <span class='ocrx_word' id='word_1_243' title='bbox 4286 701 4569 772; x_wconf 85' lang='lat' dir='ltr'><strong>paritura,</strong></span> <span class='ocrx_word' id='word_1_244' title='bbox 4597 699 4787 755; x_wconf 84' lang='lat' dir='ltr'><strong>ancil-</strong></span> 
     </span>
    </p>
   </div>
   <div class='ocr_carea' id='block_1_36' title="bbox 3127 789 4787 850">
    <p class='ocr_par' dir='ltr' id='par_1_36' title="bbox 3127 789 4787 850">
     <span class='ocr_line' id='line_1_36' title="bbox 3127 789 4787 850; baseline 0.001 -7"><span class='ocrx_word' id='word_1_245' title='bbox 3127 790 3239 844; x_wconf 78' lang='lat' dir='ltr'><strong>lam</strong></span> <span class='ocrx_word' id='word_1_246' title='bbox 3271 808 3331 843; x_wconf 65' lang='lat' dir='ltr'><strong>re</strong></span> <span class='ocrx_word' id='word_1_247' title='bbox 3366 789 3593 844; x_wconf 84' lang='lat' dir='ltr'><strong>Domini</strong></span> <span class='ocrx_word' id='word_1_248' title='bbox 3628 794 3819 850; x_wconf 81' lang='lat' dir='ltr'><strong>\ocat:</strong></span> <span class='ocrx_word' id='word_1_249' title='bbox 3855 790 4008 845; x_wconf 86' lang='lat' dir='ltr'><strong>Deus</strong></span> <span class='ocrx_word' id='word_1_250' title='bbox 4053 790 4220 844; x_wconf 85' lang='lat' dir='ltr'><strong>Pater</strong></span> <span class='ocrx_word' id='word_1_251' title='bbox 4249 789 4545 845; x_wconf 86' lang='lat' dir='ltr'><strong>hominem</strong></span> <span class='ocrx_word' id='word_1_252' title='bbox 4581 790 4787 845; x_wconf 87' lang='lat' dir='ltr'><strong>nasci-</strong></span> 
     </span>
    </p>
   </div>
   <div class='ocr_carea' id='block_1_37' title="bbox 3127 878 4784 950">
    <p class='ocr_par' dir='ltr' id='par_1_37' title="bbox 3127 878 4784 950">
     <span class='ocr_line' id='line_1_37' title="bbox 3127 878 4784 950; baseline 0.001 -17"><span class='ocrx_word' id='word_1_253' title='bbox 3127 885 3320 933; x_wconf 89' lang='lat' dir='ltr'><strong>turum</strong></span> <span class='ocrx_word' id='word_1_254' title='bbox 3357 896 3585 932; x_wconf 88' lang='lat' dir='ltr'><strong>scrvum</strong></span> <span class='ocrx_word' id='word_1_255' title='bbox 3628 884 3680 931; x_wconf 85' lang='lat' dir='ltr'><strong>et</strong></span> <span class='ocrx_word' id='word_1_256' title='bbox 3728 879 4019 932; x_wconf 62' lang='lat' dir='ltr'><strong>(trientem</strong></span> <span class='ocrx_word' id='word_1_257' title='bbox 4068 878 4341 950; x_wconf 82' lang='lat' dir='ltr'><strong>appellat.</strong></span> <span class='ocrx_word' id='word_1_258' title='bbox 4375 879 4438 934; x_wconf 84' lang='lat' dir='ltr'><strong>In</strong></span> <span class='ocrx_word' id='word_1_259' title='bbox 4485 887 4784 950; x_wconf 87' lang='lat' dir='ltr'><strong>quantum</strong></span> 
     </span>
    </p>
   </div>
   <div class='ocr_carea' id='block_1_38' title="bbox 3130 967 4784 1038">
    <p class='ocr_par' dir='ltr' id='par_1_38' title="bbox 3130 967 4784 1038">
     <span class='ocr_line' id='line_1_38' title="bbox 3130 967 4784 1038; baseline 0 -16"><span class='ocrx_word' id='word_1_260' title='bbox 3130 969 3320 1026; x_wconf 79' lang='lat' dir='ltr'><strong>homo,</strong></span> <span class='ocrx_word' id='word_1_261' title='bbox 3346 985 3575 1030; x_wconf 81' lang='lat' dir='ltr'><strong>servus;</strong></span> <span class='ocrx_word' id='word_1_262' title='bbox 3604 968 3658 1021; x_wconf 93' lang='lat' dir='ltr'><strong>in</strong></span> <span class='ocrx_word' id='word_1_263' title='bbox 3685 975 3965 1038; x_wconf 91' lang='lat' dir='ltr'><strong>quantum</strong></span> <span class='ocrx_word' id='word_1_264' title='bbox 3991 967 4784 1036; x_wconf 67' lang='lat' dir='ltr'><strong>0ricns,Filiuscomternus,</strong></span> 
     </span>
    </p>
   </div>
   <div class='ocr_carea' id='block_1_39' title="bbox 3127 1055 4793 1129">
    <p class='ocr_par' dir='ltr' id='par_1_39' title="bbox 3127 1055 4793 1129">
     <span class='ocr_line' id='line_1_39' title="bbox 3127 1055 4793 1129; baseline 0.001 -19"><span class='ocrx_word' id='word_1_265' title='bbox 3127 1055 3642 1111; x_wconf 74' lang='lat' dir='ltr'><strong>consubstantialis</strong></span> <span class='ocrx_word' id='word_1_266' title='bbox 3663 1063 3715 1109; x_wconf 83' lang='lat' dir='ltr'><strong>et</strong></span> <span class='ocrx_word' id='word_1_267' title='bbox 3737 1057 3964 1111; x_wconf 85' lang='lat' dir='ltr'><strong>unicus.</strong></span> <span class='ocrx_word' id='word_1_268' title='bbox 3985 1057 4060 1112; x_wconf 86' lang='lat' dir='ltr'><strong>De</strong></span> <span class='ocrx_word' id='word_1_269' title='bbox 4075 1074 4187 1128; x_wconf 90' lang='lat' dir='ltr'><strong>quo</strong></span> <span class='ocrx_word' id='word_1_270' title='bbox 4204 1057 4518 1111; x_wconf 75' lang='lat' dir='ltr'><strong>Malachias</strong></span> <span class='ocrx_word' id='word_1_271' title='bbox 4537 1059 4793 1129; x_wconf 87' lang='lat' dir='ltr'><strong>prophe-</strong></span> 
     </span>
    </p>
   </div>
   <div class='ocr_carea' id='block_1_40' title="bbox 3131 1146 4788 1218">
    <p class='ocr_par' dir='ltr' id='par_1_40' title="bbox 3131 1146 4788 1218">
     <span class='ocr_line' id='line_1_40' title="bbox 3131 1146 4788 1218; baseline 0.002 -20"><span class='ocrx_word' id='word_1_272' title='bbox 3131 1151 3217 1199; x_wconf 87' lang='lat' dir='ltr'><strong>ta:</strong></span> <span class='ocrx_word' id='word_1_273' title='bbox 3247 1146 3393 1199; x_wconf 72' lang='lat' dir='ltr'><strong>l&#39;oln&#39;s</strong></span> <span class='ocrx_word' id='word_1_274' title='bbox 3415 1147 3726 1199; x_wconf 72' lang='lat' dir='ltr'><strong>timentibus</strong></span> <span class='ocrx_word' id='word_1_275' title='bbox 3750 1147 3935 1204; x_wconf 80' lang='lat' dir='ltr'><strong>Deum.</strong></span> <span class='ocrx_word' id='word_1_276' title='bbox 3959 1149 4170 1200; x_wconf 85' lang='lat' dir='ltr'><strong>orietur</strong></span> <span class='ocrx_word' id='word_1_277' title='bbox 4190 1148 4269 1200; x_wconf 77' lang='lat' dir='ltr'><strong>sol</strong></span> <span class='ocrx_word' id='word_1_278' title='bbox 4292 1149 4554 1218; x_wconf 60' lang='lat' dir='ltr'><strong>justitisr.</strong></span> <span class='ocrx_word' id='word_1_279' title='bbox 4584 1148 4649 1201; x_wconf 84' lang='lat' dir='ltr'><strong>Et</strong></span> <span class='ocrx_word' id='word_1_280' title='bbox 4680 1149 4788 1202; x_wconf 86' lang='lat' dir='ltr'><strong>Za-</strong></span> 
     </span>
    </p>
   </div>
   <div class='ocr_carea' id='block_1_41' title="bbox 3128 1235 4788 1304">
    <p class='ocr_par' dir='ltr' id='par_1_41' title="bbox 3128 1235 4788 1304">
     <span class='ocr_line' id='line_1_41' title="bbox 3128 1235 4788 1304; baseline 0.001 -14"><span class='ocrx_word' id='word_1_281' title='bbox 3128 1235 3356 1290; x_wconf 85' lang='lat' dir='ltr'><strong>charias</strong></span> <span class='ocrx_word' id='word_1_282' title='bbox 3391 1235 3446 1287; x_wconf 93' lang='lat' dir='ltr'><strong>in</strong></span> <span class='ocrx_word' id='word_1_283' title='bbox 3491 1235 3797 1304; x_wconf 64' lang='lat' dir='ltr'><strong>l‘lvangclio</strong></span> <span class='ocrx_word' id='word_1_284' title='bbox 3823 1253 3834 1288; x_wconf 94' lang='lat'>:</span> <span class='ocrx_word' id='word_1_285' title='bbox 3865 1236 4109 1290; x_wconf 67' lang='lat' dir='ltr'><strong>l’isilacit</strong></span> <span class='ocrx_word' id='word_1_286' title='bbox 4139 1253 4234 1290; x_wconf 78' lang='lat' dir='ltr'><strong>nos</strong></span> <span class='ocrx_word' id='word_1_287' title='bbox 4259 1237 4448 1290; x_wconf 76' lang='lat' dir='ltr'><strong>Oriens</strong></span> <span class='ocrx_word' id='word_1_288' title='bbox 4473 1254 4543 1290; x_wconf 66' lang='lat' dir='ltr'><strong>ex</strong></span> <span class='ocrx_word' id='word_1_289' title='bbox 4575 1239 4709 1292; x_wconf 79' lang='lat' dir='ltr'><strong>alio.</strong></span> <span class='ocrx_word' id='word_1_290' title='bbox 4745 1238 4788 1292; x_wconf 86' lang='lat'><em>0</em></span> 
     </span>
    </p>
   </div>
   <div class='ocr_carea' id='block_1_42' title="bbox 3131 1324 4788 1398">
    <p class='ocr_par' dir='ltr' id='par_1_42' title="bbox 3131 1324 4788 1398">
     <span class='ocr_line' id='line_1_42' title="bbox 3131 1324 4788 1398; baseline 0.005 -24"><span class='ocrx_word' id='word_1_291' title='bbox 3131 1329 3346 1394; x_wconf 90' lang='lat' dir='ltr'><strong>quanta</strong></span> <span class='ocrx_word' id='word_1_292' title='bbox 3371 1324 3675 1394; x_wconf 75' lang='lat' dir='ltr'><strong>qualisque</strong></span> <span class='ocrx_word' id='word_1_293' title='bbox 3710 1324 3873 1379; x_wconf 82' lang='lat' dir='ltr'><strong>stella</strong></span> <span class='ocrx_word' id='word_1_294' title='bbox 3897 1325 3991 1378; x_wconf 86' lang='lat' dir='ltr'><strong>Dei</strong></span> <span class='ocrx_word' id='word_1_295' title='bbox 4018 1326 4262 1395; x_wconf 81' lang='lat' dir='ltr'><strong>genitrix</strong></span> <span class='ocrx_word' id='word_1_296' title='bbox 4286 1330 4338 1379; x_wconf 90' lang='lat' dir='ltr'><strong>et</strong></span> <span class='ocrx_word' id='word_1_297' title='bbox 4363 1343 4598 1398; x_wconf 78' lang='lat' dir='ltr'><strong>semper</strong></span> <span class='ocrx_word' id='word_1_298' title='bbox 4621 1327 4788 1398; x_wconf 80' lang='lat' dir='ltr'><strong>virgo</strong></span> 
     </span>
    </p>
   </div>
   <div class='ocr_carea' id='block_1_43' title="bbox 3134 1413 4790 1488">
    <p class='ocr_par' dir='ltr' id='par_1_43' title="bbox 3134 1413 4790 1488">
     <span class='ocr_line' id='line_1_43' title="bbox 3134 1413 4790 1488; baseline 0.002 -21"><span class='ocrx_word' id='word_1_299' title='bbox 3134 1413 3312 1467; x_wconf 75' lang='lat' dir='ltr'><strong>Maria</strong></span> <span class='ocrx_word' id='word_1_300' title='bbox 3343 1414 3590 1467; x_wconf 81' lang='lat' dir='ltr'><strong>exstitit!</strong></span> <span class='ocrx_word' id='word_1_301' title='bbox 3621 1414 3693 1467; x_wconf 64' lang='lat' dir='ltr'><strong>lix</strong></span> <span class='ocrx_word' id='word_1_302' title='bbox 3721 1431 3835 1484; x_wconf 90' lang='lat' dir='ltr'><strong>qua</strong></span> <span class='ocrx_word' id='word_1_303' title='bbox 3865 1414 3960 1467; x_wconf 91' lang='lat' dir='ltr'><strong>illa</strong></span> <span class='ocrx_word' id='word_1_304' title='bbox 3990 1414 4248 1480; x_wconf 87' lang='lat' dir='ltr'><strong>claritas,</strong></span> <span class='ocrx_word' id='word_1_305' title='bbox 4273 1414 4371 1469; x_wconf 89' lang='lat' dir='ltr'><strong>illa</strong></span> <span class='ocrx_word' id='word_1_306' title='bbox 4399 1415 4496 1470; x_wconf 81' lang='lat' dir='ltr'><strong>lux</strong></span> <span class='ocrx_word' id='word_1_307' title='bbox 4521 1417 4790 1488; x_wconf 85' lang='lat' dir='ltr'><strong>illudque</strong></span> 
     </span>
    </p>
   </div>
   <div class='ocr_carea' id='block_1_44' title="bbox 3131 1500 4792 1576">
    <p class='ocr_par' dir='ltr' id='par_1_44' title="bbox 3131 1500 4792 1576">
     <span class='ocr_line' id='line_1_44' title="bbox 3131 1500 4792 1576; baseline 0.002 -20"><span class='ocrx_word' id='word_1_308' title='bbox 3131 1502 3353 1567; x_wconf 83' lang='lat' dir='ltr'><strong>lumen,</strong></span> <span class='ocrx_word' id='word_1_309' title='bbox 3386 1503 3636 1556; x_wconf 59' lang='lat' dir='ltr'><strong>Verbum</strong></span> <span class='ocrx_word' id='word_1_310' title='bbox 3672 1521 3803 1556; x_wconf 87' lang='lat' dir='ltr'><strong>caro</strong></span> <span class='ocrx_word' id='word_1_311' title='bbox 3837 1503 4050 1558; x_wconf 81' lang='lat' dir='ltr'><strong>factum</strong></span> <span class='ocrx_word' id='word_1_312' title='bbox 4086 1505 4154 1558; x_wconf 89' lang='lat' dir='ltr'><strong>ad</strong></span> <span class='ocrx_word' id='word_1_313' title='bbox 4193 1522 4297 1558; x_wconf 87' lang='lat' dir='ltr'><strong>nos</strong></span> <span class='ocrx_word' id='word_1_314' title='bbox 4339 1500 4642 1576; x_wconf 88' lang='lat' dir='ltr'><strong>processit.</strong></span> <span class='ocrx_word' id='word_1_315' title='bbox 4679 1506 4792 1571; x_wconf 90' lang='lat' dir='ltr'><strong>Qui</strong></span> 
     </span>
    </p>
   </div>
   <div class='ocr_carea' id='block_1_45' title="bbox 3135 1591 4788 1664">
    <p class='ocr_par' dir='ltr' id='par_1_45' title="bbox 3135 1591 4788 1664">
     <span class='ocr_line' id='line_1_45' title="bbox 3135 1591 4788 1664; baseline 0.002 -19"><span class='ocrx_word' id='word_1_316' title='bbox 3135 1610 3246 1645; x_wconf 90' lang='lat' dir='ltr'><strong>non</strong></span> <span class='ocrx_word' id='word_1_317' title='bbox 3269 1591 3478 1652; x_wconf 79' lang='lat' dir='ltr'><strong>solum,</strong></span> <span class='ocrx_word' id='word_1_318' title='bbox 3498 1598 3556 1644; x_wconf 94' lang='lat' dir='ltr'><strong>ut</strong></span> <span class='ocrx_word' id='word_1_319' title='bbox 3583 1591 3934 1660; x_wconf 67' lang='lat' dir='ltr'><strong>evangelista</strong></span> <span class='ocrx_word' id='word_1_320' title='bbox 3951 1593 4203 1647; x_wconf 87' lang='lat' dir='ltr'><strong>Joannes</strong></span> <span class='ocrx_word' id='word_1_321' title='bbox 4229 1595 4498 1664; x_wconf 72' lang='lat' dir='ltr'><strong>prtedicat</strong></span> <span class='ocrx_word' id='word_1_322' title='bbox 4524 1612 4535 1647; x_wconf 93' lang='lat'>:</span> <span class='ocrx_word' id='word_1_323' title='bbox 4560 1596 4788 1649; x_wconf 82' lang='lat' dir='ltr'><strong>Omnem</strong></span> 
     </span>
    </p>
   </div>
   <div class='ocr_carea' id='block_1_46' title="bbox 3135 1682 4793 1748">
    <p class='ocr_par' dir='ltr' id='par_1_46' title="bbox 3135 1682 4793 1748">
     <span class='ocr_line' id='line_1_46' title="bbox 3135 1682 4793 1748; baseline 0.004 -16"><span class='ocrx_word' id='word_1_324' title='bbox 3135 1682 3403 1735; x_wconf 82' lang='lat' dir='ltr'><strong>hominem</strong></span> <span class='ocrx_word' id='word_1_325' title='bbox 3440 1685 3731 1734; x_wconf 63' lang='lat' dir='ltr'><strong>venientem</strong></span> <span class='ocrx_word' id='word_1_326' title='bbox 3767 1683 3821 1734; x_wconf 87' lang='lat' dir='ltr'><strong>in</strong></span> <span class='ocrx_word' id='word_1_327' title='bbox 3857 1682 4114 1735; x_wconf 76' lang='lat' dir='ltr'><strong>mundum</strong></span> <span class='ocrx_word' id='word_1_328' title='bbox 4147 1684 4458 1748; x_wconf 81' lang='lat' dir='ltr'><strong>illuminat;</strong></span> <span class='ocrx_word' id='word_1_329' title='bbox 4482 1682 4585 1738; x_wconf 82' lang='lat' dir='ltr'><strong>sed</strong></span> <span class='ocrx_word' id='word_1_330' title='bbox 4609 1686 4793 1739; x_wconf 73' lang='lat' dir='ltr'><strong>etiam</strong></span> 
     </span>
    </p>
   </div>
   <div class='ocr_carea' id='block_1_47' title="bbox 3136 1769 4792 1845">
    <p class='ocr_par' dir='ltr' id='par_1_47' title="bbox 3136 1769 4792 1845">
     <span class='ocr_line' id='line_1_47' title="bbox 3136 1769 4792 1845; baseline 0.004 -22"><span class='ocrx_word' id='word_1_331' title='bbox 3136 1770 3354 1832; x_wconf 76' lang='lat' dir='ltr'><strong>stellas,</strong></span> <span class='ocrx_word' id='word_1_332' title='bbox 3381 1769 3476 1823; x_wconf 89' lang='lat' dir='ltr'><strong>lun</strong></span> <span class='ocrx_word' id='word_1_333' title='bbox 3494 1788 3576 1824; x_wconf 75' lang='lat' dir='ltr'><strong>1m</strong></span> <span class='ocrx_word' id='word_1_334' title='bbox 3612 1776 3662 1822; x_wconf 83' lang='lat' dir='ltr'><strong>et</strong></span> <span class='ocrx_word' id='word_1_335' title='bbox 3697 1770 3878 1824; x_wconf 85' lang='lat' dir='ltr'><strong>solem</strong></span> <span class='ocrx_word' id='word_1_336' title='bbox 3911 1776 3964 1824; x_wconf 85' lang='lat' dir='ltr'><strong>et</strong></span> <span class='ocrx_word' id='word_1_337' title='bbox 3987 1789 4220 1826; x_wconf 86' lang='lat' dir='ltr'><strong>onmem</strong></span> <span class='ocrx_word' id='word_1_338' title='bbox 4253 1779 4580 1826; x_wconf 82' lang='lat' dir='ltr'><strong>creaturam</strong></span> <span class='ocrx_word' id='word_1_339' title='bbox 4609 1791 4792 1845; x_wconf 81' lang='lat' dir='ltr'><strong>quam</strong></span> 
     </span>
    </p>
   </div>
   <div class='ocr_carea' id='block_1_48' title="bbox 3136 1858 4796 1930">
    <p class='ocr_par' dir='ltr' id='par_1_48' title="bbox 3136 1858 4796 1930">
     <span class='ocr_line' id='line_1_48' title="bbox 3136 1858 4796 1930; baseline 0.004 -18"><span class='ocrx_word' id='word_1_340' title='bbox 3136 1858 3414 1920; x_wconf 81' lang='lat' dir='ltr'><strong>condidit,</strong></span> <span class='ocrx_word' id='word_1_341' title='bbox 3463 1859 3626 1927; x_wconf 65' lang='lat' dir='ltr'><strong>regit,</strong></span> <span class='ocrx_word' id='word_1_342' title='bbox 3660 1859 3918 1930; x_wconf 84' lang='lat' dir='ltr'><strong>disponit</strong></span> <span class='ocrx_word' id='word_1_343' title='bbox 3975 1866 4031 1913; x_wconf 88' lang='lat' dir='ltr'><strong>et</strong></span> <span class='ocrx_word' id='word_1_344' title='bbox 4087 1861 4337 1915; x_wconf 88' lang='lat' dir='ltr'><strong>ordinat.</strong></span> <span class='ocrx_word' id='word_1_345' title='bbox 4369 1863 4476 1925; x_wconf 76' lang='lat' dir='ltr'><strong>Qui</strong></span> <span class='ocrx_word' id='word_1_346' title='bbox 4535 1864 4678 1917; x_wconf 83' lang='lat' dir='ltr'><strong>vivit</strong></span> <span class='ocrx_word' id='word_1_347' title='bbox 4739 1870 4796 1918; x_wconf 90' lang='lat' dir='ltr'><strong>et</strong></span> 
     </span>
    </p>
   </div>
   <div class='ocr_carea' id='block_1_49' title="bbox 3063 1948 4801 2048">
    <p class='ocr_par' dir='ltr' id='par_1_49' title="bbox 3063 1948 4801 2048">
     <span class='ocr_line' id='line_1_49' title="bbox 3063 1948 4801 2048; baseline 0.004 -49"><span class='ocrx_word' id='word_1_348' title='bbox 3063 1984 3104 2048; x_wconf 62' lang='grc' dir='ltr'><strong>Π</strong></span> <span class='ocrx_word' id='word_1_349' title='bbox 3142 1953 3340 2018; x_wconf 77' lang='lat' dir='ltr'><strong>regnat</strong></span> <span class='ocrx_word' id='word_1_350' title='bbox 3373 1965 3502 2001; x_wconf 90' lang='lat' dir='ltr'><strong>cum</strong></span> <span class='ocrx_word' id='word_1_351' title='bbox 3540 1948 3651 2001; x_wconf 87' lang='lat' dir='ltr'><strong>Deo</strong></span> <span class='ocrx_word' id='word_1_352' title='bbox 3697 1948 3859 2002; x_wconf 77' lang='lat' dir='ltr'><strong>Patre</strong></span> <span class='ocrx_word' id='word_1_353' title='bbox 3891 1955 3946 2002; x_wconf 87' lang='lat' dir='ltr'><strong>et</strong></span> <span class='ocrx_word' id='word_1_354' title='bbox 3979 1951 4196 2020; x_wconf 71' lang='lat' dir='ltr'><strong>Spiritu</strong></span> <span class='ocrx_word' id='word_1_355' title='bbox 4248 1957 4452 2006; x_wconf 90' lang='lat' dir='ltr'><strong>sancto</strong></span> <span class='ocrx_word' id='word_1_356' title='bbox 4501 1952 4661 2009; x_wconf 89' lang='lat' dir='ltr'><strong>Deus</strong></span> <span class='ocrx_word' id='word_1_357' title='bbox 4692 1970 4801 2024; x_wconf 88' lang='lat' dir='ltr'><strong>per</strong></span> 
     </span>
    </p>
   </div>
   <div class='ocr_carea' id='block_1_50' title="bbox 3139 2036 4212 2094">
    <p class='ocr_par' dir='ltr' id='par_1_50' title="bbox 3139 2036 4212 2094">
     <span class='ocr_line' id='line_1_50' title="bbox 3139 2036 4212 2094; baseline 0.008 -9"><span class='ocrx_word' id='word_1_358' title='bbox 3139 2038 3333 2090; x_wconf 89' lang='lat' dir='ltr'><strong>omnia</strong></span> <span class='ocrx_word' id='word_1_359' title='bbox 3367 2036 3576 2090; x_wconf 72' lang='lat' dir='ltr'><strong>szrcula</strong></span> <span class='ocrx_word' id='word_1_360' title='bbox 3612 2037 3976 2092; x_wconf 67' lang='lat' dir='ltr'><strong>saeculorum.</strong></span> <span class='ocrx_word' id='word_1_361' title='bbox 4009 2041 4212 2094; x_wconf 79' lang='lat' dir='ltr'><strong>Amen.</strong></span> 
     </span>
    </p>
   </div>
   <div class='ocr_carea' id='block_1_51' title="bbox 3792 2146 4142 2200">
    <p class='ocr_par' dir='ltr' id='par_1_51' title="bbox 3792 2146 4142 2200">
     <span class='ocr_line' id='line_1_51' title="bbox 3792 2146 4142 2200; baseline 0.011 -4"><span class='ocrx_word' id='word_1_362' title='bbox 3792 2146 4036 2199; x_wconf 66' lang='lat' dir='ltr'><strong>SEltMtl</strong></span> <span class='ocrx_word' id='word_1_363' title='bbox 4075 2149 4142 2200; x_wconf 83' lang='lat' dir='ltr'><strong>V.</strong></span> 
     </span>
    </p>
   </div>
   <div class='ocr_carea' id='block_1_52' title="bbox 3547 2233 4378 2274">
    <p class='ocr_par' dir='ltr' id='par_1_52' title="bbox 3547 2233 4378 2274">
     <span class='ocr_line' id='line_1_52' title="bbox 3547 2233 4378 2274; baseline 0.005 -4"><span class='ocrx_word' id='word_1_364' title='bbox 3547 2233 3574 2270; x_wconf 77' lang='grc' dir='ltr'>Ε</span> <span class='ocrx_word' id='word_1_365' title='bbox 3587 2235 3614 2270; x_wconf 67' lang='grc'><strong>1-2</strong></span> <span class='ocrx_word' id='word_1_366' title='bbox 3655 2234 4119 2271; x_wconf 55' lang='grc' dir='ltr'><strong>ῐὶιῧδυῐιῐυῖστῐοκε</strong></span> <span class='ocrx_word' id='word_1_367' title='bbox 4157 2235 4378 2274; x_wconf 63' lang='grc' dir='ltr'><strong>ωυλιικι.</strong></span> 
     </span>
    </p>
   </div>
   <div class='ocr_carea' id='block_1_53' title="bbox 3211 2305 4802 2367">
    <p class='ocr_par' dir='ltr' id='par_1_53' title="bbox 3211 2305 4802 2367">
     <span class='ocr_line' id='line_1_53' title="bbox 3211 2305 4802 2367; baseline 0.008 -12"><span class='ocrx_word' id='word_1_368' title='bbox 3211 2305 3546 2358; x_wconf 70' lang='lat' dir='ltr'><strong>Certissima</strong></span> <span class='ocrx_word' id='word_1_369' title='bbox 3598 2305 3810 2360; x_wconf 85' lang='lat' dir='ltr'><strong>lidueia</strong></span> <span class='ocrx_word' id='word_1_370' title='bbox 3857 2312 3941 2360; x_wconf 89' lang='lat' dir='ltr'><strong>est</strong></span> <span class='ocrx_word' id='word_1_371' title='bbox 3994 2307 4454 2364; x_wconf 63' lang='lat' dir='ltr'><strong>Christianorum</strong></span> <span class='ocrx_word' id='word_1_372' title='bbox 4506 2311 4802 2367; x_wconf 83' lang='lat' dir='ltr'><strong>divinitus</strong></span> 
     </span>
    </p>
   </div>
   <div class='ocr_carea' id='block_1_54' title="bbox 3145 2395 4802 2464">
    <p class='ocr_par' dir='ltr' id='par_1_54' title="bbox 3145 2395 4802 2464">
     <span class='ocr_line' id='line_1_54' title="bbox 3145 2395 4802 2464; baseline 0.005 -18"><span class='ocrx_word' id='word_1_373' title='bbox 3145 2395 3429 2464; x_wconf 69' lang='lat' dir='ltr'><strong>promissa</strong></span> <span class='ocrx_word' id='word_1_374' title='bbox 3466 2395 3806 2447; x_wconf 77' lang='lat' dir='ltr'><strong>resurrectio</strong></span> <span class='ocrx_word' id='word_1_375' title='bbox 3858 2401 4242 2450; x_wconf 88' lang='lat' dir='ltr'><strong>mortuorum.</strong></span> <span class='ocrx_word' id='word_1_376' title='bbox 4282 2398 4436 2452; x_wconf 86' lang='lat' dir='ltr'><strong>llanc</strong></span> <span class='ocrx_word' id='word_1_377' title='bbox 4487 2399 4647 2454; x_wconf 86' lang='lat' dir='ltr'><strong>enim</strong></span> <span class='ocrx_word' id='word_1_378' title='bbox 4704 2418 4802 2456; x_wconf 83' lang='lat' dir='ltr'><strong>ve-</strong></span> 
     </span>
    </p>
   </div>
   <div class='ocr_carea' id='block_1_55' title="bbox 3144 2483 4802 2560">
    <p class='ocr_par' dir='ltr' id='par_1_55' title="bbox 3144 2483 4802 2560">
     <span class='ocr_line' id='line_1_55' title="bbox 3144 2483 4802 2560; baseline 0.005 -24"><span class='ocrx_word' id='word_1_379' title='bbox 3144 2485 3282 2536; x_wconf 88' lang='lat' dir='ltr'><strong>ritas</strong></span> <span class='ocrx_word' id='word_1_380' title='bbox 3318 2484 3674 2553; x_wconf 83' lang='lat' dir='ltr'><strong>repromisit;</strong></span> <span class='ocrx_word' id='word_1_381' title='bbox 3701 2483 3925 2537; x_wconf 84' lang='lat' dir='ltr'><strong>Veritas</strong></span> <span class='ocrx_word' id='word_1_382' title='bbox 3948 2491 4141 2539; x_wconf 85' lang='lat' dir='ltr'><strong>autem</strong></span> <span class='ocrx_word' id='word_1_383' title='bbox 4173 2487 4402 2540; x_wconf 83' lang='lat' dir='ltr'><strong>mentiri</strong></span> <span class='ocrx_word' id='word_1_384' title='bbox 4431 2506 4544 2542; x_wconf 92' lang='lat' dir='ltr'><strong>non</strong></span> <span class='ocrx_word' id='word_1_385' title='bbox 4580 2495 4802 2560; x_wconf 84' lang='lat' dir='ltr'><strong>potest.</strong></span> 
     </span>
    </p>
   </div>
   <div class='ocr_carea' id='block_1_56' title="bbox 3147 2573 4807 2649">
    <p class='ocr_par' dir='ltr' id='par_1_56' title="bbox 3147 2573 4807 2649">
     <span class='ocr_line' id='line_1_56' title="bbox 3147 2573 4807 2649; baseline 0.006 -27"><span class='ocrx_word' id='word_1_386' title='bbox 3147 2573 3286 2625; x_wconf 88' lang='lat' dir='ltr'><strong>Vera</strong></span> <span class='ocrx_word' id='word_1_387' title='bbox 3319 2579 3398 2623; x_wconf 84' lang='lat' dir='ltr'><strong>est</strong></span> <span class='ocrx_word' id='word_1_388' title='bbox 3437 2573 3612 2640; x_wconf 66' lang='lat' dir='ltr'><strong>igitur</strong></span> <span class='ocrx_word' id='word_1_389' title='bbox 3642 2574 3710 2626; x_wconf 88' lang='lat' dir='ltr'><strong>de</strong></span> <span class='ocrx_word' id='word_1_390' title='bbox 3745 2580 4163 2629; x_wconf 76' lang='lat' dir='ltr'><strong>resurrectione</strong></span> <span class='ocrx_word' id='word_1_391' title='bbox 4196 2594 4502 2647; x_wconf 82' lang='lat' dir='ltr'><strong>corporum</strong></span> <span class='ocrx_word' id='word_1_392' title='bbox 4539 2581 4807 2649; x_wconf 83' lang='lat' dir='ltr'><strong>promis-</strong></span> 
     </span>
    </p>
   </div>
   <div class='ocr_carea' id='block_1_57' title="bbox 3145 2661 4802 2734">
    <p class='ocr_par' dir='ltr' id='par_1_57' title="bbox 3145 2661 4802 2734">
     <span class='ocr_line' id='line_1_57' title="bbox 3145 2661 4802 2734; baseline 0.007 -22"><span class='ocrx_word' id='word_1_393' title='bbox 3145 2663 3230 2713; x_wconf 91' lang='lat' dir='ltr'><strong>sio</strong></span> <span class='ocrx_word' id='word_1_394' title='bbox 3267 2662 3543 2726; x_wconf 77' lang='lat' dir='ltr'><strong>veritatis,</strong></span> <span class='ocrx_word' id='word_1_395' title='bbox 3579 2661 3715 2731; x_wconf 77' lang='lat' dir='ltr'><strong>quia</strong></span> <span class='ocrx_word' id='word_1_396' title='bbox 3748 2662 3971 2714; x_wconf 84' lang='lat' dir='ltr'><strong>Veritas</strong></span> <span class='ocrx_word' id='word_1_397' title='bbox 4021 2681 4146 2734; x_wconf 68' lang='lat' dir='ltr'><strong>qua:</strong></span> <span class='ocrx_word' id='word_1_398' title='bbox 4179 2666 4406 2718; x_wconf 87' lang='lat' dir='ltr'><strong>mentiri</strong></span> <span class='ocrx_word' id='word_1_399' title='bbox 4461 2685 4577 2720; x_wconf 88' lang='lat' dir='ltr'><strong>non</strong></span> <span class='ocrx_word' id='word_1_400' title='bbox 4615 2669 4802 2729; x_wconf 78' lang='lat' dir='ltr'><strong>nmit.</strong></span> 
     </span>
    </p>
   </div>
   <div class='ocr_carea' id='block_1_58' title="bbox 3147 2750 4806 2824">
    <p class='ocr_par' dir='ltr' id='par_1_58' title="bbox 3147 2750 4806 2824">
     <span class='ocr_line' id='line_1_58' title="bbox 3147 2750 4806 2824; baseline 0.005 -21"><span class='ocrx_word' id='word_1_401' title='bbox 3147 2756 3327 2803; x_wconf 89' lang='lat' dir='ltr'><strong>totum</strong></span> <span class='ocrx_word' id='word_1_402' title='bbox 3365 2769 3598 2804; x_wconf 71' lang='lat' dir='ltr'><strong>necesse</strong></span> <span class='ocrx_word' id='word_1_403' title='bbox 3626 2757 3712 2804; x_wconf 83' lang='lat' dir='ltr'><strong>est</strong></span> <span class='ocrx_word' id='word_1_404' title='bbox 3747 2750 3986 2822; x_wconf 85' lang='lat' dir='ltr'><strong>impleat</strong></span> <span class='ocrx_word' id='word_1_405' title='bbox 4008 2753 4162 2822; x_wconf 86' lang='lat' dir='ltr'><strong>quod</strong></span> <span class='ocrx_word' id='word_1_406' title='bbox 4197 2754 4486 2824; x_wconf 85' lang='lat' dir='ltr'><strong>promisit.</strong></span> <span class='ocrx_word' id='word_1_407' title='bbox 4515 2755 4677 2810; x_wconf 80' lang='lat' dir='ltr'><strong>lianc</strong></span> <span class='ocrx_word' id='word_1_408' title='bbox 4704 2776 4806 2811; x_wconf 86' lang='lat' dir='ltr'><strong>au—</strong></span> 
     </span>
    </p>
   </div>
   <div class='ocr_carea' id='block_1_59' title="bbox 3148 2839 4806 2911">
    <p class='ocr_par' dir='ltr' id='par_1_59' title="bbox 3148 2839 4806 2911">
     <span class='ocr_line' id='line_1_59' title="bbox 3148 2839 4806 2911; baseline 0.005 -19"><span class='ocrx_word' id='word_1_409' title='bbox 3148 2846 3256 2892; x_wconf 84' lang='lat' dir='ltr'><strong>tem</strong></span> <span class='ocrx_word' id='word_1_410' title='bbox 3294 2839 3771 2893; x_wconf 83' lang='lat' dir='ltr'><strong>resurrectionem</strong></span> <span class='ocrx_word' id='word_1_411' title='bbox 3815 2857 4144 2911; x_wconf 87' lang='lat' dir='ltr'><strong>corporum,</strong></span> <span class='ocrx_word' id='word_1_412' title='bbox 4171 2847 4234 2895; x_wconf 90' lang='lat' dir='ltr'><strong>ut</strong></span> <span class='ocrx_word' id='word_1_413' title='bbox 4279 2843 4536 2898; x_wconf 78' lang='lat' dir='ltr'><strong>futuram</strong></span> <span class='ocrx_word' id='word_1_414' title='bbox 4587 2848 4806 2900; x_wconf 81' lang='lat' dir='ltr'><strong>certis-</strong></span> 
     </span>
    </p>
   </div>
   <div class='ocr_carea' id='block_1_60' title="bbox 3148 2928 4806 2997">
    <p class='ocr_par' dir='ltr' id='par_1_60' title="bbox 3148 2928 4806 2997">
     <span class='ocr_line' id='line_1_60' title="bbox 3148 2928 4806 2997; baseline 0.007 -17"><span class='ocrx_word' id='word_1_415' title='bbox 3148 2930 3292 2981; x_wconf 88' lang='lat' dir='ltr'><strong>sime</strong></span> <span class='ocrx_word' id='word_1_416' title='bbox 3345 2928 3694 2994; x_wconf 85' lang='lat' dir='ltr'><strong>noverimus,</strong></span> <span class='ocrx_word' id='word_1_417' title='bbox 3731 2928 3852 2997; x_wconf 85' lang='lat' dir='ltr'><strong>ipse</strong></span> <span class='ocrx_word' id='word_1_418' title='bbox 3903 2929 4186 2985; x_wconf 86' lang='lat' dir='ltr'><strong>Dominus</strong></span> <span class='ocrx_word' id='word_1_419' title='bbox 4232 2932 4400 2984; x_wconf 82' lang='lat' dir='ltr'><strong>nobis</strong></span> <span class='ocrx_word' id='word_1_420' title='bbox 4441 2932 4496 2986; x_wconf 92' lang='lat' dir='ltr'><strong>in</strong></span> <span class='ocrx_word' id='word_1_421' title='bbox 4532 2951 4644 2989; x_wconf 89' lang='lat' dir='ltr'><strong>suo</strong></span> <span class='ocrx_word' id='word_1_422' title='bbox 4675 2953 4806 2990; x_wconf 84' lang='lat' dir='ltr'><strong>cor-</strong></span> 
     </span>
    </p>
   </div>
   <div class='ocr_carea' id='block_1_61' title="bbox 3150 3018 4808 3089">
    <p class='ocr_par' dir='ltr' id='par_1_61' title="bbox 3150 3018 4808 3089">
     <span class='ocr_line' id='line_1_61' title="bbox 3150 3018 4808 3089; baseline 0.005 -19"><span class='ocrx_word' id='word_1_423' title='bbox 3150 3033 3283 3089; x_wconf 89' lang='lat' dir='ltr'><strong>pore</strong></span> <span class='ocrx_word' id='word_1_424' title='bbox 3327 3018 3605 3084; x_wconf 72' lang='lat' dir='ltr'><strong>dignatus</strong></span> <span class='ocrx_word' id='word_1_425' title='bbox 3654 3023 3743 3070; x_wconf 86' lang='lat' dir='ltr'><strong>est</strong></span> <span class='ocrx_word' id='word_1_426' title='bbox 3789 3018 4210 3074; x_wconf 86' lang='lat' dir='ltr'><strong>demonstrare.</strong></span> <span class='ocrx_word' id='word_1_427' title='bbox 4249 3020 4582 3077; x_wconf 73' lang='lat' dir='ltr'><strong>ltesurrexit</strong></span> <span class='ocrx_word' id='word_1_428' title='bbox 4636 3025 4808 3079; x_wconf 86' lang='lat' dir='ltr'><strong>Chri-</strong></span> 
     </span>
    </p>
   </div>
   <div class='ocr_carea' id='block_1_62' title="bbox 3149 3110 4808 3170">
    <p class='ocr_par' dir='ltr' id='par_1_62' title="bbox 3149 3110 4808 3170">
     <span class='ocr_line' id='line_1_62' title="bbox 3149 3110 4808 3170; baseline 0.006 -11"><span class='ocrx_word' id='word_1_429' title='bbox 3149 3111 3366 3168; x_wconf 83' lang='lat' dir='ltr'><strong>stus,ut</strong></span> <span class='ocrx_word' id='word_1_430' title='bbox 3401 3111 3862 3160; x_wconf 82' lang='lat' dir='ltr'><strong>resurrecturum</strong></span> <span class='ocrx_word' id='word_1_431' title='bbox 3898 3125 3956 3160; x_wconf 87' lang='lat' dir='ltr'><strong>se</strong></span> <span class='ocrx_word' id='word_1_432' title='bbox 3991 3125 4101 3161; x_wconf 89' lang='lat' dir='ltr'><strong>non</strong></span> <span class='ocrx_word' id='word_1_433' title='bbox 4144 3110 4366 3163; x_wconf 85' lang='lat' dir='ltr'><strong>dubitet</strong></span> <span class='ocrx_word' id='word_1_434' title='bbox 4403 3111 4808 3170; x_wconf 74' lang='lat' dir='ltr'><strong>Christianus.</strong></span> 
     </span>
    </p>
   </div>
   <div class='ocr_carea' id='block_1_63' title="bbox 3151 3196 4808 3273">
    <p class='ocr_par' dir='ltr' id='par_1_63' title="bbox 3151 3196 4808 3273">
     <span class='ocr_line' id='line_1_63' title="bbox 3151 3196 4808 3273; baseline 0.007 -25"><span class='ocrx_word' id='word_1_435' title='bbox 3151 3196 3308 3260; x_wconf 85' lang='lat' dir='ltr'><strong>Quod</strong></span> <span class='ocrx_word' id='word_1_436' title='bbox 3343 3197 3496 3248; x_wconf 88' lang='lat' dir='ltr'><strong>enim</strong></span> <span class='ocrx_word' id='word_1_437' title='bbox 3525 3196 3812 3265; x_wconf 57' lang='lat' dir='ltr'><strong>pra‘ccssit</strong></span> <span class='ocrx_word' id='word_1_438' title='bbox 3842 3196 3894 3248; x_wconf 92' lang='lat' dir='ltr'><strong>in</strong></span> <span class='ocrx_word' id='word_1_439' title='bbox 3919 3197 4126 3267; x_wconf 87' lang='lat' dir='ltr'><strong>capite,</strong></span> <span class='ocrx_word' id='word_1_440' title='bbox 4153 3200 4424 3269; x_wconf 78' lang='lat' dir='ltr'><strong>sequitur</strong></span> <span class='ocrx_word' id='word_1_441' title='bbox 4449 3202 4503 3254; x_wconf 93' lang='lat' dir='ltr'><strong>in</strong></span> <span class='ocrx_word' id='word_1_442' title='bbox 4538 3219 4808 3273; x_wconf 84' lang='lat' dir='ltr'><strong>corpore.</strong></span> 
     </span>
    </p>
   </div>
   <div class='ocr_carea' id='block_1_64' title="bbox 3151 3285 4812 3354">
    <p class='ocr_par' dir='ltr' id='par_1_64' title="bbox 3151 3285 4812 3354">
     <span class='ocr_line' id='line_1_64' title="bbox 3151 3285 4812 3354; baseline 0.005 -16"><span class='ocrx_word' id='word_1_443' title='bbox 3151 3285 3331 3338; x_wconf 74' lang='lat' dir='ltr'><strong>Nosse</strong></span> <span class='ocrx_word' id='word_1_444' title='bbox 3379 3290 3570 3337; x_wconf 89' lang='lat' dir='ltr'><strong>autem</strong></span> <span class='ocrx_word' id='word_1_445' title='bbox 3623 3285 4310 3349; x_wconf 71' lang='lat' dir='ltr'><strong>delunuus,dilectissimi</strong></span> <span class='ocrx_word' id='word_1_446' title='bbox 4373 3290 4602 3354; x_wconf 81' lang='lat' dir='ltr'><strong>fratres,</strong></span> <span class='ocrx_word' id='word_1_447' title='bbox 4656 3293 4812 3348; x_wconf 86' lang='lat' dir='ltr'><strong>duas</strong></span> 
     </span>
    </p>
   </div>
   <div class='ocr_carea' id='block_1_65' title="bbox 1397 3354 4809 3445">
    <p class='ocr_par' dir='ltr' id='par_1_65' title="bbox 1397 3354 4809 3445">
     <span class='ocr_line' id='line_1_65' title="bbox 1397 3354 4809 3445; baseline 0.002 -16"><span class='ocrx_word' id='word_1_448' title='bbox 1397 3375 1595 3430; x_wconf 86' lang='lat' dir='ltr'><strong>eodem</strong></span> <span class='ocrx_word' id='word_1_449' title='bbox 1643 3372 1869 3445; x_wconf 85' lang='lat' dir='ltr'><strong>psalmo</strong></span> <span class='ocrx_word' id='word_1_450' title='bbox 1904 3388 1918 3427; x_wconf 90' lang='lat'><strong>:</strong></span> <span class='ocrx_word' id='word_1_451' title='bbox 1953 3374 2214 3428; x_wconf 82' lang='lat' dir='ltr'><strong>Dominus</strong></span> <span class='ocrx_word' id='word_1_452' title='bbox 2256 3376 2411 3444; x_wconf 80' lang='lat' dir='ltr'><strong>fortis</strong></span> <span class='ocrx_word' id='word_1_453' title='bbox 2449 3381 2499 3428; x_wconf 85' lang='lat' dir='ltr'><strong>et</strong></span> <span class='ocrx_word' id='word_1_454' title='bbox 2547 3383 2750 3444; x_wconf 75' lang='lat' dir='ltr'><strong>potens,</strong></span> <span class='ocrx_word' id='word_1_455' title='bbox 2784 3375 3042 3428; x_wconf 75' lang='lat' dir='ltr'><strong>Dominus</strong></span> <span class='ocrx_word' id='word_1_456' title='bbox 3072 3354 3114 3419; x_wconf 64' lang='grc' dir='ltr'>(ἶ</span> <span class='ocrx_word' id='word_1_457' title='bbox 3152 3390 3277 3426; x_wconf 89' lang='lat' dir='ltr'><strong>esse</strong></span> <span class='ocrx_word' id='word_1_458' title='bbox 3311 3378 3526 3426; x_wconf 84' lang='lat' dir='ltr'><strong>mortes</strong></span> <span class='ocrx_word' id='word_1_459' title='bbox 3566 3377 3619 3426; x_wconf 91' lang='lat' dir='ltr'><strong>et</strong></span> <span class='ocrx_word' id='word_1_460' title='bbox 3669 3374 3815 3426; x_wconf 87' lang='lat' dir='ltr'><strong>duas</strong></span> <span class='ocrx_word' id='word_1_461' title='bbox 3871 3376 4340 3431; x_wconf 65' lang='lat' dir='ltr'><strong>resurrectione-5.</strong></span> <span class='ocrx_word' id='word_1_462' title='bbox 4371 3377 4596 3434; x_wconf 89' lang='lat' dir='ltr'><strong>Dicitur</strong></span> <span class='ocrx_word' id='word_1_463' title='bbox 4645 3384 4809 3436; x_wconf 89' lang='lat' dir='ltr'><strong>enim</strong></span> 
     </span>
    </p>
   </div>
   <div class='ocr_carea' id='block_1_66' title="bbox 1391 3462 3040 3537">
    <p class='ocr_par' dir='ltr' id='par_1_66' title="bbox 1391 3462 3040 3537">
     <span class='ocr_line' id='line_1_66' title="bbox 1391 3462 3040 3537; baseline -0.002 -17"><span class='ocrx_word' id='word_1_464' title='bbox 1391 3473 1577 3537; x_wconf 79' lang='lat' dir='ltr'><strong>potens</strong></span> <span class='ocrx_word' id='word_1_465' title='bbox 1616 3465 1676 3519; x_wconf 84' lang='lat' dir='ltr'><strong>in</strong></span> <span class='ocrx_word' id='word_1_466' title='bbox 1721 3463 1936 3536; x_wconf 73' lang='lat' dir='ltr'><strong>pra&#39;lio.</strong></span> <span class='ocrx_word' id='word_1_467' title='bbox 1970 3463 2039 3517; x_wconf 87' lang='lat' dir='ltr'><strong>Et</strong></span> <span class='ocrx_word' id='word_1_468' title='bbox 2071 3466 2136 3516; x_wconf 92' lang='lat' dir='ltr'><strong>ut</strong></span> <span class='ocrx_word' id='word_1_469' title='bbox 2165 3462 2332 3516; x_wconf 89' lang='lat' dir='ltr'><strong>illum</strong></span> <span class='ocrx_word' id='word_1_470' title='bbox 2387 3463 2591 3517; x_wconf 79' lang='lat' dir='ltr'><strong>fortem</strong></span> <span class='ocrx_word' id='word_1_471' title='bbox 2645 3467 2700 3516; x_wconf 89' lang='lat' dir='ltr'><strong>et</strong></span> <span class='ocrx_word' id='word_1_472' title='bbox 2749 3468 3040 3534; x_wconf 85' lang='lat' dir='ltr'><strong>potentem</strong></span> 
     </span>
    </p>
   </div>
   <div class='ocr_carea' id='block_1_67' title="bbox 1396 3550 3042 3622">
    <p class='ocr_par' dir='ltr' id='par_1_67' title="bbox 1396 3550 3042 3622">
     <span class='ocr_line' id='line_1_67' title="bbox 1396 3550 3042 3622; baseline 0 -14"><span class='ocrx_word' id='word_1_473' title='bbox 1396 3555 1726 3619; x_wconf 85' lang='lat' dir='ltr'><strong>credamus,</strong></span> <span class='ocrx_word' id='word_1_474' title='bbox 1755 3550 1984 3607; x_wconf 87' lang='lat' dir='ltr'><strong>Gabriel</strong></span> <span class='ocrx_word' id='word_1_475' title='bbox 2043 3550 2426 3620; x_wconf 82' lang='lat' dir='ltr'><strong>archangelus</strong></span> <span class='ocrx_word' id='word_1_476' title='bbox 2485 3551 2583 3622; x_wconf 91' lang='lat' dir='ltr'><strong>qui</strong></span> <span class='ocrx_word' id='word_1_477' title='bbox 2631 3553 2891 3622; x_wconf 77' lang='lat' dir='ltr'><strong>fortitudo</strong></span> <span class='ocrx_word' id='word_1_478' title='bbox 2944 3557 3042 3608; x_wconf 72' lang='lat' dir='ltr'><strong>De:</strong></span> 
     </span>
    </p>
   </div>
   <div class='ocr_carea' id='block_1_68' title="bbox 1397 3638 3039 3711">
    <p class='ocr_par' dir='ltr' id='par_1_68' title="bbox 1397 3638 3039 3711">
     <span class='ocr_line' id='line_1_68' title="bbox 1397 3638 3039 3711; baseline 0 -16"><span class='ocrx_word' id='word_1_479' title='bbox 1397 3641 1634 3707; x_wconf 89' lang='lat' dir='ltr'><strong>dicitur,</strong></span> <span class='ocrx_word' id='word_1_480' title='bbox 1662 3640 2023 3695; x_wconf 88' lang='lat' dir='ltr'><strong>nasciturum</strong></span> <span class='ocrx_word' id='word_1_481' title='bbox 2047 3638 2116 3693; x_wconf 89' lang='lat' dir='ltr'><strong>de</strong></span> <span class='ocrx_word' id='word_1_482' title='bbox 2147 3639 2382 3711; x_wconf 81' lang='lat' dir='ltr'><strong>Virgine</strong></span> <span class='ocrx_word' id='word_1_483' title='bbox 2408 3640 2794 3711; x_wconf 77' lang='lat' dir='ltr'><strong>evangelizare</strong></span> <span class='ocrx_word' id='word_1_484' title='bbox 2821 3641 3039 3704; x_wconf 86' lang='lat' dir='ltr'><strong>debuit.</strong></span> 
     </span>
    </p>
   </div>
   <div class='ocr_carea' id='block_1_69' title="bbox 1398 3726 3043 3803">
    <p class='ocr_par' dir='ltr' id='par_1_69' title="bbox 1398 3726 3043 3803">
     <span class='ocr_line' id='line_1_69' title="bbox 1398 3726 3043 3803; baseline 0 -19"><span class='ocrx_word' id='word_1_485' title='bbox 1398 3746 1574 3803; x_wconf 88' lang='lat' dir='ltr'><strong>quem</strong></span> <span class='ocrx_word' id='word_1_486' title='bbox 1635 3729 1708 3782; x_wconf 87' lang='lat' dir='ltr'><strong>ad</strong></span> <span class='ocrx_word' id='word_1_487' title='bbox 1765 3726 2173 3782; x_wconf 90' lang='lat' dir='ltr'><strong>debellandum</strong></span> <span class='ocrx_word' id='word_1_488' title='bbox 2235 3727 2573 3798; x_wconf 86' lang='lat' dir='ltr'><strong>perditionis</strong></span> <span class='ocrx_word' id='word_1_489' title='bbox 2633 3730 2953 3801; x_wconf 87' lang='lat' dir='ltr'><strong>principem</strong></span> <span class='ocrx_word' id='word_1_490' title='bbox 2989 3735 3043 3784; x_wconf 86' lang='lat' dir='ltr'><strong>et</strong></span> 
     </span>
    </p>
   </div>
   <div class='ocr_carea' id='block_1_70' title="bbox 1399 3815 3040 3891">
    <p class='ocr_par' dir='ltr' id='par_1_70' title="bbox 1399 3815 3040 3891">
     <span class='ocr_line' id='line_1_70' title="bbox 1399 3815 3040 3891; baseline -0.002 -17"><span class='ocrx_word' id='word_1_491' title='bbox 1399 3817 1608 3874; x_wconf 85' lang='lat' dir='ltr'><strong>mortis</strong></span> <span class='ocrx_word' id='word_1_492' title='bbox 1649 3815 1959 3890; x_wconf 87' lang='lat' dir='ltr'><strong>imperium</strong></span> <span class='ocrx_word' id='word_1_493' title='bbox 2010 3817 2449 3884; x_wconf 88' lang='lat' dir='ltr'><strong>destruendum,</strong></span> <span class='ocrx_word' id='word_1_494' title='bbox 2483 3817 2636 3872; x_wconf 82' lang='lat' dir='ltr'><strong>velut</strong></span> <span class='ocrx_word' id='word_1_495' title='bbox 2680 3819 2922 3888; x_wconf 70' lang='lat' dir='ltr'><strong>geminre</strong></span> <span class='ocrx_word' id='word_1_496' title='bbox 2955 3820 3040 3891; x_wconf 85' lang='lat' dir='ltr'><strong>gi-</strong></span> 
     </span>
    </p>
   </div>
   <div class='ocr_carea' id='block_1_71' title="bbox 1331 3905 3038 3980">
    <p class='ocr_par' dir='ltr' id='par_1_71' title="bbox 1331 3905 3038 3980">
     <span class='ocr_line' id='line_1_71' title="bbox 1331 3905 3038 3980; baseline -0.001 -18"><span class='ocrx_word' id='word_1_497' title='bbox 1331 3956 1340 3970; x_wconf 83' lang='grc'><em>,</em></span> <span class='ocrx_word' id='word_1_498' title='bbox 1399 3911 1633 3980; x_wconf 88' lang='lat' dir='ltr'><strong>gantem</strong></span> <span class='ocrx_word' id='word_1_499' title='bbox 1653 3905 1992 3961; x_wconf 69' lang='lat' dir='ltr'><strong>substantia:</strong></span> <span class='ocrx_word' id='word_1_500' title='bbox 2012 3906 2378 3978; x_wconf 89' lang='lat' dir='ltr'><strong>omnipotens</strong></span> <span class='ocrx_word' id='word_1_501' title='bbox 2395 3907 2560 3960; x_wconf 85' lang='lat' dir='ltr'><strong>Pater</strong></span> <span class='ocrx_word' id='word_1_502' title='bbox 2579 3907 2815 3961; x_wconf 89' lang='lat' dir='ltr'><strong>unicum</strong></span> <span class='ocrx_word' id='word_1_503' title='bbox 2833 3908 3038 3962; x_wconf 78' lang='lat' dir='ltr'><strong>Filium</strong></span> 
     </span>
    </p>
   </div>
   <div class='ocr_carea' id='block_1_72' title="bbox 1399 3993 3043 4067">
    <p class='ocr_par' dir='ltr' id='par_1_72' title="bbox 1399 3993 3043 4067">
     <span class='ocr_line' id='line_1_72' title="bbox 1399 3993 3043 4067; baseline -0.001 -15"><span class='ocrx_word' id='word_1_504' title='bbox 1399 4012 1573 4053; x_wconf 89' lang='lat' dir='ltr'><strong>suum</strong></span> <span class='ocrx_word' id='word_1_505' title='bbox 1605 3993 1948 4051; x_wconf 85' lang='lat' dir='ltr'><strong>transmisit.</strong></span> <span class='ocrx_word' id='word_1_506' title='bbox 1976 3995 2348 4066; x_wconf 88' lang='lat' dir='ltr'><strong>Consequens</strong></span> <span class='ocrx_word' id='word_1_507' title='bbox 2375 3997 2586 4050; x_wconf 87' lang='lat' dir='ltr'><strong>etenim</strong></span> <span class='ocrx_word' id='word_1_508' title='bbox 2620 4002 2709 4051; x_wconf 85' lang='lat' dir='ltr'><strong>est</strong></span> <span class='ocrx_word' id='word_1_509' title='bbox 2740 4002 2802 4052; x_wconf 90' lang='lat' dir='ltr'><strong>ut</strong></span> <span class='ocrx_word' id='word_1_510' title='bbox 2829 3997 2925 4052; x_wconf 90' lang='lat' dir='ltr'><strong>Dei</strong></span> <span class='ocrx_word' id='word_1_511' title='bbox 2951 4013 3043 4067; x_wconf 82' lang='lat' dir='ltr'><strong>ge-</strong></span> 
     </span>
    </p>
   </div>
   <div class='ocr_carea' id='block_1_73' title="bbox 1399 4084 3039 4156">
    <p class='ocr_par' dir='ltr' id='par_1_73' title="bbox 1399 4084 3039 4156">
     <span class='ocr_line' id='line_1_73' title="bbox 1399 4084 3039 4156; baseline 0.001 -16"><span class='ocrx_word' id='word_1_512' title='bbox 1399 4086 1575 4141; x_wconf 84' lang='lat' dir='ltr'><strong>nitrix</strong></span> <span class='ocrx_word' id='word_1_513' title='bbox 1603 4089 1660 4140; x_wconf 92' lang='lat' dir='ltr'><strong>et</strong></span> <span class='ocrx_word' id='word_1_514' title='bbox 1689 4101 1922 4156; x_wconf 90' lang='lat' dir='ltr'><strong>semper</strong></span> <span class='ocrx_word' id='word_1_515' title='bbox 1949 4084 2108 4154; x_wconf 83' lang='lat' dir='ltr'><strong>virgo</strong></span> <span class='ocrx_word' id='word_1_516' title='bbox 2153 4085 2340 4139; x_wconf 88' lang='lat' dir='ltr'><strong>Maaia</strong></span> <span class='ocrx_word' id='word_1_517' title='bbox 2387 4085 2565 4139; x_wconf 89' lang='lat' dir='ltr'><strong>maris</strong></span> <span class='ocrx_word' id='word_1_518' title='bbox 2595 4086 2761 4140; x_wconf 86' lang='lat' dir='ltr'><strong>stella</strong></span> <span class='ocrx_word' id='word_1_519' title='bbox 2785 4093 3039 4153; x_wconf 84' lang='lat' dir='ltr'><strong>vocetur,</strong></span> 
     </span>
    </p>
   </div>
   <div class='ocr_carea' id='block_1_74' title="bbox 1397 4173 3043 4249">
    <p class='ocr_par' dir='ltr' id='par_1_74' title="bbox 1397 4173 3043 4249">
     <span class='ocr_line' id='line_1_74' title="bbox 1397 4173 3043 4249; baseline -0.001 -17"><span class='ocrx_word' id='word_1_520' title='bbox 1397 4176 1537 4249; x_wconf 87' lang='lat' dir='ltr'><strong>quia</strong></span> <span class='ocrx_word' id='word_1_521' title='bbox 1565 4175 1718 4231; x_wconf 89' lang='lat' dir='ltr'><strong>sicut</strong></span> <span class='ocrx_word' id='word_1_522' title='bbox 1748 4173 1830 4228; x_wconf 89' lang='lat' dir='ltr'><strong>illi</strong></span> <span class='ocrx_word' id='word_1_523' title='bbox 1864 4173 1960 4246; x_wconf 88' lang='lat' dir='ltr'><strong>qui</strong></span> <span class='ocrx_word' id='word_1_524' title='bbox 1992 4174 2146 4228; x_wconf 89' lang='lat' dir='ltr'><strong>inter</strong></span> <span class='ocrx_word' id='word_1_525' title='bbox 2177 4175 2388 4229; x_wconf 85' lang='lat' dir='ltr'><strong>ﬂuctus</strong></span> <span class='ocrx_word' id='word_1_526' title='bbox 2423 4175 2603 4228; x_wconf 87' lang='lat' dir='ltr'><strong>maris</strong></span> <span class='ocrx_word' id='word_1_527' title='bbox 2635 4176 3043 4230; x_wconf 87' lang='lat' dir='ltr'><strong>exercitatione</strong></span> 
     </span>
    </p>
   </div>
   <div class='ocr_carea' id='block_1_75' title="bbox 1399 4262 3041 4338">
    <p class='ocr_par' dir='ltr' id='par_1_75' title="bbox 1399 4262 3041 4338">
     <span class='ocr_line' id='line_1_75' title="bbox 1399 4262 3041 4338; baseline 0 -18"><span class='ocrx_word' id='word_1_528' title='bbox 1399 4265 1608 4338; x_wconf 86' lang='lat' dir='ltr'><strong>navigii</strong></span> <span class='ocrx_word' id='word_1_529' title='bbox 1643 4265 1932 4329; x_wconf 85' lang='lat' dir='ltr'><strong>laborant,</strong></span> <span class='ocrx_word' id='word_1_530' title='bbox 1955 4262 2141 4318; x_wconf 91' lang='lat' dir='ltr'><strong>stellis</strong></span> <span class='ocrx_word' id='word_1_531' title='bbox 2173 4264 2281 4317; x_wconf 84' lang='lat' dir='ltr'><strong>sibi</strong></span> <span class='ocrx_word' id='word_1_532' title='bbox 2326 4263 2440 4318; x_wconf 91' lang='lat' dir='ltr'><strong>Deo</strong></span> <span class='ocrx_word' id='word_1_533' title='bbox 2480 4269 2711 4319; x_wconf 89' lang='lat' dir='ltr'><strong>auctore</strong></span> <span class='ocrx_word' id='word_1_534' title='bbox 2753 4265 3041 4320; x_wconf 83' lang='lat' dir='ltr'><strong>famulan-</strong></span> 
     </span>
    </p>
   </div>
   <div class='ocr_carea' id='block_1_76' title="bbox 1394 4352 3046 4426">
    <p class='ocr_par' dir='ltr' id='par_1_76' title="bbox 1394 4352 3046 4426">
     <span class='ocr_line' id='line_1_76' title="bbox 1394 4352 3046 4426; baseline -0.001 -16"><span class='ocrx_word' id='word_1_535' title='bbox 1394 4354 1572 4424; x_wconf 84' lang='lat' dir='ltr'><strong>tibus,</strong></span> <span class='ocrx_word' id='word_1_536' title='bbox 1605 4354 1678 4410; x_wconf 88' lang='lat' dir='ltr'><strong>ad</strong></span> <span class='ocrx_word' id='word_1_537' title='bbox 1727 4356 1960 4426; x_wconf 89' lang='lat' dir='ltr'><strong>portum</strong></span> <span class='ocrx_word' id='word_1_538' title='bbox 2023 4353 2237 4424; x_wconf 83' lang='lat' dir='ltr'><strong>quietis</strong></span> <span class='ocrx_word' id='word_1_539' title='bbox 2289 4352 2483 4408; x_wconf 87' lang='lat' dir='ltr'><strong>venire</strong></span> <span class='ocrx_word' id='word_1_540' title='bbox 2541 4353 2902 4420; x_wconf 88' lang='lat' dir='ltr'><strong>desiderant;</strong></span> <span class='ocrx_word' id='word_1_541' title='bbox 2964 4354 3046 4409; x_wconf 91' lang='lat' dir='ltr'><strong>ita</strong></span> 
     </span>
    </p>
   </div>
   <div class='ocr_carea' id='block_1_77' title="bbox 1394 4441 3041 4516">
    <p class='ocr_par' dir='ltr' id='par_1_77' title="bbox 1394 4441 3041 4516">
     <span class='ocr_line' id='line_1_77' title="bbox 1394 4441 3041 4516; baseline 0 -18"><span class='ocrx_word' id='word_1_542' title='bbox 1394 4443 1664 4516; x_wconf 86' lang='lat' dir='ltr'><strong>quisquis</strong></span> <span class='ocrx_word' id='word_1_543' title='bbox 1691 4442 1750 4498; x_wconf 91' lang='lat' dir='ltr'><strong>in</strong></span> <span class='ocrx_word' id='word_1_544' title='bbox 1783 4443 1962 4512; x_wconf 85' lang='lat' dir='ltr'><strong>hujus</strong></span> <span class='ocrx_word' id='word_1_545' title='bbox 1988 4441 2184 4496; x_wconf 69' lang='lat' dir='ltr'><strong>sznculi</strong></span> <span class='ocrx_word' id='word_1_546' title='bbox 2217 4442 2540 4514; x_wconf 74' lang='lat' dir='ltr'><strong>periculoso</strong></span> <span class='ocrx_word' id='word_1_547' title='bbox 2573 4443 2898 4515; x_wconf 79' lang='lat' dir='ltr'><strong>naufragio,</strong></span> <span class='ocrx_word' id='word_1_548' title='bbox 2934 4444 3041 4498; x_wconf 82' lang='lat' dir='ltr'><strong>flu-</strong></span> 
     </span>
    </p>
   </div>
   <div class='ocr_carea' id='block_1_78' title="bbox 1393 4530 3044 4604">
    <p class='ocr_par' dir='ltr' id='par_1_78' title="bbox 1393 4530 3044 4604">
     <span class='ocr_line' id='line_1_78' title="bbox 1393 4530 3044 4604; baseline 0 -17"><span class='ocrx_word' id='word_1_549' title='bbox 1393 4532 1584 4588; x_wconf 87' lang='lat' dir='ltr'><strong>ctibus</strong></span> <span class='ocrx_word' id='word_1_550' title='bbox 1624 4531 1968 4604; x_wconf 86' lang='lat' dir='ltr'><strong>perniciosis</strong></span> <span class='ocrx_word' id='word_1_551' title='bbox 2007 4530 2390 4598; x_wconf 89' lang='lat' dir='ltr'><strong>irruentibus,</strong></span> <span class='ocrx_word' id='word_1_552' title='bbox 2425 4531 2542 4586; x_wconf 85' lang='lat' dir='ltr'><strong>sive</strong></span> <span class='ocrx_word' id='word_1_553' title='bbox 2573 4532 2642 4586; x_wconf 87' lang='lat' dir='ltr'><strong>de</strong></span> <span class='ocrx_word' id='word_1_554' title='bbox 2673 4533 2901 4596; x_wconf 71' lang='lat' dir='ltr'><strong>animm,</strong></span> <span class='ocrx_word' id='word_1_555' title='bbox 2924 4533 3044 4588; x_wconf 87' lang='lat' dir='ltr'><strong>sive</strong></span> 
     </span>
    </p>
   </div>
   <div class='ocr_carea' id='block_1_79' title="bbox 1391 4617 3041 4693">
    <p class='ocr_par' dir='ltr' id='par_1_79' title="bbox 1391 4617 3041 4693">
     <span class='ocr_line' id='line_1_79' title="bbox 1391 4617 3041 4693; baseline -0.001 -17"><span class='ocrx_word' id='word_1_556' title='bbox 1391 4620 1464 4676; x_wconf 89' lang='lat' dir='ltr'><strong>de</strong></span> <span class='ocrx_word' id='word_1_557' title='bbox 1492 4619 1752 4693; x_wconf 87' lang='lat' dir='ltr'><strong>corporis</strong></span> <span class='ocrx_word' id='word_1_558' title='bbox 1781 4620 1902 4674; x_wconf 89' lang='lat' dir='ltr'><strong>vita</strong></span> <span class='ocrx_word' id='word_1_559' title='bbox 1948 4617 2332 4691; x_wconf 88' lang='lat' dir='ltr'><strong>periclitatur,</strong></span> <span class='ocrx_word' id='word_1_560' title='bbox 2366 4637 2600 4675; x_wconf 81' lang='lat' dir='ltr'><strong>necesse</strong></span> <span class='ocrx_word' id='word_1_561' title='bbox 2651 4626 2739 4676; x_wconf 89' lang='lat' dir='ltr'><strong>est</strong></span> <span class='ocrx_word' id='word_1_562' title='bbox 2785 4622 2854 4676; x_wconf 88' lang='lat' dir='ltr'><strong>ad</strong></span> <span class='ocrx_word' id='word_1_563' title='bbox 2906 4639 3041 4675; x_wconf 86' lang='lat' dir='ltr'><strong>con-</strong></span> 
     </span>
    </p>
   </div>
   <div class='ocr_carea' id='block_1_80' title="bbox 3154 3461 4813 3537">
    <p class='ocr_par' dir='ltr' id='par_1_80' title="bbox 3154 3461 4813 3537">
     <span class='ocr_line' id='line_1_80' title="bbox 3154 3461 4813 3537; baseline 0.005 -21"><span class='ocrx_word' id='word_1_564' title='bbox 3154 3480 3308 3516; x_wconf 90' lang='lat' dir='ltr'><strong>mors</strong></span> <span class='ocrx_word' id='word_1_565' title='bbox 3342 3461 3548 3534; x_wconf 90' lang='lat' dir='ltr'><strong>prima,</strong></span> <span class='ocrx_word' id='word_1_566' title='bbox 3574 3462 3784 3515; x_wconf 88' lang='lat' dir='ltr'><strong>dicitur</strong></span> <span class='ocrx_word' id='word_1_567' title='bbox 3813 3467 3862 3516; x_wconf 88' lang='lat' dir='ltr'><strong>et</strong></span> <span class='ocrx_word' id='word_1_568' title='bbox 3899 3465 4175 3518; x_wconf 86' lang='lat' dir='ltr'><strong>secunda.</strong></span> <span class='ocrx_word' id='word_1_569' title='bbox 4213 3465 4383 3520; x_wconf 80' lang='lat' dir='ltr'><strong>Porro</strong></span> <span class='ocrx_word' id='word_1_570' title='bbox 4415 3469 4618 3537; x_wconf 62' lang='lat' dir='ltr'><strong>prima?</strong></span> <span class='ocrx_word' id='word_1_571' title='bbox 4655 3488 4813 3524; x_wconf 83' lang='lat' dir='ltr'><strong>mor-</strong></span> 
     </span>
    </p>
   </div>
   <div class='ocr_carea' id='block_1_81' title="bbox 3149 3552 4815 3630">
    <p class='ocr_par' dir='ltr' id='par_1_81' title="bbox 3149 3552 4815 3630">
     <span class='ocr_line' id='line_1_81' title="bbox 3149 3552 4815 3630; baseline 0.005 -26"><span class='ocrx_word' id='word_1_572' title='bbox 3149 3552 3224 3604; x_wconf 89' lang='lat' dir='ltr'><strong>tis</strong></span> <span class='ocrx_word' id='word_1_573' title='bbox 3257 3552 3380 3604; x_wconf 67' lang='lat' dir='ltr'><strong>durc</strong></span> <span class='ocrx_word' id='word_1_574' title='bbox 3415 3556 3548 3604; x_wconf 87' lang='lat' dir='ltr'><strong>sunt</strong></span> <span class='ocrx_word' id='word_1_575' title='bbox 3583 3556 3773 3621; x_wconf 86' lang='lat' dir='ltr'><strong>partes</strong></span> <span class='ocrx_word' id='word_1_576' title='bbox 3809 3567 3821 3605; x_wconf 91' lang='lat'>:</span> <span class='ocrx_word' id='word_1_577' title='bbox 3861 3569 3975 3605; x_wconf 91' lang='lat' dir='ltr'><strong>una</strong></span> <span class='ocrx_word' id='word_1_578' title='bbox 3999 3569 4114 3623; x_wconf 90' lang='lat' dir='ltr'><strong>qua</strong></span> <span class='ocrx_word' id='word_1_579' title='bbox 4149 3555 4437 3623; x_wconf 75' lang='lat' dir='ltr'><strong>peccatrix</strong></span> <span class='ocrx_word' id='word_1_580' title='bbox 4469 3558 4670 3611; x_wconf 88' lang='lat' dir='ltr'><strong>anima</strong></span> <span class='ocrx_word' id='word_1_581' title='bbox 4707 3578 4815 3630; x_wconf 83' lang='lat' dir='ltr'><strong>per</strong></span> 
     </span>
    </p>
   </div>
   <div class='ocr_carea' id='block_1_82' title="bbox 3150 3640 4815 3718">
    <p class='ocr_par' dir='ltr' id='par_1_82' title="bbox 3150 3640 4815 3718">
     <span class='ocr_line' id='line_1_82' title="bbox 3150 3640 4815 3718; baseline 0.005 -24"><span class='ocrx_word' id='word_1_582' title='bbox 3150 3641 3378 3711; x_wconf 85' lang='lat' dir='ltr'><strong>culpam</strong></span> <span class='ocrx_word' id='word_1_583' title='bbox 3413 3640 3657 3694; x_wconf 86' lang='lat' dir='ltr'><strong>discedit</strong></span> <span class='ocrx_word' id='word_1_584' title='bbox 3710 3657 3742 3693; x_wconf 89' lang='lat' dir='ltr'><strong>a</strong></span> <span class='ocrx_word' id='word_1_585' title='bbox 3794 3643 4059 3695; x_wconf 71' lang='lat' dir='ltr'><strong>Creatori:</strong></span> <span class='ocrx_word' id='word_1_586' title='bbox 4093 3659 4219 3707; x_wconf 88' lang='lat' dir='ltr'><strong>suo,</strong></span> <span class='ocrx_word' id='word_1_587' title='bbox 4253 3643 4432 3699; x_wconf 88' lang='lat' dir='ltr'><strong>altera</strong></span> <span class='ocrx_word' id='word_1_588' title='bbox 4465 3664 4603 3716; x_wconf 84' lang='lat' dir='ltr'><strong>qua.</strong></span> <span class='ocrx_word' id='word_1_589' title='bbox 4651 3650 4815 3718; x_wconf 85' lang='lat' dir='ltr'><strong>judi-</strong></span> 
     </span>
    </p>
   </div>
   <div class='ocr_carea' id='block_1_83' title="bbox 3151 3729 4813 3805">
    <p class='ocr_par' dir='ltr' id='par_1_83' title="bbox 3151 3729 4813 3805">
     <span class='ocr_line' id='line_1_83' title="bbox 3151 3729 4813 3805; baseline 0.001 -21"><span class='ocrx_word' id='word_1_590' title='bbox 3151 3737 3315 3784; x_wconf 86' lang='lat' dir='ltr'><strong>cante</strong></span> <span class='ocrx_word' id='word_1_591' title='bbox 3350 3731 3483 3796; x_wconf 81' lang='lat' dir='ltr'><strong>Deo,</strong></span> <span class='ocrx_word' id='word_1_592' title='bbox 3518 3729 3845 3783; x_wconf 87' lang='lat' dir='ltr'><strong>excluditur</strong></span> <span class='ocrx_word' id='word_1_593' title='bbox 3893 3748 3992 3801; x_wconf 88' lang='lat' dir='ltr'><strong>per</strong></span> <span class='ocrx_word' id='word_1_594' title='bbox 4025 3748 4250 3801; x_wconf 75' lang='lat' dir='ltr'><strong>pmnam</strong></span> <span class='ocrx_word' id='word_1_595' title='bbox 4285 3733 4356 3786; x_wconf 88' lang='lat' dir='ltr'><strong>de</strong></span> <span class='ocrx_word' id='word_1_596' title='bbox 4401 3751 4642 3805; x_wconf 74' lang='lat' dir='ltr'><strong>corpore</strong></span> <span class='ocrx_word' id='word_1_597' title='bbox 4676 3756 4813 3792; x_wconf 75' lang='lat' dir='ltr'><strong>suo,</strong></span> 
     </span>
    </p>
   </div>
   <div class='ocr_carea' id='block_1_84' title="bbox 3152 3818 4818 3892">
    <p class='ocr_par' dir='ltr' id='par_1_84' title="bbox 3152 3818 4818 3892">
     <span class='ocr_line' id='line_1_84' title="bbox 3152 3818 4818 3892; baseline 0.005 -19"><span class='ocrx_word' id='word_1_598' title='bbox 3152 3821 3303 3874; x_wconf 72' lang='lat' dir='ltr'><strong>Mors</strong></span> <span class='ocrx_word' id='word_1_599' title='bbox 3339 3825 3532 3872; x_wconf 87' lang='lat' dir='ltr'><strong>autem</strong></span> <span class='ocrx_word' id='word_1_600' title='bbox 3570 3837 3745 3871; x_wconf 84' lang='lat' dir='ltr'><strong>secun</strong></span> <span class='ocrx_word' id='word_1_601' title='bbox 3773 3819 3826 3871; x_wconf 89' lang='lat' dir='ltr'><strong>la</strong></span> <span class='ocrx_word' id='word_1_602' title='bbox 3854 3818 3978 3888; x_wconf 88' lang='lat' dir='ltr'><strong>ipsa</strong></span> <span class='ocrx_word' id='word_1_603' title='bbox 4003 3825 4090 3872; x_wconf 83' lang='lat' dir='ltr'><strong>est</strong></span> <span class='ocrx_word' id='word_1_604' title='bbox 4121 3837 4276 3875; x_wconf 87' lang='lat' dir='ltr'><strong>mors</strong></span> <span class='ocrx_word' id='word_1_605' title='bbox 4308 3823 4566 3892; x_wconf 80' lang='lat' dir='ltr'><strong>corporis</strong></span> <span class='ocrx_word' id='word_1_606' title='bbox 4598 3831 4656 3878; x_wconf 85' lang='lat' dir='ltr'><strong>et</strong></span> <span class='ocrx_word' id='word_1_607' title='bbox 4691 3828 4818 3881; x_wconf 86' lang='lat' dir='ltr'><strong>ani-</strong></span> 
     </span>
    </p>
   </div>
   <div class='ocr_carea' id='block_1_85' title="bbox 3091 3907 4823 3986">
    <p class='ocr_par' dir='ltr' id='par_1_85' title="bbox 3091 3907 4823 3986">
     <span class='ocr_line' id='line_1_85' title="bbox 3091 3907 4823 3986; baseline 0.005 -26"><span class='ocrx_word' id='word_1_608' title='bbox 3091 3949 3104 3960; x_wconf 90' lang='lat'><strong>.</strong></span> <span class='ocrx_word' id='word_1_609' title='bbox 3153 3927 3257 3963; x_wconf 77' lang='lat' dir='ltr'><strong>mae</strong></span> <span class='ocrx_word' id='word_1_610' title='bbox 3288 3908 3513 3980; x_wconf 89' lang='lat' dir='ltr'><strong>punitio</strong></span> <span class='ocrx_word' id='word_1_611' title='bbox 3546 3907 3917 3978; x_wconf 86' lang='lat' dir='ltr'><strong>sempiterna.</strong></span> <span class='ocrx_word' id='word_1_612' title='bbox 3943 3911 4051 3961; x_wconf 84' lang='lat' dir='ltr'><strong>Per</strong></span> <span class='ocrx_word' id='word_1_613' title='bbox 4079 3915 4320 3963; x_wconf 88' lang='lat' dir='ltr'><strong>mortem</strong></span> <span class='ocrx_word' id='word_1_614' title='bbox 4354 3927 4491 3980; x_wconf 76' lang='lat' dir='ltr'><strong>ergo</strong></span> <span class='ocrx_word' id='word_1_615' title='bbox 4525 3914 4823 3986; x_wconf 87' lang='lat' dir='ltr'><strong>primam,</strong></span> 
     </span>
    </p>
   </div>
   <div class='ocr_carea' id='block_1_86' title="bbox 3151 3997 4820 4070">
    <p class='ocr_par' dir='ltr' id='par_1_86' title="bbox 3151 3997 4820 4070">
     <span class='ocr_line' id='line_1_86' title="bbox 3151 3997 4820 4070; baseline 0.002 -17"><span class='ocrx_word' id='word_1_616' title='bbox 3151 4001 3346 4053; x_wconf 89' lang='lat' dir='ltr'><strong>anima</strong></span> <span class='ocrx_word' id='word_1_617' title='bbox 3380 3998 3512 4052; x_wconf 91' lang='lat' dir='ltr'><strong>boni</strong></span> <span class='ocrx_word' id='word_1_618' title='bbox 3543 4002 3597 4050; x_wconf 91' lang='lat' dir='ltr'><strong>et</strong></span> <span class='ocrx_word' id='word_1_619' title='bbox 3633 3997 3765 4050; x_wconf 88' lang='lat' dir='ltr'><strong>mali</strong></span> <span class='ocrx_word' id='word_1_620' title='bbox 3805 3997 4058 4050; x_wconf 90' lang='lat' dir='ltr'><strong>hominis</strong></span> <span class='ocrx_word' id='word_1_621' title='bbox 4103 3998 4171 4050; x_wconf 88' lang='lat' dir='ltr'><strong>ad</strong></span> <span class='ocrx_word' id='word_1_622' title='bbox 4213 4003 4446 4070; x_wconf 85' lang='lat' dir='ltr'><strong>tempus</strong></span> <span class='ocrx_word' id='word_1_623' title='bbox 4479 4018 4510 4055; x_wconf 90' lang='lat' dir='ltr'><strong>a</strong></span> <span class='ocrx_word' id='word_1_624' title='bbox 4544 4020 4654 4055; x_wconf 85' lang='lat' dir='ltr'><strong>suo</strong></span> <span class='ocrx_word' id='word_1_625' title='bbox 4687 4023 4820 4058; x_wconf 84' lang='lat' dir='ltr'><strong>eor-</strong></span> 
     </span>
    </p>
   </div>
   <div class='ocr_carea' id='block_1_87' title="bbox 3152 4086 4821 4159">
    <p class='ocr_par' dir='ltr' id='par_1_87' title="bbox 3152 4086 4821 4159">
     <span class='ocr_line' id='line_1_87' title="bbox 3152 4086 4821 4159; baseline 0.004 -18"><span class='ocrx_word' id='word_1_626' title='bbox 3152 4107 3284 4159; x_wconf 81' lang='lat' dir='ltr'><strong>pore</strong></span> <span class='ocrx_word' id='word_1_627' title='bbox 3317 4091 3640 4158; x_wconf 87' lang='lat' dir='ltr'><strong>separatur.</strong></span> <span class='ocrx_word' id='word_1_628' title='bbox 3675 4086 3777 4139; x_wconf 80' lang='lat' dir='ltr'><strong>Per</strong></span> <span class='ocrx_word' id='word_1_629' title='bbox 3806 4091 4047 4139; x_wconf 86' lang='lat' dir='ltr'><strong>mortem</strong></span> <span class='ocrx_word' id='word_1_630' title='bbox 4077 4103 4209 4139; x_wconf 88' lang='lat' dir='ltr'><strong>vero</strong></span> <span class='ocrx_word' id='word_1_631' title='bbox 4242 4090 4582 4156; x_wconf 85' lang='lat' dir='ltr'><strong>secundam,</strong></span> <span class='ocrx_word' id='word_1_632' title='bbox 4608 4094 4821 4148; x_wconf 84' lang='lat' dir='ltr'><strong>anima</strong></span> 
     </span>
    </p>
   </div>
   <div class='ocr_carea' id='block_1_88' title="bbox 3151 4175 4822 4237">
    <p class='ocr_par' dir='ltr' id='par_1_88' title="bbox 3151 4175 4822 4237">
     <span class='ocr_line' id='line_1_88' title="bbox 3151 4175 4822 4237; baseline 0.004 -7"><span class='ocrx_word' id='word_1_633' title='bbox 3151 4177 3333 4230; x_wconf 88' lang='lat' dir='ltr'><strong>solius</strong></span> <span class='ocrx_word' id='word_1_634' title='bbox 3393 4176 3528 4230; x_wconf 88' lang='lat' dir='ltr'><strong>mali</strong></span> <span class='ocrx_word' id='word_1_635' title='bbox 3586 4175 3840 4229; x_wconf 86' lang='lat' dir='ltr'><strong>hominis</strong></span> <span class='ocrx_word' id='word_1_636' title='bbox 3871 4175 3928 4229; x_wconf 92' lang='lat' dir='ltr'><strong>in</strong></span> <span class='ocrx_word' id='word_1_637' title='bbox 3981 4180 4260 4230; x_wconf 76' lang='lat' dir='ltr'><strong>:eternum</strong></span> <span class='ocrx_word' id='word_1_638' title='bbox 4322 4193 4453 4232; x_wconf 91' lang='lat' dir='ltr'><strong>cum</strong></span> <span class='ocrx_word' id='word_1_639' title='bbox 4513 4197 4620 4234; x_wconf 87' lang='lat' dir='ltr'><strong>suo</strong></span> <span class='ocrx_word' id='word_1_640' title='bbox 4685 4199 4822 4237; x_wconf 84' lang='lat' dir='ltr'><strong>cor-</strong></span> 
     </span>
    </p>
   </div>
   <div class='ocr_carea' id='block_1_89' title="bbox 3151 4263 4816 4337">
    <p class='ocr_par' dir='ltr' id='par_1_89' title="bbox 3151 4263 4816 4337">
     <span class='ocr_line' id='line_1_89' title="bbox 3151 4263 4816 4337; baseline 0.004 -19"><span class='ocrx_word' id='word_1_641' title='bbox 3151 4282 3287 4337; x_wconf 89' lang='lat' dir='ltr'><strong>pore</strong></span> <span class='ocrx_word' id='word_1_642' title='bbox 3347 4265 3657 4320; x_wconf 88' lang='lat' dir='ltr'><strong>cruciatur.</strong></span> <span class='ocrx_word' id='word_1_643' title='bbox 3697 4263 3948 4334; x_wconf 83' lang='lat' dir='ltr'><strong>l&#39;traque</strong></span> <span class='ocrx_word' id='word_1_644' title='bbox 3996 4281 4131 4334; x_wconf 76' lang='lat' dir='ltr'><strong>ergo</strong></span> <span class='ocrx_word' id='word_1_645' title='bbox 4192 4282 4348 4320; x_wconf 87' lang='lat' dir='ltr'><strong>mors</strong></span> <span class='ocrx_word' id='word_1_646' title='bbox 4402 4284 4641 4323; x_wconf 88' lang='lat' dir='ltr'><strong>omnem</strong></span> <span class='ocrx_word' id='word_1_647' title='bbox 4711 4271 4816 4325; x_wconf 87' lang='lat' dir='ltr'><strong>ho-</strong></span> 
     </span>
    </p>
   </div>
   <div class='ocr_carea' id='block_1_90' title="bbox 3154 4352 4822 4424">
    <p class='ocr_par' dir='ltr' id='par_1_90' title="bbox 3154 4352 4822 4424">
     <span class='ocr_line' id='line_1_90' title="bbox 3154 4352 4822 4424; baseline 0.004 -16"><span class='ocrx_word' id='word_1_648' title='bbox 3154 4355 3368 4408; x_wconf 90' lang='lat' dir='ltr'><strong>minem</strong></span> <span class='ocrx_word' id='word_1_649' title='bbox 3432 4355 3663 4407; x_wconf 82' lang='lat' dir='ltr'><strong>tenebat</strong></span> <span class='ocrx_word' id='word_1_650' title='bbox 3719 4352 4086 4418; x_wconf 79' lang='lat' dir='ltr'><strong>obstrictum,</strong></span> <span class='ocrx_word' id='word_1_651' title='bbox 4132 4354 4271 4424; x_wconf 91' lang='lat' dir='ltr'><strong>quia</strong></span> <span class='ocrx_word' id='word_1_652' title='bbox 4327 4361 4546 4410; x_wconf 67' lang='lat' dir='ltr'><strong>naturm</strong></span> <span class='ocrx_word' id='word_1_653' title='bbox 4606 4362 4822 4415; x_wconf 82' lang='lat' dir='ltr'><strong>trans-</strong></span> 
     </span>
    </p>
   </div>
   <div class='ocr_carea' id='block_1_91' title="bbox 3152 4444 4816 4516">
    <p class='ocr_par' dir='ltr' id='par_1_91' title="bbox 3152 4444 4816 4516">
     <span class='ocr_line' id='line_1_91' title="bbox 3152 4444 4816 4516; baseline 0.005 -20"><span class='ocrx_word' id='word_1_654' title='bbox 3152 4445 3373 4514; x_wconf 79' lang='lat' dir='ltr'><strong>gressio</strong></span> <span class='ocrx_word' id='word_1_655' title='bbox 3435 4459 3913 4513; x_wconf 89' lang='lat' dir='ltr'><strong>unumquemque</strong></span> <span class='ocrx_word' id='word_1_656' title='bbox 3983 4444 4198 4514; x_wconf 90' lang='lat' dir='ltr'><strong>peccati</strong></span> <span class='ocrx_word' id='word_1_657' title='bbox 4265 4445 4584 4516; x_wconf 82' lang='lat' dir='ltr'><strong>propagine</strong></span> <span class='ocrx_word' id='word_1_658' title='bbox 4647 4453 4816 4504; x_wconf 84' lang='lat' dir='ltr'><strong>tene-</strong></span> 
     </span>
    </p>
   </div>
   <div class='ocr_carea' id='block_1_92' title="bbox 3154 4531 4817 4592">
    <p class='ocr_par' dir='ltr' id='par_1_92' title="bbox 3154 4531 4817 4592">
     <span class='ocr_line' id='line_1_92' title="bbox 3154 4531 4817 4592; baseline 0.002 -4"><span class='ocrx_word' id='word_1_659' title='bbox 3154 4534 3249 4588; x_wconf 89' lang='lat' dir='ltr'><strong>bat</strong></span> <span class='ocrx_word' id='word_1_660' title='bbox 3297 4532 3633 4586; x_wconf 85' lang='lat' dir='ltr'><strong>obnoxium.</strong></span> <span class='ocrx_word' id='word_1_661' title='bbox 3671 4531 3838 4585; x_wconf 88' lang='lat' dir='ltr'><strong>Venit</strong></span> <span class='ocrx_word' id='word_1_662' title='bbox 3876 4537 4068 4585; x_wconf 80' lang='lat' dir='ltr'><strong>autem</strong></span> <span class='ocrx_word' id='word_1_663' title='bbox 4119 4531 4214 4585; x_wconf 91' lang='lat' dir='ltr'><strong>Dei</strong></span> <span class='ocrx_word' id='word_1_664' title='bbox 4269 4533 4448 4587; x_wconf 81' lang='lat' dir='ltr'><strong>Filius</strong></span> <span class='ocrx_word' id='word_1_665' title='bbox 4499 4535 4817 4592; x_wconf 85' lang='lat' dir='ltr'><strong>immorta-</strong></span> 
     </span>
    </p>
   </div>
   <div class='ocr_carea' id='block_1_93' title="bbox 3153 4621 4816 4692">
    <p class='ocr_par' dir='ltr' id='par_1_93' title="bbox 3153 4621 4816 4692">
     <span class='ocr_line' id='line_1_93' title="bbox 3153 4621 4816 4692; baseline 0.004 -18"><span class='ocrx_word' id='word_1_666' title='bbox 3153 4621 3224 4676; x_wconf 91' lang='lat' dir='ltr'><strong>lis</strong></span> <span class='ocrx_word' id='word_1_667' title='bbox 3267 4628 3322 4676; x_wconf 89' lang='lat' dir='ltr'><strong>et</strong></span> <span class='ocrx_word' id='word_1_668' title='bbox 3364 4623 3584 4690; x_wconf 82' lang='lat' dir='ltr'><strong>justus,</strong></span> <span class='ocrx_word' id='word_1_669' title='bbox 3619 4624 3673 4674; x_wconf 82' lang='lat' dir='ltr'><strong>et</strong></span> <span class='ocrx_word' id='word_1_670' title='bbox 3706 4626 3764 4673; x_wconf 93' lang='lat' dir='ltr'><strong>ut</strong></span> <span class='ocrx_word' id='word_1_671' title='bbox 3799 4625 4122 4674; x_wconf 89' lang='lat' dir='ltr'><strong>moreretur</strong></span> <span class='ocrx_word' id='word_1_672' title='bbox 4181 4639 4284 4692; x_wconf 90' lang='lat' dir='ltr'><strong>pro</strong></span> <span class='ocrx_word' id='word_1_673' title='bbox 4339 4624 4527 4690; x_wconf 87' lang='lat' dir='ltr'><strong>nobis,</strong></span> <span class='ocrx_word' id='word_1_674' title='bbox 4563 4641 4816 4682; x_wconf 87' lang='lat' dir='ltr'><strong>carnem</strong></span> 
     </span>
    </p>
   </div>
   <div class='ocr_carea' id='block_1_94' title="bbox 1391 4707 4821 4787">
    <p class='ocr_par' dir='ltr' id='par_1_94' title="bbox 1391 4707 4821 4787">
     <span class='ocr_line' id='line_1_94' title="bbox 1391 4707 4821 4787; baseline 0.002 -23"><span class='ocrx_word' id='word_1_675' title='bbox 1391 4709 1830 4782; x_wconf 87' lang='lat' dir='ltr'><strong>templationem</strong></span> <span class='ocrx_word' id='word_1_676' title='bbox 1863 4708 2036 4764; x_wconf 90' lang='lat' dir='ltr'><strong>istius</strong></span> <span class='ocrx_word' id='word_1_677' title='bbox 2078 4707 2256 4764; x_wconf 71' lang='lat' dir='ltr'><strong>stellae</strong></span> <span class='ocrx_word' id='word_1_678' title='bbox 2310 4709 2490 4762; x_wconf 85' lang='lat' dir='ltr'><strong>aciem</strong></span> <span class='ocrx_word' id='word_1_679' title='bbox 2547 4711 2760 4764; x_wconf 87' lang='lat' dir='ltr'><strong>mentis</strong></span> <span class='ocrx_word' id='word_1_680' title='bbox 2806 4711 3039 4781; x_wconf 76' lang='lat' dir='ltr'><strong>dirigat,</strong></span> <span class='ocrx_word' id='word_1_681' title='bbox 3074 4709 3454 4784; x_wconf 75' lang='lat' dir='ltr'><strong>Dmortalezn</strong></span> <span class='ocrx_word' id='word_1_682' title='bbox 3500 4709 3756 4780; x_wconf 86' lang='lat' dir='ltr'><strong>suscepit</strong></span> <span class='ocrx_word' id='word_1_683' title='bbox 3804 4725 3872 4763; x_wconf 86' lang='lat' dir='ltr'><strong>ex</strong></span> <span class='ocrx_word' id='word_1_684' title='bbox 3917 4710 4104 4764; x_wconf 89' lang='lat' dir='ltr'><strong>nobis.</strong></span> <span class='ocrx_word' id='word_1_685' title='bbox 4143 4709 4202 4764; x_wconf 87' lang='lat' dir='ltr'><strong>In</strong></span> <span class='ocrx_word' id='word_1_686' title='bbox 4263 4727 4378 4781; x_wconf 86' lang='lat' dir='ltr'><strong>qua</strong></span> <span class='ocrx_word' id='word_1_687' title='bbox 4435 4727 4632 4778; x_wconf 87' lang='lat' dir='ltr'><strong>carne,</strong></span> <span class='ocrx_word' id='word_1_688' title='bbox 4669 4718 4821 4787; x_wconf 88' lang='lat' dir='ltr'><strong>quia</strong></span> 
     </span>
    </p>
   </div>
   <div class='ocr_carea' id='block_1_95' title="bbox 1390 4797 3040 4870">
    <p class='ocr_par' dir='ltr' id='par_1_95' title="bbox 1390 4797 3040 4870">
     <span class='ocr_line' id='line_1_95' title="bbox 1390 4797 3040 4870; baseline -0.001 -17"><span class='ocrx_word' id='word_1_689' title='bbox 1390 4813 1494 4870; x_wconf 91' lang='lat' dir='ltr'><strong>per</strong></span> <span class='ocrx_word' id='word_1_690' title='bbox 1521 4799 1690 4870; x_wconf 87' lang='lat' dir='ltr'><strong>cujus</strong></span> <span class='ocrx_word' id='word_1_691' title='bbox 1742 4797 2016 4854; x_wconf 89' lang='lat' dir='ltr'><strong>meritum</strong></span> <span class='ocrx_word' id='word_1_692' title='bbox 2049 4801 2106 4852; x_wconf 89' lang='lat' dir='ltr'><strong>et</strong></span> <span class='ocrx_word' id='word_1_693' title='bbox 2133 4798 2379 4869; x_wconf 83' lang='lat' dir='ltr'><strong>gratiam</strong></span> <span class='ocrx_word' id='word_1_694' title='bbox 2435 4815 2605 4870; x_wconf 91' lang='lat' dir='ltr'><strong>posse</strong></span> <span class='ocrx_word' id='word_1_695' title='bbox 2654 4816 2714 4854; x_wconf 89' lang='lat' dir='ltr'><strong>se</strong></span> <span class='ocrx_word' id='word_1_696' title='bbox 2760 4800 2832 4854; x_wconf 88' lang='lat' dir='ltr'><strong>ab</strong></span> <span class='ocrx_word' id='word_1_697' title='bbox 2881 4800 3040 4854; x_wconf 90' lang='lat' dir='ltr'><strong>omni</strong></span> 
     </span>
    </p>
   </div>
   <div class='ocr_carea' id='block_1_96' title="bbox 1390 4885 2340 4958">
    <p class='ocr_par' dir='ltr' id='par_1_96' title="bbox 1390 4885 2340 4958">
     <span class='ocr_line' id='line_1_96' title="bbox 1390 4885 2340 4958; baseline 0.001 -17"><span class='ocrx_word' id='word_1_698' title='bbox 1390 4885 1648 4958; x_wconf 86' lang='lat' dir='ltr'><strong>periculo</strong></span> <span class='ocrx_word' id='word_1_699' title='bbox 1678 4885 1913 4943; x_wconf 85' lang='lat' dir='ltr'><strong>liberari</strong></span> <span class='ocrx_word' id='word_1_700' title='bbox 1943 4903 2059 4942; x_wconf 90' lang='lat' dir='ltr'><strong>non</strong></span> <span class='ocrx_word' id='word_1_701' title='bbox 2093 4887 2340 4942; x_wconf 89' lang='lat' dir='ltr'><strong>dubitat.</strong></span> 
     </span>
    </p>
   </div>
   <div class='ocr_carea' id='block_1_97' title="bbox 1463 4975 3047 5044">
    <p class='ocr_par' dir='ltr' id='par_1_97' title="bbox 1463 4975 3047 5044">
     <span class='ocr_line' id='line_1_97' title="bbox 1463 4975 3047 5044; baseline 0.001 -14"><span class='ocrx_word' id='word_1_702' title='bbox 1463 4975 1650 5031; x_wconf 68' lang='lat' dir='ltr'><strong>Stellio</strong></span> <span class='ocrx_word' id='word_1_703' title='bbox 1701 4977 1881 5044; x_wconf 88' lang='lat' dir='ltr'><strong>enim,</strong></span> <span class='ocrx_word' id='word_1_704' title='bbox 1911 4980 1976 5032; x_wconf 87' lang='lat' dir='ltr'><strong>ut</strong></span> <span class='ocrx_word' id='word_1_705' title='bbox 2027 4975 2213 5040; x_wconf 89' lang='lat' dir='ltr'><strong>scitis,</strong></span> <span class='ocrx_word' id='word_1_706' title='bbox 2243 4976 2439 5030; x_wconf 90' lang='lat' dir='ltr'><strong>divino</strong></span> <span class='ocrx_word' id='word_1_707' title='bbox 2492 4980 2639 5031; x_wconf 87' lang='lat' dir='ltr'><strong>nutu</strong></span> <span class='ocrx_word' id='word_1_708' title='bbox 2699 4979 3047 5033; x_wconf 89' lang='lat' dir='ltr'><strong>ordinantur</strong></span> 
     </span>
    </p>
   </div>
   <div class='ocr_carea' id='block_1_98' title="bbox 1391 5064 3044 5138">
    <p class='ocr_par' dir='ltr' id='par_1_98' title="bbox 1391 5064 3044 5138">
     <span class='ocr_line' id='line_1_98' title="bbox 1391 5064 3044 5138; baseline 0.001 -19"><span class='ocrx_word' id='word_1_709' title='bbox 1391 5066 1544 5136; x_wconf 86' lang='lat' dir='ltr'><strong>quod</strong></span> <span class='ocrx_word' id='word_1_710' title='bbox 1579 5065 1638 5119; x_wconf 89' lang='lat' dir='ltr'><strong>in</strong></span> <span class='ocrx_word' id='word_1_711' title='bbox 1671 5069 1838 5120; x_wconf 90' lang='lat' dir='ltr'><strong>nocte</strong></span> <span class='ocrx_word' id='word_1_712' title='bbox 1868 5064 2102 5120; x_wconf 89' lang='lat' dir='ltr'><strong>luceant</strong></span> <span class='ocrx_word' id='word_1_713' title='bbox 2139 5070 2196 5120; x_wconf 88' lang='lat' dir='ltr'><strong>et</strong></span> <span class='ocrx_word' id='word_1_714' title='bbox 2235 5064 2416 5121; x_wconf 87' lang='lat' dir='ltr'><strong>solem</strong></span> <span class='ocrx_word' id='word_1_715' title='bbox 2452 5065 2564 5121; x_wconf 90' lang='lat' dir='ltr'><strong>diei</strong></span> <span class='ocrx_word' id='word_1_716' title='bbox 2599 5067 2944 5138; x_wconf 68' lang='lat' dir='ltr'><strong>praecedant.</strong></span> <span class='ocrx_word' id='word_1_717' title='bbox 2977 5068 3044 5122; x_wconf 89' lang='lat' dir='ltr'><strong>Et</strong></span> 
     </span>
    </p>
   </div>
   <div class='ocr_carea' id='block_1_99' title="bbox 1391 5152 3040 5225">
    <p class='ocr_par' dir='ltr' id='par_1_99' title="bbox 1391 5152 3040 5225">
     <span class='ocr_line' id='line_1_99' title="bbox 1391 5152 3040 5225; baseline 0.002 -19"><span class='ocrx_word' id='word_1_718' title='bbox 1391 5152 1513 5208; x_wconf 73' lang='lat' dir='ltr'><strong>haec</strong></span> <span class='ocrx_word' id='word_1_719' title='bbox 1561 5156 1758 5207; x_wconf 84' lang='lat' dir='ltr'><strong>nostra</strong></span> <span class='ocrx_word' id='word_1_720' title='bbox 1817 5153 1984 5208; x_wconf 89' lang='lat' dir='ltr'><strong>stella</strong></span> <span class='ocrx_word' id='word_1_721' title='bbox 2038 5153 2346 5225; x_wconf 85' lang='lat' dir='ltr'><strong>splendida</strong></span> <span class='ocrx_word' id='word_1_722' title='bbox 2397 5160 2454 5209; x_wconf 84' lang='lat' dir='ltr'><strong>et</strong></span> <span class='ocrx_word' id='word_1_723' title='bbox 2505 5155 2815 5222; x_wconf 86' lang='lat' dir='ltr'><strong>matutina,</strong></span> <span class='ocrx_word' id='word_1_724' title='bbox 2851 5156 3040 5211; x_wconf 88' lang='lat' dir='ltr'><strong>adhuc</strong></span> 
     </span>
    </p>
   </div>
   <div class='ocr_carea' id='block_1_100' title="bbox 1392 5240 3040 5316">
    <p class='ocr_par' dir='ltr' id='par_1_100' title="bbox 1392 5240 3040 5316">
     <span class='ocr_line' id='line_1_100' title="bbox 1392 5240 3040 5316; baseline 0.003 -20"><span class='ocrx_word' id='word_1_725' title='bbox 1392 5240 1871 5296; x_wconf 89' lang='lat' dir='ltr'><strong>incumbentibus</strong></span> <span class='ocrx_word' id='word_1_726' title='bbox 1907 5240 2242 5312; x_wconf 61' lang='lat' dir='ltr'><strong>ignorantiae</strong></span> <span class='ocrx_word' id='word_1_727' title='bbox 2284 5244 2540 5298; x_wconf 85' lang='lat' dir='ltr'><strong>tenebris</strong></span> <span class='ocrx_word' id='word_1_728' title='bbox 2567 5248 2624 5299; x_wconf 89' lang='lat' dir='ltr'><strong>et</strong></span> <span class='ocrx_word' id='word_1_729' title='bbox 2643 5245 2769 5315; x_wconf 83' lang='lat' dir='ltr'><strong>jam</strong></span> <span class='ocrx_word' id='word_1_730' title='bbox 2795 5245 3040 5316; x_wconf 86' lang='lat' dir='ltr'><strong>jamque</strong></span> 
     </span>
    </p>
   </div>
   <div class='ocr_carea' id='block_1_101' title="bbox 1392 5328 3040 5404">
    <p class='ocr_par' dir='ltr' id='par_1_101' title="bbox 1392 5328 3040 5404">
     <span class='ocr_line' id='line_1_101' title="bbox 1392 5328 3040 5404; baseline 0.003 -21"><span class='ocrx_word' id='word_1_731' title='bbox 1392 5328 1508 5383; x_wconf 91' lang='lat' dir='ltr'><strong>Deo</strong></span> <span class='ocrx_word' id='word_1_732' title='bbox 1560 5329 1812 5399; x_wconf 89' lang='lat' dir='ltr'><strong>propitio</strong></span> <span class='ocrx_word' id='word_1_733' title='bbox 1861 5329 2283 5396; x_wconf 78' lang='lat' dir='ltr'><strong>deficientibus,</strong></span> <span class='ocrx_word' id='word_1_734' title='bbox 2314 5332 2769 5403; x_wconf 69' lang='lat' dir='ltr'><strong>pra-parabatur,</strong></span> <span class='ocrx_word' id='word_1_735' title='bbox 2818 5337 2882 5388; x_wconf 92' lang='lat' dir='ltr'><strong>ut</strong></span> <span class='ocrx_word' id='word_1_736' title='bbox 2937 5350 3040 5404; x_wconf 88' lang='lat' dir='ltr'><strong>per</strong></span> 
     </span>
    </p>
   </div>
   <div class='ocr_carea' id='block_1_102' title="bbox 1390 5417 3037 5490">
    <p class='ocr_par' dir='ltr' id='par_1_102' title="bbox 1390 5417 3037 5490">
     <span class='ocr_line' id='line_1_102' title="bbox 1390 5417 3037 5490; baseline 0.003 -18"><span class='ocrx_word' id='word_1_737' title='bbox 1390 5417 1553 5472; x_wconf 89' lang='lat' dir='ltr'><strong>illam</strong></span> <span class='ocrx_word' id='word_1_738' title='bbox 1587 5417 1658 5471; x_wconf 88' lang='lat' dir='ltr'><strong>ad</strong></span> <span class='ocrx_word' id='word_1_739' title='bbox 1693 5433 1798 5470; x_wconf 89' lang='lat' dir='ltr'><strong>nos</strong></span> <span class='ocrx_word' id='word_1_740' title='bbox 1834 5418 2169 5488; x_wconf 87' lang='lat' dir='ltr'><strong>procederet</strong></span> <span class='ocrx_word' id='word_1_741' title='bbox 2201 5418 2284 5472; x_wconf 88' lang='lat' dir='ltr'><strong>sol</strong></span> <span class='ocrx_word' id='word_1_742' title='bbox 2320 5421 2561 5490; x_wconf 69' lang='lat' dir='ltr'><strong>justitia:</strong></span> <span class='ocrx_word' id='word_1_743' title='bbox 2585 5421 2853 5477; x_wconf 86' lang='lat' dir='ltr'><strong>Christus</strong></span> <span class='ocrx_word' id='word_1_744' title='bbox 2883 5423 3037 5478; x_wconf 87' lang='lat' dir='ltr'><strong>Deus</strong></span> 
     </span>
    </p>
   </div>
   <div class='ocr_carea' id='block_1_103' title="bbox 1390 5504 3034 5576">
    <p class='ocr_par' dir='ltr' id='par_1_103' title="bbox 1390 5504 3034 5576">
     <span class='ocr_line' id='line_1_103' title="bbox 1390 5504 3034 5576; baseline 0.002 -15"><span class='ocrx_word' id='word_1_745' title='bbox 1390 5509 1612 5572; x_wconf 84' lang='lat' dir='ltr'><strong>noster,</strong></span> <span class='ocrx_word' id='word_1_746' title='bbox 1635 5504 1706 5560; x_wconf 90' lang='lat' dir='ltr'><strong>de</strong></span> <span class='ocrx_word' id='word_1_747' title='bbox 1737 5521 1854 5576; x_wconf 91' lang='lat' dir='ltr'><strong>quo</strong></span> <span class='ocrx_word' id='word_1_748' title='bbox 1902 5505 2185 5576; x_wconf 89' lang='lat' dir='ltr'><strong>scriptum</strong></span> <span class='ocrx_word' id='word_1_749' title='bbox 2217 5511 2305 5561; x_wconf 88' lang='lat' dir='ltr'><strong>est</strong></span> <span class='ocrx_word' id='word_1_750' title='bbox 2339 5524 2351 5562; x_wconf 90' lang='lat'>:</span> <span class='ocrx_word' id='word_1_751' title='bbox 2385 5511 2514 5563; x_wconf 80' lang='lat' dir='ltr'><strong>Ecce</strong></span> <span class='ocrx_word' id='word_1_752' title='bbox 2561 5511 2648 5564; x_wconf 83' lang='lat' dir='ltr'><strong>vir</strong></span> <span class='ocrx_word' id='word_1_753' title='bbox 2697 5510 2885 5564; x_wconf 77' lang='lat' dir='ltr'><strong>Oriens</strong></span> <span class='ocrx_word' id='word_1_754' title='bbox 2931 5528 3034 5564; x_wconf 87' lang='lat' dir='ltr'><strong>no-</strong></span> 
     </span>
    </p>
   </div>
   <div class='ocr_carea' id='block_1_104' title="bbox 1385 5592 3036 5669">
    <p class='ocr_par' dir='ltr' id='par_1_104' title="bbox 1385 5592 3036 5669">
     <span class='ocr_line' id='line_1_104' title="bbox 1385 5592 3036 5669; baseline 0.001 -18"><span class='ocrx_word' id='word_1_755' title='bbox 1385 5611 1512 5650; x_wconf 78' lang='lat' dir='ltr'><strong>men</strong></span> <span class='ocrx_word' id='word_1_756' title='bbox 1531 5594 1667 5664; x_wconf 70' lang='lat' dir='ltr'><strong>ejus.</strong></span> <span class='ocrx_word' id='word_1_757' title='bbox 1691 5592 1879 5658; x_wconf 87' lang='lat' dir='ltr'><strong>Hunc,</strong></span> <span class='ocrx_word' id='word_1_758' title='bbox 1903 5593 2178 5650; x_wconf 83' lang='lat' dir='ltr'><strong>Zacharia</strong></span> <span class='ocrx_word' id='word_1_759' title='bbox 2199 5595 2480 5668; x_wconf 89' lang='lat' dir='ltr'><strong>propheta</strong></span> <span class='ocrx_word' id='word_1_760' title='bbox 2507 5601 2772 5663; x_wconf 86' lang='lat' dir='ltr'><strong>testante,</strong></span> <span class='ocrx_word' id='word_1_761' title='bbox 2798 5600 3036 5669; x_wconf 87' lang='lat' dir='ltr'><strong>promit-</strong></span> 
     </span>
    </p>
   </div>
   <div class='ocr_carea' id='block_1_105' title="bbox 1387 5681 3032 5742">
    <p class='ocr_par' dir='ltr' id='par_1_105' title="bbox 1387 5681 3032 5742">
     <span class='ocr_line' id='line_1_105' title="bbox 1387 5681 3032 5742; baseline 0.002 -5"><span class='ocrx_word' id='word_1_762' title='bbox 1387 5684 1546 5739; x_wconf 87' lang='lat' dir='ltr'><strong>tebat</strong></span> <span class='ocrx_word' id='word_1_763' title='bbox 1573 5698 1635 5737; x_wconf 89' lang='lat' dir='ltr'><strong>se</strong></span> <span class='ocrx_word' id='word_1_764' title='bbox 1665 5682 1819 5738; x_wconf 91' lang='lat' dir='ltr'><strong>Deus</strong></span> <span class='ocrx_word' id='word_1_765' title='bbox 1853 5681 2022 5738; x_wconf 89' lang='lat' dir='ltr'><strong>Pater</strong></span> <span class='ocrx_word' id='word_1_766' title='bbox 2049 5683 2370 5738; x_wconf 87' lang='lat' dir='ltr'><strong>missurum</strong></span> <span class='ocrx_word' id='word_1_767' title='bbox 2425 5684 2496 5738; x_wconf 84' lang='lat' dir='ltr'><strong>ad</strong></span> <span class='ocrx_word' id='word_1_768' title='bbox 2547 5684 3032 5742; x_wconf 88' lang='lat' dir='ltr'><strong>illuminationcm</strong></span> 
     </span>
    </p>
   </div>
   <div class='ocr_carea' id='block_1_106' title="bbox 1385 5771 3034 5852">
    <p class='ocr_par' dir='ltr' id='par_1_106' title="bbox 1385 5771 3034 5852">
     <span class='ocr_line' id='line_1_106' title="bbox 1385 5771 3034 5852; baseline -0.001 -21"><span class='ocrx_word' id='word_1_769' title='bbox 1385 5771 1674 5852; x_wconf 71' lang='lat' dir='ltr'><strong>ﬁdelium,</strong></span> <span class='ocrx_word' id='word_1_770' title='bbox 1721 5772 1968 5832; x_wconf 86' lang='lat' dir='ltr'><strong>dicens:</strong></span> <span class='ocrx_word' id='word_1_771' title='bbox 2014 5773 2148 5836; x_wconf 81' lang='lat' dir='ltr'><strong>Ecce</strong></span> <span class='ocrx_word' id='word_1_772' title='bbox 2197 5789 2292 5848; x_wconf 86' lang='lat' dir='ltr'><strong>ego</strong></span> <span class='ocrx_word' id='word_1_773' title='bbox 2351 5773 2504 5827; x_wconf 88' lang='lat' dir='ltr'><strong>mitto</strong></span> <span class='ocrx_word' id='word_1_774' title='bbox 2559 5774 2707 5828; x_wconf 78' lang='lat' dir='ltr'><strong>vobis</strong></span> <span class='ocrx_word' id='word_1_775' title='bbox 2763 5775 3034 5830; x_wconf 79' lang='lat' dir='ltr'><strong>Orientem</strong></span> 
     </span>
    </p>
   </div>
   <div class='ocr_carea' id='block_1_107' title="bbox 3153 4798 4820 4875">
    <p class='ocr_par' dir='ltr' id='par_1_107' title="bbox 3153 4798 4820 4875">
     <span class='ocr_line' id='line_1_107' title="bbox 3153 4798 4820 4875; baseline 0.004 -22"><span class='ocrx_word' id='word_1_776' title='bbox 3153 4799 3378 4854; x_wconf 89' lang='lat' dir='ltr'><strong>nullum</strong></span> <span class='ocrx_word' id='word_1_777' title='bbox 3421 4800 3606 4870; x_wconf 89' lang='lat' dir='ltr'><strong>potuit</strong></span> <span class='ocrx_word' id='word_1_778' title='bbox 3655 4798 3865 4851; x_wconf 89' lang='lat' dir='ltr'><strong>habere</strong></span> <span class='ocrx_word' id='word_1_779' title='bbox 3909 4804 4231 4869; x_wconf 87' lang='lat' dir='ltr'><strong>peccatum,</strong></span> <span class='ocrx_word' id='word_1_780' title='bbox 4270 4800 4396 4853; x_wconf 89' lang='lat' dir='ltr'><strong>sine</strong></span> <span class='ocrx_word' id='word_1_781' title='bbox 4449 4807 4614 4856; x_wconf 84' lang='lat' dir='ltr'><strong>reatu</strong></span> <span class='ocrx_word' id='word_1_782' title='bbox 4682 4821 4820 4875; x_wconf 85' lang='lat' dir='ltr'><strong>per-</strong></span> 
     </span>
    </p>
   </div>
   <div class='ocr_carea' id='block_1_108' title="bbox 3153 4887 4820 4963">
    <p class='ocr_par' dir='ltr' id='par_1_108' title="bbox 3153 4887 4820 4963">
     <span class='ocr_line' id='line_1_108' title="bbox 3153 4887 4820 4963; baseline 0.004 -21"><span class='ocrx_word' id='word_1_783' title='bbox 3153 4888 3286 4943; x_wconf 92' lang='lat' dir='ltr'><strong>tulit</strong></span> <span class='ocrx_word' id='word_1_784' title='bbox 3318 4888 3531 4958; x_wconf 86' lang='lat' dir='ltr'><strong>peccati</strong></span> <span class='ocrx_word' id='word_1_785' title='bbox 3566 4887 3943 4959; x_wconf 86' lang='lat' dir='ltr'><strong>supplieium.</strong></span> <span class='ocrx_word' id='word_1_786' title='bbox 3974 4889 4298 4942; x_wconf 78' lang='lat' dir='ltr'><strong>Secundam</strong></span> <span class='ocrx_word' id='word_1_787' title='bbox 4351 4889 4549 4960; x_wconf 88' lang='lat' dir='ltr'><strong>itaque</strong></span> <span class='ocrx_word' id='word_1_788' title='bbox 4605 4894 4820 4963; x_wconf 73' lang='lat' dir='ltr'><strong>prima:</strong></span> 
     </span>
    </p>
   </div>
   <div class='ocr_carea' id='block_1_109' title="bbox 3155 4975 4816 5050">
    <p class='ocr_par' dir='ltr' id='par_1_109' title="bbox 3155 4975 4816 5050">
     <span class='ocr_line' id='line_1_109' title="bbox 3155 4975 4816 5050; baseline 0.004 -19"><span class='ocrx_word' id='word_1_789' title='bbox 3155 4978 3358 5032; x_wconf 87' lang='lat' dir='ltr'><strong>mortis</strong></span> <span class='ocrx_word' id='word_1_790' title='bbox 3391 4983 3636 5050; x_wconf 85' lang='lat' dir='ltr'><strong>partem,</strong></span> <span class='ocrx_word' id='word_1_791' title='bbox 3674 4977 3725 5029; x_wconf 90' lang='lat' dir='ltr'><strong>id</strong></span> <span class='ocrx_word' id='word_1_792' title='bbox 3760 4981 3848 5031; x_wconf 87' lang='lat' dir='ltr'><strong>est</strong></span> <span class='ocrx_word' id='word_1_793' title='bbox 3890 4975 4074 5031; x_wconf 88' lang='lat' dir='ltr'><strong>solius</strong></span> <span class='ocrx_word' id='word_1_794' title='bbox 4105 4978 4363 5048; x_wconf 89' lang='lat' dir='ltr'><strong>corporis</strong></span> <span class='ocrx_word' id='word_1_795' title='bbox 4397 4984 4672 5042; x_wconf 83' lang='lat' dir='ltr'><strong>mortem,</strong></span> <span class='ocrx_word' id='word_1_796' title='bbox 4713 4983 4816 5038; x_wconf 81' lang='lat' dir='ltr'><strong>Dei</strong></span> 
     </span>
    </p>
   </div>
   <div class='ocr_carea' id='block_1_110' title="bbox 3153 5064 4820 5138">
    <p class='ocr_par' dir='ltr' id='par_1_110' title="bbox 3153 5064 4820 5138">
     <span class='ocr_line' id='line_1_110' title="bbox 3153 5064 4820 5138; baseline 0.004 -18"><span class='ocrx_word' id='word_1_797' title='bbox 3153 5066 3333 5120; x_wconf 86' lang='lat' dir='ltr'><strong>Filius</strong></span> <span class='ocrx_word' id='word_1_798' title='bbox 3367 5083 3467 5138; x_wconf 91' lang='lat' dir='ltr'><strong>pro</strong></span> <span class='ocrx_word' id='word_1_799' title='bbox 3497 5067 3662 5120; x_wconf 90' lang='lat' dir='ltr'><strong>nobis</strong></span> <span class='ocrx_word' id='word_1_800' title='bbox 3693 5064 3932 5136; x_wconf 89' lang='lat' dir='ltr'><strong>accepit,</strong></span> <span class='ocrx_word' id='word_1_801' title='bbox 3959 5082 4060 5136; x_wconf 89' lang='lat' dir='ltr'><strong>per</strong></span> <span class='ocrx_word' id='word_1_802' title='bbox 4081 5084 4256 5136; x_wconf 88' lang='lat' dir='ltr'><strong>quam</strong></span> <span class='ocrx_word' id='word_1_803' title='bbox 4282 5083 4314 5118; x_wconf 93' lang='lat' dir='ltr'><strong>a</strong></span> <span class='ocrx_word' id='word_1_804' title='bbox 4339 5068 4507 5122; x_wconf 88' lang='lat' dir='ltr'><strong>nobis</strong></span> <span class='ocrx_word' id='word_1_805' title='bbox 4535 5074 4592 5122; x_wconf 87' lang='lat' dir='ltr'><strong>et</strong></span> <span class='ocrx_word' id='word_1_806' title='bbox 4625 5070 4820 5125; x_wconf 77' lang='lat' dir='ltr'><strong>domi-</strong></span> 
     </span>
    </p>
   </div>
   <div class='ocr_carea' id='block_1_111' title="bbox 3151 5155 4820 5227">
    <p class='ocr_par' dir='ltr' id='par_1_111' title="bbox 3151 5155 4820 5227">
     <span class='ocr_line' id='line_1_111' title="bbox 3151 5155 4820 5227; baseline 0.002 -17"><span class='ocrx_word' id='word_1_807' title='bbox 3151 5156 3446 5210; x_wconf 88' lang='lat' dir='ltr'><strong>nationem</strong></span> <span class='ocrx_word' id='word_1_808' title='bbox 3481 5155 3717 5227; x_wconf 90' lang='lat' dir='ltr'><strong>peccati,</strong></span> <span class='ocrx_word' id='word_1_809' title='bbox 3747 5159 3798 5207; x_wconf 83' lang='lat' dir='ltr'><strong>et</strong></span> <span class='ocrx_word' id='word_1_810' title='bbox 3834 5171 4061 5224; x_wconf 60' lang='lat' dir='ltr'><strong>poenam</strong></span> <span class='ocrx_word' id='word_1_811' title='bbox 4094 5159 4320 5208; x_wconf 47' lang='lat' dir='ltr'><strong>aiterna-</strong></span> <span class='ocrx_word' id='word_1_812' title='bbox 4351 5156 4684 5226; x_wconf 89' lang='lat' dir='ltr'><strong>punitionis</strong></span> <span class='ocrx_word' id='word_1_813' title='bbox 4718 5162 4820 5214; x_wconf 62' lang='lat' dir='ltr'><strong>ab-</strong></span> 
     </span>
    </p>
   </div>
   <div class='ocr_carea' id='block_1_112' title="bbox 3151 5243 4818 5313">
    <p class='ocr_par' dir='ltr' id='par_1_112' title="bbox 3151 5243 4818 5313">
     <span class='ocr_line' id='line_1_112' title="bbox 3151 5243 4818 5313; baseline 0.003 -14"><span class='ocrx_word' id='word_1_814' title='bbox 3151 5245 3366 5299; x_wconf 87' lang='lat' dir='ltr'><strong>stersit.</strong></span> <span class='ocrx_word' id='word_1_815' title='bbox 3390 5245 3503 5298; x_wconf 87' lang='lat' dir='ltr'><strong>lloe</strong></span> <span class='ocrx_word' id='word_1_816' title='bbox 3525 5262 3660 5313; x_wconf 74' lang='lat' dir='ltr'><strong>ergo</strong></span> <span class='ocrx_word' id='word_1_817' title='bbox 3681 5243 3944 5299; x_wconf 72' lang='lat' dir='ltr'><strong>Christus</strong></span> <span class='ocrx_word' id='word_1_818' title='bbox 3969 5261 4122 5297; x_wconf 89' lang='lat' dir='ltr'><strong>nunc</strong></span> <span class='ocrx_word' id='word_1_819' title='bbox 4149 5244 4202 5297; x_wconf 90' lang='lat' dir='ltr'><strong>in</strong></span> <span class='ocrx_word' id='word_1_820' title='bbox 4229 5245 4450 5298; x_wconf 89' lang='lat' dir='ltr'><strong>mundo</strong></span> <span class='ocrx_word' id='word_1_821' title='bbox 4475 5247 4818 5304; x_wconf 48' lang='lat' dir='ltr'><strong>misericors</strong></span> 
     </span>
    </p>
   </div>
   <div class='ocr_carea' id='block_1_113' title="bbox 3147 5334 4812 5405">
    <p class='ocr_par' dir='ltr' id='par_1_113' title="bbox 3147 5334 4812 5405">
     <span class='ocr_line' id='line_1_113' title="bbox 3147 5334 4812 5405; baseline 0.004 -18"><span class='ocrx_word' id='word_1_822' title='bbox 3147 5334 3298 5388; x_wconf 89' lang='lat' dir='ltr'><strong>diter</strong></span> <span class='ocrx_word' id='word_1_823' title='bbox 3318 5339 3609 5405; x_wconf 83' lang='lat' dir='ltr'><strong>cperatur,</strong></span> <span class='ocrx_word' id='word_1_824' title='bbox 3631 5334 3721 5388; x_wconf 88' lang='lat' dir='ltr'><strong>his</strong></span> <span class='ocrx_word' id='word_1_825' title='bbox 3746 5349 3890 5404; x_wconf 90' lang='lat' dir='ltr'><strong>quos</strong></span> <span class='ocrx_word' id='word_1_826' title='bbox 3915 5334 3981 5387; x_wconf 90' lang='lat' dir='ltr'><strong>ad</strong></span> <span class='ocrx_word' id='word_1_827' title='bbox 4009 5335 4153 5388; x_wconf 90' lang='lat' dir='ltr'><strong>bene</strong></span> <span class='ocrx_word' id='word_1_828' title='bbox 4175 5334 4484 5389; x_wconf 81' lang='lat' dir='ltr'><strong>vivendum</strong></span> <span class='ocrx_word' id='word_1_829' title='bbox 4507 5334 4812 5402; x_wconf 84' lang='lat' dir='ltr'><strong>hortatur,</strong></span> 
     </span>
    </p>
   </div>
   <div class='ocr_carea' id='block_1_114' title="bbox 3145 5423 4814 5488">
    <p class='ocr_par' dir='ltr' id='par_1_114' title="bbox 3145 5423 4814 5488">
     <span class='ocr_line' id='line_1_114' title="bbox 3145 5423 4814 5488; baseline 0.004 -11"><span class='ocrx_word' id='word_1_830' title='bbox 3145 5423 3372 5477; x_wconf 85' lang='lat' dir='ltr'><strong>donans</strong></span> <span class='ocrx_word' id='word_1_831' title='bbox 3407 5424 3578 5477; x_wconf 87' lang='lat' dir='ltr'><strong>tidem</strong></span> <span class='ocrx_word' id='word_1_832' title='bbox 3627 5428 3689 5476; x_wconf 91' lang='lat' dir='ltr'><strong>ut</strong></span> <span class='ocrx_word' id='word_1_833' title='bbox 3739 5427 3888 5476; x_wconf 86' lang='lat' dir='ltr'><strong>recte</strong></span> <span class='ocrx_word' id='word_1_834' title='bbox 3938 5423 4197 5488; x_wconf 89' lang='lat' dir='ltr'><strong>credant,</strong></span> <span class='ocrx_word' id='word_1_835' title='bbox 4233 5424 4498 5479; x_wconf 88' lang='lat' dir='ltr'><strong>tribuens</strong></span> <span class='ocrx_word' id='word_1_836' title='bbox 4551 5425 4814 5483; x_wconf 81' lang='lat' dir='ltr'><strong>Charita-</strong></span> 
     </span>
    </p>
   </div>
   <div class='ocr_carea' id='block_1_115' title="bbox 3146 5511 4812 5582">
    <p class='ocr_par' dir='ltr' id='par_1_115' title="bbox 3146 5511 4812 5582">
     <span class='ocr_line' id='line_1_115' title="bbox 3146 5511 4812 5582; baseline 0.004 -18"><span class='ocrx_word' id='word_1_837' title='bbox 3146 5517 3260 5566; x_wconf 86' lang='lat' dir='ltr'><strong>tem</strong></span> <span class='ocrx_word' id='word_1_838' title='bbox 3319 5517 3380 5565; x_wconf 93' lang='lat' dir='ltr'><strong>ut</strong></span> <span class='ocrx_word' id='word_1_839' title='bbox 3413 5511 3579 5566; x_wconf 90' lang='lat' dir='ltr'><strong>bonis</strong></span> <span class='ocrx_word' id='word_1_840' title='bbox 3634 5511 3908 5582; x_wconf 86' lang='lat' dir='ltr'><strong>cperibus</strong></span> <span class='ocrx_word' id='word_1_841' title='bbox 3965 5511 4210 5565; x_wconf 88' lang='lat' dir='ltr'><strong>libenter</strong></span> <span class='ocrx_word' id='word_1_842' title='bbox 4269 5511 4565 5567; x_wconf 87' lang='lat' dir='ltr'><strong>insistant.</strong></span> <span class='ocrx_word' id='word_1_843' title='bbox 4607 5514 4668 5569; x_wconf 83' lang='lat' dir='ltr'><strong>In</strong></span> <span class='ocrx_word' id='word_1_844' title='bbox 4709 5535 4812 5571; x_wconf 83' lang='lat' dir='ltr'><strong>no-</strong></span> 
     </span>
    </p>
   </div>
   <div class='ocr_carea' id='block_1_116' title="bbox 3145 5599 4814 5671">
    <p class='ocr_par' dir='ltr' id='par_1_116' title="bbox 3145 5599 4814 5671">
     <span class='ocr_line' id='line_1_116' title="bbox 3145 5599 4814 5671; baseline 0.005 -19"><span class='ocrx_word' id='word_1_845' title='bbox 3145 5599 3388 5654; x_wconf 81' lang='lat' dir='ltr'><strong>uissimo</strong></span> <span class='ocrx_word' id='word_1_846' title='bbox 3421 5617 3552 5655; x_wconf 89' lang='lat' dir='ltr'><strong>vero</strong></span> <span class='ocrx_word' id='word_1_847' title='bbox 3583 5601 3696 5666; x_wconf 91' lang='lat' dir='ltr'><strong>die,</strong></span> <span class='ocrx_word' id='word_1_848' title='bbox 3730 5601 3800 5653; x_wconf 92' lang='lat' dir='ltr'><strong>ad</strong></span> <span class='ocrx_word' id='word_1_849' title='bbox 3863 5600 3968 5654; x_wconf 86' lang='lat' dir='ltr'><strong>hoc</strong></span> <span class='ocrx_word' id='word_1_850' title='bbox 4008 5615 4105 5654; x_wconf 87' lang='lat' dir='ltr'><strong>eos</strong></span> <span class='ocrx_word' id='word_1_851' title='bbox 4155 5616 4392 5671; x_wconf 88' lang='lat' dir='ltr'><strong>corpore</strong></span> <span class='ocrx_word' id='word_1_852' title='bbox 4444 5604 4814 5660; x_wconf 69' lang='lat' dir='ltr'><strong>resuscitam</strong></span> 
     </span>
    </p>
   </div>
   <div class='ocr_carea' id='block_1_117' title="bbox 3144 5688 4810 5763">
    <p class='ocr_par' dir='ltr' id='par_1_117' title="bbox 3144 5688 4810 5763">
     <span class='ocr_line' id='line_1_117' title="bbox 3144 5688 4810 5763; baseline 0.006 -23"><span class='ocrx_word' id='word_1_853' title='bbox 3144 5689 3499 5756; x_wconf 54' lang='lat' dir='ltr'><strong>(litrnabitur.</strong></span> <span class='ocrx_word' id='word_1_854' title='bbox 3526 5695 3584 5742; x_wconf 92' lang='lat' dir='ltr'><strong>ut</strong></span> <span class='ocrx_word' id='word_1_855' title='bbox 3621 5690 3702 5744; x_wconf 86' lang='lat' dir='ltr'><strong>eis</strong></span> <span class='ocrx_word' id='word_1_856' title='bbox 3735 5694 4006 5742; x_wconf 74' lang='lat' dir='ltr'><strong>mternam</strong></span> <span class='ocrx_word' id='word_1_857' title='bbox 4037 5688 4453 5743; x_wconf 75' lang='lat' dir='ltr'><strong>beatitudinem</strong></span> <span class='ocrx_word' id='word_1_858' title='bbox 4489 5689 4810 5763; x_wconf 78' lang='lat' dir='ltr'><strong>largiatur.</strong></span> 
     </span>
    </p>
   </div>
   <div class='ocr_carea' id='block_1_118' title="bbox 3143 5777 4813 5852">
    <p class='ocr_par' dir='ltr' id='par_1_118' title="bbox 3143 5777 4813 5852">
     <span class='ocr_line' id='line_1_118' title="bbox 3143 5777 4813 5852; baseline 0.006 -19"><span class='ocrx_word' id='word_1_859' title='bbox 3143 5778 3488 5836; x_wconf 78' lang='lat' dir='ltr'><strong>Resuscitati</strong></span> <span class='ocrx_word' id='word_1_860' title='bbox 3519 5795 3655 5852; x_wconf 78' lang='lat' dir='ltr'><strong>ergo</strong></span> <span class='ocrx_word' id='word_1_861' title='bbox 3699 5778 3754 5834; x_wconf 89' lang='lat' dir='ltr'><strong>in</strong></span> <span class='ocrx_word' id='word_1_862' title='bbox 3801 5777 3998 5834; x_wconf 87' lang='lat' dir='ltr'><strong>anima</strong></span> <span class='ocrx_word' id='word_1_863' title='bbox 4047 5794 4148 5850; x_wconf 86' lang='lat' dir='ltr'><strong>per</strong></span> <span class='ocrx_word' id='word_1_864' title='bbox 4195 5777 4391 5846; x_wconf 74' lang='lat' dir='ltr'><strong>fidem,</strong></span> <span class='ocrx_word' id='word_1_865' title='bbox 4425 5778 4813 5843; x_wconf 86' lang='lat' dir='ltr'><strong>dilectissimi</strong></span> 
     </span>
    </p>
   </div>
  </div>
