4984 6392
825 439 987 503 1009

2322 440 2759 505 SERMONES.

4056 440 4217 511 1010

829 574 1029 630 culum
1055 577 1111 629 et
1139 572 1337 630 omnia
1360 590 1498 630 vasa
1528 573 1838 629 ministerii
1889 574 2173 647 sanguine
2223 575 2422 631 dicens
2455 591 2468 630 :
2499 576 2556 642 Α
2658 575 2817 630 Unde
2874 574 2958 630 illi
3015 574 3216 633 aderat
3280 574 3340 632 in
3397 574 3820 649 exspectatione
3877 575 4057 652 hujus
4098 577 4213 634 diei

827 664 933 721 Hic
959 663 1188 733 sanguis
1218 665 1524 719 testamenti
1552 662 1689 735 quod
1728 662 2006 719 mandavit
2054 664 2123 718 ad
2168 680 2253 719 vos
2301 668 2466 721 Deus.

773 793 787 803 .
826 752 1027 808 Omnia
1068 769 1207 823 pene
1255 754 1313 806 in
1360 755 1629 821 sanguine
1674 753 2010 807 mandantur
2056 754 2348 808 secundum
2388 755 2469 809 te-

820 859 961 915 gem,
992 846 1048 897 et
1095 842 1233 895 dicit
1272 841 1428 913 quod
1477 859 1586 896 non.
1628 843 1689 912 fit
1734 844 1979 897 remissio
2030 844 2147 897 sine
2184 845 2471 914 sanguinis

820 930 1107 1006 effusione,
1142 934 1339 1003 aperte
1369 931 1779 986 demonstrans
1808 930 1945 1003 quia
1974 948 2088 985 non
2140 932 2298 986 ﬁeret
2340 948 2467 1002 pec-

821 1020 936 1075 cati
968 1017 1228 1081 abolitio,
1264 1017 1374 1073 nisi
1426 1017 1809 1073 intercederet
1854 1019 2083 1074 Domini
2118 1019 2297 1075 nostri
2329 1019 2469 1074 Jesu

821 1108 1040 1181 passio.
1074 1109 1143 1163 Et
1174 1106 1281 1163 nisi
1312 1111 1467 1163 esset
1500 1108 1620 1179 ipse
1666 1125 1769 1179 pro
1817 1107 2067 1179 peccatis
2098 1108 2331 1173 oblatio,
2368 1125 2470 1179 per

822 1215 997 1271 quem
1034 1196 1200 1252 nobis
1226 1197 1399 1251 datur
1423 1196 1683 1250 omnium
1720 1202 2089 1268 peccatorum
2119 1197 2403 1252 remissio.
2424 1197 2467 1252 Ο

821 1285 995 1359 quale
1025 1290 1600 1356 sacramentum,quo
1633 1286 1894 1341 veniente
1923 1290 2112 1341 cessat
2142 1303 2312 1341 omne
2334 1302 2467 1358 pec-

820 1374 1056 1430 catum!
1094 1391 1126 1429 o
1176 1372 1346 1446 quale
1396 1373 1770 1440 sacriﬁcium,
1823 1391 1936 1445 quo
1987 1374 2276 1430 redolente
2320 1374 2468 1447 fugit

817 1480 993 1520 omne
1023 1462 1331 1519 delictum!
1361 1479 1392 1518 ο
1421 1462 1611 1534 qualis
1643 1464 1934 1530 sacerdos,
1965 1463 2063 1535 qui
2087 1464 2465 1535 semetipsum

817 1551 1052 1618 obtulit,
1087 1555 1151 1607 ut
1181 1551 1441 1623 ingratos
1474 1568 1669 1606 servos
1718 1569 1752 1607 a
1799 1556 2079 1624 perpetua
2122 1557 2327 1620 morte,
2360 1570 2468 1607 sua

815 1644 1008 1696 morte
1035 1641 1245 1695 faceret
1279 1638 1529 1695 liberos!
1568 1640 1767 1695 Factos
1798 1640 1973 1695 etiam
2018 1641 2229 1696 liberos
2262 1641 2466 1696 fratres

814 1733 985 1785 vocat
1020 1733 1075 1785 et
1107 1727 1277 1783 filios.
1307 1729 1428 1795 Eia,
1461 1728 1666 1783 fratres
1699 1728 2091 1797 dilectissimi,
2123 1731 2465 1785 studeamus

813 1822 939 1873 toto
971 1817 1184 1873 mentis
1226 1818 1434 1872 affectu
1481 1834 1607 1871 esse
1638 1817 1883 1888 pacifici,
1919 1821 1983 1873 ut
2012 1835 2340 1874 mereamur
2369 1835 2465 1874 vo-

815 1906 937 1963 cari
967 1910 1022 1962 et
1052 1923 1178 1961 esse
1211 1904 1312 1959 filii
1351 1905 1473 1959 Dei.
1509 1906 1832 1973 Faciamus,
1868 1911 2040 1978 prout
2072 1907 2194 1979 ipse
2226 1908 2467 1964 donavc-
2499 1943 2545 2007 Β

816 1995 915 2061 rit,
949 1993 1307 2050 voluntatem
1339 1993 1461 2061 Dei,
1499 1998 1560 2049 ut
1591 1998 1873 2066 potestate
1908 2000 2146 2067 accepta
2168 1997 2465 2068 possimus

814 2083 1071 2156 adoptivi
1107 2082 1312 2138 fratres
1342 2083 1469 2153 ejus
1502 2082 1644 2150 fieri,
1679 2082 1777 2155 qui
1818 2085 2139 2139 secundum
2188 2086 2362 2140 fidem
2411 2090 2468 2140 et

815 2172 1246 2227 confessionem
1295 2170 1468 2243 primi
1510 2170 1940 2243 apostolorum,
1963 2173 2134 2240 Petri,
2168 2178 2255 2229 est
2302 2177 2465 2229 natu-

816 2261 963 2317 ralis
993 2264 1050 2316 ct
1080 2259 1287 2315 unicus
1319 2258 1496 2316 Filius
1527 2260 1627 2315 Dei
1657 2260 1927 2325 vivi,cum
1950 2278 2064 2333 quo
2090 2261 2228 2316 vivit
2258 2265 2313 2317 et
2344 2278 2465 2333 reg-

816 2354 922 2406 nat
955 2366 1058 2422 per
1088 2349 1319 2404 infinita
1369 2348 1578 2404 smcula
1625 2349 1799 2416 Deus,
1835 2349 1893 2404 in
1943 2351 2165 2405 unitate
2213 2350 2465 2422 Spiritus

816 2438 1029 2504 sancti,
1063 2437 1162 2510 qui
1213 2454 1318 2493 nos
1350 2442 1627 2510 perpetua
1673 2455 1813 2510 pace
1844 2439 2134 2494 custodiat
2177 2456 2465 2510 suumque

816 2524 1046 2581 Pascha
1076 2523 1254 2597 digna
1282 2525 1648 2580 veneratione
1680 2526 1951 2581 continue
1993 2526 2279 2583 celebrare
2330 2543 2465 2582 con-

820 2615 1010 2670 cedat.
1044 2615 1249 2669 Amen.

1447 2702 1688 2758 SERMO
1727 2703 1846 2759 VII.

1236 2808 1304 2846 DE
1343 2808 1532 2846 EADEM
1572 2809 2057 2848 RESURRECTIONE.

896 2879 1098 2945 Hodie,
1114 2879 1477 2934 dilectissimi
1507 2880 1733 2948 fratres,
1754 2879 1999 2936 Domino
2030 2885 2226 2937 nostro
2240 2881 2465 2937 Christo

821 2973 1168 3041 resurgente
1200 2973 1371 3040 atque
1416 2968 1486 3024 de
1519 2970 1758 3024 subacto
1789 2969 2157 3025 tenebrarum
2210 2969 2467 3042 principe

824 3057 1196 3129 triumphum
1228 3056 1478 3112 victoriae
1508 3058 1807 3124 referente,
1841 3075 1972 3130 spes
2014 3057 2467 3115 immortalitatis

826 3147 1053 3203 mundo
1085 3145 1310 3201 reddita
1335 3149 1505 3211 est,et
1535 3147 1689 3217 quod
1720 3163 1755 3202 a
1780 3146 2007 3203 szeculis
2037 3146 2469 3204 difﬁcileincre-

827 3234 986 3291 dulis
1017 3251 1083 3290 ac
1114 3233 1352 3307 perfidis
1403 3233 1763 3306 impossibile
1793 3234 2113 3303 videbatur,
2148 3252 2252 3307 ope
2295 3239 2469 3307 atque

2532 668 2540 675 ’
2580 669 2741 720 tanta
2782 664 2986 721 laetitia
3015 663 3263 737 talisque
3294 662 3599 721 exsultatio
3621 664 3648 719 ?
3678 664 3906 722 Sciebat
3949 666 4103 723 enim
4154 686 4215 723 se

2579 771 2681 827 per
2728 753 2906 824 hujus
2956 754 3068 809 diei
3123 757 3578 821 sacramentum,
3630 754 3700 809 de
3749 753 3894 811 valle
3938 754 4217 829 lacryma-

2580 861 2709 899 rum
2755 848 2811 899 et
2858 841 3093 915 planctu
3138 843 3393 915 antiqua:
3442 842 3785 916 plorationis
3835 843 4216 900 transiturum

2580 932 2651 987 ad
2701 935 2924 987 aeternae
2974 930 3349 987 beatitudinis
3397 931 3699 1004 gaudium.
3747 930 3977 988 Sciebat
4019 936 4216 1005 prate-

2579 1036 2677 1074 rea
2725 1037 2784 1076 se
2834 1019 2957 1075 sine
3005 1020 3182 1075 dubio
3230 1020 3288 1074 in
3343 1038 3443 1092 spe
3492 1020 3937 1077 resurrectionis
3983 1021 4213 1077 Christi.

2577 1109 2870 1164 conscisse
2927 1107 3215 1163 diuturna:
3281 1108 3658 1181 pmnitudinis
3710 1126 3897 1179 sacco,
3958 1110 4217 1166 vestibus

2578 1198 2952 1254 mortalitatis
2981 1202 3035 1253 et
3066 1197 3454 1270 corruptionis
3484 1198 3791 1271 exui,quas
3820 1198 3993 1271 primi
4015 1215 4218 1272 paren-

2576 1289 2662 1342 tes
2704 1288 2773 1342 do
2822 1285 3074 1359 pellibus
3123 1290 3475 1342 consuerant
3516 1290 3573 1342 et
3615 1286 3769 1342 foliis
3809 1288 4213 1344 verecundiam

2577 1392 2746 1432 suam
2793 1378 3115 1442 texuerant,
3149 1378 3205 1430 et
3249 1374 3397 1429 stola
3439 1374 3895 1432 immortalitatis
3942 1379 4000 1432 et
4042 1376 4213 1431 indu-

2576 1468 2770 1519 mento
2801 1462 3008 1519 lmtitiae
3039 1468 3095 1519 et
3116 1461 3505 1535 jucunditatis
3549 1463 3735 1531 indui,
3766 1482 3892 1537 quas
3940 1463 4054 1520 sibi
4101 1464 4214 1520 elo-

2575 1554 2713 1625 quia
2758 1552 2953 1608 divina
3002 1551 3409 1624 promiserant.
3464 1552 3702 1608 Dicebat
3748 1552 3921 1609 etiam
3970 1570 4031 1610 se
4082 1558 4215 1627 post

2575 1639 2885 1697 revelatam
2951 1639 3263 1696 Dominicae
3332 1639 3771 1696 resurrectionis
3838 1640 4101 1714 gloriam,
4158 1644 4215 1698 et

2574 1734 2911 1802 resurgente
2940 1728 3169 1784 Christo
3201 1728 3370 1783 nobis
3420 1728 3478 1782 in
3510 1727 3705 1783 saeculi
3761 1728 3874 1785 fine
3926 1730 4215 1802 promissa

2574 1837 2689 1874 non
2722 1834 2891 1890 posse
2923 1818 2993 1872 ad
3017 1815 3199 1873 ullam
3218 1816 3520 1872 tristitiam
3543 1808 3984 1891 compungi,sed
4002 1817 4215 1873 divinis

2574 1908 2842 1963 cantibus
2874 1910 2929 1962 et
2959 1905 3324 1961 confessione
3357 1904 3689 1962 cmlestibus
3727 1904 3898 1978 plena
3940 1905 4215 1962 laudibus

2574 1995 2818 2052 Domino
2847 1995 2962 2051 Deo
2989 2011 3094 2049 suo
3127 1992 3476 2061 aaternaliter
3512 2009 3645 2049 cum
3689 1992 3875 2066 gloria
3920 1993 4210 2061 famulari,

2574 2089 2631 2140 et
2657 2083 2867 2139 idcirco
2899 2083 3178 2154 adjuncta
3200 2099 3463 2155 persona:
3495 2099 3613 2137 suae
3644 2082 3908 2138 omnium
3952 2082 4213 2139 ﬁdelium

2575 2190 2771 2229 massa
2800 2169 3119 2239 exsultans,
3152 2175 3208 2227 et
3237 2174 3480 2227 cantans
3511 2169 3733 2239 laudes,
3766 2175 3824 2226 et
3866 2171 4083 2245 gratias
4136 2189 4217 2227 re-

2575 2262 2808 2318 ferendo
2839 2260 3084 2315 Domino
3115 2259 3370 2315 dicebat:
3393 2260 3709 2316 Convertisti
3733 2260 4015 2332 planctum
4035 2276 4216 2316 meum

2576 2353 2634 2407 in
2679 2349 2943 2421 gaudium
2989 2348 3150 2415 mihi,
3180 2348 3465 2403 concidisti
3508 2363 3722 2403 saccum
3770 2364 3969 2418 meum,
4003 2356 4056 2405 et
4101 2350 4212 2403 cir-

2571 2438 2893 2496 cumdediin
2938 2454 3021 2493 me
3069 2437 3287 2495 laetitia.
3326 2438 3388 2492 Ut
3418 2442 3611 2492 -cantet
3639 2436 3742 2491 tibi
3779 2437 3958 2508 gloria
3987 2454 4129 2503 mea,
4160 2441 4215 2492 et

2572 2545 2681 2583 non
2740 2542 3089 2596 compungar,
3140 2525 3364 2581 Domine
3423 2527 3565 2580 Deus
3608 2539 3781 2593 meus,
3832 2526 3891 2580 in
3943 2533 4214 2584 aeternum

2573 2616 2868 2687 conﬁtebor
2892 2616 3014 2670 tibi.
3043 2614 3157 2669 Hoc
3190 2612 3370 2686 igitur
3399 2628 3585 2685 genus
3614 2612 3998 2670 confessionis
4024 2614 4212 2687 magis

2575 2707 2645 2762 ad
2681 2704 3075 2777 praedicandas
3106 2701 3356 2774 pertinet
3385 2700 3816 2757 misericordias
3844 2701 4074 2759 Domini
4097 2701 4216 2757 Sal-

2573 2793 2790 2850 vatoris
2823 2809 2999 2865 quam
3031 2792 3102 2846 ad
3134 2790 3487 2863 detegendas
3518 2788 3785 2845 miserias
3814 2789 4070 2847 hominis
4091 2805 4217 2862 pec-

2575 2881 2968 2949 catoris,sicut
2995 2880 3147 2936 idem
3181 2878 3445 2936 Salvator
3477 2878 3532 2934 in
3562 2878 3871 2951 Evangelia
3903 2878 4215 2935 ostendens

2575 2972 2763 3027 dicit:
2817 2970 3080 3041 Conﬁteor
3127 2968 3248 3033 tibi,
3296 2969 3461 3023 Pater
3504 2967 3629 3023 caeli
3667 2970 3720 3023 et
3773 2971 3949 3035 terras,
3988 2965 4056 3022 id
4105 2970 4214 3034 est,

2574 3060 2747 3115 laudo
2778 3062 2836 3113 et
2863 3057 3120 3130 gloriﬁco
3151 3059 3225 3110 to.
3255 3055 3323 3110 Et
3353 3057 3590 3111 sanctus
3618 3053 3678 3109 in
3706 3053 3959 3112 Psalmis
3992 3070 4004 3109 :
4040 3054 4214 3124 Conﬁ-

2577 3148 2771 3205 temini
2792 3147 3039 3209 Domino,
3072 3144 3333 3216 quoniam
3363 3142 3551 3199 bonus.
3577 3142 3765 3214 Hujus
3794 3141 4218 3209 inaestimabilis

2578 3234 2877 3302 bonitatis,
2933 3232 3217 3289 Dominus
3275 3230 3449 3286 Jesus
3512 3228 3777 3286 Christus
3837 3228 4106 3287 minister
4160 3233 4218 3286 et

826 3323 1027 3379 divina
1042 3304 1729 3394 miserationein'plenam
1744 3323 2111 3380 securitatem
2126 3304 2468 3381 conversum
2500 3304 2542 3371 (ἶ
2578 3326 2764 3391 testis,
2799 3322 3037 3396 largitor
3076 3324 3134 3378 et
3181 3322 3533 3374 monstrator
3578 3317 3765 3374 factus
3807 3320 3914 3373 est.
3949 3317 4216 3375 Minister

828 3412 1009 3469 est.In
1033 3410 1291 3466 laetitiam
1324 3416 1549 3466 mentes
1571 3412 2109 3483 redeant,quoniam
2132 3416 2473 3485 tempestate

828 3499 1084 3558 exitialis
1111 3516 1396 3571 pressurae
1428 3516 1492 3554 ac
1524 3501 1675 3555 nube
1718 3501 1984 3556 discussa
2007 3502 2280 3557 caecitatis
2328 3502 2473 3557 anti-

831 3586 1389 3662 quaz,tranquillitas
1420 3592 1641 3643 mternae
1673 3588 1885 3659 quietis
1916 3594 1970 3644 et
1991 3589 2273 3646 serenitas
2295 3588 2472 3645 divini

832 3677 1079 3733 luminis
1108 3675 1470 3732 effulserunt.
1497 3677 1707 3732 Danda:
1738 3676 1851 3733 Deo
1884 3677 2169 3743 laudes,et
2198 3678 2478 3734 beneficia

832 3768 965 3839 ejus
996 3783 1061 3820 ac
1091 3781 1336 3821 munera
1366 3769 1484 3820 tam
1516 3765 1851 3839 grandia,ut
1877 3766 2187 3837 grandiora
2218 3784 2343 3823 esse
2362 3784 2475 3823 non

834 3854 1087 3928 possint,
1121 3870 1255 3909 cum
1285 3852 1606 3925 gratiarum
1655 3855 1880 3911 actione
1928 3854 2271 3911 celebranda
2319 3860 2475 3912 sunt.

834 3944 957 4000 Nos
986 3941 1223 4009 etenim,
1247 3941 1474 4008 fratres,
1500 3940 1600 4015 qui
1631 3942 1813 3997 Deum
1841 3943 2011 3998 corde
2036 3946 2177 4014 toto,
2200 3947 2255 3998 et
2286 3945 2481 3999 anima

837 4036 897 4087 et
940 4030 1154 4086 virtute
1202 4028 1440 4102 diligere
1488 4029 1788 4098 debemus,
1831 4047 2066 4086 necesse
2113 4036 2199 4087 est
2245 4032 2482 4087 benedi-

835 4120 1061 4176 ctiones
1093 4120 1221 4191 ejus
1252 4122 1308 4174 et
1338 4117 1541 4175 laudes
1571 4135 1802 4190 semper
1821 4123 1879 4175 et
1907 4115 2120 4191 ubique
2149 4136 2283 4175 cum
2302 4118 2487 4191 gloria

834 4206 1243 4282 prmdicemus.
1275 4206 1385 4262 Sed
1420 4223 1576 4262 nunc
1610 4206 1799 4278 magis
1826 4223 1891 4262 ac
1918 4207 2104 4278 magis
2135 4206 2259 4263 fieri
2288 4223 2487 4262 conve-

836 4295 928 4352 nit
960 4297 1097 4367 quia
1125 4299 1429 4366 exoptatus
1461 4294 1607 4351 votis
1643 4294 1907 4351 omnium
1941 4295 2205 4351 fidelium
2236 4296 2359 4352 dies
2391 4297 2487 4352 ad-

835 4384 1079 4451 venit,et
1108 4389 1239 4455 post
1267 4383 1451 4456 longas
1484 4383 1670 4439 noctis
1694 4383 2029 4440 horribilem
2052 4390 2329 4457 terrzeque
2351 4384 2488 4440 cali-

839 4472 1041 4547 ginem
1081 4471 1313 4528 Domini
1344 4471 1471 4528 luce
1501 4472 1759 4527 radiatus
1790 4472 2048 4527 mundus
2068 4471 2267 4528 eluxit.
2300 4473 2489 4543 Hujus

840 4561 1002 4617 enim
1032 4559 1296 4627 luminis,
1322 4564 1612 4634 perpetua:
1646 4558 1911 4616 videlicet
1942 4559 2243 4629 claritatis,
2279 4561 2488 4617 adven-

2583 3412 2895 3479 nascendo,
2943 3409 3109 3465 testis
3169 3406 3489 3473 moriendo,
3539 3404 3779 3478 largitor
3834 3406 4210 3479 resurgendo,

2581 3503 2932 3558 monstrator
2961 3496 3344 3554 ascendendo.
3377 3496 3478 3550 Est
3506 3492 3660 3550 enim
3701 3492 3919 3549 summi
3947 3496 4005 3549 et
4042 3496 4211 3549 teter-

2582 3576 2642 3646 ni
2672 3589 2829 3657 boni,
2862 3587 3016 3659 quod
3065 3586 3219 3641 idem
3269 3584 3392 3656 ipse
3437 3586 3544 3649 est,
3585 3581 3853 3637 minister
3894 3598 4027 3638 cum
4078 3597 4212 3637 nas-

2557 3679 2753 3759 .citur,
2785 3676 2954 3732 testis
2986 3675 3126 3730 dum
3174 3673 3415 3745 patitur,
3449 3669 3690 3743 largitor
3738 3686 3870 3725 cum
3918 3670 3989 3727 de
4037 3672 4219 3727 morte

2586 3766 2903 3831 reducitur,
2937 3766 3292 3819 monstrator
3318 3777 3450 3816 cum
3484 3759 3545 3815 in
3573 3759 3869 3815 dexteram
3900 3757 4084 3815 Patris
4126 3773 4223 3814 as-

2588 3854 2868 3913 sumitur.

2658 3943 2788 3999 Haae
2818 3943 2958 3997 sunt
2987 3941 3236 4011 quatuor
3266 3934 3541 4009 specialia
3585 3934 3769 3990 divini
3820 3933 4083 3993 muneris
4129 3932 4227 3989 be-

2590 4030 2822 4097 neficia,
2851 4046 2920 4084 ex
2948 4027 3221 4083 omnibus
3262 4022 3581 4080 Dominicis
3627 4020 3925 4077 beneflciis
3974 4023 4231 4092 excepta,

2592 4125 2650 4177 et
2687 4136 2791 4192 per
2840 4120 3093 4188 quatuor
3146 4110 3589 4185 Evangeliorum
3640 4108 3933 4177 libros,et
3984 4111 4235 4180 quatuor

2593 4204 2956 4279 evangelicos
2979 4202 3153 4267 viros,
3186 4217 3288 4272 per
3315 4202 3571 4271 quatuor
3602 4196 3808 4253 mundi
3848 4195 4058 4268 spatia,
4091 4195 4232 4251 tide-

2593 4295 2751 4351 libus
2780 4296 2921 4349 sunt
2948 4292 3221 4346 reserata.
3257 4287 3385 4341 Haec
3415 4302 3550 4341 cum
3580 4283 3824 4340 ﬁdeliter
3854 4282 4147 4339 credimus
4179 4284 4237 4337 et

2598 4382 2842 4440 ﬁrmiter
2872 4379 3210 4442 retinemus,
3239 4379 3297 4431 et
3327 4375 3502 4445 digna
3532 4390 3634 4445 pro
3667 4388 3838 4444 posse
3867 4369 4234 4426 veneratione

2598 4467 2930 4535 recolimus,
2965 4464 3243 4539 quoniam
3272 4479 3340 4518 ex
3369 4462 3461 4518 his
3494 4460 3743 4518 maxime
3765 4456 3996 4516 Domini
4016 4456 4239 4513 bonita-

2600 4564 2717 4615 tem
2742 4554 3538 4630 cognoscimus,eonsequens
3560 4551 3648 4604 est
3666 4547 3911 4615 ut,sicut
3927 4544 4239 4602 Davidicus

843 4653 975 4704 tum
1019 4648 1325 4720 ipsiusque
1354 4632 1637 4705 adventus
1669 4652 2045 4705 sacrosancta
2093 4649 2388 4721 mysteria,
2421 4651 2493 4704 ab
2523 4661 2569 4727 Ι)
2603 4664 2795 4704 sermo
2829 4662 2934 4702 nos
2965 4637 3587 4706 admonet,faciamus:
3622 4634 3968 4727 Conﬁtemin-i

841 4736 974 4808 ipso
1007 4736 1210 4791 mundi
1246 4736 1529 4808 principio
1567 4735 1942 4808 antiquorum
1975 4737 2215 4792 Patrum
2262 4737 2492 4793 actibus

842 4822 1216 4898 praesignata,
1239 4841 1307 4880 ac
1335 4823 1759 4897 multiplicibus
1792 4824 2079 4880 vaticiniis
2108 4830 2376 4896 perorata
2406 4842 2495 4881 ve-

847 4912 1048 4983 risque
1068 4913 1536 4968 attestationibus
1554 4912 1843 4985 promissa
1859 4912 2178 4985 eodemque
2195 4912 2416 4969 lumine
2431 4912 2492 4969 in

846 4998 1087 5055 homine
1124 5005 1437 5073 apparente
1486 5001 1763 5069 exhibita,
1798 5002 1950 5058 sicut
1996 5019 2100 5059 nos
2148 5002 2395 5058 colimus
2439 5006 2495 5056 et

847 5090 1117 5143 tenemus
1147 5087 1206 5142 in
1242 5106 1299 5143 re
1331 5105 1484 5155 vera,
1512 5089 1592 5144 ita
1621 5093 1677 5144 et
1724 5090 1949 5162 antiqui
1979 5090 2179 5145 Patres
2229 5089 2496 5146 colebant

844 5175 906 5230 in
938 5192 1040 5247 spe
1070 5180 1243 5232 certa.
1280 5177 1362 5232 Ita
1391 5177 1547 5232 enim
1581 5178 1639 5233 in
1671 5195 1772 5249 spe
1803 5182 1979 5246 certa,
2007 5181 2070 5233 ut
2098 5177 2275 5233 etiam
2300 5179 2371 5234 de
2400 5177 2493 5234 his

847 5280 976 5335 qua:
1008 5265 1322 5320 credebant
1338 5270 1394 5321 et
1424 5265 1837 5337 praedicabant,
1855 5267 2118 5338 quaedam
2152 5265 2304 5321 sicut
2332 5270 2497 5321 erant

845 5356 1094 5409 ventura
1125 5352 1903 5426 nuntiabant,quasdamjam
1920 5353 2245 5425 percepisse
2269 5354 2497 5426 sibique

840 5440 969 5511 jam
1001 5440 1306 5496 advenisse
1355 5442 1708 5511 gaudebant.
1756 5444 1957 5497 Nonne
1997 5442 2122 5511 jam
2166 5441 2499 5511 patriarcha

850 5525 1032 5581 David
1066 5526 1244 5598 hujus
1272 5528 1384 5583 diei
1418 5528 1678 5585 laetitiam
1712 5534 2051 5602 praesentem
2075 5544 2135 5583 se
2150 5527 2362 5583 habere
2383 5546 2499 5584 cre-

852 5614 1028 5669 debat
1059 5615 1157 5686 qui
1191 5615 1420 5671 dicebat
1452 5634 1464 5672 :
1498 5619 1625 5675 Haec
1652 5627 1728 5672 est
1756 5618 1869 5673 dies
1891 5633 2053 5688 quam
2068 5618 2197 5685 fecit
2211 5619 2495 5677 Dominus.

856 5703 1203 5761 exsultemus
1234 5712 1283 5760 et
1314 5705 1563 5761 la’temur
1594 5706 1649 5761 in
1676 5706 1779 5761 ea?

2599 4736 2859 4809 quoniam
2907 4734 3095 4797 bonus,
3136 4729 3394 4801 quoniam
3443 4728 3503 4781 in
3547 4733 3817 4783 alternum
3864 4719 4245 4809 misericordia

2601 4807 3004 4897 ejus.Mundus
3033 4817 3322 4890 sanguine
3352 4814 3562 4870 Christi
3593 4813 3709 4870 Deo
3739 4810 3895 4868 Patri
3915 4807 4247 4897 reconcilia-

2600 4895 2983 4978 tus,Ecclesia
3011 4904 3276 4963 videlicet
3307 4901 3593 4961 catholica
3617 4918 3717 4974 per
3742 4904 3933 4958 totum
3955 4895 4245 4955 mundum

2603 5000 2838 5067 diiiusa,
2872 4997 2932 5052 in
2965 4994 3243 5051 saaculum
3277 4989 3738 5047 misericordiam
3779 4989 3905 5060 ejus
3949 4982 4246 5059 praedicat,

2602 5090 2742 5144 dum
2774 5088 2845 5143 ab
2878 5085 3057 5156 hujus
3073 5080 3269 5138 saeculi
3289 5078 3539 5136 miseriis
3557 5077 3818 5149 ejusdem
3839 5070 4246 5132 misericordia

2605 5191 2847 5234 munere
2877 5191 2939 5229 se
2968 5188 3137 5245 posse
3166 5168 3398 5226 liberari
3432 5184 3546 5223 non
3572 5165 3820 5222 dubitat.
3871 5160 4102 5220 Domini
4133 5157 4245 5214 mi-

2605 5261 2981 5321 sericordiam
3015 5260 3073 5315 in
3096 5263 3377 5315 internum
3390 5255 3655 5313 omnium
3669 5252 3974 5327 plenitudo
3986 5246 4250 5305 ﬂdelium’

2605 5350 2898 5424 praedicat,
2932 5348 3072 5403 dum
3120 5364 3223 5417 per
3271 5344 3481 5400 Christi
3532 5341 4241 5424 resurrectionem,iquam

2607 5422 2777 5495 hodie
2812 5433 3093 5509 singulari
3142 5433 3510 5489 veneratione
3558 5429 3927 5487 devotissime
3974 5422 4244 5509 celebrat,

2609 5527 2680 5582 ad
2739 5505 2983 5597 gloriam
3042 5526 3295 5577 ventura:
3358 5519 3799 5576 resurrectionis
3857 5518 3915 5568 et
3968 5505 4243 5597 gaudium

2609 5590 2829 5669 (eterna:
2861 5608 3245 5665 beatitudinis
3275 5607 3574 5681 pervenire
3607 5606 3731 5661 sine
3760 5599 3938 5655 dubio
3969 5590 4249 5685 sperat.et

2612 5701 2757 5757 facie
2791 5699 2861 5754 ad
2888 5697 3095 5755 faciem
3130 5672 3376 5769 gloriam
3402 5694 3593 5751 videre
3622 5690 3715 5746 sui
3736 5676 4135 5752 Redemptoris
4149 5672 4247 5725 ho-
