4984 6412
1311 501 1456 567 1οη

2228 496 2293 560 S.
2340 496 2702 560 ODILONIS
2747 490 3308 556 CLUNIACENSIS
3353 491 3682 553 ABBATIS
3712 487 3784 551 ν.

4556 483 4726 548 1012

1309 639 1513 696 dierna
1543 635 1856 694 festivitate
1886 635 1956 690 de
1996 639 2182 688 morte
2226 631 2600 703 resurgentis.
2647 630 2761 684 Nos
2811 647 2944 697 ergo
2975 627 3026 692 Α
3063 626 3215 698 pulis
3247 620 4449 690 desedubitantibus,eicatrieesvulnerum
4466 637 4722 676 suorum

1311 730 1698 784 conﬁteamur
1726 725 1972 781 Domino
2023 723 2294 794 quoniam
2343 722 2527 775 bonus
2576 724 2684 781 est,
2719 722 2952 790 peccata

1313 821 1515 873 nostra
1559 814 1865 870 humiliter
1906 812 2248 877 accusando,
2284 811 2598 864 bonitatem
2651 807 2807 862 illius
2851 825 2952 861 su-

1308 905 1568 962 blimiter
1594 902 1979 977 praedicando.
2007 902 2401 956 Conﬁteamur
2426 898 2700 968 quoniam
2735 895 2955 949 miseri-

1310 1011 1440 1051 cors
1471 998 1579 1061 est,
1617 991 2045 1049 misericordias
2077 991 2202 1058 ejus
2235 988 2359 1041 sine
2395 991 2504 1041 Iino
2543 987 2857 1050 laudando,
2895 991 2955 1038 ut

1312 1084 1373 1138 in
1424 1083 1534 1138 hoc
1583 1080 1792 1137 smculo
1836 1096 1941 1134 sua
1989 1095 2095 1132 nos
2150 1077 2405 1130 bonitate
2456 1074 2767 1132 custodiat.
2800 1079 2854 1127 et
2899 1074 2954 1127 in

1314 1175 1594 1226 aeternum
1637 1187 1743 1225 sua
1775 1165 2164 1221 misericordia
2195 1164 2367 1219 simul
2404 1169 2457 1217 et
2491 1162 2794 1234 pra-sentin
2831 1179 2954 1232 pei-

1317 1259 1428 1315 frui
1461 1258 1754 1322 concedat,
1788 1260 1841 1310 et
1873 1257 2102 1326 pra-stet
2136 1259 2218 1318 ut,
2253 1253 2404 1307 sicut
2445 1252 2499 1304 in
2551 1269 2744 1311 carne,
2781 1268 2956 1320 quam

1317 1346 1635 1418 assumpsit
1677 1361 1743 1400 ex
1791 1344 2024 1414 Virgine
2073 1347 2278 1403 matre,
2313 1340 2526 1394 intuitu
2584 1340 2712 1392 tidei
2765 1340 2956 1392 cerui-

1319 1453 1448 1490 mus
1476 1437 1894 1506 resurgentem,
1929 1431 2008 1485 ita
2041 1431 2095 1483 in
2130 1429 2430 1482 divinitate
2462 1446 2638 1498 quam
2691 1428 2860 1481 habet
2893 1444 2960 1480 ex

1317 1525 1429 1580 Deo
1460 1524 1645 1589 Patre,
1681 1522 1823 1576 facie
1867 1521 1936 1573 ad
1988 1519 2191 1572 faciem
2246 1518 2545 1570 videamus
2599 1523 2959 1585 regnantem,

1317 1629 1448 1669 cum
1480 1612 1682 1666 eodem
1715 1611 1830 1664 Deo
1865 1609 2027 1661 Patre
2059 1611 2114 1660 et
2144 1605 2626 1659 consubstantiali
2653 1606 2758 1658 sibi
2791 1611 2840 1658 et
2873 1622 2962 1658 co-

1318 1706 1528 1756 azterno
1560 1698 1783 1771 Spiritu
1817 1702 2037 1762 sancto,
2074 1713 2173 1766 per
2216 1695 2414 1750 omnia
2463 1695 2670 1748 s;rcula
2726 1694 2962 1748 sieculo-

1322 1808 1476 1845 rum.
1504 1790 1710 1844 Amen.

1929 1871 2170 1926 SERth
2217 1870 2363 1924 VIII.

1602 1980 1672 2017 DE
1710 1978 2054 2017 ASCENSIONE
2093 1977 2294 2014 DOMINI
2339 1977 2692 2013 SALVATHIIIS.

1395 2056 1712 2124 Postquam
1726 2051 2010 2106 Dominus
2031 2055 2084 2103 et
2108 2048 2370 2103 Salvator
2393 2053 2586 2102 noster
2604 2054 2968 2102 sacrosancto

1328 2161 1445 2199 sum
1479 2139 1772 2213 passionis
1804 2138 2121 2209 mortisque
2155 2137 2473 2208 triumpho,
2508 2137 2720 2191 abolito
2752 2139 2968 2207 peccati

1328 2228 1736 2301 chirographo,
1788 2227 2034 2281 contrito
2087 2226 2287 2280 mortis
2339 2225 2558 2294 aculeo,
2604 2226 2968 2279 da-moniai-w

1328 2319 1687 2376 crudelitatis
1715 2315 2001 2372 destruxit
2026 2315 2741 2387 tyrannidem,humanum
2763 2334 2866 2382 gen
2881 2334 2967 2380 us,

1330 2410 1482 2482 quod
1505 2408 1812 2463 tenebatur
1832 2409 2013 2459 morte.
2039 2404 2523 2474 captivum,solus
2545 2405 2692 2456 inter
2711 2411 2970 2457 mortuos

1331 2497 1474 2553 liber
1505 2499 1687 2552 morte
1727 2496 1972 2550 subacta
2003 2492 2254 2547 reddidit
2281 2492 2552 2545 liberum.
2587 2493 2809 2562 Corpus
2840 2509 2971 2546 vero

1332 2587 1486 2660 quod
1519 2586 1644 2640 sine
1675 2583 1892 2656 peccati
1927 2581 2266 2636 discrimine
2314 2598 2382 2635 ex
2433 2580 2667 2648 Virgine
2721 2582 2972 2652 sumpsit

1332 2675 1604 2748 quodque
1636 2689 1740 2744 pro
1772 2671 1942 2730 nobis
1971 2675 2287 2739 assumptre
2317 2669 2838 2728 mortalitatis.non
2875 2687 2971 2722 ne-

1333 2762 1622 2827 cessitate,
1657 2758 1758 2814 sed
1785 2761 2068 2828 potestate
2099 2755 2324 2826 legibus
2358 2757 2638 2822 subdidit,
2673 2758 2744 2810 ab
2776 2758 2974 2810 inferis

1335 2849 1586 2913 rediens,
1637 2843 2029 2918 apostolorum
2080 2845 2488 2915 conspectibus
2541 2846 2975 2899 resurrectionis

1333 2938 1520 3012 gloria
1551 2934 1933 2991 clariﬁcatum
1967 2937 2116 3000 et,ut
2139 2933 2217 2986 ita
2233 2933 2768 2998 dieam,redivivum
2790 2939 2976 2988 osten-

1333 3027 1439 3084 dit.
1465 3023 1695 3081 Mulieri
1727 3038 1978 3094 namque
2010 3038 2071 3076 se
2101 3022 2470 3076 devotissime
2503 3022 2837 3092 requirenti,
2861 3040 2972 3076 non

1333 3115 1558 3186 absque
1606 3110 1930 3166 admirabili
1968 3109 2186 3165 ratione
2236 3115 2291 3164 et
2341 3109 2671 3164 rationabili
2721 3110 2973 3164 admira-

1329 3203 1486 3260 tione
1515 3201 1770 3275 primum
1803 3216 2076 3272 apparere
2108 3199 2383 3270 dignatus
2414 3205 2520 3253 est.
2557 3199 2800 3253 Docebat
2819 3201 2974 3254 enim

1333 3297 1400 3349 ut
1424 3289 1722 3362 sexus,qui
1754 3289 2010 3362 primum
2044 3287 2603 3353 hominem,diabolo
2628 3305 2687 3342 se
2721 3288 2974 3354 fallente,

3063 716 3312 769 ostendit
3344 731 3670 785 corpusque
3704 714 3772 768 de
3803 719 3986 766 morte
4021 715 4387 781 resumptum
4421 708 4724 781 palpabile

3067 803 3306 875 prwbuit
3338 809 3388 858 et
3418 804 3486 858 de
3519 804 3793 857 cordibus
3836 819 4036 856 eorum
4086 799 4348 854 maculas
4395 799 4723 853 dubietatis

3064 894 3318 947 extersit.
3363 894 3592 962 Septem
3647 909 3877 962 quoque
3926 889 4233 961 discipulis
4281 889 4336 942 in
4394 888 4722 960 piscatione

3067 984 3281 1036 frustra
3326 981 3727 1034 laborantilais
3781 978 4064 1034 Dominus
4110 994 4388 1049 apparere
4427 977 4633 1042 voluit,
4666 983 4724 1030 et

3067 1072 3218 1143 quod
3253 1077 3375 1123 erat
3408 1072 3490 1122 eis
3521 1070 3777 1130 ditticile,
3805 1069 3926 1139 ipse
3960 1087 4065 1122 sua
4095 1066 4376 1137 corporali
4412 1066 4727 1138 praesentia

3067 1167 3118 1214 et
3155 1161 3452 1228 majestate
3486 1159 3680 1212 divina
3715 1158 3844 1211 t'ecit
3893 1174 4021 1211 esse
4072 1155 4368 1227 possibile,
4405 1155 4484 1209 ita
4533 1161 4592 1208 ut
4648 1155 4722 1208 ad

3067 1251 3194 1316 ejus
3230 1248 3767 1312 nutumulesitznato
3802 1263 4044 1299 numero
4077 1251 4348 1315 caperent
4369 1249 4425 1298 et
4457 1244 4724 1297 multitu-

3069 1339 3263 1390 dinem
3302 1335 3754 1406 pisciumuuem
3792 1352 4099 1387 numerum
4127 1333 4172 1386 si
4207 1332 4429 1388 videres
4448 1333 4727 1386 arithme-

3071 1428 3180 1479 lica
3217 1425 3433 1478 ratione
3463 1423 4027 1494 dispositum,seires
4062 1423 4328 1474 ineonon
4351 1422 4726 1474 mediocriter

3073 1515 3367 1568 ret'ulsisse
3389 1531 3470 1582 ni)
3488 1512 3758 1573 sti-rium;
3785 1513 3938 1582 quod
3963 1512 4007 1564 si
4030 1512 4097 1564 ad
4125 1510 4356 1582 plenum
4379 1510 4526 1564 scire
4546 1517 4597 1563 te
4622 1511 4722 1564 de-

3074 1604 3262 1662 lectat,
3299 1603 3448 1672 apud
3481 1601 3882 1654 beatissimum
3917 1601 4471 1668 Augustinumsatis
4493 1600 4604 1653 late
4626 1618 4718 1671 pa-

3074 1700 3167 1746 tet.
3211 1692 3278 1744 l't
3305 1690 3456 1744 enim
3491 1691 3546 1744 in
3579 1689 3808 1744 Christo
3843 1690 4087 1743 Domino
4137 1689 4347 1743 veritas
4397 1695 4728 1760 putesceret

3076 1781 3398 1835 resuscitati
3435 1778 3783 1850 Corporis,ac
3815 1780 3938 1832 sine
3971 1777 4147 1831 dubio
4172 1777 4354 1846 gloria
4378 1784 4621 1848 peractm
4646 1796 4728 1832 re-

3076 1869 3450 1923 surrectionis
3481 1867 3702 1921 accedit
3733 1867 3802 1920 ad
3836 1866 4137 1920 cumulum
4172 1883 4314 1920 vera'
4345 1866 4476 1920 tidei
4509 1883 4574 1920 ac
4599 1868 4729 1920 sin-

3001 1994 3046 2057 Β
3076 1959 3386 2012 cerissimze
3420 1956 3776 2010 crudelitatis
3796 1954 4512 2025 solenmitasdignissimm
4539 1973 4732 2010 resur-

3081 2048 3367 2101 rectionis.
3433 2049 3642 2099 Assum
3703 2045 3856 2098 enim
3909 2045 4126 2115 piscem
4177 2049 4234 2098 et
4281 2045 4473 2098 favum
4529 2045 4731 2099 mellis

3079 2138 3349 2200 comedit,
3381 2137 3519 2187 utin
3557 2153 3687 2187 asso
3724 2134 3873 2204 pisce
3906 2134 4237 2187 ostenderet
4268 2151 4330 2187 se
4372 2150 4636 2203 passum,
4675 2139 4734 2187 et

3083 2228 3136 2279 in
3176 2227 3298 2278 favo
3335 2224 3520 2277 mellis
3553 2241 3582 2275 a
3617 2223 3727 2276 lieo
3763 2222 3925 2276 l’atre
3957 2240 4088 2276 vera
4142 2222 4252 2275 Iidc
4285 2221 4730 2277 resuscitatum.

3083 2317 3195 2369 .\'os
3239 2314 3417 2374 enim,
3473 2314 3677 2365 fratres
3725 2310 4076 2373 charissimi,
4131 2327 4232 2381 per
4270 2310 4732 2366 amaritudinem

3083 2404 3467 2457 acerbissimm
3504 2401 3812 2471 passionis,
3850 2400 4160 2454 Dominum
4196 2400 4396 2454 Jcsum
4428 2400 4731 2454 Christum

3083 2492 3408 2563 pervenisse
3440 2490 3731 2542 credimus
3751 2489 3817 2540 ad
3840 2487 4082 2558 gloriam
4102 2487 4734 2542 resurrectionis.Hanc

3083 2587 3276 2634 autem
3305 2578 3782 2632 resurrectionem
3802 2577 4081 2631 Dominici
4098 2578 4448 2647 corporis,ut
4469 2577 4734 2631 futuram

3087 2671 3140 2723 in
3181 2669 3345 2721 nobis
3377 2666 3697 2720 certissime
3727 2666 4079 2726 noverimus,
4115 2666 4237 2736 ipse
4269 2664 4326 2718 in
4352 2682 4592 2736 corpore
4626 2685 4739 2721 suo

3085 2759 3360 2826 dignatus
3390 2763 3476 2808 est
3507 2756 3927 2808 demonstrare.
3968 2755 4300 2808 llesurrexit
4340 2754 4636 2818 Christus,
4673 2763 4740 2809 ut

3088 2851 3549 2901 resurrecturum
3601 2861 3659 2897 se
3715 2861 3825 2896 non
3879 2842 4104 2898 dubitet
4149 2842 4540 2897 Christianus.
4593 2844 4742 2898 Pro-

3086 2954 3251 2990 cessu
3286 2952 3416 2986 vero
3450 2932 3748 3003 temporis,
3779 2937 4008 3002 peracto
4044 2931 4317 3002 mysterio
4360 2948 4479 2984 sua:
4531 2949 4745 2986 resur-

3088 3021 3851 3086 rectionis,l)ominusJesus
3873 3019 4137 3074 Christus
4162 3020 4232 3074 ad
4257 3020 4744 3084 cmlosaseendit,

3089 3119 3150 3167 ut
3182 3130 3247 3166 eo
3278 3111 3644 3165 Christianus
3675 3109 3987 3162 ascendere
4020 3125 4080 3162 se
4113 3126 4283 3180 posse
4324 3109 4604 3174 contidat,
4638 3110 4748 3164 ubi

3088 3204 3261 3270 caput
3290 3217 3459 3253 suum
3495 3215 3553 3252 se
3586 3197 3951 3268 pra‘eessisse
3984 3213 4095 3250 non
4124 3197 4370 3251 dubitat.

3161 3289 3343 3356 Ilujus
3375 3288 3586 3340 etenim
3621 3285 3978 3340 ascensionis
4011 3285 4322 3338 Dominicze
4369 3285 4746 3340 nobilitatem

1336 3379 1535 3438 fefellit
1563 3358 1732 3450 eique
1754 3358 1967 3432 mortis
1999 3377 2296 3448 suggessit
2329 3378 2654 3444 interitum,
2691 3377 2846 3446 prior
2875 3377 2975 3430 ho-
3008 3358 3050 3423 (ἶ
3088 3383 3145 3431 et
3175 3377 3442 3446 gloriam,
3475 3375 3698 3429 \‘eteris
3732 3375 4106 3428 lustrumenti
4154 3373 4336 3428 multo
4366 3380 4502 3428 ante
4535 3375 4747 3429 multi-

1335 3468 1594 3524 minibus
1620 3466 1752 3520 vitae
1784 3465 2146 3520 renuntiaret
2178 3464 2522 3518 remedium.
2559 3465 2624 3517 Et
2657 3469 2718 3517 ut
2765 3466 2837 3518 ab
2880 3483 2977 3519 ex-

1336 3553 1769 3612 cellentioribus
1799 3558 2214 3623 argumentum
2260 3569 2582 3618 assumam,
2615 3569 2977 3624 consequens

1339 3647 1467 3700 erat
1495 3643 1560 3696 ut
1598 3657 1790 3704 sexus,
1825 3639 1947 3710 qui,
1991 3639 2221 3694 Christo
2270 3645 2540 3694 nascente
2592 3640 2716 3694 sine
2762 3641 2976 3712 peccati

1341 3729 1708 3802 contagione,
1742 3727 1898 3783 salvo
1932 3745 2047 3782 sua:
2080 3727 2426 3798 virginitatis
2467 3734 2752 3798 perpetua-
2786 3730 2978 3798 signa-

1341 3817 1474 3874 culo
1505 3816 1724 3872 exstitit
1746 3816 2359 3888 prazvius,rcsurgente
2376 3815 2603 3870 Christo
2623 3817 2979 3884 justilicatus

1341 3925 1377 3964 a
1405 3904 1658 3979 peccatis
1709 3909 1998 3977 perpetua:
2031 3903 2239 3958 salutis
2271 3906 2429 3959 Iieret
2455 3905 2714 3960 nuntius.
2746 3908 2981 3976 Aposto-

1337 3995 1530 4052 lorum
1561 3991 1805 4066 principi
1840 3992 2004 4047 Petro
2036 3991 2346 4046 Dominum
2381 3994 2719 4063 apparuisse
2754 4013 2861 4048 non
2892 4001 2979 4049 est

1337 4082 1606 4150 dubium,
1639 4081 1738 4136 sed
1771 4080 2090 4153 apostolica
2120 4081 2395 4136 relatione
2425 4086 2482 4135 et
2519 4082 2846 4152 evangeliea
2879 4083 2976 4136 de-

1285 4189 1293 4201 ’
1337 4170 1652 4244 scriptione
1681 4168 1938 4224 creditur
1965 4185 2092 4224 esse
2122 4169 2538 4224 certissimum.
2563 4169 2759 4224 Voluit
2789 4171 2836 4224 ei
2873 4171 2978 4225 Do-

1338 4260 1534 4316 minus
1559 4275 1672 4330 pras
1704 4256 1927 4312 caateris
1958 4256 2238 4328 apostolis
2271 4257 2649 4327 singulariter
2679 4276 2974 4330 apparere,

1335 4363 1406 4402 ne
1437 4347 1769 4418 desperaret
1795 4362 1863 4400 ex
1895 4345 2427 4416 negatione.Noluit
2459 4346 2619 4401 illum
2652 4347 2753 4402 diu
2789 4364 2977 4402 rema-

1335 4450 1472 4490 nere
1519 4437 1877 4506 suspectum,
1911 4451 1982 4489 ne
2012 4434 2345 4504 desperaret
2387 4451 2448 4489 se
2483 4453 2650 4506 posse
2684 4437 2978 4507 percipere

1337 4521 1637 4596 apostolici
1669 4521 1945 4578 culminis
1976 4521 2360 4594 privilegium.
2399 4523 2613 4579 Idcirco
2663 4524 2827 4578 illum
2870 4526 2978 4580 Do-

1337 4611 1532 4666 minus
1562 4612 1768 4666 cadere
1807 4610 2092 4683 permisit,
2128 4611 2280 4666 sicut
2325 4613 2564 4668 festivus
2610 4614 2981 4668 concionator

3092 3466 3315 3538 pliciter
3349 3465 3754 3535 pra-nuntiavit
3786 3463 4120 3523 auctoritas,
4148 3469 4202 3516 et
4235 3462 4360 3533 ipso
4383 3465 4751 3519 ascendente

3088 3555 3384 3608 exsultans
3410 3553 3668 3624 angelica
3691 3551 4002 3606 declaravit
4021 3551 4748 3623 sublimitas,evangelica3

3089 3644 3262 3698 etiam
3297 3642 3707 3712 descriptionis
3739 3648 3912 3711 atque
3945 3640 4273 3710 apostolicm
4309 3642 4750 3712 prawlicationis

3093 3750 3191 3803 per
3222 3737 3406 3785 totum
3451 3731 3646 3784 orbem
3684 3729 3934 3783 narravit
3988 3728 4131 3783 satis
4186 3735 4382 3798 aperte
4432 3731 4748 3799 majestas.

3088 3820 3416 3891 Apesloliea
3443 3836 3574 3872 vero
3607 3818 3960 3888 pra'dicatio,
3981 3823 4042 3870 ut
4073 3817 4290 3870 dictum
4325 3823 4433 3882 est,
4461 3819 4752 3888 mysteria

3092 3910 3424 3980 supradicta
3454 3908 3823 3962 vehementer
3852 3911 4104 3968 enarrat,
4137 3923 4269 3959 eum
4306 3907 4511 3960 beatus
4537 3907 4754 3962 Petrus

3091 3997 3408 4068 apostolus,
3441 3996 3704 4049 omnium
3753 3995 3822 4048 de
3877 3995 4091 4065 quibus
4145 3993 4424 4064 loquitur,
4461 3993 4750 4050 idoneum

3089 4091 3292 4140 testem
3329 4102 3389 4138 se
3421 4101 3548 4139 esse
3579 4083 3928 4147 declarat,et
3959 4081 4274 4154 apostolica
4306 4083 4574 4137 libertate
4597 4085 4752 4140 sub-

3093 4174 3353 4240 nixus,ut
3387 4174 3748 4244 propositum
3781 4169 4598 4236 est,liberalissimosermone
4617 4189 4756 4243 pro-

3093 4261 3549 4326 nuntiat,dicens
3575 4277 3587 4314 :
3613 4261 3840 4314 Utnvtirc
3869 4267 4071 4329 oportet
4101 4261 4206 4314 Deo
4239 4261 4414 4327 magis
4444 4276 4615 4330 quam
4644 4262 4754 4315 ho-

3091 4352 3352 4405 minibus.
3387 4349 3590 4403 Statim
3625 4348 3955 4402 subiutulit.
3979 4349 4045 4401 Bt
4076 4347 4168 4402 his
4199 4365 4330 4401 cum
4364 4348 4583 4418 quibus
4603 4354 4752 4403 tunc

3093 4456 3184 4492 res
3233 4439 3359 4509 ipsa
3397 4439 3706 4508 gerebatur
3749 4437 3895 4490 dixit
3927 4453 3938 4491 :
3976 4438 4112 4491 Deus
4159 4445 4380 4506 patrum
4431 4445 4750 4492 nostrorum

3089 4529 3370 4581 suscitavit
3400 4531 3606 4592 Iesum,
3639 4543 3794 4596 quem
3829 4541 3914 4578 ros
3957 4526 4314 4579 interemisti:
4354 4526 4752 4596 suspendentes

3092 4618 3148 4669 in
3183 4617 3351 4682 ligna.
3387 4619 3548 4669 Ilunc
3575 4616 3734 4678 Deus,
3763 4615 4074 4684 l’rincipem
4106 4630 4171 4668 ac
4198 4613 4556 4676 Saleatorem,
4577 4617 4751 4668 eral-

1335 4697 1840 4787 Gregoriusidixit,
1875 4703 1940 4754 ut
1972 4716 2039 4754 ex
2069 4698 2276 4753 collato
2309 4700 2422 4755 sibi
2457 4718 2694 4756 munere
2733 4701 2981 4757 disceret
3009 4723 3056 4787 ι)
3090 4707 3223 4758 tavit
3251 4704 3468 4757 dextera
3502 4720 3620 4764 sua,
3655 4701 3724 4755 ad
3756 4701 3992 4755 dandam
4037 4704 4430 4772 poenitentiam
4479 4703 4648 4757 Israel
4693 4711 4752 4758 et

1335 4787 1588 4858 qualiter
1616 4786 1756 4843 aliis
1778 4787 2041 4843 misereri
2073 4787 2392 4843 debuisset.

1404 4873 1717 4947 Discipulis
1740 4892 1872 4931 vero
1903 4876 2156 4946 duobus,
2186 4877 2705 4950 discipulabusque
2726 4879 2978 4945 duabus,

1334 4960 1462 5032 ipso
1491 4962 1586 5018 die
1632 4979 1748 5035 quo
1777 4965 2031 5020 surrexit
2061 4981 2096 5020 a
2126 4966 2372 5020 mortuis
2422 4983 2699 5038 apparere
2748 4967 2929 5023 voluit
2963 4984 2974 5023 :

1337 5047 1696 5115 Istis,i‘estive
1729 5052 2252 5121 salutando,Avete,
2272 5053 2443 5121 dixit;
2469 5054 2584 5110 illis
2615 5072 2814 5110 secum
2845 5073 2976 5128 gra-

1335 5135 1654 5201 dientibus,
1680 5143 1737 5193 et
1767 5140 1836 5194 de
1864 5158 1924 5195 se
1963 5141 2372 5198 dubitantibus
2417 5150 2785 5199 sacramenta
2831 5144 2975 5199 divi-

1335 5239 1548 5279 narum
1579 5223 2008 5298 Scripturarum
2043 5230 2288 5299 aperuit,
2323 5236 2379 5284 et
2409 5232 2467 5286 in
2499 5232 2777 5287 fractione
2811 5233 2980 5304 panis

1335 5327 1398 5368 se
1419 5327 1554 5366 vere
1585 5313 1966 5370 resurrexisse
1997 5317 2314 5385 perdocuit.
2349 5319 2563 5374 Deinde
2597 5320 2824 5392 quoties
2856 5327 2974 5376 tam

1335 5398 1804 5456 sacratissimum
1835 5405 1892 5456 et
1935 5401 2486 5460 excellentissimum
2536 5410 2798 5479 exigebat
2843 5412 2977 5464 om-

1333 5487 1514 5552 cium,
1547 5487 1898 5559 generaliter
1936 5489 2237 5560 discipulis
2288 5494 2414 5546 suis
2463 5498 2728 5564 apparuit
2772 5499 2975 5568 eisque

1331 5593 1742 5648 pacem,quam
1777 5595 1879 5650 per
1908 5577 2147 5649 angelos
2181 5579 2234 5632 in
2269 5582 2552 5636 mundum
2583 5587 2814 5640 veniens
2843 5604 2974 5641 ven-

1331 5669 1466 5720 tura
1492 5663 1776 5737 praedixit,
1811 5683 1914 5739 per
1939 5667 2318 5738 semetipsum
2344 5670 2469 5739 jam
2513 5673 2740 5728 venisse
2791 5676 2976 5728 mani-

1330 5752 1581 5821 festavit,
1615 5754 1814 5812 dicens
1849 5771 1862 5810 :
1899 5761 2021 5811 Pax
2050 5757 2216 5811 vobis.
2253 5757 2616 5820 Quibusdam
2647 5779 2778 5816 vero
2804 5763 2978 5817 disci-

3093 4794 3466 4846 rcmissionem
3494 4800 3851 4862 peccatorum.
3888 4794 3952 4845 Et
3980 4807 4076 4844 nos
4105 4807 4294 4844 sumus
4342 4798 4495 4844 testes
4546 4792 4754 4846 horum

3091 4881 3374 4934 verborum
3422 4888 3470 4933 et
3502 4880 3738 4950 Spiritu:
3782 4883 4022 4942 sanctus,
4059 4896 4218 4950 quem
4265 4878 4414 4932 dedit
4463 4879 4604 4933 Deus
4649 4882 4752 4932 ho-

3091 4970 3334 5023 minibus
3365 4968 3734 5022 obedientibus
3758 4968 3958 5022 sibi.Et
3991 4967 4046 5020 in
4080 4966 4333 5021 alioloco
4355 4966 4512 5021 idem
4545 4976 4756 5040 pastor

3090 5057 3376 5121 Ecelesire,
3412 5056 3680 5110 Davidico
3733 5055 3946 5110 fruitus
3982 5055 4200 5121 [fretus]
4231 5054 4524 5120 vaticinio,
4559 5056 4748 5112 David

3091 5147 3290 5218 igitur,
3319 5145 3508 5216 inquit
3539 5162 3552 5198 ε
3581 5146 3850 5216 Propheta
3881 5161 4006 5197 cum
4053 5152 4191 5198 esset
4219 5151 4270 5198 et
4297 5145 4461 5198 sciret
4491 5146 4627 5214 quia
4643 5147 4745 5216 ju-

3091 5234 3384 5305 rejurando
3425 5237 3664 5305 jurasset
3719 5235 3808 5287 illi
3875 5237 4016 5288 Deus
4062 5234 4126 5286 de
4167 5235 4352 5303 fructu
4404 5234 4584 5287 lumbi
4624 5238 4746 5307 ejus

3086 5325 3272 5378 sedere
3319 5341 3483 5393 super
3531 5324 3707 5377 sedem
3755 5324 3891 5393 ejus,
3944 5323 4231 5394 providens
4279 5323 4488 5375 locutus
4543 5333 4625 5377 est
4681 5325 4749 5379 de

3089 5415 3482 5466 resurrectione
3513 5412 3744 5472 Christi,
3779 5413 3905 5480 quia
3939 5427 4110 5479 neque
4138 5409 4428 5464 derelictus
4447 5415 4526 5464 est
4561 5413 4617 5464 in
4657 5415 4748 5464 in-

3085 5503 3262 5571 ferno,
3325 5517 3492 5570 neque
3547 5516 3674 5553 caro
3729 5501 3844 5567 ejus
3905 5499 4040 5552 cidit
4096 5501 4521 5568 corruptionem.
4577 5505 4748 5554 Ilum:

3085 5591 3266 5644 Iesum
3298 5591 3580 5642 suscitavit
3631 5588 3786 5652 Deus,
3820 5589 3911 5640 cui
3956 5604 4140 5641 omnes
4187 5603 4280 5640 nos
4329 5594 4482 5642 testes
4528 5605 4744 5643 sumus.

3091 5682 3315 5732 Dextera
3351 5681 3521 5747 igitur
3553 5679 3652 5732 Dei
3681 5678 3976 5736 araltatus,
4010 5681 4060 5729 et
4111 5678 4469 5746 promissione
4498 5677 4748 5747 Spiritu:

3089 5768 3265 5820 sancti
3303 5775 3513 5837 arrepta
3545 5784 3576 5820 (ι
3609 5768 3790 5833 I'atrc,
3825 5764 4014 5835 effudit
4063 5765 4159 5820 hoc
4204 5765 4406 5819 donum
4457 5765 4602 5836 quod
4654 5783 4748 5821 ros
