4984 6396
786 494 939 556 1013

2263 488 2702 555 SERMONES.

4016 484 4170 561 1614

784 629 974 684 videtis
1001 634 1053 683 et
1080 628 1432 686 auditis.Non
1459 630 1609 684 enim
1635 628 1809 685 David
1846 627 2092 683 ascmuiit
2131 629 2192 682 in
2235 628 2417 683 caelos.
2451 627 2504 692 Α
2537 629 2778 683 Tenuisti
2803 644 3031 683 manum
3061 628 3340 685 dexteram
3385 643 3581 695 meam,
3604 634 3658 685 et
3688 630 3745 686 in
3774 632 4049 688 voluntate
4076 641 4172 688 tua

783 717 932 774 Dicit
962 720 1156 771 autem
1190 717 1313 789 ipse
1347 736 1359 773 :
1392 719 1547 773 Dicit
1561 719 1824 774 Dominus
1856 718 2086 772 Domino
2114 732 2261 770 meo:
2289 716 2420 771 Sede

782 825 816 862 a
843 807 1048 862 deartris
1078 806 1457 862 meis.Paulus
1487 807 1733 877 denique
1765 806 2105 877 praedicator
2130 804 2419 875 egregius,

781 912 914 952 cum
946 895 1056 949 hoc
1089 899 1300 949 nostrae
1315 894 1522 950 salutis
1546 894 1886 966 mysterium
1909 892 2275 947 auditoribus
2296 892 2419 948 suis

781 984 1189 1040 commendare
1220 982 1409 1050 vellet,
1437 984 1643 1038 affectu
1693 982 1949 1053 optantis
1999 985 2055 1036 et
2083 984 2214 1035 voto
2245 998 2418 1035 oran-

782 1074 856 1128 tis
891 1071 1348 1144 prudentissima
1378 1076 1435 1127 et
1482 1071 1727 1143 spiritali
1777 1069 2291 1126 circumlocutione
2318 1087 2418 1139 ag-

780 1178 1020 1230 gressus
1070 1166 1157 1215 est
1206 1176 1328 1226 cos,
1377 1160 1577 1216 dicens
1612 1178 1624 1215 :
1661 1166 1800 1216 Deus
1830 1161 2050 1214 Domini
2090 1160 2271 1213 nostri
2296 1161 2419 1213 Jesu

783 1249 1007 1315 Christi,
1044 1255 1207 1304 Pater
1256 1249 1563 1319 glorieealet
1593 1250 1740 1303 vobis
1768 1250 2023 1319 spiritum
2051 1248 2342 1318 sapientiae
2369 1255 2420 1303 et

780 1339 1127 1393 reuelationis
1156 1340 1215 1392 in
1245 1339 1525 1405 agnitione
1556 1339 1690 1409 ejus,
1728 1338 2051 1392 illuminans
2093 1337 2271 1391 oculos
2300 1352 2418 1391 cor-

779 1428 862 1482 dis
897 1429 1078 1493 vestri,
1114 1436 1172 1482 ut
1198 1429 1384 1482 sciatis
1418 1442 1543 1497 quae
1579 1429 1652 1481 sit
1699 1443 1816 1497 spes
1865 1427 2157 1481 vocationis
2205 1425 2341 1495 ejus,
2368 1428 2421 1479 et

778 1532 906 1588 qua:
931 1516 1143 1572 dicitur
1170 1518 1363 1585 glorim
1392 1516 1704 1571 hereditatis
1731 1516 1847 1585 ejus
1888 1517 1948 1568 in
1976 1516 2198 1579 sanctis,
2222 1521 2273 1568 et
2295 1528 2421 1583 qua:

775 1609 846 1662 sit
874 1607 1286 1677 supereminens
1330 1605 1650 1674 magnitudo
1695 1606 1916 1659 virtutis
1940 1606 2055 1674 ejus
2087 1606 2144 1657 in
2173 1620 2290 1667 nos,
2324 1604 2421 1672 qui

774 1695 1110 1750 credidimus
1148 1694 1446 1749 seeitndum
1489 1695 1853 1763 operationem
1900 1693 2151 1762 potentiae
2202 1692 2420 1745 virtutis

772 1785 892 1855 ejus
923 1800 1087 1854 quam
1117 1787 1369 1854 operatus
1396 1787 1477 1837 est
1524 1784 1581 1837 in
1613 1783 1850 1846 Christo,
1879 1784 2146 1836 suscitans
2198 1781 2357 1835 illum
2385 1797 2419 1834 (ι

772 1874 1029 1938 mortuis,
1063 1876 1114 1926 et
1145 1873 1474 1926 constituens
1504 1871 1572 1925 ad
1604 1871 1881 1925 dexteram
1904 1886 2059 1924 suam
2092 1871 2151 1923 in
2187 1870 2417 1924 caelesti-

2527 716 2805 771 deduxisti
2854 734 2956 781 me,
3008 721 3213 773 etcum
3259 718 3442 789 gloria
3489 721 3827 790 assumpsisti
3868 737 3973 776 me.
4027 722 4170 776 Ecce

2528 804 2672 859 illud
2705 806 2931 860 Domini
2965 805 3276 862 Salvatoris
3308 806 3417 863 iter
3446 806 3803 874 astriferum,
3838 814 4077 864 sanctus
4109 810 4168 864 in

2528 894 2752 965 psalmo
2781 895 2969 949 vocari
3003 894 3182 950 voluit
3211 913 3469 950 cursum.
3504 896 3665 959 Quod
3709 896 3885 951 David
3926 914 4165 953 cursum

2526 983 2989 1039 vocat.Salom'on
3021 984 3078 1037 in
3114 983 3365 1038 Canticis
3400 983 3584 1038 saltus
3606 983 3877 1056 appellat.
3909 986 4039 1041 Ecce
4068 988 4169 1041 iste

2528 1073 2674 1126 venit
2702 1073 2904 1127 saliens
2936 1074 2995 1127 in
3028 1074 3321 1139 montibus,
3346 1074 3662 1128 transiliens
3706 1074 3887 1129 colles.
3922 1075 3991 1129 Et
4020 1073 4117 1129 ille
4149 1091 4162 1129 :

2528 1161 2565 1214 Α
2595 1177 2802 1215 summo
2831 1162 2964 1217 cecto
2994 1164 3228 1229 egressio
3258 1162 3452 1232 ejus,et
3483 1177 3738 1217 occursus
3766 1163 3885 1232 ejus
3914 1179 4078 1234 usque
4097 1164 4169 1218 ad

2525 1266 2798 1303 summum
2827 1250 2963 1318 ejus.
2997 1250 3161 1304 Hunc
3210 1249 3365 1303 enim
3398 1266 3573 1322 quem
3624 1250 3806 1305 David
3834 1255 4164 1307 currentem

2530 1337 2850 1409 prmcinuit,
2874 1336 3146 1392 Salomon
3178 1337 3478 1393 salientem
3511 1338 3798 1409 praevidit.
3827 1339 3870 1394 Ο
3909 1340 4163 1410 pruden-

2528 1425 2739 1480 tissimi
2772 1431 2949 1491 vates,
2982 1442 3014 1480 ο
3056 1430 3229 1480 tanta:
3278 1426 3455 1497 prolis
3505 1426 3822 1482 felicissimi
3871 1432 4160 1499 parentes,

2527 1515 2697 1585 cujus
2711 1515 3007 1569 meruistis
3028 1514 3362 1586 prophetica
3374 1514 3809 1571 denuntiatione
3824 1516 3941 1571 ﬁeri
3964 1533 4165 1587 paren-

2526 1608 2612 1658 tes
2643 1607 2700 1658 et
2730 1603 2942 1658 testes!
2979 1604 3058 1658 De
3088 1607 3282 1657 vestra
3313 1621 3569 1675 namque
3598 1605 3790 1659 radice
3819 1605 4001 1660 Isaias
4032 1622 4162 1676 pro-

2528 1691 2701 1762 pheta
2730 1692 2950 1763 virgam
2984 1709 3117 1747 cum
3151 1692 3287 1747 ﬁorc
3335 1709 3739 1764 processuram
3771 1693 4052 1764 praedixit.
4086 1699 4162 1747 De

2527 1797 2640 1851 quo
2671 1779 2794 1851 ipse
2826 1780 2970 1835 alias
3001 1779 3141 1834 dicit
3173 1798 3184 1834 :
3214 1782 3333 1836 Erit
3366 1784 3423 1836 in
3452 1783 3762 1837 novissimis
3791 1782 3981 1835 diebus
4014 1797 4162 1853 prse-

2520 1878 2746 1939 paratus
2773 1887 2926 1925 mons
2954 1869 3140 1924 domus
3171 1871 3392 1924 Domini
3424 1873 3478 1922 in
3510 1873 3769 1924 uerticem
3797 1872 4081 1935 montium,
4112 1879 4162 1925 et
4196 1866 4205 1873 ’

776 1962 896 2025 bus,
930 1977 1099 2031 supra
1127 1976 1339 2014 omnem
1364 1962 1760 2031 principatum,
1783 1969 1833 2014 et
1858 1962 2191 2030 potestatem,
2228 1967 2277 2012 ct
2307 1959 2415 2013 vir-
2449 1991 2494 2053 Β
2525 1960 2824 2013 elevabitur
2851 1975 3015 2029 super
3040 1960 3220 2013 colles.
3254 1960 3322 2013 Et
3356 1960 3411 2013 in
3445 1959 3555 2014 alio
3587 1958 3710 2014 loco
3741 1976 3754 2013 :
3788 1961 3905 2014 Erit
3941 1976 4162 2030 germen

772 2054 968 2118 tutam,
1000 2057 1049 2105 et
1078 2048 1524 2113 dominationem,
1558 2056 1607 2103 et
1636 2064 1791 2101 omne
1819 2063 2015 2101 nomen
2051 2046 2192 2117 quod
2235 2047 2412 2101 nomi-

773 2146 944 2192 natur
972 2154 1083 2191 non
1127 2138 1304 2192 solum
1353 2138 1413 2191 in
1461 2138 1558 2192 hoc
1606 2138 1827 2202 sacculo,
1871 2136 1960 2191 sed
2008 2143 2057 2190 et
2104 2137 2159 2188 in
2203 2137 2412 2205 futuro.

774 2226 844 2280 Et
911 2243 925 2280 :
984 2227 1193 2282 Omnia
1231 2226 1460 2295 subjecit
1507 2227 1606 2280 sub
1658 2225 1883 2296 pedibus
1939 2225 2075 2294 ejus,
2129 2227 2180 2277 et
2237 2224 2415 2294 ipsum

770 2314 927 2369 dedit
981 2321 1142 2385 caput
1186 2331 1349 2383 supra
1408 2331 1619 2370 oninem
1667 2315 1963 2368 Ecclesium
2008 2328 2131 2384 quae
2174 2320 2252 2367 est
2295 2329 2411 2365 cor-

761 2419 870 2474 pus
952 2405 1143 2474 ipsius.
1225 2403 1288 2456 Et
1358 2406 1421 2456 ut
1482 2402 1638 2456 idem
1705 2400 2015 2473 Apostolus
2084 2401 2155 2453 ad
2228 2400 2415 2454 ’l‘im’o-

764 2491 969 2546 theum
1030 2491 1236 2546 scribit
1296 2508 1309 2545 :
1368 2491 1631 2545 Columna
1689 2498 1741 2544 ct
1808 2491 2213 2559 ﬁrmamentum
2270 2489 2410 2542 veri-

765 2582 920 2635 tatis.
952 2581 1023 2635 Et
1052 2578 1359 2633 manifeste
1394 2596 1406 2633 :
1440 2583 1705 2647 Magnum
1735 2586 1809 2633 cst
1841 2579 2060 2648 pietatis
2095 2593 2412 2631 sacramen—

768 2669 1059 2740 tum,quod
1080 2670 1487 2737 manifestatum
1516 2677 1591 2723 est
1625 2670 1683 2721 in
1710 2683 1891 2732 carne,
1926 2667 2287 2737 justi/iculum
2336 2669 2415 2720 est

769 2760 827 2813 in
860 2758 1346 2829 spiritu,apparuit
1361 2755 1953 2826 angelis,prlcdicatum
1974 2757 2125 2809 estin
2145 2754 2410 2823 gentibus.

768 2848 1041 2903 creditum
1061 2850 1141 2901 est
1172 2848 1227 2900 in
1262 2846 1358 2900 hoc
1386 2845 1606 2909 mundo,
1650 2852 1985 2913 assumptum
2011 2850 2086 2897 est
2117 2844 2173 2896 in
2215 2843 2411 2911 gloria,

773 2937 931 2992 sicut
954 2951 1054 3006 per
1068 2935 1327 2989 Marcum
1351 2938 1407 2988 ot
1430 2934 1644 2987 Lucam
1667 2932 1979 3002 descriptio
2002 2930 2227 2987 intonat
2251 2948 2416 2984 evan-

772 3022 983 3095 gelica.
1020 3023 1203 3076 Lucas
1234 3038 1364 3075 vero
1413 3036 1543 3074 cum
1579 3020 1648 3073 ad
1681 3016 2069 3089 Theophilum
2118 3015 2413 3081 scriberet,

774 3111 920 3167 dicit
943 3128 1004 3165 se
1035 3125 1365 3165 sermonem
1398 3109 1601 3163 fecisse
1620 3108 1682 3161 de
1696 3107 1944 3162 omnibus
1957 3121 2081 3176 qua:
2099 3106 2417 3175 ci'vpitlesus

773 3203 962 3272 facere
990 3208 1042 3254 et
1063 3198 1268 3263 docere,
1302 3213 1470 3269 usque
1498 3199 1552 3251 in
1579 3197 1722 3251 diem
1748 3212 1853 3266 qua
1870 3196 2197 3265 prmeipiens
2218 3201 2421 3263 aposto-

774 3290 846 3343 lis
876 3305 977 3360 per
1004 3288 1271 3359 Spiritum
1297 3295 1548 3341 sanetum
1596 3302 1726 3356 quos
1767 3285 1946 3353 elegit,
1980 3291 2285 3353 assumptus
2317 3288 2417 3347 est,

775 3378 846 3432 Et
876 3352 1111 3432 Marciis
1143 3375 1203 3430 in
1243 3376 1524 3430 hodierna
1570 3352 1834 3439 lectione,
1858 3352 1861 3353 ν
1888 3373 2164 3435 Dominus,
2206 3370 2417 3441 inquit,
2451 3352 2493 3418 C

769 3468 954 3531 Iesus,
982 3474 1265 3536 postquam
1296 3464 1505 3519 locutus
1529 3471 1603 3518 est
1631 3462 1915 3532 discipulis
1951 3463 2084 3527 suis,
2118 3465 2422 3531 assumptus

773 3563 852 3610 est
885 3557 949 3609 in
977 3555 1195 3619 emtum,
1230 3561 1280 3607 et
1303 3553 1445 3607 sedet
1476 3569 1509 3605 α
1537 3553 1743 3606 dextris
1775 3552 1888 3605 Dei.

850 3642 1153 3707 Quomodo
1175 3639 1261 3695 vel
1284 3639 1535 3711 qualiter
1554 3638 1859 3710 praesentis
1879 3635 2269 3693 solemnitatis
2285 3653 2423 3709 gau-

775 3730 1256 3799 dia,ascendente
1282 3727 1817 3798 Domino,angelica
1829 3726 2141 3782 declaravit
2162 3725 2424 3780 sublimi-

773 3826 1017 3886 tas,non
1042 3821 1231 3888 potest
1252 3833 1347 3871 ore
1371 3817 1703 3880 dicere,non
1728 3816 2211 3885 cordeconcipere
2228 3814 2426 3868 huma-

775 3926 857 3964 na
883 3906 1304 3978 fragilitas.Sed
1328 3910 1521 3959 tamen
1549 3904 1690 3959 illud
1716 3904 2191 3968 unum,utLucas
2207 3906 2422 3963 narrat,

777 3994 1195 4053 testimonium
1247 3993 1587 4048 admirabile
1631 3997 1805 4063 atque
1827 3992 2179 4062 jucundum,
2219 3989 2424 4044 ofﬁciis

778 4083 1203 4141 ecclesiasticis
1222 4083 1363 4137 adeo
1378 4082 1578 4137 festive
1598 4080 2125 4141 recitandum.huic
2146 4078 2429 4133 declama~

778 4172 1065 4230 tiunculze
1097 4172 1234 4243 dign
1247 4188 1345 4225 um
1371 4171 1403 4225 d
1416 4170 1646 4225 uximus
1669 4169 1937 4224 inserend
1950 4170 2323 4239 um.Cumque
2340 4169 2425 4221 in-

779 4268 1078 4318 tuerentur
1105 4261 1340 4331 apostoli
1388 4260 1682 4314 Dominum
1730 4266 1945 4311 euntem
1974 4259 2033 4311 in
2063 4257 2281 4322 cretum,
2313 4272 2429 4310 ecce

777 4352 892 4407 duo
922 4352 1031 4404 viri
1058 4351 1527 4418 astiteruntjuxta
1549 4348 1669 4401 illos
1702 4348 1759 4400 in
1798 4346 2027 4401 vestibus
2065 4344 2225 4411 albis,
2256 4346 2353 4416 qui
2381 4352 2431 4399 et

777 4441 1097 4495 dixerunt:
1154 4439 1282 4494 Viri
1334 4436 1571 4502 Galilazi,
1608 4435 1738 4507 quid
1793 4436 1942 4489 statis
1998 4435 2314 4504 aspicientes
2370 4434 2430 4488 in

779 4528 994 4585 caelum
1009 4532 1034 4581 .9
1064 4532 1115 4582 Η
1123 4529 1170 4581 ic
1198 4531 1356 4582 Jesus
1377 4526 1473 4595 qui
1492 4532 1796 4594 assumptus
1807 4528 1887 4578 est
1907 4540 1941 4577 a
1966 4524 2112 4577 vobis
2132 4524 2190 4577 in
2209 4522 2426 4587 emtum,

778 4620 863 4673 sic
888 4618 1064 4671 veniet
1094 4612 1547 4687 quemadmodum
1577 4612 1793 4667 vidistis
1822 4627 1947 4666 enm
1975 4619 2191 4665 euntem
2223 4611 2279 4664 in
2329 4624 2432 4666 ese-

2525 2047 2716 2102 dom-us
2745 2049 2962 2102 Domini
2992 2049 3051 2101 in
3080 2049 3509 2117 magniﬁcentia,
3542 2055 3592 2103 et
3618 2049 3828 2117 fructus
3874 2055 4038 2105 terra?
4062 2065 4162 2103 su-

2524 2135 2937 2201 blimis.Quem,
2973 2136 3201 2199 fratres,
3234 2135 3557 2208 intelligere
3588 2137 3868 2192 debemus
3885 2152 3985 2208 per
4006 2153 4163 2191 mon-

2521 2228 2635 2279 tem
2669 2241 2843 2295 super
2871 2224 3139 2278 verticem
3170 2226 3456 2279 montium
3492 2223 4021 2296 przeparatummisi
4049 2242 4163 2279 me-

2521 2313 2798 2367 diatorem
2814 2312 2909 2366 Dei
2926 2316 2981 2366 et
2994 2312 3625 2375 hominum,homincm
3644 2312 3845 2367 Jesum
3861 2312 4158 2368 Christum

2522 2403 2783 2457 omnium
2797 2402 3100 2457 hominum
3117 2388 3385 2456 naturam
3399 2405 3770 2472 superantem
3784 2403 3841 2455 ct
3853 2399 4160 2454 meritum?

2522 2492 2700 2555 Quem
2736 2508 2835 2562 per
2859 2507 3089 2561 germen
3112 2489 3336 2543 Domini
3354 2489 3730 2561 magniﬁcum
3745 2494 3797 2543 et
3813 2487 4156 2559 gloriosum,

2522 2581 2840 2634 ctt'ructum
2862 2582 3023 2632 terra:
3043 2576 3497 2643 sublimem,nisi
3512 2577 3780 2632 eumdem
3797 2578 3893 2631 Dei
3909 2581 3964 2630 et
3977 2575 4159 2631 homi-

2524 2668 2616 2722 nis
2646 2666 3136 2732 ﬁlium,hodierna
3168 2666 3261 2720 die
3291 2683 3468 2737 super
3497 2665 3669 2719 cmlos
3692 2664 3967 2720 omlorum
3994 2668 4052 2719 et
4074 2664 4159 2717 di-

2522 2756 2799 2828 gnitatem
2825 2755 3088 2809 omnium
3122 2754 3459 2823 angelorum
3494 2753 3550 2808 in
3582 2753 3816 2808 dextera
3837 2753 3935 2808 Dei
3970 2752 4157 2807 Patris

2523 2848 2892 2914 assumptum
2906 2841 3474 2914 ‘lErgo,dilectissimi
3491 2841 3986 2908 fratres,omnium
3999 2839 4157 2896 vitio-

2523 2949 2654 2986 rum
2699 2932 3111 3003 phantasmata
3151 2930 3459 3002 fugientes,
3493 2934 3833 2985 cunctarum
3874 2929 4154 2984 virtutum

2525 3021 2871 3075 charismata
2887 3018 3213 3090 diligentes,
3248 3020 3462 3090 ipsum,
3491 3019 3558 3073 de
3573 3018 4017 3090 quoloquimur,
4038 3020 4157 3073 toto

2525 3109 2715 3163 cordis
2737 3109 2943 3162 affectu
2967 3124 3315 3179 quaeramus,
3350 3110 3466 3161 toto
3491 3106 3702 3162 mentis
3726 3107 3929 3162 ardore
3950 3106 4155 3179 diliga—

2527 3214 2679 3264 mus,
2709 3196 2981 3267 passibus
3014 3194 3341 3251 dilectionis
3372 3199 3429 3249 et
3457 3195 3591 3249 ﬁdei
3620 3199 4030 3265 scquamur,ut
4062 3212 4161 3266 per

2527 3287 2722 3358 ipsum
2741 3302 2873 3339 cum
2895 3283 3021 3355 ipso
3044 3285 3113 3337 ad
3139 3300 3269 3338 eum
3294 3283 3590 3354 possimus
3612 3281 4032 3354 pervenire,qui
4060 3298 4164 3354 per

2532 3375 2658 3446 ipsu
2671 3391 2726 3428 m
2743 3377 3072 3444 corruptam
3089 3372 3317 3444 generis
3334 3371 3575 3426 humani
3590 3375 3860 3426 naturam
3875 3370 4058 3425 voluit
4074 3388 4162 3426 re-

2532 3466 2817 3535 pararc,et
2841 3458 3244 3532 reparatamin
3268 3459 3414 3531 ipso,
3448 3459 3729 3514 hodierna
3764 3459 4071 3515 festivitate
4093 3460 4165 3514 ad

2533 3568 2594 3607 se
2620 3552 2894 3622 dignatus
2926 3556 3015 3603 est
3044 3548 3439 3612 revocare.Qui
3464 3565 3597 3603 cum
3621 3565 3687 3603 co
3720 3547 3856 3602 vivit
3885 3552 3941 3602 et
3964 3553 4170 3619 regnat

2533 3642 2592 3695 in
2627 3641 2844 3695 unitate
2873 3638 3125 3710 Spiritus
3150 3636 3335 3691 sancti
3389 3642 3534 3692 Deus
3582 3654 3685 3708 per
3724 3636 3922 3693 omnia
3960 3636 4169 3692 sazcula

2532 3728 2899 3784 smculorum.
2932 3728 3136 3781 Amen.

3169 3814 3408 3869 SERMO
3441 3814 3531 3869 IX.

3048 3920 3105 3956 ΙΝ
3139 3919 3226 3956 DIE
3258 3918 3658 3957 PENTECOSTES.

2608 3990 2927 4046 Indicibilis
2958 3995 3014 4044 et
3046 3990 3332 4045 immensa
3356 3990 3656 4061 praesentis
3678 3990 3790 4046 diei
3817 3991 4092 4061 majestas
4115 3996 4173 4047 et

2534 4080 2740 4151 gloria,
2772 4080 2943 4133 verbo
2975 4078 3315 4149 praesidente
3345 4083 3402 4132 et
3452 4077 3669 4149 linguis
3721 4078 4068 4150 faventibus,
4117 4081 4168 4135 vi

2537 4167 2779 4239 propria:
2799 4164 3102 4237 potestatis
3116 4164 3292 4235 exigit
3310 4170 3374 4220 ut
3394 4165 3656 4221 dicamus
3671 4182 3774 4237 pro
3794 4182 3963 4237 posse
3984 4185 4170 4239 quan-

2538 4262 2661 4311 tum
2697 4254 2891 4309 divina
2922 4254 3219 4309 miseratio
3252 4253 3505 4308 miseriis
3538 4253 3813 4330 huntanis
3856 4255 4170 4313 consuluit.

2538 4344 2712 4399 Scitis
2730 4343 3006 4413 quoniam
3032 4342 3489 4414 unumquodpuc
3508 4343 3804 4415 negotium
3836 4360 3967 4398 cum
4002 4345 4178 4400 fuerit

2540 4433 2612 4487 ad
2654 4434 2830 4487 ﬁnem
2875 4431 3214 4493 deductum,
3258 4435 3586 4485 exercentes
3637 4448 3698 4485 se
3743 4432 4175 4502 quodammodo

2541 4520 2834 4592 compellit
2861 4520 2917 4573 in
2951 4536 3077 4575 sese
3107 4518 3375 4589 colligere
3406 4518 3699 4590 simulque
3734 4521 4018 4576 revolvere
4034 4521 4174 4593 quid

2542 4608 3042 4679 maeroris,quidve
3074 4606 3279 4661 lmtitiie
3304 4606 3362 4660 in
3385 4606 3512 4679 ipso
3540 4606 3782 4662 actionis
3804 4607 4011 4665 itinere
4041 4625 4176 4664 con-

782 4707 928 4759 tum.
963 4698 2437 4771 AscendenteDominoangeliapparuisscleguntur
2464 4716 2512 4779 Β
2544 4699 2675 4770 tigit
2704 4697 2984 4752 evenisse.
3027 4697 3145 4751 Hoc
3193 4711 3324 4750 vero
3374 4695 3730 4766 permaxima
3769 4702 3834 4752 ut
3883 4699 4002 4763 ﬁat,
4051 4698 4181 4770 ipsa

782 4794 847 4847 in
882 4792 1145 4847 vestibus
1178 4788 1496 4859 albis,quia
1517 4788 1840 4843 humanum
1859 4787 2229 4860 genus,quod
2249 4787 2438 4842 fuerat

783 4882 1093 4935 obtectum
1126 4877 1380 4934 tenebris
1411 4876 1718 4931 mortiferae
1745 4876 2038 4941 czecitatis,
2062 4892 2161 4947 per
2190 4875 2436 4946 gratiam

780 4969 1006 5024 Christi
1024 4964 1966 5037 meruitpercipereindumentum
1990 4964 2439 5033 zeterntcjucun-

784 5057 1083 5125 ditatis,et
1111 5054 1469 5110 consortium
1522 5052 1793 5124 angelicae
1843 5052 2164 5125 dignitatis.
2216 5053 2436 5107 lustru-

783 5146 979 5202 menti
1013 5143 1235 5200 Veteris
1268 5140 1767 5207 auctoritatem,ut
1798 5139 2231 5212 proposuimus,
2254 5138 2436 5193 multo

783 5251 862 5290 an
873 5238 932 5287 te
961 5230 1365 5302 multipliciter
1380 5228 1803 5301 przenuntiasse
1818 5227 2192 5282 manifestum
2207 5226 2439 5297 est,illis

784 5320 1067 5377 videlicet
1098 5319 1199 5390 qui
1232 5318 1589 5389 Scripturam
1607 5321 1865 5370 sanctam
1880 5320 1936 5369 et
1956 5314 2215 5369 studiose
2244 5313 2445 5387 legunt

786 5415 849 5466 et
884 5408 1136 5463 ﬁdeliter
1168 5404 1520 5477 intelligunt.
1563 5403 1710 5468 Quid
1754 5420 1857 5474 per
1904 5401 2096 5456 Enoch
2147 5402 2447 5472 Scriptura

788 5498 1002 5552 divina
1032 5495 1248 5549 clamat
1298 5489 1668 5556 translatum,
1707 5490 1842 5555 Cllid
1897 5506 1997 5560 per
2043 5487 2228 5542 Etiam
2280 5490 2447 5561 igneo

786 5602 974 5641 curru
988 5585 1384 5638 transvectum
1402 5578 1513 5634 nisi
1528 5579 1841 5633 Dominum
1856 5576 2149 5631 Christum
2167 5576 2449 5632 hodierna

783 5672 1116 5729 festivitate
1148 5669 1205 5722 in
1240 5669 1469 5722 dextera
1500 5670 1752 5736 paterna:
1776 5664 2097 5736 majestatis
2124 5663 2450 5720 elevatum?

786 5762 971 5818 Sicut
1001 5759 1127 5831 ipse
1142 5773 1247 5829 per
1263 5754 1606 5826 Prophetam
1628 5752 1925 5824 inpsalmo
1947 5751 2086 5807 dicit
2106 5751 2175 5805 ad
2194 5752 2448 5810 Patrem:

2546 4789 2865 4857 eademque
2902 4804 2993 4841 res
3021 4801 3344 4856 congruum
3384 4786 3502 4840 fore
3542 4785 3868 4855 didjudicat
3893 4790 4181 4858 quatenus

2548 4873 3090 4947 ereptusliberatori
3112 4873 3326 4944 gratias
3358 4873 3649 4937 referat,et
3680 4873 3939 4941 largitori
3973 4874 4181 4930 laetitia:

2548 4964 2824 5020 omnibus
2840 4962 2986 5017 votis
3010 4962 3382 5028 adhaereat,et
3408 4978 3542 5016 cum
3575 4961 3859 5033 Propheta
3888 4962 4097 5018 clamet
4128 4970 4187 5019 et.

2546 5052 2699 5107 dicat
2735 5069 2747 5105 :
2781 5052 2928 5106 Mihi
2955 5059 3140 5105 autem
3187 5051 3291 5105 Deo
3319 5050 3598 5107 adhazrere
3627 5051 3826 5106 bonum
3854 5056 3951 5120 est,
3984 5069 4188 5125 ponere

2547 5142 2608 5196 in
2637 5142 2864 5195 Domino
2893 5141 3000 5195 Deo
3046 5155 3195 5208 spem
3223 5155 3418 5193 meam.
3469 5139 3527 5193 Si
3558 5144 3767 5195 nostra:
3816 5141 4189 5197 mortalitatis

2550 5230 2895 5293 defectus,et
2925 5226 3264 5298 quotidiana
3294 5227 3585 5294 delicta,et
3615 5229 3803 5284 dubiis
3837 5230 3963 5284 vitae
3991 5230 4188 5302 praeci-

2552 5316 2703 5386 pites
2734 5330 2963 5377 cursus,
3006 5312 3256 5369 sollicita
3303 5316 3765 5373 consideratione
3816 5318 3885 5372 ad
3936 5321 4185 5372 mentem

2555 5403 2828 5457 reducere
2860 5416 3320 5469 commonemur,
3355 5402 3539 5459 multo
3561 5405 3751 5475 magis
3771 5420 3942 5475 opera
3965 5402 4187 5458 miseri-

2557 5492 2764 5545 cordim
2796 5507 2923 5560 qua:
2946 5488 3106 5555 ,circa
3152 5496 3413 5545 nostram
3459 5491 3706 5546 salutem
3756 5490 3959 5545 salutis
3991 5493 4190 5544 auctor

2559 5578 2833 5641 exercuit,
2865 5592 3100 5629 summa
3128 5592 3261 5631 cum
3276 5578 3643 5632 veneratione
3659 5594 3762 5630 nos
3794 5574 4037 5629 recolere
4059 5589 4186 5625 con-

2557 5667 2734 5721 venit.

2631 5754 2947 5809 Videamus
2974 5749 3160 5806 saltus
3180 5768 3327 5822 quos
3348 5768 3451 5821 pro
3472 5749 3637 5805 nobis
3666 5748 3958 5801 incarnata
3974 5740 4178 5794 divini-

4364 0 4398 93 'i
