4984 6426
1402 465 1564 530 {015

2328 465 2394 529 S.
2427 461 2786 529 ODILONIS
2828 453 3387 522 CLUNIAGENSIS
3432 457 3762 519 ADBA'I‘IS
3806 458 3880 518 ν.

4663 453 4822 520 1016

1407 607 1498 660 tas
1528 603 1708 670 dedit,
1739 602 2066 675 cogitemus
2115 601 2253 674 quid
2307 602 2458 656 Deus
2491 602 2542 653 in
2577 598 2810 653 homine
2845 595 3046 664 gessit,
3079 592 3131 656 Α
3163 594 3424 648 victimas
3452 594 3842 648 immolemus.
3877 592 4213 650 Duodennis
4259 591 4320 648 in
4369 591 4600 666 templo
4631 599 4820 647 matre

1409 693 1551 765 quid
1583 693 1757 748 homo
1789 711 1822 748 a
1853 693 1968 748 Deo
2003 697 2344 762 assumptus
2395 688 2729 759 temporalis
2761 701 3049 756 apparens

1409 782 1789 854 corporaliter
1819 780 2074 854 pertulit.
2110 780 2270 845 Quod
2319 780 2472 834 enim
2527 777 2722 831 omnia
2762 773 3047 830 Dominici

1409 871 1697 926 adventus
1719 871 1991 941 mysteria
2017 870 2114 924 Dei
2140 869 2326 924 Patris
2349 867 2464 921 sint
2483 865 2774 920 voluntate
2799 868 3051 934 peracta,

1416 958 1563 1014 nulli
1595 959 1838 1014 dubium
1874 959 2011 1030 quin
2044 958 2378 1018 ﬁrmissime
2413 951 3052 1008 teneatlidesecclcsia-

1416 1047 1750 1112 stica.Quod
1783 1052 1839 1102 et
1869 1047 2119 1118 Spiritus
2171 1050 2408 1099 sanctus
2454 1042 2605 1097 Patri
2647 1047 2703 1095 et
2737 1041 2877 1095 Filio
2911 1058 3054 1093 Clue-

1421 1140 1621 1192 ternus
1646 1135 1723 1192 sit
1750 1138 2101 1206 cooperator,
2135 1139 2190 1187 et
2235 1139 2441 1186 auctor
2484 1131 2744 1202 ejusdem
2783 1130 2904 1183 l’ilii
2960 1128 3052 1182 Dei

1420 1229 1734 1296 assumpta:
1766 1223 2168 1288 humanitatis,
2202 1222 2345 1276 tanti
2376 1220 2720 1275 sacramenti
2756 1219 3056 1272 exordium

1419 1312 1922 1369 declarat.Christo
1946 1329 2199 1382 namque
2221 1310 2676 1364 misericorditer
2698 1309 2765 1361 ad
2793 1307 3058 1360 homines

1416 1403 1700 1467 veniente,
1735 1401 1986 1473 Spiritus
2019 1404 2258 1454 sanctus
2295 1400 2350 1452 in
2377 1397 2672 1460 Virginem
2703 1396 3055 1466 supervenit.

1416 1490 1645 1546 Christo
1676 1491 1736 1545 in
1761 1490 1948 1545 Patris
1979 1490 2214 1542 dextera
2240 1486 2546 1554 magnilice
2592 1484 2900 1544 residente,
2934 1483 3061 1552 Spi-

1415 1579 1565 1635 ritus
1595 1584 1836 1634 sanctus
1867 1596 2043 1649 super
2074 1575 2365 1648 apostolos
2397 1573 2716 1638 descmdit,
2750 1572 2896 1624 sicut
2935 1570 3061 1623 uni-

1416 1667 1659 1723 versatis
1691 1665 2009 1722 Ecclesiain
2029 1666 2229 1720 eodem
2246 1662 2452 1733 spiritu
2470 1667 2812 1731 congregata
2831 1678 3063 1713 summa

1420 1773 1554 1812 cum
1597 1756 1965 1810 veneratione
2014 1753 2185 1808 hodie
2228 1752 2600 1806 devotissime
2651 1749 2864 1803 recolit.
2917 1751 3060 1801 Cum

1421 1844 1576 1899 enim
1609 1844 1893 1899 Dominus
1923 1860 1988 1896 ac
2038 1842 2389 1910 Redemptor
2438 1844 2632 1892 noster
2679 1838 2865 1891 crui'is
2913 1843 3063 1890 esset

3163 687 3399 756 \‘izgine
3434 684 3724 738 nesciente
3757 683 4058 746 remansit,
4096 687 4226 755 post
4255 682 4570 754 paululum
4622 682 4821 737 studio

3164 775 3399 829 ferventi
3435 790 3726 842 cursuque
3772 772 3946 826 citato
3997 773 4332 842 requiritur,
4385 777 4462 832 et,
4515 777 4586 826 ut
4637 773 4824 827 Lucas

3165 867 3355 922 refert,
3393 867 3447 917 in
3502 864 3674 915 medio
3716 863 3988 916 doctorum
4037 863 4246 926 sedens,
4297 879 4412 917 non
4443 863 4692 931 docens,
4723 863 4822 917 sed

3163 956 3393 1008 discens
3423 958 3477 1006 et
3525 951 3768 1005 audiens
3820 951 4130 1005 invenitur.
4181 955 4583 1021 lntcrrogante
4623 956 4824 1006 autem

3166 1049 3370 1102 matre,
3405 1059 3507 1095 cur
3535 1058 3594 1094 se
3636 1040 3939 1109 ignorante
3974 1040 4278 1104 remansit,
4314 1040 4370 1095 in
4419 1041 4602 1095 domo
4639 1042 4826 1097 Patris

3166 1134 3253 1186 sui
3289 1148 3505 1184 essese
3546 1130 3864 1200 respondit.
3915 1129 4040 1183 llmc
4088 1130 4302 1183 etenim
4355 1130 4610 1201 puerilia
4660 1137 4828 1196 gesta

3166 1221 3461 1275 catholica!
3496 1220 3624 1272 lidei
3659 1223 3796 1272 sunt
3847 1219 4122 1272 lirmitate
4176 1219 4447 1273 subnixa.
4497 1224 4646 1274 Cum
4693 1236 4827 1271 vero

3165 1313 3335 1366 Jesus
3360 1330 3390 1362 ει
3415 1314 3596 1362 matre
3628 1308 3964 1377 requiritur,
4001 1306 4198 1376 procul
4231 1307 4411 1362 dubio
4442 1325 4618 1362 verus
4649 1307 4829 1362 homo

3170 1399 3558 1466 Cognoscitur.
3595 1398 3742 1451 llum
3773 1413 3901 1450 esse
3935 1414 3995 1450 se.
4027 1396 4083 1450 in
4119 1397 4292 1451 domo
4323 1396 4508 1452 Patris
4551 1402 4830 1468 oportere

3171 1496 3472 1549 testatur,a
3503 1486 3728 1540 cunctis
3763 1486 4031 1539 lidelibus
4065 1503 4233 1541 verus
4265 1486 4475 1540 unicus
4507 1487 4606 1541 Dei
4647 1485 4832 1540 Filius

3171 1579 3442 1634 creditur.
3483 1578 3538 1630 ln
3581 1576 3772 1628 medio
3803 1575 4107 1628 doctorum
4149 1575 4379 1638 sedens,
4408 1575 4663 1629 audiens
4701 1575 4833 1628 illos

3170 1676 3223 1723 et
3257 1668 3639 1733 interrogans,
3676 1663 3868 1731 signat
3895 1669 3957 1717 ut
3990 1664 4186 1718 nullus
4217 1663 4329 1719 nisi
4362 1664 4621 1735 perfecta
4661 1669 4833 1718 aetate

3175 1755 3598 1829 priedicationis
3630 1754 3885 1807 oflicium
3919 1769 4218 1807 assumere
4249 1758 4590 1823 praesumat.

3241 1845 3548 1897 Sciendum
3586 1849 3860 1913 pra'terea
3897 1842 4050 1911 quod
4102 1841 4172 1896 de
4216 1841 4464 1897 infantia
4505 1841 4835 1896 Salvatoris

1421 1932 1691 1988 addictus
1716 1930 2026 2003 supplicio,
2059 1934 2292 2001 potatus
2326 1934 2484 1981 aceto
2516 1932 2942 1980 consmmnatum
2966 1934 3062 1990 est,
3175 1954 3284 1989 non
3323 1934 3451 2004 plus
3487 1932 3745 1985 [ﬁeelcsim
3779 1931 3962 2000 pietas
3985 1932 4264 2000 approbat
4295 1948 4469 2002 quam
4496 1931 4658 2002 quod
4683 1931 4836 1984 divi-

1423 2021 1754 2084 dixit.Quod
1789 2020 2018 2074 duobus
2052 2017 2239 2072 modis
2273 2035 2304 2069 a
2329 2017 2494 2070 nobis
2521 2015 2759 2080 intelligi
2793 2015 3062 2073 voluit,ac

1427 2111 1474 2164 si
1509 2110 1725 2164 diceret
1755 2125 1769 2163 :
1801 2110 2255 2164 Consummation
2285 2104 2650 2174 est,videlieet
2678 2104 2854 2157 \‘etus
2878 2104 3066 2156 'l‘esta-

1427 2203 1711 2262 mentum,
1744 2202 1802 2252 et
1833 2197 2124 2250 initiatum
2153 2198 2239 2248 est
2270 2194 2514 2248 Novum.
2537 2193 3062 2250 Sivc.consuumia-

1426 2291 1552 2342 tum
1585 2291 1672 2341 est
1699 2287 1983 2341 adventus
2033 2284 2142 2338 mei
2193 2283 2529 2354 mysterium
2586 2299 2768 2351 usque
2813 2282 2879 2333 ad
2919 2281 3065 2334 hanc

1423 2392 1600 2448 quam
1633 2391 1737 2446 pro
1760 2374 1925 2428 vobis
1947 2373 2204 2427 sustineo
2223 2371 2561 2425 mortem.ln
2594 2369 2860 2440 passione
2884 2369 3066 2440 siqui-

1421 2462 1554 2516 dem
1589 2461 1812 2516 Domini
1863 2459 2115 2532 plurima
2157 2459 2385 2530 pictatis
2438 2461 2567 2527 ejus
2611 2476 2782 2528 opera
2835 2460 3065 2512 fuerunt

1419 2554 1846 2614 consummata,
1881 2549 2164 2604 nonnulla
2193 2549 2568 2620 postmodum
2593 2548 2766 2600 etiam
2793 2563 3064 2600 consum-

1421 2639 1654 2706 manda,
1717 2639 1872 2694 sicut
1937 2643 2067 2709 post
2133 2637 2392 2691 triduum
2469 2635 2742 2706 praeclara
2806 2653 3065 2688 resurre-

1421 2727 1533 2783 ctio
1561 2744 1576 2782 :
1605 2744 1881 2801 processu
1923 2744 2056 2781 vero
2103 2725 2382 2796 temporis
2434 2725 2720 2778 mirabilis
2766 2726 3063 2785 ascensio;

1423 2821 1479 2872 et
1534 2815 1594 2872 in
1654 2817 1844 2889 igneis
1910 2815 2128 2887 linguis
2197 2831 2374 2884 super
2439 2813 2730 2884 apostolos
2791 2813 3066 2867 hodierna

1423 2905 1516 2961 die
1550 2909 1667 2962 toto
1692 2905 1912 2960 mundo
1944 2903 2280 2977 spectabilis
2307 2902 2586 2974 spiritalis
2618 2901 2852 2955 infusio.
2890 2903 3068 2956 llodie

1425 3011 1681 3066 namque
1721 2993 1974 3067 Spiritus
2023 2994 2208 3048 sancti
2262 3008 2438 3062 super
2494 2992 2787 3062 apostolos
2836 2992 3065 3044 venien-

1425 3083 1522 3150 tis,
1571 3083 2048 3139 manifestissima
2100 3081 2540 3144 contestatione,
2589 3098 2689 3151 per
2745 3080 3067 3135 divinitatis

1427 3177 1772 3245 potestatem
1795 3172 2142 3244 completam
2165 3187 2290 3226 esse
2317 3170 2726 3238 cognoscimus
2750 3176 3065 3241 assumptm

1425 3259 1810 3318 humanitatis
1851 3260 2064 3317 Christi
2097 3259 2610 3331 dispensationem.
2649 3259 2706 3312 Si
2752 3259 2931 3324 enim,
2983 3259 3064 3312 uti

1423 3350 1643 3424 prazfati
1669 3367 1898 3417 sumus,
1933 3349 2398 3419 uniuscujusque
2440 3347 2652 3416 negotii
2695 3364 2932 3402 causam
2968 3365 3065 3401 ne-
3096 3326 3138 3392 (ἶ

1421 3439 1672 3496 cessario
1705 3440 1776 3495 ad
1814 3442 2072 3494 mentem
2120 3437 2476 3502 reducimus,
2527 3436 2885 3491 conferentes
2937 3436 3064 3490 laeta

1420 3545 1558 3584 cum
1584 3527 1878 3596 tristibus,
1896 3525 2253 3580 exsultantes
2277 3541 2380 3579 nos
2404 3524 2772 3578 incommodo
2793 3526 3062 3590 evasisse,

1421 3632 1703 3688 prospera
1729 3615 1967 3685 adeptos
2001 3613 2197 3678 fuisse,
2233 3613 2371 3683 qud
2427 3617 2541 3666 tam
2576 3611 2734 3678 utile,
2777 3613 2914 3683 quid
2948 3619 3064 3667 tam

1423 3719 1791 3774 consequens
1821 3718 1998 3773 quam
2033 3701 2090 3753 in
2119 3699 2223 3754 hac
2253 3700 2442 3762 die,in
2477 3717 2592 3770 qua
2621 3700 2832 3755 Christi
2868 3719 3067 3772 corpo-

1427 3790 1574 3847 ralia
1604 3792 1780 3846 finem
1816 3789 2164 3860 suscipiunt,
2196 3793 2251 3844 et
2281 3787 2338 3842 in
2383 3805 2498 3859 qua
2548 3787 2830 3860 spiritalia
2883 3791 3069 3844 chari-

1427 3884 1622 3936 smata
1651 3879 1778 3935 luce
1808 3878 1968 3934 clara
2017 3882 2340 3950 patescunt,
2377 3878 2572 3933 omnia
2621 3884 2774 3933 retro
2821 3886 3068 3950 peracta,

1430 3966 1870 4042 recapitulando
1903 3967 2336 4039 quodammodo
2368 3967 2605 4021 recitare
2645 3985 2748 4039 pro
2793 3967 3072 4024 modulo?

1428 4057 1550 4112 Non
1570 4055 1852 4113 enim-nos
1868 4061 2143 4128 putamus
2160 4053 2245 4110 vel
2265 4053 2516 4110 dicimus
2538 4055 2774 4110 idoneos
2800 4061 2969 4110 tantae
2994 4057 3072 4112 rei

1429 4145 1729 4202 ministros
1751 4145 2223 4216 jactanter,sicut
2255 4143 2500 4199 faciebat
2531 4147 2734 4200 beatus
2763 4146 3074 4216 Apostolus

1432 4235 1734 4292 humiliter
1765 4252 1828 4291 ac
1859 4234 2282 4308 sapienter,sed
2308 4234 2378 4288 ad
2404 4234 2867 4289 conﬁrmandam
2901 4237 3074 4290 tidem

1433 4330 1693 4382 nostram
1752 4329 1808 4380 et
1855 4325 1926 4380 ad
1985 4322 2351 4379 excitandam
2410 4321 2772 4378 devotionem
2825 4330 3075 4379 vestram

1429 4417 1630 4470 nostra
1675 4413 1931 4485 parvitas
1973 4413 2162 4467 dicere
2209 4411 2437 4466 censuit
2485 4412 2700 4482 quibus
2751 4413 2963 4477 modis,
3014 4418 3078 4468 ut

1427 4519 1607 4574 supra
1634 4503 1860 4558 dictum
1893 4506 2002 4570 est,
2035 4500 2231 4556 divina
2262 4500 2556 4555 miseratio
2591 4500 2842 4556 miseriis
2875 4501 3078 4557 burna-

1425 4591 1520 4648 nis
1548 4591 1862 4648 consuluit.

3177 2043 3284 2079 nus
3310 2040 3497 2074 sermo
3523 2019 4260 2090 pronuntiat.lnlirinitates
4284 2024 4475 2074 tamen
4503 2026 4835 2090 assumptis

3177 2110 3566 2172 inor-talitatis,
3601 2108 3751 2161 sicut
3787 2108 3928 2161 lides
3957 2107 4216 2162 lidelium
4243 2109 4686 2179 credit,atrsque
4714 2109 4836 2164 ullo

3174 2200 3440 2266 Conlagio
3475 2198 3686 2268 peccati
3726 2196 4106 2266 percucurrit,
4139 2195 4239 2250 sed
4283 2195 4438 2251 Deus
4469 2196 4751 2250 occultus
4779 2199 4835 2250 in

3177 2290 3410 2343 homine
3443 2303 3672 2355 semper
3715 2283 4092 2354 impassihilis
4145 2284 4382 2348 mansit,
4434 2291 4487 2339 et
4541 2285 4682 2340 licet
4733 2289 4834 2340 Dei

3179 2377 3359 2432 Filius
3393 2375 3610 2429 nullam
3647 2373 3880 2426 haberet
3908 2373 4229 2426 mumlandi
4254 2372 4336 2426 vel
4365 2375 4722 2443 puriticandi
4743 2392 4838 2428 ne-

3174 2465 3774 2525 CCbSlltltiil‘lt'lllJ‘i‘l‘lt)
3809 2467 4000 2514 tamen
4025 2461 4115 2514 die
4138 2461 4521 2516 determinato
4542 2467 4835 2533 tempore,

3177 2555 3474 2621 trigesimo
3507 2551 3769 2604 vidi-licet
3796 2551 3980 2604 zrtatis
4016 2569 4133 2603 suae
4165 2550 4490 2615 anno,illud
4524 2550 4838 2620 singulare

3175 2663 3238 2697 ac
3271 2641 3646 2710 singulariter
3677 2639 3929 2694 salutare
3963 2639 4300 2709 mysterium
4329 2639 4713 2710 baptismatis
4740 2659 4838 2695 su-

3176 2729 3756 2802 seepit,suscipiendo
3790 2729 4193 2790 sanctilicavit,
4226 2729 4654 2784 sanctiticando
4686 2747 4838 2784 cun-

3175 2821 3281 2875 ctis
3318 2819 3583 2873 lidelibus
3637 2823 3695 2871 ut
3749 2835 3848 2888 per
3895 2815 4038 2871 illud
4089 2817 4618 2883 sanctilicarentur,
4675 2836 4745 2873 ac
4789 2820 4836 2874 si

3175 2909 3405 2964 cwlcsle
3435 2907 3772 2960 donativum
3809 2905 4296 2960 contradiditﬁed
4319 2907 4463 2960 dum
4489 2907 4836 2978 baptizandi

3177 2998 3620 3070 possibilitatem
3654 2995 3937 3048 ministris
3971 2994 4235 3050 Ecclesiae
4285 2995 4599 3060 concessit,
4639 3002 4839 3068 potes-

3176 3093 3352 3142 tatem
3388 3085 3715 3156 baptizandi
3742 3083 3910 3154 quasi
3935 3084 4231 3153 quoddam
4253 3082 4480 3154 insigne
4507 3084 4622 3138 sibi
4651 3084 4842 3139 vindi-

3177 3194 3318 3230 cans
3353 3173 3679 3237 reservavit,
3718 3173 3869 3226 sicut
3899 3173 4096 3226 divina
4125 3189 4230 3226 vox
4263 3172 4322 3226 Β.
4355 3172 4568 3227 Joanni
4603 3173 4840 3228 homini

3178 3263 3372 3333 magni
3409 3262 3594 3316 meriti
3630 3262 3937 3323 nuntiavit,
3969 3261 4202 3331 quando
4251 3260 4520 3315 Christus
4551 3261 4628 3315 ad
4665 3262 4840 3317 illum

3177 3352 3363 3423 gratia
3395 3349 3722 3421 baptizandi
3757 3350 3949 3403 venire
4000 3366 4114 3403 non
4163 3348 4414 3404 distulit.
4446 3350 4628 3420 Super
4675 3368 4844 3422 quem

3178 3441 3396 3505 videris,
3433 3439 3641 3509 inquit,
3685 3440 3952 3508 Spiritum
3986 3436 4388 3492 descendentem
4417 3446 4468 3492 et
4513 3445 4844 3493 manentem

3175 3547 3335 3602 super
3364 3547 3505 3590 eum,
3542 3531 3652 3596 ipsc
3681 3537 3754 3580 cst
3787 3529 3883 3596 qui
3913 3527 4169 3598 boptiuit.
4199 3530 4216 3579 Ι
4227 3543 4327 3597 pse
4348 3526 4566 3581 etenim
4600 3530 4843 3583 amicus

3178 3618 3384 3689 Sponsi
3397 3659 3408 3681 ,
3437 3616 3619 3669 lidelis
3641 3615 3713 3668 hu
3726 3614 3994 3685 milisque
4012 3615 4394 3685 Prmcursor,q
4407 3632 4478 3669 uo
4494 3616 4649 3670 inter
4667 3624 4846 3671 natos

3181 3704 3516 3768 mulierum,
3553 3708 3697 3756 teste
3727 3701 4000 3766 \‘eritate,
4038 3719 4149 3756 non
4191 3703 4438 3756 surrexit
4473 3705 4708 3773 major;
4743 3705 4844 3760 ba-

3181 3795 3406 3865 ptizans
3439 3796 3493 3844 et
3515 3791 3873 3861 baptismum
3903 3791 4222 3862 przedicans
4241 3792 4386 3845 sicut
4405 3808 4572 3845 sacer
4593 3809 4849 3862 evange-

3183 3883 3329 3936 licus
3381 3897 3571 3934 sermo
3611 3878 3908 3934 describit.
3941 3879 4034 3933 Ait
4081 3878 4276 3934 enim:
4311 3881 4418 3948 Ego
4465 3882 4696 3951 quidem
4763 3901 4850 3936 vos

3184 3972 3400 4040 buptiLo
3428 3971 3483 4022 in
3516 3969 3782 4038 aquazqui
3806 3977 3988 4022 autem
4015 3973 4134 4039 post
4167 3985 4249 4023 me
4294 3973 4558 4024 venturus
4589 3979 4700 4037 est,
4738 3975 4853 4042 ipse

3186 4078 3269 4115 vos
3303 4060 3600 4128 baptizuhit
3636 4059 3692 4110 in
3723 4057 3934 4126 Spiritu
3967 4066 4150 4112 sancto
4181 4065 4232 4113 ct
4262 4059 4400 4126 igni.

3254 4147 3553 4214 Onomodo
3585 4145 3642 4199 in
3677 4146 3893 4216 Spiritu
3933 4151 4135 4200 sancto
4166 4152 4224 4200 et
4275 4146 4392 4216 igni
4427 4145 4719 4216 baptizat,
4757 4149 4854 4203 bo-

3185 4239 3386 4292 dierna
3421 4234 3702 4289 lestivitas
3731 4235 3872 4288 satis
3887 4240 4080 4304 aperte
4095 4252 4159 4288 ac
4177 4234 4848 4307 solemniterapprobat.

3186 4327 3359 4381 Beato
3415 4325 3566 4378 Luca
3619 4323 3974 4392 evangelista
4028 4324 4083 4377 in
4139 4324 4378 4378 Actibus
4433 4323 4848 4394 apostolorum

3187 4421 3478 4478 narrante,
3513 4414 3922 4482 cognoscimus
3967 4413 4102 4483 quia
4150 4420 4526 4484 apparuerunt
4573 4418 4849 4484 apostolis

3183 4505 3487 4575 dispertiat
3518 4502 3725 4568 lingnxr
3754 4510 4014 4572 tanquam
4050 4503 4213 4570 ignis.
4245 4501 4490 4572 seditque
4517 4518 4695 4572 supra
4730 4507 4848 4558 sin-

3184 4595 3338 4665 gulos
3369 4607 3558 4647 eorum
3606 4591 3846 4659 Spiritus
3885 4595 4126 4644 sanctus.
4179 4590 4418 4654 Idcirco,
4461 4588 4688 4644 dilecti:
4707 4592 4848 4646 simi

1495 4680 1680 4736 Natus
1711 4685 1800 4736 est
1820 4679 2086 4736 Christus
2118 4697 2185 4734 ex
2218 4678 2554 4749 incorrupta
2583 4679 2839 4749 Virgine,
2877 4684 2936 4733 ut
2969 4680 3072 4734 hu-
3103 4694 3148 4758 ι)
3181 4685 3407 4743 fratres,
3440 4679 3510 4733 de
3541 4686 3907 4733 sacramento
3935 4678 4511 4750 baptismatis,hodie
4531 4679 4620 4733 vel
4657 4683 4852 4736 modi-

1425 4784 1600 4824 mana
1619 4774 1891 4841 corrupta
1921 4769 2192 4824 nativitas
2219 4767 2274 4821 in
2309 4765 2630 4838 spiritalem
2660 4769 3076 4824 transferretur

1422 4855 1998 4932 originem.Legalem
2027 4856 2517 4927 voluitsuscipere
2541 4856 3067 4926 circumcisionem,

1421 4949 1487 5000 ut
1515 4947 1780 5017 ejusdem
1813 4945 1958 5020 legis
1989 4963 2052 5002 se
2080 4947 2508 5002 demonstraret
2540 4949 2859 5010 auctorem,
2879 4951 2934 5000 et
2967 4963 3070 5002 nos

1419 5036 1680 5108 exemplo
1699 5036 1826 5107 ejus
1857 5035 2224 5114 spiritalibus
2252 5033 2486 5104 gaudiis
2504 5033 2856 5101 circumcisi,
2894 5035 2948 5089 id
2981 5041 3069 5090 est

1419 5121 1750 5179 cmlestibus
1782 5122 2107 5194 disciplinis
2133 5122 2367 5187 eruditi,
2402 5123 2472 5175 ad
2503 5122 2782 5177 fabricam
2813 5122 3066 5179 cwlestis

1416 5210 1636 5267 aedificii
1655 5211 2024 5268 inveniamur
2046 5209 2478 5266 idoneiDcinde
2501 5229 2532 5265 a
2550 5211 2738 5282 magis
2761 5213 3061 5279 adoratus,

1412 5302 1532 5356 tres
1563 5298 1978 5373 significativas
2006 5298 2262 5370 suscepit
2280 5298 2500 5370 species
2525 5306 2931 5364 munerum,ut
2961 5301 3061 5372 qui

1413 5390 1539 5442 erat
1573 5403 1674 5458 pro
1729 5385 1900 5440 nobis
1933 5385 2194 5440 mortalis
2246 5387 2504 5440 ell'ectus.
2549 5387 2664 5441 Rex
2712 5387 3058 5445 sreculorum

1413 5473 1748 5529 crederetur
1777 5477 1832 5526 et
1863 5471 2366 5528 Dominus.Voluit
2385 5474 2558 5528 etiam
2594 5476 2648 5528 in
2675 5477 2892 5548 templo
2914 5495 3058 5549 pric-

1412 5561 1948 5628 sontari,turturem
1980 5565 2035 5616 ct
2064 5562 2394 5616 columbam
2421 5578 2523 5633 pro
2555 5579 2614 5618 se
2642 5565 3052 5635 voluitotl‘erri,

1411 5649 1558 5706 dans
1590 5649 1758 5706 nobis
1784 5649 2111 5722 exemplum
2145 5655 2365 5716 ut,cum
2403 5651 2471 5704 ad
2501 5649 2678 5706 altare
2697 5655 3050 5723 accedimds,

1410 5737 1780 5795 castitatiset
1844 5737 2186 5798 innocentia:
2254 5742 2708 5809 caeteraruinque
2771 5742 3050 5797 virtutum

3187 4788 3318 4826 cum
3352 4770 3541 4823 dicere
3575 4767 3766 4834 libuit,
3805 4768 4086 4838 quoniam
4119 4767 4262 4822 illud
4297 4768 4407 4822 isto
4457 4767 4516 4821 in
4570 4773 4849 4840 tempore

3179 4857 3510 4915 Christiana
3534 4855 3735 4924 religio
3767 4858 3956 4928 magis
3986 4874 4052 4912 ac
4085 4857 4276 4928 magis
4295 4872 4570 4928 peragere
4593 4872 4850 4912 consue-

3180 4944 3622 5015 vit.Baptizatur
3645 4943 3934 5009 Christus,
3967 4949 4026 5000 et
4059 4961 4174 4999 non
4209 4945 4382 5000 modo
4426 4945 4553 5015 jam
4583 4946 4848 5014 patriar-

3179 5035 3421 5090 charum
3456 5031 3757 5102 prodigiis,
3787 5050 3900 5087 non
3957 5033 4372 5104 prephetarum
4420 5031 4702 5094 oraculis.
4741 5036 4844 5089 sed

3177 5141 3314 5178 voce
3374 5120 3557 5177 Patris
3603 5121 3849 5176 dilectus
3903 5122 4082 5177 Filius
4130 5122 4534 5193 approbatur:
4591 5123 4708 5176 Hic
4769 5133 4848 5178 est

3175 5215 3327 5284 filius
3356 5227 3505 5265 meus
3535 5209 3845 5276 dilectus,in
3881 5229 3983 5282 quo
4027 5212 4168 5266 mihi
4211 5210 4557 5281 complacuit.
4605 5213 4690 5264 De
4721 5227 4843 5282 quo

3177 5299 3484 5356 Psalmista
3516 5315 3530 5352 :
3567 5301 3681 5353 [tear
3707 5300 3912 5364 dilecti,
3945 5300 4151 5354 dilecti.
4186 5300 4255 5354 Et
4304 5299 4374 5353 de
4405 5313 4520 5369 quo
4550 5297 4838 5353 Salomon

3175 5389 3232 5443 in
3265 5387 3518 5442 Canticis
3545 5402 3558 5443 :
3591 5387 3823 5441 Dilectus
3853 5405 3923 5442 ex
3951 5389 4164 5443 dilecto.
4202 5386 4435 5449 Deinde,
4469 5391 4679 5440 sancto
4725 5389 4837 5443 du-

3169 5484 3335 5532 cente
3375 5476 3618 5547 Spiritu,
3669 5476 3965 5531 desertum
4023 5476 4206 5548 petiit,
4257 5479 4528 5545 exempto
4583 5475 4834 5544 ,exactol

3165 5563 3660 5638 quadragesimali
3686 5565 4011 5633 jejunio,ut
4047 5570 4173 5636 pote
4196 5580 4367 5619 verus
4390 5563 4568 5617 homo
4593 5565 4836 5621 esuriit.

3164 5655 3377 5709 diaboli
3412 5659 3772 5708 tentamenta
3802 5654 3998 5708 divina
4014 5654 4226 5708 virtute
4250 5649 4588 5724 superavit:
4617 5651 4834 5708 deinde

3163 5741 3444 5814 angelico,
3481 5747 3550 5795 ut
3583 5759 3754 5798 verus
3787 5743 3886 5798 Dei
3912 5743 4119 5811 Filius,
4145 5757 4289 5798 usus
4316 5739 4836 5813 ministerio,post-
