4984 6458
590 2404 593 2439 ί
652 2403 925 2456 Lazarum
972 2395 1290 2463 suscitans,
1315 2396 1467 2467 quod
1499 2398 1587 2449 est
1636 2394 1773 2459 Dei;
1808 2394 2062 2449 amicum
2108 2393 2282 2461 ﬂevit,
2338 2388 2349 2403 ⁵

627 484 777 549 1017

2074 479 2521 547 SEBMONES.

3850 485 4007 551 1018

632 626 887 691 modum,
920 628 987 680 ut
1017 622 1196 681 Isaias
1223 623 1505 696 propheta
1544 620 1726 678 multo
1758 624 1889 677 ante
1940 619 2258 692 praecinuit,
2288 617 2347 685 Α
2375 624 2595 676 creator
2626 623 2681 675 et
2712 625 3014 678 rcnovator
3050 626 3137 678 est
3170 622 3345 680 totius
3378 622 3656 681 machina:
3689 627 3911 683 mundi.
3946 628 4005 684 Si

633 723 844 773 terram
873 713 1128 770 Zabulon
1158 717 1215 769 et
1247 717 1459 768 terram
1504 709 1836 784 Nephtalim
1882 709 2060 776 adiit;
2094 707 2264 763 habi-

636 804 889 862 tantibus
913 803 971 858 in
1006 802 1238 874 regione
1266 803 1483 857 umbris
1516 799 1723 855 mortis
1752 804 1808 855 et
1838 798 2176 853 sedentibus
2207 796 2265 850 in

636 893 883 949 tenebris
912 892 1113 946 lumen
1144 890 1404 946 veritatis
1433 888 1702 954 ostendit,
1721 888 2097 957 semetipsum
2110 885 2273 939 vide-

637 983 764 1037 licet
790 980 893 1053 qui
920 979 1100 1035 dixit:
1132 981 1258 1051 Ego
1284 995 1413 1035 sum
1445 977 1552 1035 tua:
1578 979 1798 1042 mundi,
1818 982 1875 1032 et
1906 976 1975 1031 de
2006 992 2121 1047 quo
2144 991 2273 1029 san-

640 1078 759 1127 ctus
790 1067 1148 1141 evangelista
1174 1085 1187 1123 :
1221 1069 1374 1123 Erat
1405 1070 1507 1123 lux
1535 1083 1676 1123 vera.
1705 1082 1828 1137 qua:
1857 1064 2144 1120 illuminat
2156 1080 2272 1118 oms

638 1176 759 1215 nem
790 1159 1076 1216 hominem
1096 1157 1409 1214 venientem
1439 1157 1502 1211 in
1529 1159 1677 1211 hunc
1706 1154 2023 1219 mundum;
2053 1151 2271 1207 vocatis

641 1246 957 1319 discipulis,
982 1245 1231 1301 caelestis
1261 1244 1581 1316 disciplinae
1613 1240 2272 1316 pertectionemtradidit

641 1342 738 1403 eis,
763 1340 889 1393 octo
905 1334 1334 1391 beatitudinum
1360 1334 1580 1406 species
1601 1331 1958 1399 disserendo,
1980 1330 2197 1386 fontem
2213 1345 2273 1384 se

643 1426 812 1482 totius
842 1422 1225 1479 beatitudinis
1254 1439 1381 1479 esse
1410 1420 1738 1478 declaravit.
1770 1422 1982 1493 Aperta
2011 1435 2272 1490 pronun-

644 1515 799 1570 tiavit
827 1514 885 1568 in
927 1513 1146 1584 quibus
1198 1512 1634 1577 mdiﬁcaremur,
1669 1510 1919 1565 obscura
1973 1505 2275 1579 proposuit

644 1604 699 1659 in
729 1603 941 1675 quibus
973 1600 1381 1656 excitaremur.
1402 1598 1764 1664 Quibusdam
1795 1614 1926 1653 vero
1960 1599 2274 1665 assumpta:

645 1692 829 1748 carnis
885 1689 1167 1757 motibus,
1202 1689 1303 1744 sed
1361 1704 1601 1760 prorsus
1658 1691 1888 1759 peccato
1945 1683 2276 1741 carentibus

646 1780 894 1837 hominis
923 1779 1115 1834 ﬁlium
1145 1794 1209 1834 se
1237 1794 1366 1833 esse
1395 1773 2092 1841 demonstrans,insolitis
2110 1772 2279 1827 mira-

644 1869 901 1925 culorum
933 1866 1215 1940 prodigiis
1245 1864 1523 1920 divinitus
1553 1863 1967 1931 adhibitis,Dei
1994 1861 2201 1917 Filium
2218 1878 2278 1916 se

647 1975 766 2014 esse
796 1960 1151 2022 contestans,
1185 1959 1241 2009 et
1272 1955 1353 2008 sic
1392 1953 1650 2008 humana
1682 1950 1913 2017 divinis,
1946 1950 2142 2006 divina
2172 1949 2278 2004 hu-

649 2047 831 2102 manis
860 2044 1295 2116 conjungendo,
1326 2060 1394 2096 ex
1423 2042 1651 2097 duabus
1683 2040 2027 2096 substantiis
2068 2040 2125 2094 in
2169 2055 2283 2093 una

650 2152 887 2208 persona
917 2133 1270 2205 praedicatur
1298 2130 1588 2195 Christus,
1620 2130 1772 2184 Deus
1803 2147 1971 2185 verus
2002 2132 2057 2183 et
2084 2128 2281 2191 homo,

715 2224 1027 2279 Videamus
1054 2220 1345 2293 quomodo
1375 2217 1663 2272 divinitati
1683 2216 2285 2272 famulabaturhuma-

654 2314 819 2377 nitas,
852 2310 933 2366 vel
967 2309 1262 2381 quomodo
1295 2305 1645 2362 humanitati
1704 2306 1932 2361 favebat
1986 2305 2280 2359 divinitas.

653 2489 799 2560 quod
821 2492 907 2543 est
927 2483 1209 2549 hominis,
1230 2488 1283 2539 et
1307 2484 1390 2538 sic
1413 2483 1483 2537 de
1509 2483 1750 2537 caeteris.
1770 2483 1901 2546 Sed,
1920 2486 1982 2536 ut
1999 2482 2069 2537 de
2082 2481 2284 2536 multis

589 2583 594 2619 ⁵
654 2594 831 2651 pauca
843 2564 1108 2632 referam.
1124 2573 1391 2628 Inﬁrmos
1413 2588 1645 2638 curans,
1660 2570 1973 2643 ingemuit;
1992 2570 2285 2626 famelicos

590 2672 591 2707 ξ
651 2682 906 2738 pascens,
939 2661 1141 2719 oculos
1171 2661 1244 2715 ad
1277 2659 1485 2715 coelum
1510 2658 1748 2725 levavit;
1781 2657 2100 2730 discipulos
2140 2658 2281 2714 allo-

651 2771 847 2826 quens,
880 2753 937 2807 in
969 2754 1233 2806 montem
1274 2747 1565 2814 ascendit;
1599 2746 1909 2819 languidos
1960 2764 2193 2812 curans,
2226 2748 2285 2802 in

592 2856 593 2885 ξ
652 2840 1072 2914 campestribus
1130 2837 1313 2901 stetit,
1346 2836 1634 2905 esuriens,
1666 2836 1961 2908 superavit
2016 2835 2282 2905 hostem;

589 2942 597 2977 ι
655 2930 923 2987 excitatus
951 2946 985 2984 a
1020 2922 1252 2989 somno‘,
1287 2930 1533 2997 pontum
1579 2925 1750 2994 jubet
1800 2940 1927 2980 esse
1973 2926 2234 2997 quietum
2269 2951 2284 2994 -,

590 3031 595 3065 ί
657 3020 868 3079 sitiens.
900 3013 1288 3073 Samaritanis
1317 3013 1648 3085 propinavit
1669 3012 1916 3069 salutem
1946 3031 1959 3079 ;
1993 3030 2125 3069 cum
2158 3015 2285 3086 capi

592 3120 596 3153 ε
655 3108 846 3175 voluit,
878 3105 1153 3161 inimicos
1186 3107 1508 3158 retrorsum
1548 3102 1752 3156 cadere
1809 3101 1976 3169 fecit;
2012 3102 2286 3169 moriens,

590 3208 597 3245 ε
657 3200 893 3252 mortem
915 3192 1155 3267 pertulit
1175 3196 1233 3247 et
1254 3191 1310 3245 in
1327 3194 1511 3245 morte
1532 3191 1658 3261 ejus
1672 3189 1863 3246 omnis
1877 3193 2140 3246 creatura
2153 3208 2287 3247 con-

592 3326 595 3331 .
657 3283 889 3356 gemuit.
922 3282 1108 3336 Morte
1137 3277 1352 3335 etenim
1382 3277 1595 3332 Christi
1628 3278 2037 3334 tenebrescunt
2065 3279 2292 3335 lumina

590 3656 597 3691 Ξ

590 3746 599 3779 [ς

590 3832 598 3867 ι

589 3924 595 3955 l

590 4032 595 4051 ›

658 3342 797 3439 ctuti,
832 3369 1184 3426 scinduntur
1238 3365 1528 3422 velamina
1583 3365 1808 3438 templi,
1838 3366 2102 3438 Captivos
2160 3368 2287 3423 red-
2316 3342 2366 3409 θ’

659 3459 742 3514 dit
784 3459 1025 3524 inferus,
1064 3456 1318 3510 rediviva
1377 3454 1656 3509 cadavera
1711 3453 1904 3509 tellus.
1966 3456 2029 3510 In
2084 3458 2292 3513 mortis

623 3546 994 3603 ~discrimine
1053 3543 1352 3599 hominem
1411 3558 1677 3614 agnosce,
1710 3541 1771 3596 in
1811 3543 2040 3598 virtutis
2097 3561 2292 3616 opera-

661 3636 812 3692 tione
866 3635 1045 3691 Deum
1094 3630 1373 3704 intellige.
1418 3631 1564 3685 Cum
1621 3630 1776 3685 enim
1827 3648 1860 3685 a
1905 3631 2151 3686 mortuis
2205 3651 2291 3689 re-

662 3724 922 3787 surrexit,
969 3720 1180 3779 saeculo
1241 3720 1419 3775 vitam
1489 3718 1763 3786 reddidit,
1825 3720 1949 3775 suis
2023 3720 2293 3778 ﬁdelibus

659 3829 815 3884 spem
866 3809 1209 3883 resurgendi
1261 3807 1568 3862 concessit.
1601 3806 1664 3861 In
1717 3806 2036 3863 divinitatis
2093 3815 2294 3880 poten-

659 3902 739 3957 tia
779 3899 991 3957 clausis
1040 3896 1247 3971 januis
1300 3897 1371 3951 ad
1435 3894 1755 3967 discipulos
1808 3895 2061 3964 intravit,
2095 3898 2154 3951 in
2206 3916 2293 3954 re-

661 3992 886 4061 sumpto
917 4002 1159 4060 corpore
1189 3984 1467 4057 stigmata
1488 3982 1778 4055 passionis
1803 3983 2118 4056 palpabilia
2137 4002 2296 4042 mon-

663 4082 821 4145 strat,
853 4076 1170 4133 ostendens
1219 4073 1374 4145 quod
1426 4072 1484 4126 in
1543 4072 1809 4127 eamdem
1865 4089 2038 4128 carne
2089 4091 2296 4130 sumus

590 4192 595 4225 ς
662 4165 1036 4222 resurrecturi
1068 4167 1126 4220 et
1141 4161 1408 4235 ampliori
1423 4159 1608 4232 gloria
1633 4160 1759 4216 sine
1778 4161 1889 4216 ﬁne
1903 4161 2217 4218 victuri.Et
2234 4168 2298 4219 ut

663 4271 827 4310 nemo
881 4252 1174 4309 difﬁderet
1203 4251 1275 4307 de
1321 4248 1507 4321 gloria
1562 4248 2020 4316 resurrectionis,
2062 4266 2292 4307 carnem

663 4358 831 4414 quam
866 4340 965 4398 Dei
999 4339 1182 4397 Filius
1198 4338 1447 4394 exnobis
1460 4335 1799 4408 assumpsit,
1819 4336 1891 4390 ad
1916 4335 2090 4392 oculos
2104 4355 2299 4394 ascen-

660 4426 801 4487 dens
831 4429 1132 4487 collocavit
1160 4445 1221 4500 in
1246 4427 1505 4482 dextram
1538 4425 1744 4491 Patris,
1767 4427 1831 4479 ut
1857 4440 1955 4480 eos
1986 4441 2092 4481 nos
2104 4443 2299 4482 ascen-

666 4533 830 4574 suros
863 4519 1195 4581 credamus,
1221 4531 1335 4587 quo
1369 4518 1546 4586 caput
1587 4517 1851 4568 nostrum
1906 4529 2013 4568 nos
2053 4531 2301 4585 praeces-

664 4605 804 4663 sisse
834 4605 1267 4680 cognoscimus.
1300 4604 1442 4658 Inde
1478 4601 1750 4657 ﬁdelibus
1780 4600 1951 4656 hodie
1999 4601 2058 4658 in
2091 4603 2297 4674 spiritu

2373 713 2689 765 creatorem
2717 714 2772 765 et
2800 715 3194 767 renovatorem
3228 712 3511 785 Spiritum
3541 719 3808 772 sanctum
3864 734 4007 790 pra:-

2373 797 2524 863 dico,
2575 797 2972 856 desideranter
3029 802 3381 873 propheticis
3428 804 3620 860 verbis
3667 805 4006 863 consentio:

2374 888 2589 953 Emitte,
2624 889 2833 959 inquit,
2863 891 3133 961 Spiritum
3159 895 3316 967 tuum
3345 901 3395 948 et
3444 895 3797 961 creabantur,
3829 903 3879 951 et
3926 912 4009 951 re-

2374 979 2597 1033 novabis
2624 980 2822 1048 faciem
2852 988 3032 1036 terrae.
3063 978 3122 1035 Si
3163 986 3567 1054 c00perantem
3620 983 3800 1039 totius
3831 984 4011 1039 divini

2379 1066 2568 1137 operis
2611 1082 2737 1121 esse
2778 1067 3107 1137 pronuntio,
3140 1069 3212 1123 ab
3244 1069 3584 1126 auctoritate
3626 1070 3832 1128 divinas
3862 1072 4011 1127 Scri-

2378 1158 2558 1225 ptura:
2592 1171 2704 1209 non
2728 1155 3025 1211 dissentio:
3058 1157 3297 1221 Quando
3328 1158 3481 1214 Deus
3514 1176 3615 1231 per
3641 1161 3895 1216 Verbum
3929 1160 4011 1215 fa-

2379 1242 2597 1297 bricam
2614 1243 2815 1298 mundi
2831 1246 3107 1309 condidit,
3123 1245 3371 1317 Spiritus
3383 1252 3620 1304 sanctus
3643 1265 4012 1321 superaquas

2381 1330 2692 1399 ferebatur,
2734 1331 2885 1387 sicut
2936 1333 3131 1389 divina
3178 1334 3391 1406 pagina
3422 1336 3648 1408 “divinis
3699 1336 4012 1393 lectoribus

2384 1418 2709 1474 innotescit.
2746 1420 3055 1493 Postquam
3099 1422 3285 1494 priore
3314 1424 3498 1495 gratia
3525 1424 3739 1481 invidia
3795 1427 4012 1482 diaboli

2382 1507 2588 1578 primis
2610 1507 2946 1566 hominibus
2976 1512 3261 1583 adempta,
3296 1513 3477 1585 pietas
3501 1514 3695 1569 divina
3731 1516 3803 1571 ad
3849 1516 4014 1587 agni-

2382 1596 2599 1650 tionem
2636 1598 2725 1652 sui
2770 1598 3066 1654 hominem
3111 1605 3448 1671 pereuntem
3497 1618 3760 1658 revocare
3812 1604 4012 1669 voluit,

2385 1684 2636 1755 Spiritus
2666 1691 2901 1743 sanctus
2932 1687 3289 1759 patriarchas
3320 1688 3569 1755 edocuit,
3592 1690 4019 1762 prophetasim-

2387 1774 2694 1845 plevit,Dei
2718 1775 2927 1832 Filium
2957 1776 3252 1848 Virginem
3286 1776 3606 1849 parituram
3633 1778 3835 1851 angelo
3869 1797 4017 1835 nun-

2387 1863 2567 1918 tiante
2592 1865 2980 1932 obumbravit,
3011 1882 3186 1937 super
3215 1866 3487 1922 eumdem
3512 1866 3808 1924 Christum
3838 1869 4022 1940 bapti-

2308 1981 2358 2046 B
2388 1956 2582 2007 zatum
2610 1953 2667 2007 in
2692 1954 2882 2025 specie
2914 1952 3193 2009 columbae
3219 1954 3465 2011 visibilis
3479 1956 3766 2028 apparuit,
3786 1956 3938 2013 idem
3960 1958 4019 2012 in

2390 2039 2577 2109 igneis
2608 2039 2823 2113 linguis
2853 2059 3029 2114 super
3058 2044 3348 2115 apostolos
3398 2043 3680 2101 hodierna
3718 2044 4024 2101 festivitate

2391 2130 2728 2196 descendit;
2763 2136 2816 2186 et
2845 2148 2995 2203 quos
3042 2148 3216 2203 puros
3266 2132 3535 2189 homines
3582 2133 3819 2199 invenit,
3852 2134 4021 2190 Deos.

2392 2216 2509 2271 imo
2557 2222 2613 2272 et
2642 2218 2739 2273 Dei
2800 2217 2949 2273 ﬁlios
2996 2236 3098 2291 per
3151 2219 3397 2291 gratiam
3457 2220 3785 2291 adoptionis
3816 2222 4022 2279 effecit.

2390 2305 2633 2362 Pulchre
2645 2306 2895 2378 Spiritus
2917 2311 3155 2362 sanctus
3169 2308 3318 2364 Deus
3331 2326 3396 2364 ac
3411 2308 3710 2376 Dominus,
3728 2314 4025 2366 creatorac

2393 2396 2938 2462 renovatordicilur,
2955 2396 3092 2467 quia
3108 2413 3254 2467 quos
3268 2397 3324 2450 in
3338 2397 3629 2468 baptismo
3651 2396 3846 2453 divina
3864 2415 4023 2469 rege-

2393 2484 2690 2539 neratione
2735 2489 2971 2548 recreat,
3008 2484 3354 2539 remittendo
3403 2490 3635 2556 peccata
3684 2504 3717 2540 a
3759 2485 4024 2560 contagio

2391 2571 2600 2627 veteris
2631 2571 2886 2626 hominis
2909 2576 3233 2638 renovat,et
3252 2571 3309 2626 in
3342 2572 3580 2628 secundi
3612 2573 3864 2630 hominis
3895 2589 4026 2647 spe-

2393 2660 2539 2716 ciem
2571 2660 2898 2715 renovando
2928 2663 3268 2716 commutat.

2465 2749 2545 2803 De
2575 2748 2772 2803 eodem
2808 2746 3015 2819 spiritu
3048 2755 3150 2820 p‘er
3181 2749 3548 2806 Psalmistam
3583 2751 3831 2807 dicitur:
3870 2753 4030 2808 Verbo

2395 2839 2624 2892 Domini
2651 2838 2771 2892 creti
2798 2838 3005 2908 ﬁrmati
3027 2842 3174 2904 sunt,
3200 2847 3251 2894 et
3277 2841 3478 2911 spiritu
3524 2841 3635 2895 oris
3689 2841 3804 2911 ejus
3854 2844 4031 2896 omnis

2398 2928 2568 2981 virtus
2598 2943 2803 2981 eorum.
2838 2926 2906 2980 Et
2934 2924 3207 2982 Salomon
3256 2927 3327 2983 de
3359 2944 3424 2983 eo
3459 2945 3472 2984 :
3507 2927 3765 2984 Omnium
3820 2931 4032 3001 artifex

2395 3014 2574 3071 docuit
2619 3031 2704 3069 me
2748 3016 3038 3086 sapientia.
3091 3015 3238 3080 Quia
3286 3015 3438 3072 sicut
3484 3017 3796 3088 Apostolus
3844 3018 4027 3073 dicit:

2396 3105 2558 3159 Nemo
2586 3107 2754 3174 potest
2784 3102 2962 3157 dicere
3020 3105 3285 3159 Dominus
3341 3106 3513 3162 Iesus.
3544 3107 3659 3161 nisi
3713 3107 3771 3161 in
3819 3106 4033 3178 Spiritu

2396 3196 2582 3248 sancto
2611 3212 2630 3259 ;
2661 3196 2717 3246 et
2747 3208 2761 3246 :
2795 3192 2957 3246 Nemo
2984 3192 3041 3246 in
3067 3194 3265 3263 spiritu
3308 3194 3410 3247 Dei
3457 3194 3679 3264 loquens
3727 3193 3861 3250 dicit
3902 3212 4034 3249 ana-

2397 3283 2575 3337 thema
2600 3281 2741 3336 Jesu.
2758 3279 2801 3335 Ο
2824 3284 3077 3351 quantus
3107 3284 3196 3334 est
3224 3279 3333 3334 iste
3355 3281 3580 3349 artifex,
3603 3298 3780 3353 quam
3802 3285 4030 3354 potens,

2399 3388 2576 3442 quam
2607 3369 2829 3429 efﬁcax.
2849 3367 2945 3439 qui
2981 3367 3133 3423 sicut
3161 3373 3493 3425 eum‘Patre
3523 3373 3577 3424 et
3604 3368 4034 3426 Filioomniaex

2401 3458 2582 3514 nihilo
2621 3457 2901 3523 condidit,
2935 3457 3015 3511 ita
3042 3461 3314 3529 corrupta
3362 3458 3551 3529 potuit
3589 3475 3874 3530 reparare,
3899 3475 4032 3514 cum

2399 3545 2618 3604 voluit!
2661 3551 2724 3601 In
2782 3545 2899 3601 illis
2954 3544 3213 3601 homiliis
3271 3563 3421 3618 quas
3468 3547 3541 3602 ad
3600 3545 3842 3620 gloriam
3893 3564 4036 3619 pra:-

2403 3635 2581 3693 seniis
2639 3634 2749 3689 diei
2810 3633 2924 3689 duo
2978 3633 3063 3688 illi
3115 3633 3490 3705 amplissima:
3530 3634 3891 3691 auctoritatis
3939 3635 4035 3691 de-

2403 3724 2667 3779 scribunt
2713 3721 2994 3794 Gregorii,
3045 3721 3310 3792 quaedam
3356 3723 3598 3794 spiritus
3665 3738 3839 3795 opera
3887 3722 4039 3778 nite-

2401 3818 2575 3870 scunt
2644 3809 3004 3884 principalia.
3055 3809 3186 3865 Ideo
3257 3809 3621 3883 principalia,
3672 3812 3949 3883 quoniam
4008 3828 4043 3867 a

2402 3901 2580 3957 tantis
2611 3898 2948 3955 auctoribus
2978 3901 3118 3952 sunt
3147 3897 3345 3953 festive
3377 3898 3620 3970 prolata.
3654 3898 3866 3955 Dicunt
3895 3916 4040 3972 quo-

2403 3987 2561 4044 niam
2615 3985 2868 4058 Spiritus
2943 3988 3179 4039 sanctus
3228 3984 3404 4040 David
3463 3986 3846 4041 citharmdum
3898 4002 4039 4058 pue-

2404 4094 2556 4144 rum,
2607 4072 2915 4145 multiplici
2966 4089 3073 4127 sua
3137 4073 3326 4145 gratia
3398 4072 3724 4144 prmditum,
3786 4074 4043 4146 provexit

2405 4166 2477 4221 ad
2506 4162 2664 4236 regni
2695 4151 3015 4233 fastigium.
3038 4161 3213 4215 Amos
3245 4165 3533 4232 agrestem
3565 4160 3860 4218 hominem
3917 4161 4037 4219 vel-

2404 4254 2675 4308 licantem
2725 4247 3058 4313 siccamina,
3093 4247 3355 4303 mirabili
3400 4250 3657 4320 potentia
3706 4249 3909 4306 ditavit
3935 4266 4039 4306 au-

2406 4339 2665 4397 ctoritate
2736 4335 3090 4409 prophetica.
3152 4336 3385 4392 Petrum
3469 4337 3724 4409 peritum
3790 4338 4040 4411 piscium

2406 4428 2689 4501 captione,
2714 4427 3002 4497 pastorem
3033 4421 3170 4479 fecit
3194 4422 3375 4479 totius
3404 4423 3692 4490 Ecolesize,
3710 4426 4041 4482 Matthaaum

2408 4515 2707 4590 publicum
2729 4517 3050 4568 exactorem
3081 4511 3474 4583 evangelicum
3498 4512 3630 4568 fecit
3649 4530 3777 4570 esse
3807 4515 4046 4587 scripto-

2409 4623 2552 4661 rem.
2588 4601 2738 4658 Fecit
2762 4619 2830 4657 ex
2856 4600 3028 4656 Saulo
3059 4600 3329 4667 Paulum,
3360 4606 3416 4657 et
3445 4619 3511 4657 ex
3540 4601 3676 4674 lupo
3707 4619 3945 4675 agnum,
3979 4620 4046 4657 ex

664 4698 863 4751 sancto
895 4695 998 4751 Dei
1030 4692 1262 4749 dilectio
1321 4690 1595 4758 mittitur,
1627 4708 1754 4763 quae
1804 4705 1907 4762 per
1960 4690 2302 4762 Apostolum
2336 4706 2382 4769 Ι)
2410 4695 2775 4767 persecutore
2805 4690 3390 4755 doctorem.Fratres,
3424 4696 3708 4762 quantum
3741 4694 3829 4747 est
3855 4690 4046 4746 homi-

662 4782 911 4840 charitas
929 4782 1288 4839 nominatur.
1322 4780 1594 4845 Charitas,
1628 4778 1841 4851 inquit,
1872 4779 1971 4833 Dei
1997 4778 2201 4850 iii/fusa
2224 4788 2303 4836 est

662 4872 718 4925 in
745 4865 995 4928 cordibus
1025 4873 1223 4927 nostris
1260 4886 1361 4942 per
1405 4869 1675 4940 Spiritum
1723 4875 1988 4933 sanctum,
2021 4869 2117 4939 qui
2143 4868 2300 4923 datus

663 4969 738 5015 est
782 4962 957 5017 nobis.
993 4958 1249 5032 Spiritus
1303 4957 1515 5014 etenim
1569 4961 1828 5023 sanctus,
1863 4955 2015 5011 Patri
2060 4960 2118 5011 et
2159 4958 2302 5013 Filio

662 5052 976 5104 coaeternus
1008 5053 1067 5103 et
1090 5044 1594 5111 consubtantialis,
1628 5061 1745 5099 non
1803 5043 1958 5099 sicut
2012 5043 2206 5099 minor
2246 5049 2304 5099 et

663 5135 861 5194 nolens
890 5135 1334 5202 transmittitur,
1368 5134 1469 5190 sed
1499 5133 1653 5189 sicut
1672 5131 1912 5204 aequalis
1940 5132 2176 5203 propria
2206 5150 2302 5188 vo-

665 5221 880 5281 luntate
928 5243 963 5279 a
990 5226 1107 5281 Deo
1154 5226 1323 5279 Patre
1360 5227 1416 5278 et
1467 5222 1626 5288 Filio,
1655 5221 1928 5289 mittitur,
1961 5220 2118 5291 quia,
2151 5220 2304 5276 sicut

662 5310 881 5369 Veritas
906 5312 1070 5379 dicit,
1100 5313 1341 5385 Spiritus
1368 5312 1467 5366 ubi
1494 5310 1612 5365 vult
1635 5311 1830 5382 spirat.

730 5394 1147 5458 Obmutescant
1172 5400 1272 5472 qui
1298 5400 1355 5454 in
1388 5398 1689 5454 divinitate
1718 5398 1998 5468 Spiritum
2032 5401 2301 5452 sanctum

665 5489 942 5546 minorem
966 5505 1096 5545 esse
1119 5488 1432 5554 somniant,
1458 5490 1513 5541 et
1534 5486 1633 5557 qui
1660 5486 1808 5539 inter
1839 5488 2131 5538 creaturas
2145 5500 2301 5540 crea-

662 5580 783 5632 tum
808 5595 936 5634 esse
968 5579 1415 5633 connumerant.
1450 5575 1575 5630 Non
1611 5577 1800 5646 potest
1827 5588 1955 5627 esse
1980 5571 2172 5625 minor
2202 5572 2302 5643 qui

661 5666 834 5721 totius
862 5665 1056 5740 operis
1086 5664 1266 5719 divini
1293 5663 1507 5734 legitur
1529 5667 1586 5718 et
1612 5660 1870 5717 creditur
1888 5676 2015 5715 esse
2031 5675 2302 5731 coopera-

666 5757 772 5809 tor.
816 5755 931 5811 Nec
961 5755 1117 5810 inter
1161 5756 1458 5808 creaturas
1512 5754 1702 5823 potest
1755 5746 2162 5804 connumerari
2201 5750 2301 5819 qui

2408 4798 2541 4837 nem
2573 4780 2644 4835 de
2674 4779 2788 4834 Deo
2820 4776 3180 4848 loqui?Quid
3211 4775 3342 4849 plus
3369 4776 3600 4833 dicam?
3625 4777 3823 4834 Dicam
3849 4778 4045 4833 tamen

2409 4868 2565 4940 quod
2595 4866 2803 4923 sentio.
2836 4864 3124 4937 Quidquid
3155 4871 3262 4932 est,
3294 4864 3579 4937 quidquid
3604 4866 3735 4932 fuit,
3763 4864 4046 4938 quidquid

2410 4971 2672 5028 unquam
2704 4971 2830 5010 esse
2862 4955 3006 5010 bene
3035 4954 3263 5025 poterit,
3296 4952 3474 5025 hujus
3519 4952 3760 5010 artificis
3810 4971 4050 5010 munere

2412 5061 2526 5100 non
2549 5042 2937 5098 carebit.Nam
2961 5041 3247 5114 quidquid
3279 5042 3544 5097 ordinem
3571 5047 3761 5098 servat
3778 5043 4046 5115 justitiaa,

2412 5132 2699 5205 quidquid
2730 5132 3051 5202 profectum
3094 5136 3329 5203 praestat
3384 5131 3728 5203 prudentiae,
3759 5130 4047 5205 quidquid

2380 5221 2610 5276 virtuti
2670 5219 2823 5274 cedit
2876 5218 3196 5287 victoriam,
3230 5219 3515 5293 quidquid
3568 5220 3874 5276 honestam
3916 5220 4051 5277 facit

2408 5307 2875 5380 temperantiam,
2903 5306 3187 5377 quidquid
3218 5312 3442 5363 rectum
3475 5308 3533 5363 in
3564 5308 3775 5376 fide,in
3811 5325 3911 5381 spe
3928 5324 4047 5363 cer-

2409 5401 2558 5463 tum,
2583 5396 2643 5450 in
2676 5393 2957 5450 charitate
2991 5396 3333 5466 perfectum,
3359 5400 3546 5451 totum
3578 5398 3648 5451 ah
3689 5396 3788 5451 illo
3813 5396 4045 5451 initium

2411 5491 2467 5540 et
2498 5488 2881 5556 augmentum
2914 5482 3179 5554 percipit,
3211 5483 3310 5554 qui
3360 5490 3700 5555 prmsentcm
3752 5485 3902 5537 diem
3946 5483 4043 5535 ad-

2410 5576 2620 5628 ventus
2652 5571 2741 5627 sui
2768 5569 3073 5642 praesentia
3104 5570 3447 5626 mirabiliter
3475 5569 3845 5627 consecravit.
3866 5568 4045 5637 Cujus

2380 5676 2387 5679 ·
2413 5677 2518 5715 nos
2546 5658 2732 5731 gratia
2759 5657 3084 5728 gratiﬁcati,
3102 5657 3324 5712 lumine
3343 5657 3641 5721 illustrati,
3656 5652 4043 5710 consolatione

2413 5747 2716 5815 consolati,
2736 5745 3051 5817 diligamus
3064 5745 3377 5802 Dominum
3390 5749 3653 5801 nostrum
3665 5741 3864 5797 Jesum
3886 5734 4041 5789 Chri~
