3886 6414
419 485 576 550 1019

1341 478 1405 542 S.
1453 478 1817 543 ODILONIS
1861 478 2426 545 GLUNIACENSIS
2467 483 2799 549 ABBA'I‘IS
2836 487 2910 550 ν.

3711 491 3833 555 itm

418 627 578 680 stum
613 635 914 678 sermones
945 617 1074 689 ejus
1105 616 1410 687 servando,
1446 620 1509 672 ut
1537 608 2062 688 dignimcreamur,
2095 616 2153 682 Α
2183 615 2428 686 intonat,
2465 620 2536 675 ad
2568 621 2991 679 Prmcursorcm
3023 625 3151 695 ejus
3172 622 3426 682 cmleste
3451 625 3832 699 magisterium

419 710 542 768 ﬁeri
583 708 914 776 dilectione,
947 707 1196 762 adventu
1229 709 1286 762 et
1327 705 1584 777 hospitio
1633 705 1732 761 Dei
1778 705 1966 761 Patris
2009 711 2068 761 et

418 799 572 866 Filii,
595 803 654 855 et
683 798 948 870 ejusdem
1001 796 1253 868 Spiritus
1304 794 1602 867 paracleti,
1633 794 1713 850 ita
1742 799 1804 850 ut
1853 795 1924 850 ad
1959 811 2066 851 nos

417 893 540 946 tota
570 887 828 944 Trinitas
866 885 1078 952 veniat,
1103 889 1161 940 et
1206 884 1494 957 templum
1544 901 1651 939 nos
1700 883 1895 955 gloriae
1947 902 2063 941 sum

417 975 800 1035 inhabitando
824 975 1085 1048 perﬁciat
1112 978 1264 1029 Deus
1288 973 1645 1039 unus,vivus
1671 977 1726 1028 et
1755 990 1945 1039 verus,
1963 974 2061 1044 qui

415 1069 638 1140 absque
667 1065 832 1122 initio
853 1071 911 1120 et
935 1065 1060 1121 sine
1091 1064 1206 1118 ﬁne
1235 1080 1340 1136 per
1383 1061 1615 1118 inﬁnita
1641 1062 1852 1119 saecula
1885 1082 2062 1119 suqu-

415 1158 605 1215 lorum
627 1154 769 1211 vivit
793 1159 850 1211 et
879 1157 1099 1226 regnat.
1133 1155 1338 1208 Amen.

1047 1260 1297 1318 SERMO
1335 1259 1400 1314 Χ.

517 1371 588 1410 DE
618 1367 952 1409 ADMIRABILI
995 1367 1406 1406 PRJ‘ICURSORIS
1443 1365 1668 1402 CHRISTI
1718 1365 1954 1402 JOANNIS

891 1429 1173 1478 na‘r'ris'ra;
1213 1437 1558 1476 NATIVITATB.

481 1515 687 1572 Ortum
707 1512 992 1569 Dominici
1027 1511 1407 1566 Prmcursoris
1440 1507 1824 1574 celebrantes,
1852 1509 2061 1564 fratres

409 1603 764 1661 charissinii.
788 1606 1003 1669 oportet
1043 1617 1149 1654 nos
1182 1598 1334 1654 ﬁdeli
1366 1598 1672 1654 devotione
1706 1598 2063 1670 perpendere

409 1698 662 1765 quantas
693 1693 912 1760 iileus
941 1689 1281 1744 memoriam
1313 1704 1449 1742 cum
1481 1686 1804 1756 gratiarum
1836 1685 2062 1742 actione

407 1781 612 1838 laudes
645 1781 760 1836 Deo
793 1779 1075 1834 debemus
1107 1775 1552 1849 persolvere.Ad
1578 1773 2060 1846 repellondasigi-

409 1875 505 1927 tur
531 1873 589 1925 et
633 1867 976 1940 etl‘ugandas
1005 1863 1390 1922 densissimas
1423 1881 1489 1918 ac
1528 1868 1708 1918 tetras
1758 1863 1967 1918 mortis
2000 1868 2060 1920 et

2176 714 2232 764 et
2261 726 2470 764 sensus
2493 709 2813 768 catholicus
2833 713 3241 770 convenienter
3261 715 3631 787 pertinuere
3649 716 3833 772 denun-

2177 796 2303 852 tiat.
2339 797 2520 854 Multo
2547 798 2723 854 etiam
2756 801 3016 872 apertius
3047 801 3097 856 ei
3125 801 3395 874 Spiritus
3426 809 3680 859 sanctus
3709 805 3833 858 testi-

2177 886 2440 942 monium
2473 887 2788 960 perhibuit,
2822 906 2939 962 quo
2970 889 3225 962 repletus
3247 892 3321 947 ad
3345 892 3685 947 adventum
3707 895 3833 964 geni-

2174 976 2340 1030 tricis
2372 976 2600 1031 Domini
2634 977 2873 1033 clausus
2901 978 3095 1034 adhuc
3125 981 3339 1036 matris
3376 986 3658 1049 utero,ut
3689 983 3834 1037 Evan-

2174 1065 2388 1137 gelium
2417 1065 2695 1138 loquitur,
2730 1084 2844 1122 non
2879 1073 3090 1123 natura
3119 1073 3472 1140 prmstante,
3519 1070 3628 1124 sed
3676 1072 3832 1142 gratia

2175 1158 2470 1210 annuente
2502 1155 2848 1210 mirabiliter
2877 1155 3345 1230 exsultavithse
3378 1158 3556 1214 enim
3577 1159 3832 1214 Dominus

2173 1241 2461 1309 Christus,
2495 1243 2588 1298 cui
2623 1242 3024 1300 testimonium
3075 1244 3170 1301 ille
3219 1245 3569 1318 perhibuit,
3605 1246 3830 1302 dicens:

2175 1333 2304 1387 Ecce
2342 1333 2522 1403 Agnus
2577 1335 2716 1399 Dei,-
2751 1350 2866 1388 ecce
2914 1336 3012 1405 qui
3067 1335 3210 1390 tollit
3257 1340 3568 1406 peccatum
3624 1335 3833 1396 mundi:

2173 1426 2433 1492 tempore
2465 1439 2581 1476 sua:
2612 1421 3065 1494 praedicationis,
3099 1424 3169 1479 de
3202 1424 3298 1478 illo
3333 1424 3502 1479 dixit
3535 1441 3550 1478 ε
3583 1429 3734 1482 Inter
3752 1444 3832 1478 nu-

2171 1519 2249 1566 tos
2280 1512 2578 1566 mulierum
2609 1529 2718 1566 non
2747 1515 2991 1567 surrexit
3019 1514 3196 1585 major
3220 1514 3448 1569 Joanne
3497 1515 3762 1584 Baptista,
3789 1519 3830 1567 et

2173 1617 2348 1671 quem
2385 1601 2534 1656 inter
2565 1607 2735 1656 natos
2759 1600 3073 1656 mulierum
3123 1602 3422 1673 majorem
3473 1601 3669 1658 fuisse
3694 1602 3833 1668 dixit,

2172 1687 2423 1744 levitatis
2453 1689 2590 1745 vitio
2620 1694 2676 1746 et
2707 1689 3000 1762 voluptate
3029 1689 3379 1747 deliciarum
3431 1708 3642 1747 carere
3687 1691 3829 1746 inno-

2173 1779 2304 1844 tuit,
2341 1779 2682 1850 prophetam
2711 1784 2768 1834 et
2795 1778 3111 1850 plusquam
3144 1779 3513 1852 prophetam
3558 1797 3693 1834 eum
3722 1795 3828 1834 esse

2170 1866 2442 1932 asseruit,
2476 1873 2723 1939 ctqucm
2759 1868 2881 1940 ipse
2903 1868 3162 1940 potentia
3191 1885 3308 1923 sua:
3341 1868 3692 1924 divinitatis
3720 1873 3824 1922 tan-

407 1957 1218 2032 ignorantiaatenebras,quas
1240 1953 2058 2008 tenebrarumauctormundo
2089 1987 2134 2052 Β
2167 1961 2361 2011 tarum
2393 1955 2672 2011 virtutum
2708 1961 2764 2011 et
2792 1956 3116 2027 gratiarum
3149 1956 3486 2033 privilegiis
3535 1957 3822 2020 dedicavit,

405 2047 720 2114 infuderat,
735 2048 1044 2100 venturum
1068 2046 1192 2098 erat
1221 2040 1421 2097 lumen
1445 2039 1788 2096 illuminans
1820 2057 2057 2096 omnem

407 2136 720 2193 mundum.
737 2133 954 2190 Idcirco
977 2147 1341 2202 consequens
1363 2134 1485 2185 erat
1508 2134 1572 2184 ut
1593 2128 1737 2184 illud
1769 2129 2057 2185 inetl‘abilo

403 2229 462 2282 et
489 2228 770 2280 aeternum
796 2221 1205 2292 temporalium
1229 2224 1284 2274 et
1298 2217 2058 2274 rationibiliumnumerosi-

403 2318 496 2370 tas
527 2312 874 2385 praecederet
900 2309 1292 2365 lucernarum.
1331 2307 1530 2364 Patres
1569 2307 1698 2363 dico
1760 2306 2056 2379 religionis

372 2393 376 2399 ’
403 2402 682 2474 antiquae,
713 2416 966 2473 quorum
992 2397 1331 2465 virtutibus,
1361 2396 1641 2469 exemplis
1673 2401 1730 2452 et
1779 2397 1954 2452 dictis
1989 2397 2055 2451 ﬁ-

402 2489 560 2547 deles
591 2487 790 2562 populi
821 2487 1135 2544 illuminati
1169 2491 1226 2542 et
1255 2485 1430 2553 docti,
1465 2485 1736 2541 discussa
1765 2490 2054 2556 perpetua:

401 2579 679 2636 caecitatis
704 2577 974 2648 caligine,
999 2593 1134 2632 cum
1159 2574 1304 2630 illud
1338 2575 1761 2647 superveniret,
1783 2574 1830 2629 si
1850 2592 1965 2629 non
1986 2591 2055 2630 ex

402 2673 548 2735 toto,
576 2666 666 2722 vel
718 2683 788 2722 ex
817 2669 978 2737 parte
1004 2668 1246 2736 possent
1291 2680 1625 2736 agnoscere.
1660 2664 1917 2718 Fuerunt
1947 2664 2055 2719 ita-

403 2773 538 2830 que,
573 2760 637 2811 ut
685 2753 962 2822 diximus,
995 2751 1266 2817 lucernae,
1295 2769 1408 2808 non
1449 2769 1484 2808 a
1536 2769 1618 2818 se,
1652 2769 1757 2807 nec
1796 2751 2052 2818 aliun'le,

404 2845 506 2902 sed
539 2844 610 2900 ab
641 2841 742 2899 illo
786 2859 1060 2914 supremo
1106 2840 1329 2896 lumine
1381 2840 1774 2906 illuminante,
1803 2841 2054 2898 cultores

401 2932 670 2990 videlicet
698 2930 1018 2988 caelestium
1053 2934 1496 3003 praeceptorum,
1531 2928 1626 2985 alii
1661 2935 1795 2986 ante
1842 2928 2052 3002 legem,

403 3021 502 3081 alii
535 3022 646 3079 sub
677 3019 823 3094 lege,
857 3018 954 3075 alii
986 3036 1118 3075 vero
1133 3018 1446 3091 judicium,
1481 3035 1684 3092 regum
1717 3025 1774 3074 et
1803 3020 2055 3092 pr0phe-

403 3117 596 3169 tarum
627 3109 1008 3182 temporibus,
1044 3109 1358 3165 Dominicaz
1391 3109 1708 3164 nativitatis
1738 3108 2050 3182 passionis,

401 3197 847 3258 resurrectionis
872 3203 928 3255 et
948 3197 1311 3256 ascensionis
1336 3197 1614 3272 mysteria
1632 3201 2051 3270 praeconantes,

403 3291 540 3347 Post
589 3306 760 3362 quos,
807 3287 1039 3344 Domini
1098 3288 1447 3355 Praecursor,
1495 3286 1752 3343 Joannes
1809 3285 2048 3342 effulsit.

2169 2049 2234 2099 ut
2266 2044 2604 2100 mortalium
2637 2046 2902 2100 omnium
2935 2046 3148 2101 merita
3178 2047 3528 2113 excederet,
3559 2043 3822 2118 Angelum

2166 2151 2202 2190 a
2227 2134 2342 2190 Deo
2368 2139 2722 2200 vocatum,et
2753 2135 2823 2189 ad
2857 2136 3306 2207 praeparandum
3331 2135 3452 2192 iter
3481 2135 3822 2192 salutisante

2167 2241 2228 2279 se
2261 2223 2512 2278 missum
2545 2223 2838 2296 propheta:
2881 2222 3177 2280 Malachia:
3228 2225 3480 2280 oraculo
3537 2225 3820 2287 referente,

2167 2312 2488 2384 perdocuit.
2517 2311 2576 2366 Si
2606 2311 2763 2366 enim
2807 2313 3052 2382 angelus
3100 2314 3312 2383 Graece,
3368 2313 3588 2369 Latine
3629 2311 3820 2368 dicitur

2165 2401 2434 2472 nuntius,
2468 2400 2675 2456 merito
2703 2400 2768 2467 Β,
2800 2400 3056 2458 Joannes
3087 2401 3425 2474 appellatur
3455 2400 3817 2474 angelus,qui

2166 2491 2457 2546 nascendo
2488 2490 2560 2544 de
2590 2488 2772 2545 sterili
2805 2495 3010 2558 matre,
3045 2491 3354 2547 nuntiabat
3373 2489 3814 2548 nasciturumde

2163 2579 2402 2652 Virgine
2429 2577 3008 2651 matre,praadicando
3025 2579 3330 2636 nuntiabat
3340 2581 3814 2653 praadicaturum,

2164 2668 2536 2740 baptizando,
2560 2668 3018 2740 baptizaturum,
3037 2669 3310 2741 patiendo
3323 2667 3811 2742 passurum,ejus-

2164 2775 2275 2830 que
2308 2757 2578 2830 passione
2609 2774 2798 2829 genus
2828 2757 3155 2814 humanum
3208 2759 3684 2831 redempturum.
3720 2752 3813 2820 Qui

2163 2847 2302 2902 vivit
2331 2850 2389 2902 et
2421 2851 2623 2918 regnat
2653 2861 2786 2901 cum
2820 2845 2936 2902 Deo
2969 2847 3138 2902 Patre
3170 2851 3227 2902 et
3257 2846 3480 2920 spiritu
3505 2850 3704 2904 sancto
3723 2857 3812 2916 per

2163 2935 2361 2992 omnia
2391 2934 2605 2992 saecula
2636 2933 3005 2991 saeculorum.
3034 2938 3240 2992 Amen.

2793 3042 3036 3098 SERMO
3076 3043 3168 3098 ΧΙ.

2331 3132 2390 3170 IN
2429 3130 2638 3170 VIGILIA
2679 3130 3096 3171 APOSTOLORUM
3138 3131 3302 3170 PETRI
3345 3130 3418 3171 ΒΤ
3460 3131 3655 3172 PAULI.

2231 3204 2294 3260 In
2327 3203 2558 3259 exordio
2584 3202 2914 3276 vigiliarum
2946 3203 3278 3276 apostolica:
3331 3200 3726 3260 solemnitatis
3747 3197 3804 3252 il-

2159 3292 2282 3350 lum
2315 3309 2564 3365 puerum
2617 3291 3023 3360 citharmdum,
3074 3293 3255 3348 David
3306 3292 3440 3350 dico
3495 3307 3688 3365 regem
3717 3303 3800 3360 po-

399 3379 500 3454 qui
523 3379 789 3436 omnium
823 3377 1288 3449 patriarcharum
1347 3376 1635 3448 prazconia
1664 3380 1722 3430 et
1777 3374 2050 3430 vaticinia
2079 3358 2124 3426 Ο
2160 3386 2380 3437 tentem
2435 3386 2492 3437 ει
2531 3381 2922 3439 fortissimum
2969 3381 3296 3438 Israelitica,
3347 3381 3545 3455 plebis
3591 3381 3802 3440 ducem,

397 3467 817 3540 prophetarum
846 3464 974 3520 luce
1005 3465 1313 3536 perspicua
1350 3463 1592 3520 deduxit
1619 3464 1689 3520 ad
1723 3463 2046 3536 publicum.

399 3555 503 3612 Hic
553 3555 712 3611 enim
769 3552 859 3608 vir
924 3557 1160 3608 sanctus
1235 3569 1352 3608 non
1420 3551 1612 3608 solum
1671 3553 1895 3623 justus,
1947 3553 2048 3609 sed

399 3642 576 3700 etiam
626 3658 695 3698 ex
750 3639 1091 3712 parentibus
1145 3639 1330 3709 justis
1396 3645 1652 3696 exortus.
1705 3640 1913 3697 Justus
1990 3642 2048 3696 in

401 3727 836 3804 praedicatione,
871 3728 1075 3798 justus
1131 3726 1190 3783 in
1249 3727 1404 3783 omni
1465 3729 2047 3802 conversatione,ju-

401 3822 529 3875 stus
567 3815 625 3872 in
687 3815 979 3890 passione.
1007 3816 1188 3887 Cujus
1237 3816 1618 3886 nativitatem,
1640 3817 1936 3890 justitiam
1993 3823 2051 3875 et

400 3905 792 3973 sanctitatem,
851 3909 910 3962 et
956 3923 1162 3962 omnes
1225 3905 1654 3963 sacratissimos
1726 3912 1891 3964 actus
1945 3910 2050 3967 Ga-

399 3994 548 4054 briel
609 3994 901 4051 nuntiavit
970 3994 1378 4068 archangelus,
1439 3996 1626 4069 stylus
1679 3997 1750 4053 ad
1809 3997 2047 4071 plenum

397 4085 709 4159 descripsit
739 4083 1131 4158 evangelicus.
1164 4084 1418 4157 Dignum
1439 4084 1604 4142 valde
1636 4091 1760 4142 erat
1790 4091 1853 4142 ut
1881 4105 2045 4160 puer,

393 4178 556 4232 tanta
640 4173 920 4246 prmditus
988 4173 1294 4246 dignitate,
1373 4173 1476 4230 tali
1556 4179 1862 4232 vocaretur
1942 4195 2048 4234 no-

397 4262 575 4320 mine.
592 4266 667 4318 Ut
686 4261 844 4319 enim
863 4263 1154 4334 majorum
1173 4266 1506 4318 nostrorum
1531 4268 1781 4320 testatur
1796 4266 2047 4322 auctori-

396 4357 507 4418 tas,
567 4350 688 4407 sive
764 4350 1098 4423 prudentia,
1149 4350 1406 4407 Joannes
1477 4351 1894 4425 interpretatur
1947 4355 2051 4412 Dei

393 4442 598 4512 gratia,
631 4439 751 4497 sive
789 4441 850 4496 in
907 4455 1011 4512 quo
1048 4449 1125 4496 est
1169 4442 1372 4511 gratia.
1406 4441 1642 4505 Quantae
1693 4441 2044 4510 sanctitatis,

397 4533 744 4603 quantaeque
775 4527 1027 4586 caelestis
1057 4527 1252 4601 gratia:
1285 4529 1518 4585 Domini
1540 4531 1869 4586 Praicursor
1897 4531 2046 4588 dita-

395 4623 494 4676 tus
517 4622 605 4674 est
635 4617 1188 4684 munere,humanaa
1219 4618 1476 4674 scientia:
1499 4636 1690 4675 sermo
1723 4637 1837 4676 non
1857 4625 2050 4693 potest

393 4706 689 4764 dicere.Et
715 4706 858 4780 quia
885 4706 956 4762 de
985 4723 1051 4764 eo
1081 4706 1351 4764 humanae
1365 4707 1620 4764 scientia:
1646 4725 1840 4764 sermo
1858 4709 2049 4766 dicere

395 4814 510 4854 non
529 4795 700 4863 valet,
733 4795 885 4868 quod
920 4797 992 4852 de
1022 4813 1087 4852 eo
1118 4800 1174 4853 et
1205 4797 1277 4852 ad
1313 4814 1448 4853 eum
1479 4797 1700 4854 dictum
1759 4803 1846 4854 est
1877 4797 2049 4854 silere

394 4903 509 4942 non
542 4885 732 4942 debet.
766 4883 916 4950 Quid
948 4889 1260 4956 praestatur
1299 4885 1522 4942 homini
1583 4889 1766 4953 tanto,
1801 4902 1934 4942 cum
1975 4887 2048 4942 de

393 4975 494 5033 illo
535 4972 804 5030 tantillus
851 4971 1114 5044 loquitur
1161 4973 1378 5030 homo?
1408 4974 1557 5040 Quid
1603 4973 1757 5031 valet
1795 4975 1866 5032 ad
1925 4975 2046 5031 haec

393 5063 682 5136 exiguitas
713 5060 992 5127 hominis,
1009 5062 1290 5133 quoniam
1311 5063 1382 5118 de
1403 5063 1502 5121 illo
1527 5081 1763 5120 summa
1783 5065 2046 5122 etinetl'a-

397 5151 532 5210 bilis
556 5150 817 5222 loquitur
847 5147 1146 5206 Trinitas?
1175 5151 1457 5224 Loquitur
1486 5152 1556 5208 de
1586 5170 1652 5209 eo
1685 5157 1837 5210 Deus
1879 5153 2046 5210 Pater

396 5241 456 5296 in
489 5237 741 5312 psalmo,
772 5235 1034 5308 loquitur
1064 5237 1220 5294 idem
1251 5239 1311 5296 in
1334 5240 1664 5314 Evangelio.
1694 5241 1757 5298 In
1790 5241 2040 5314 psalmo:

392 5328 600 5385 Paravi
628 5327 914 5380 lucernam
945 5325 1153 5380 Christo
1183 5344 1320 5383 meo.
1359 5333 1432 5384 De
1464 5347 1580 5402 quo
1611 5335 1853 5388 sanctus
1869 5349 2042 5388 evan-

393 5415 603 5492 gelista
633 5433 653 5469 :
685 5413 783 5469 Ille
809 5420 927 5468 erat
957 5413 1178 5469 lucerna
1219 5416 1415 5472 ardens
1445 5426 1493 5474 et
1523 5419 1726 5477 luemus.
1760 5420 1824 5476 In
1857 5421 2042 5476 Evan-

393 5506 565 5580 gelio.
621 5509 804 5575 Super
859 5517 1014 5570 quem
1077 5503 1276 5558 videris
1331 5506 1602 5576 Spiritum
1642 5509 2045 5566 descendentem

393 5604 444 5650 el
485 5600 816 5654 manentem,
871 5591 982 5659 ipse
1017 5599 1095 5643 est
1143 5607 1236 5661 qui
1283 5593 1543 5664 baptisat.
1595 5597 1868 5659 Quaedam
1911 5616 2044 5655 vero

391 5681 751 5744 testimonia,
789 5693 916 5746 quae
947 5674 1198 5747 Spiritus
1235 5686 1472 5736 sanctus
1506 5700 1609 5754 per
1639 5684 1848 5741 Isaiam
1871 5693 1928 5742 et
1953 5689 2045 5743 Je-

389 5773 632 5832 remiam
677 5770 739 5826 in
789 5762 1024 5820 Domini
1069 5763 1380 5825 Salvatoris
1429 5787 1678 5842 persona
1716 5774 2046 5846 specialiter

2159 3471 2260 3543 qui
2288 3475 2453 3527 tanta
2484 3470 2584 3526 Dei
2614 3471 2804 3542 gratia
2832 3475 2890 3526 et
2918 3471 3280 3544 providentia
3328 3471 3615 3544 prmditus
3637 3470 3720 3524 est
3747 3467 3802 3517 ut

2157 3579 2226 3616 ex
2257 3561 2385 3631 ejus
2418 3560 2738 3633 propagine
2787 3559 2962 3634 Virgo
3015 3559 3350 3633 eligeretur,
3410 3578 3484 3618 ex
3543 3574 3659 3632 qua
3711 3552 3798 3608 Dei

2159 3647 2340 3705 Filius
2372 3665 2584 3720 corpus
2617 3653 2826 3704 nostra:
2845 3649 3265 3721 redemptionis
3281 3646 3796 3722 susciperet,istum

2158 3742 2390 3793 tantum
2423 3753 2490 3792 ac
2520 3736 2695 3792 talem
2727 3742 3060 3794 cantantem
3094 3737 3364 3805 audistis,
3388 3743 3603 3794 etcum
3634 3751 3696 3789 eo
3714 3730 3795 3786 la:-

2158 3826 2233 3883 tis
2265 3826 2505 3884 vocibus
2535 3829 2592 3882 et
2621 3825 2734 3899 piis
2765 3827 3075 3883 aﬂectibus
3105 3827 3388 3884 cantastis
3424 3846 3438 3884 :
3492 3826 3632 3885 Caeli
3653 3835 3792 3879 enar-

2157 3924 2284 3972 rant
2309 3916 2544 3988 gloriam
2569 3917 2749 3983 Dei,et
2777 3932 2940 3987 opera
2962 3932 3233 3972 manuum
3251 3920 3374 3988 ejus
3396 3915 3698 3973 annuntiat
3721 3909 3798 3978 ﬁr-

2155 4012 2516 4062 mamentum.
2571 4003 2757 4060 Caelus
2812 4004 3168 4069 audivimus,
3231 4005 3670 4062 ﬁrmamentum
3725 3996 3792 4050 vi-

2157 4094 2376 4152 dimus.
2409 4093 2594 4150 leos
2622 4093 2872 4167 gioriam
2913 4095 3013 4151 Dei
3064 4099 3426 4164 enarrantes,
3481 4097 3792 4150 ﬁrmamen-

2158 4188 2284 4239 tum
2315 4183 2700 4240 annuntians.
2732 4183 3073 4247 Quaeramus
3103 4187 3158 4240 et
3194 4183 3503 4241 videamus
3549 4180 3645 4254 qui
3675 4176 3796 4234 sunt

2158 4273 2255 4328 isti
2286 4272 2501 4338 coeli,et
2529 4274 2824 4344 quomodo
2855 4277 3131 4329 enarrant
3160 4271 3408 4346 gloriam
3440 4272 3627 4340 Dei,et
3655 4260 3790 4340 quod

2156 4365 2247 4418 est
2277 4363 2800 4429 ﬁrmamentum,et
2827 4361 3080 4435 qualiter
3109 4379 3284 4435 opera
3331 4363 3430 4419 Dei
3484 4353 3789 4420 annuntiat.

2157 4451 2282 4506 Non
2317 4451 2476 4506 enim
2506 4451 2904 4507 introduceret
2933 4468 3126 4508 sermo
3159 4451 3535 4524 propheticus
3567 4443 3791 4523 εὶοτὶιξιη

2159 4539 2258 4596 Dei
2292 4543 2635 4595 enarrantes
2679 4539 2877 4608 cmlos,
2924 4557 3029 4596 nec
3073 4557 3251 4613 opera
3315 4541 3412 4597 Dei
3455 4532 3792 4597 annuntians

2157 4629 2622 4697 ﬁrmamentum,
2677 4627 2790 4684 nisi
2870 4629 3253 4701 spiritualiter
3331 4628 3503 4686 vellet
3563 4613 3788 4688 intelligi

2079 4734 2126 4798 Ι)
2156 4707 2452 4789 apostolos
2482 4719 2540 4770 et
2569 4715 2922 4788 apostoticos
2947 4717 3102 4774 viros
3155 4734 3335 4789 super
3362 4713 3788 4798 fundamentum

2161 4810 2218 4862 et
2247 4807 2686 4860 ﬁrmamentum
2736 4805 2872 4862 ﬁdei
2920 4806 3305 4862 immobiliter
3352 4806 3706 4864 constitutos.
3736 4791 3785 4847 Si

2157 4911 2291 4949 vero
2322 4892 2728 4966 propheticum
2759 4912 3086 4952 sermonem
3113 4896 3184 4952 ad
3216 4895 3473 4952 litteram
3492 4888 3787 4958 intelligere

2154 4981 2450 5054 volumus,
2511 4980 2779 5038 dicamus
2837 4983 2976 5056 quia
3032 4987 3174 5039 tunc
3229 4984 3353 5040 cceli
3411 4983 3646 5058 gloriam
3699 4967 3784 5028 Dei

2155 5076 2433 5126 enarrant
2463 5072 2701 5144 quando
2731 5072 2916 5128 solem
2947 5077 3006 5128 et
3033 5072 3238 5128 lunam
3268 5077 3326 5130 et
3356 5071 3575 5139 stellas,
3589 5068 3644 5124 in
3672 5073 3782 5118 sese

2154 5159 2690 5233 compositas,miro
2719 5162 2924 5218 ordine
2948 5163 3075 5218 suis
3106 5161 3470 5235 temporibus
3499 5163 3782 5231 repraesen-

2152 5253 2300 5316 tant,
2348 5253 2408 5306 et
2449 5250 2890 5307 firmamentum
2931 5267 3106 5322 opera
3152 5250 3254 5306 Dei
3301 5249 3623 5314 annuntiat,
3663 5250 3778 5295 cum

2153 5343 2313 5395 astra
2342 5337 2470 5394 coeli
2502 5339 2561 5394 in
2592 5356 2654 5396 se
2685 5344 2742 5396 et
2771 5339 2965 5396 lucere
3003 5343 3061 5396 et
3108 5339 3326 5395 moveri
3376 5326 3774 5414 praemonstrat.

2153 5427 2279 5484 Non
2310 5428 2468 5483 enim
2495 5433 2919 5502 consequenter
2947 5428 3054 5495 sic,
3088 5429 3188 5484 sed
3238 5428 3430 5501 magis
3485 5418 3776 5488 intelligi?re

2153 5516 2492 5590 spiritaliter
2523 5519 2829 5574 debemus.
2866 5519 3139 5591 Figuram
3161 5533 3297 5572 vero
3339 5515 3527 5591 magis
3580 5505 3694 5567 οωὶὶ
3720 5513 3776 5556 ac

2155 5607 2590 5662 ﬁrmamentum
2606 5607 2961 5680 spiritalium
2977 5607 3282 5662 doctorum
3297 5610 3546 5678 possunt
3559 5598 3770 5688 retinere

2153 5711 2332 5766 quam
2363 5693 2610 5766 gloriam
2637 5695 2739 5751 Dei
2769 5701 2828 5751 et
2855 5712 3032 5767 opera
3065 5712 3347 5750 manuum
3371 5696 3504 5768 ejus
3525 5691 3593 5750 ad
3623 5687 3772 5756 liqul‘

2153 5781 2297 5839 dum
2327 5783 2747 5841 demonstrare.
2783 5785 2934 5840 Sunt
2961 5783 3120 5840 enim
3149 5782 3271 5838 haec
3302 5782 3588 5840 elementa
3635 5770 3773 5831 nulla
