4984 6416
584 494 698 561 m
2098 506 2533 571 FERMONES.
3253 494 3261 499 ’
3856 500 4017 581 i022“

632 633 1144 706 irrationabilia,
1176 639 1278 695 sed
1333 638 1549 695 caelesti
1603 639 1813 697 virtute
1854 646 1909 697 et
1939 641 2133 696 divina
2165 660 2255 697 sa-
2288 644 2340 706 Α
2370 649 2499 696 erat
2537 661 2661 698 cum
2692 636 2806 700 illo
2834 663 2845 711 ;
2878 654 2932 701 et
2959 663 3071 701 non
3101 654 3181 701 est
3214 647 3275 702 in
3304 644 3435 703 alio
3466 645 3669 722 aliguo
3698 649 3877 721 salus,
3911 669 4011 708 nee

591 724 801 781 .entia
838 724 1289 783 rationabiliter
1317 732 1372 783 et
1403 726 1696 800 sapienter
1717 730 2019 802 disposita.
2041 732 2106 785 Et
2127 730 2262 803 quia
2367 730 2540 786 aliud
2569 748 2770 789 nomen
2788 738 2870 789 est
2898 736 3000 789 sub
3027 734 3166 789 caelo
3195 734 3402 790 datum
3436 734 3785 802 hominibus,
3813 738 3873 793 in
3902 754 4012 810 quo

591 833 675 870 .m
720 815 1140 889 praenuntiati
1174 816 1384 889 psalmi
1418 833 1629 872 sensus
1660 823 1854 873 noster
1883 820 1953 874 ad
1985 818 2258 889 litteram,
2368 826 2636 892 oporteat
2666 838 2767 876 nos
2796 820 2992 877 salvos
3019 822 3169 891 ﬁeri.
3188 822 3405 878 Paulus
3427 824 3604 879 etiam
3630 824 4012 883 nihilominus

586 922 691 959 me
733 904 1004 972 occidit,
1038 905 1307 977 dignosci
1357 923 1471 961 non
1518 906 1688 973 valet,
1722 924 1954 963 necesse
2003 913 2090 963 est
2132 909 2262 981 Spi-
2370 909 2576 974 ccnlum
2627 914 2726 965 aut
2779 911 3214 966 ﬁrmamentum
3277 911 3457 967 fuisse
3489 915 3544 967 et
3575 929 3703 969 esse
3737 915 4015 987 creditur,

580 998 743 1059 .tus,
789 993 909 1066 qui
947 993 1223 1062 viviﬁcat,
1257 998 1320 1048 ut
1352 993 1689 1066 spiritaliter
1734 994 2133 1068 intelligamus
2160 1016 2262 1053 nos
2370 1013 2500 1051 cum
2521 999 2593 1052 ab
2619 1014 2683 1052 eo
2702 998 2923 1053 dictum
2949 998 3127 1055 fuisse
3144 999 3387 1072 legitur:
3410 1003 3458 1059 0
3477 1000 3739 1058 altitudo
3763 1004 4015 1061 divitia-

559 1082 957 1155 piritaliter
980 1083 1203 1138 doceat.
1220 1082 1595 1156 Apertissime
1617 1083 1770 1139 enim
1795 1089 1951 1157 patet
1972 1086 2262 1157 spiritales
2371 1101 2499 1140 rum
2520 1087 2829 1155 sapientia:
2855 1096 2910 1143 et
2930 1088 3185 1145 scientia?
3199 1090 3511 1161 Dei,quam
3536 1092 4018 1160 incomprehensi-

545 1172 751 1227 mlos
834 1174 1085 1227 sanctos
1144 1170 1326 1226 fuisse
1374 1176 1429 1225 et
1477 1188 1604 1227 esse
1662 1172 1977 1244 apostolos.
2014 1173 2071 1230 Si
2103 1176 2261 1230 enim
2370 1174 2515 1230 bitia
2542 1180 2673 1229 sunt
2683 1176 2934 1246 judicia
2963 1177 3106 1246 ejus,
3136 1182 3192 1231 et
3242 1178 3683 1249 investigabiles
3709 1182 3819 1236 viae
3848 1186 4015 1253 ejus!

545 1260 755 1316 celos
834 1259 1103 1315 dicimus
1162 1277 1310 1331 quos
1360 1261 1877 1332 prmstantissimos
1926 1263 2167 1327 scimus,
2203 1264 2260 1318 in
2368 1264 4018 1340 QuisenimcognovitsensumDomini,autquisconsilia-

547 1350 787 1406 rdine
829 1350 1151 1404 doctorum
1183 1366 1288 1420 per
1315 1349 1543 1404 diversa
1570 1353 1833 1422 tempora
1862 1356 2262 1424 contempora-
2369 1352 2495 1406 rius
2521 1355 2647 1423 ejus
2676 1351 2832 1425 fuit?
2856 1354 3141 1423 Quoniam
3173 1372 3244 1409 ea:
3275 1356 3495 1424 ipso,et
3525 1372 3631 1424 per
3654 1358 3843 1426 ipsum
3866 1365 3921 1415 et
3953 1362 4015 1416 in

539 1440 706 1493 ium
756 1454 1060 1499 suorum,
1091 1437 1345 1509 profecto
1378 1436 1471 1492 isti
1504 1442 1642 1492 sunt
1672 1437 1795 1493 coeli
1829 1439 2126 1503 cmlorum,
2162 1440 2258 1494 isti
2373 1441 3019 1509 i])sosunt0mnia;ipsi
3040 1448 3290 1497 honoret
3312 1445 3505 1515 gloria
3524 1446 3585 1499 in
3603 1445 3815 1501 sa‘cula
3837 1463 4014 1503 saecu-

554 1530 699 1581 unt
748 1527 1053 1580 doctores
1084 1525 1410 1589 doctorum,
1437 1526 1728 1598 principes
1760 1528 2127 1599 populorum,
2159 1528 2260 1583 ﬁlii
2374 1525 2587 1582 lorum.
2617 1535 2814 1584 .lmen.
2844 1531 2910 1584 Et
2932 1530 2988 1584 in
3020 1529 3133 1585 alio
3156 1530 3278 1586 loco
3305 1548 3317 1586 :
3340 1534 3484 1602 Quis
3510 1550 3611 1589 nos
3643 1538 3947 1607 separabit
3975 1555 4014 1592 a

543 1613 1248 1685 'xcussorum,qui,ob
1279 1615 1550 1668 meritum
1586 1631 1808 1686 magnae
1841 1617 1970 1671 ﬁdei
1996 1618 2258 1683 Abrahae,
2367 1615 2669 1672 charitate
2684 1618 2947 1673 Christi?
2976 1618 3408 1685 Tribalatio,an
3422 1624 4011 1692 angustia,anperse-

544 1702 840 1758 naxixni
887 1701 1257 1775 patriarcha),
1291 1702 1474 1757 etl‘ecti
1508 1707 1646 1758 sunt
1678 1702 1800 1773 ﬁlii,
1835 1705 1904 1759 de
1955 1705 2167 1777 quibus
2202 1706 2258 1761 in
2367 1707 2549 1773 cutio,
2571 1723 2647 1760 an
2677 1707 2886 1780 fames,
2902 1722 2980 1761 an
3010 1707 3264 1772 nuditas,
3288 1724 3367 1763 an
3396 1709 3746 1778 perieulum,
3770 1729 3847 1766 an
3874 1712 4015 1784 gla-

549 1792 824 1847 isalmo
866 1789 1129 1863 Spiritus
1161 1796 1400 1846 sanctus
1433 1791 1697 1847 Ecclesia:
1729 1791 1987 1866 loquitur
2015 1794 2213 1849 dicens
2243 1812 2255 1849 :
2366 1794 2535 1848 (lius?
2562 1798 2751 1850 Certus
2778 1812 2896 1849 sum
2927 1797 3075 1849 enim
3117 1797 3249 1867 quia
3288 1813 3461 1868 neque
3482 1814 3648 1865 mors,
3682 1815 3853 1870 neque
3880 1803 4012 1868 vita,

553 1891 670 1936 "'ro
703 1881 1034 1953 patribus
1062 1881 1181 1935 suis
1212 1882 1342 1936 nali
1363 1886 1493 1935 sunt
1525 1882 1637 1936 tibi
1663 1880 2146 1953 ﬁlii;conslitues
2164 1901 2261 1939 eos
2366 1899 2539 1953 neque
2595 1884 2797 1953 angeli,
2858 1899 3031 1955 neque
3100 1886 3468 1955 principatus,
3528 1903 3701 1957 neque
3766 1889 4014 1956 virtutes,

558 1969 1088 2040 irincipessuper
1102 1984 1323 2023 omnem
1347 1974 1596 2024 terram.
1613 1969 1756 2024 Cum
1778 1970 1931 2025 enim
1956 1972 2185 2028 Petrum
2205 1978 2259 2026 et
2291 2007 2337 2070 Β
2367 1982 2537 2043 neque
2571 1973 2851 2037 instantia,
2884 1988 3056 2042 neque
3078 1973 3362 2042 fortitudo,
3387 1990 3558 2044 neque
3576 1976 3827 2046 altitudo,
3846 1994 4017 2049 neque

564 2057 844 2114 Paulum
888 2054 1065 2111 coelos
1096 2056 1367 2121 dicimus,
1395 2066 1511 2111 non
1542 2058 1612 2113 ab
1640 2057 1738 2113 illo
1769 2058 1992 2115 excelso
2028 2061 2260 2115 nomine
2291 2054 2336 2070 υ
2369 2060 2720 2131 profundum,
2746 2078 2917 2132 neque
2944 2069 3194 2116 creatura
3224 2062 3340 2116 alia
3362 2064 3563 2133 poterit
3592 2081 3689 2120 nos
3717 2082 4017 2137 separarea

570 2148 721 2202 alios
779 2145 1104 2218 apostolos
1151 2144 1537 2201 excludimus.
1566 2146 1780 2203 Omnes
1829 2165 1964 2220 ergo
2017 2150 2257 2220 apostoli
2370 2150 2636 2205 charitate
2692 2152 2813 2220 Dei,
2874 2164 3000 2221 qua?
3063 2158 3140 2205 est
3203 2152 3263 2205 in
3322 2152 3539 2208 Christo
3592 2158 3728 2209 Iesu
3785 2158 4016 2212 Domino

573 2238 695 2306 iure
724 2237 1048 2290 vocantur
1073 2232 1219 2298 coeli,
1238 2251 1339 2305 per
1360 2251 1507 2305 quos
1530 2236 1784 2290 mundus
1808 2237 2038 2307 agnovit
2056 2239 2264 2293 doetri-
2370 2243 2572 2293 nostra.

580 2342 713 2379 nam
754 2340 927 2378 vera:
963 2320 1284 2393 ﬁdei.Ergo
1314 2323 1544 2377 Petram
1571 2327 1626 2377 et
1655 2323 1899 2379 Paulum
1932 2326 2105 2383 cmlos
2128 2327 2263 2382 dici-
2442 2325 2501 2381 Si
2533 2324 2663 2396 quis
2695 2324 2817 2379 vult
2846 2324 2992 2379 seire
3023 2341 3157 2379 vera
3186 2342 3312 2380 esse
3341 2343 3468 2397 quae
3516 2328 3765 2384 breviter
3792 2348 4007 2404 prepo-

586 2430 717 2468 Inus
754 2417 821 2468 et
882 2427 1371 2483 unumquemque
1423 2411 1653 2467 illorum
1706 2414 2139 2470 ﬁrmamentum
2180 2416 2262 2470 Γει-
2373 2413 2622 2479 suimus,
2647 2412 2798 2485 legat
2829 2412 3148 2467 studiosius
3178 2415 3352 2468 Actus
3383 2414 3776 2485 apostolorum
3798 2422 3853 2473 et
3876 2420 4010 2491 Epi-

585 2506 810 2556 temur.
1653 2574 1657 2575 ν
2371 2502 2552 2556 stolas
2591 2502 2918 2563 amborum,
2951 2505 3006 2555 et
3044 2517 3176 2555 cum
3222 2518 3319 2556 eos
3372 2501 3654 2559 invenerit
3712 2506 4007 2575 ditl‘usius,

654 2588 945 2644 Primum
973 2586 1274 2642 videamus
1297 2604 1413 2659 qua
1432 2574 1771 2644 auctoritate
1794 2589 2118 2646 divinarum
2144 2593 2259 2647 Lit-

591 2684 866 2733 terarum
920 2675 1293 2749 appellantur
1336 2675 1485 2743 coeli,
1515 2694 1632 2748 qua
1687 2678 2006 2735 assertione
2068 2681 2259 2753 Scrip-

593 2772 735 2822 turae
772 2767 1232 2820 ﬁrmamentum
1266 2764 1574 2832 dicantur;
1609 2766 1814 2822 deinde
1854 2770 2145 2839 quomodo
2176 2769 2260 2825 vel

593 2854 859 2926 qualiter
893 2852 1145 2926 gloriam
1180 2853 1278 2907 Dei
1311 2859 1601 2919 enarrent,
1638 2871 1814 2926 quam
1866 2856 1978 2912 alte
2030 2862 2087 2913 et
2130 2876 2262 2930 pro-

591 2942 777 2999 funde
826 2959 1015 3015 opera
1045 2940 1143 2997 Dei
1177 2941 1544 2997 annuntient.
1574 2941 1699 2997 Non
1758 2944 1914 2999 enim
1968 2944 2262 3003 immerito

597 3032 726 3087 cmli
758 3033 1061 3087 vocantur
1089 3029 1615 3102 apostoli,Domino
1639 3031 1861 3088 dicente
1885 3050 1987 3105 per
2009 3035 2212 3091 Isaiam
2246 3055 2258 3092 :

595 3120 827 3179 Cwlum
859 3119 1013 3174 mihi
1035 3119 1203 3174 sedes
1232 3126 1336 3183 est,
1369 3122 1424 3173 et
1451 3119 1659 3185 iterum
1694 3120 1991 3193 Scriptura
2018 3140 2029 3178 :
2054 3126 2263 3182 Anima.

591 3210 741 3282 iusti
769 3208 943 3263 sedes
973 3212 1057 3261 est
1076 3207 1481 3275 sapientia’Et
1506 3207 1553 3262 si
1587 3208 1783 3263 anima
1805 3210 1949 3280 justi
1979 3212 2145 3269 sedes
2175 3219 2263 3269 est

596 3297 934 3370 sapientiae,
970 3298 1026 3351 et
1055 3294 1266 3350 cozlum
1317 3295 1483 3350 sedes
1532 3295 1631 3350 Dei
1663 3300 1768 3361 est,
1802 3297 1998 3353 anima
2025 3299 2172 3354 Petri
2205 3307 2261 3356 et

595 3360 804 3441 anima
838 3383 1008 3440 Pauli
1042 3384 1210 3439 sedes
1242 3387 1380 3437 sunt
1403 3384 1526 3451 Dei,
1555 3386 1610 3439 et
1641 3385 1807 3440 sedes
1855 3391 1992 3441 sunt
2029 3388 2257 3461 sapien-
2290 3360 2332 3426 Ο

592 3476 707 3541 tite,
744 3474 912 3530 sicut
946 3473 1070 3545 ipse
1108 3471 1317 3526 Paulus
1349 3473 1559 3527 asserit
1589 3472 1900 3529 Dominum
1940 3475 2259 3547 Christum,

590 3564 692 3619 Dei
730 3563 1047 3626 virtutem,
1082 3561 1300 3632 Deique
1346 3560 1692 3632 sapientiam
1735 3579 1881 3630 esse,
1913 3568 1969 3619 ct
1999 3564 2047 3619 si
2088 3583 2264 3638 super

589 3651 921 3718 humilem,
957 3653 1013 3704 et
1044 3649 1307 3721 quietum
1340 3652 1395 3704 et
1427 3654 1768 3705 trementem
1800 3652 1973 3707 verba
2017 3671 2123 3709 sua
2152 3655 2261 3710 Do-

588 3742 801 3797 minus
827 3736 1199 3811 requiescere
1222 3754 1281 3792 se
1302 3736 1607 3809 promittit,
1631 3738 1828 3810 procul
1852 3740 2029 3796 dubio
2052 3742 2109 3797 in
2134 3743 2261 3800 istis

586 3832 797 3885 sedem
836 3844 963 3883 suae
995 3826 1316 3881 divinitatis
1360 3826 1682 3892 constituit,
1717 3827 1774 3882 in
1807 3829 2020 3899 quibus
2050 3832 2259 3889 sedens

2371 2589 3219 2644 abundantiusetmanifestius
3242 2589 3484 2662 gloriam
3519 2592 3618 2646 Dei
3650 2600 4007 2662 enarrantes,

2371 2683 2426 2732 et
2457 2695 2630 2749 Opera
2662 2695 2942 2732 manuum
2976 2678 3101 2749 ejus
3131 2678 3567 2745 annuutiantes,
3601 2682 3795 2737 credat
3819 2685 4015 2740 certis-

2372 2766 2518 2820 sime
2550 2783 2647 2821 eos
2679 2767 3114 2820 firmamentum
3172 2766 3351 2822 fuisse
3411 2771 3467 2822 et
3521 2768 3717 2824 cmlos.
3768 2770 3890 2825 Non
3926 2776 4015 2827 est

2374 2853 2585 2910 Paulus
2615 2854 2855 2909 inferior
2884 2854 3354 2926 Petro,quamvis
3385 2854 3481 2911 ille
3510 2857 3774 2914 Ecclesia:
3807 2859 4013 2916 funda-

2373 2949 2656 2998 mentum.
2688 2943 2831 2997 Nam
2882 2947 2938 2997 et
2980 2941 3073 2997 hic
3131 2942 3366 3014 sapiens
3423 2944 3792 3012 architectus,
3826 2947 4014 3005 sciens

2369 3031 2613 3104 vestigia
2626 3030 2983 3086 credentium
3010 3030 3252 3085 fundare
3273 3031 3753 3102 pepulorum,nec
3776 3035 4012 3105 Paulus,

2371 3120 2633 3191 inquam,
2654 3118 2929 3190 indignus
2961 3118 3357 3189 apostolorum
3390 3118 3801 3192 collegio.Cum
3823 3122 4014 3194 primo

2372 3209 2587 3281 quippe
2619 3206 2783 3263 facile
2802 3206 3208 3273 conferendus,
3241 3212 3298 3261 et
3330 3205 3473 3261 nulli
3506 3210 3801 3265 secundus
3828 3229 3840 3279 ;
3876 3228 4011 3266 nam

2371 3298 2469 3368 qui
2497 3313 2559 3351 se
2582 3297 2865 3367 imparem
2900 3294 3102 3360 nescit,
3134 3295 3226 3350 Dei
3252 3294 3635 3365 praeveniente
3658 3297 3846 3368 gratia
3875 3299 4012 3353 fecit

2373 3383 2677 3456 aequalem.
2710 3383 2893 3437 Ambo
2920 3400 2953 3438 a
2982 3382 3207 3437 Christo
3237 3384 3442 3447 vocati,
3478 3384 3649 3440 ambo
3683 3384 3739 3439 in
3780 3386 4009 3443 Christo

2373 3474 2620 3529 ﬁdeliter
2670 3472 3013 3536 conversati,
3048 3473 3219 3527 ambo
3252 3490 3285 3527 a
3325 3473 3553 3529 Christo
3583 3472 4007 3545 gloriosissime

2372 3563 2650 3619 coronati.
2683 3562 2841 3617 Alter
2896 3566 3135 3616 vocatus
3164 3563 3235 3617 de
3265 3561 3474 3630 littore,
3509 3561 3655 3617 alter
3684 3564 4011 3636 appellatus

2370 3652 2445 3705 ab
2475 3651 2701 3706 aathere.
2735 3649 2834 3705 Ille
2864 3650 2935 3704 de
2977 3650 3318 3721 piscatione,
3350 3650 3458 3706 iste
3488 3652 3560 3705 de
3591 3655 4007 3723 persecutione,

2368 3744 2425 3795 et
2453 3740 2665 3794 idcirco
2697 3738 2910 3810 duplici
2940 3744 3079 3794 sunt
3108 3739 3267 3812 digni
3301 3740 3538 3806 honore,
3557 3739 3697 3811 quia
3726 3742 3902 3798 simul
3934 3743 4015 3798 la-

2369 3828 2718 3883 boraverunt
2746 3828 2803 3882 in
2834 3828 3007 3883 verbo
3037 3831 3088 3882 et
3124 3828 3548 3897 praedicatione.
3581 3833 3863 3885 Caeterum
3898 3832 4010 3887 fra-

582 3926 633 3975 et
667 3916 973 3974 habitans
1003 3915 1293 3971 mundum
1326 3915 1437 3970 sibi
1472 3915 1698 3980 sternit,
1732 3921 1787 3971 et
1818 3933 1918 3988 per
1946 3936 2043 3974 eos
2073 3920 2259 3976 ﬁdeli-

578 4008 695 4063 bus
721 4004 976 4079 populis
1000 4004 1110 4059 iter
1130 4002 1342 4058 salutis
1364 4004 1434 4058 ad
1468 4005 1577 4074 [ac]
1608 4003 1757 4058 viam
1789 4022 1933 4060 vera:
1960 4006 2257 4064 humilita-

579 4096 653 4151 tis
678 4092 982 4150 ostendit.
999 4090 1414 4163 Cognovimus,
1430 4091 1729 4163 Scriptura
1745 4096 2256 4161 testante,Petrum

581 4189 631 4238 et
680 4180 954 4237 Paulum
1010 4177 1303 4252 spiritales
1362 4195 1489 4234 esse
1547 4179 1759 4248 caelos;
1790 4180 2089 4239 videamus
2126 4184 2256 4241 illos

582 4272 954 4327 enarrantes
974 4267 1077 4323 Dei
1108 4266 1378 4339 gloriam,
1400 4283 1513 4322 non
1539 4267 1777 4333 nostris,
1800 4269 1898 4324 sed
1931 4286 2131 4327 eorum
2164 4273 2255 4346 ip-

2367 3921 2505 3986 tres,
2535 3916 2753 3971 domini
2788 3916 3044 3971 seniores
3092 3921 3149 3970 et
3198 3920 3408 3987 patres,
3441 3933 3691 3987 quorum
3732 3920 4011 3989 praedica-

2367 4021 2501 4059 mus
2531 4004 2764 4059 initium
2807 4004 2912 4075 pia:
2956 4002 3370 4067 conversionis,
3403 4009 3461 4058 et
3509 4004 3641 4060 ﬁdei
3690 4009 3747 4059 et
3792 4012 4010 4063 sancta:

2366 4091 2819 4149 conversationis
2878 4096 3234 4163 provectum,
3272 4108 3471 4147 eorum
3531 4092 3669 4154 libet
3714 4097 3771 4148 et
3818 4093 4007 4151 dicere

2364 4179 2766 4237 admirabilem
2805 4183 2861 4235 et
2904 4178 3324 4251 praedicabilem
3377 4179 3613 4234 exitum.
3647 4180 3875 4237 Scimus
3922 4187 4006 4238 et-

2364 4270 2518 4326 enim
2547 4269 2812 4333 Romam,
2845 4272 2909 4323 ut
2941 4267 3067 4340 ipsa
3117 4284 3250 4322 cum
3285 4271 3402 4323 toto
3432 4267 3569 4324 orbe
3610 4267 3722 4323 sibi
3772 4270 4007 4326 subdito

584 4375 793 4415 sarum
830 4355 1257 4414 sacratissimis
1276 4355 1487 4411 verbis.
1503 4356 1703 4411 Nonne
1725 4359 2032 4414 enarrabat
2053 4360 2254 4417 Petrus

585 4447 846 4519 gloriam
874 4443 999 4510 Dei,
1014 4443 1249 4516 quando
1272 4442 1499 4499 dicebat
1519 4460 1580 4499 se
1603 4444 2021 4516 speculatorem
2036 4449 2251 4506 factum

588 4552 717 4591 esse
760 4532 1026 4589 caelestis
1059 4548 1127 4587 ac
1158 4531 1365 4586 divinae
1396 4531 1841 4605 magnitudinis,
1875 4538 1931 4588 et
1960 4537 2251 4609 accepisse

591 4622 918 4679 Dominum
948 4621 1155 4677 Jesum
1187 4637 1221 4675 a
1251 4620 1367 4675 Deo
1414 4621 1579 4675 Patre
1611 4620 1889 4677 honorem
1919 4628 1974 4677 et
2004 4623 2247 4696 gloriam

2362 4359 2643 4430 gloriatur
2669 4363 2724 4412 et
2755 4357 3045 4429 praedicat,
3063 4356 3270 4411 horum
3295 4357 3697 4428 prmdicatione
3718 4358 4004 4427 edoctam,

2361 4447 2570 4502 horum
2622 4444 2903 4517 sanguine
2953 4448 3372 4512 consecratam,
3412 4443 3621 4500 horum
3676 4446 3901 4503 meritis
3948 4453 4008 4503 et

2360 4534 2667 4608 praesentia
2696 4534 2767 4589 de
2796 4532 2972 4588 variis
3002 4534 3296 4589 erroribus
3327 4533 3385 4587 in
3409 4533 3693 4589 unitatem
3722 4534 3853 4589 ﬁdei
3883 4552 4008 4607 per-

2359 4628 2667 4680 mutatam.
2703 4622 2834 4678 Fuit
2866 4622 2922 4676 in
2955 4622 3228 4677 conﬂictu
3259 4627 3317 4678 et
3343 4622 3751 4695 congressione
3782 4628 4006 4681 sancto-

594 4728 726 4767 voce
746 4709 1079 4781 delapsaad
1095 4724 1231 4764 eum
1248 4708 2249 4783 hujuscemodiamagniﬁcagloria:
2280 4721 2326 4786 Ι)
2360 4728 2489 4766 rum
2524 4711 2667 4765 ﬁdes
2698 4711 2885 4777 ﬁrma,
2918 4727 3050 4781 spes
3083 4713 3239 4765 certa
3265 4714 3323 4764 et
3361 4709 3837 4766 victoriosissima
3867 4712 4003 4767 cha-

598 4799 785 4854 Hicest
802 4795 993 4854 Filius
1008 4796 1236 4851 meusdi
1240 4794 1436 4861 lectus,
1452 4801 1513 4852 in
1525 4798 2153 4869 quomihicomplaeui;
2173 4805 2247 4857 et:

565 4938 569 4949 ,
607 4892 763 4943 Hanc
793 4901 991 4941 vocem
1030 4900 1135 4940 nos
1185 4885 1522 4941 audivimus
1568 4886 1642 4940 de
1673 4889 1810 4943 calo
1829 4889 2090 4957 allatam,
2124 4907 2252 4945 cum

610 4991 847 5031 essemus
868 4990 999 5030 cum
1016 4974 1142 5043 ipso
1169 4974 1232 5028 in
1253 4979 1442 5029 monte
1470 4981 1684 5029 saneto.
1700 4973 1901 5051 Nonne
1922 4976 2249 5034 ﬁrmamen-

616 5070 732 5121 tum
756 5068 879 5121 erat
908 5064 1115 5119 Petrus
1147 5079 1280 5117 cum
1313 5063 1540 5118 dicebat
1573 5079 1585 5118 :
1620 5065 1870 5122 Obedire
1889 5073 2115 5137 Oportet
2142 5069 2251 5124 Deo

624 5155 798 5229 magis
810 5170 978 5229 quam
996 5152 1325 5207 hominibus
1341 5152 1515 5207 i’Cum
1528 5152 1683 5207 enim
1698 5152 1836 5207 deos
1858 5153 2251 5226 alloqueretur

633 5246 775 5299 stans
800 5242 857 5299 in
886 5241 1081 5297 medio
1130 5239 1317 5311 plebis
1367 5240 1425 5294 in
1488 5241 1856 5296 ﬁrmamento
1912 5258 2056 5297 vera:
2116 5244 2247 5299 ﬁdei

642 5330 762 5387 dixit
788 5349 802 5388 ς
834 5332 968 5387 Viri
990 5330 1249 5401 fratres,
1280 5344 1376 5384 eos
1402 5329 1559 5383 scitis
1586 5329 1740 5401 quod
1766 5328 1992 5403 factum
2021 5340 2101 5387 est
2131 5348 2247 5388 ver-

651 5418 756 5477 bum
776 5437 871 5494 per
890 5420 1238 5475 universam
1268 5417 1549 5483 Juda'am,
1566 5417 1849 5486 incipiens
1866 5420 2017 5474 enim
2034 5437 2071 5475 a
2090 5419 2249 5476 Gali-

609 5534 615 5549 ι
660 5507 739 5566 Lm
773 5518 879 5583 post
937 5506 1325 5579 baptismum,
1364 5505 1516 5576 quod
1568 5505 1917 5575 prtedicarit
1970 5512 2246 5577 Joannes,

657 5602 795 5657 Iesum
810 5618 841 5657 a
855 5591 1483 5662 Nazareth,quomodo
1510 5594 1679 5647 unxit
1695 5607 1824 5647 eum
1850 5598 2000 5649 Deus
2019 5596 2247 5668 Spiritu

655 5701 802 5750 sancto
831 5700 876 5748 et
903 5686 1162 5742 virtute.
1198 5678 1308 5747 Qui
1347 5680 1729 5749 pertransivit
1759 5683 2161 5752 benefaciemto
2190 5694 2244 5739 et

644 5783 853 5847 sanando
874 5784 1090 5835 omnes
1116 5781 1417 5837 oppressos
1444 5784 1485 5825 α
1510 5767 1764 5836 diabolo,
1796 5773 2073 5842 quoniam
2103 5774 2246 5827 Deus

2361 4799 2501 4855 ritas
2527 4817 2540 4863 ;
2575 4799 2684 4853 fuit
2714 4804 2913 4854 contra
2943 4815 3041 4853 eos
3085 4798 3267 4871 impia
3313 4798 3557 4854 Neronis
3582 4799 3916 4867 crudelitas,
3948 4806 4007 4856 et

2356 4887 2610 4943 Simonis
2641 4887 2791 4960 Magi
2825 4887 3244 4942 nefandissima
3275 4887 3499 4943 falsitas
3525 4904 3539 4954 ;
3570 4885 3782 4943 horum
3814 4887 4004 4945 insec-

2356 4976 2573 5031 tatione
2603 4976 2808 5031 Petrus
2840 4975 2994 5030 cruci
3044 4976 3272 5042 afﬁxus,
3307 4975 3520 5032 Paulus
3559 4974 3744 5048 capite
3774 4976 4001 5050 plexus,

2358 5064 2503 5120 alter
2531 5078 2742 5135 passus
2773 5079 2962 5127 cruce,
2987 5063 3135 5119 alter
3163 5068 3462 5120 truncatus
3494 5080 3649 5120 ense.
3685 5064 3843 5121 Idem
3876 5081 4005 5137 pas-

2357 5152 2541 5208 sionis
2570 5151 2753 5217 locus,
2786 5169 2892 5223 par
2919 5156 2976 5207 et
3010 5152 3321 5224 sepultura
3350 5151 3598 5208 loculus.
3633 5153 3856 5211 Meritis
3886 5155 4005 5211 fue-

2357 5246 2494 5296 runt
2549 5239 2817 5311 aequales,
2862 5243 2918 5294 et
2966 5239 3235 5311 passione
3289 5257 3475 5313 pares,
3537 5240 3784 5298 ccslestis
3839 5244 4002 5316 regni

2355 5329 2633 5396 hmredes,
2680 5332 2736 5382 et
2782 5327 2995 5383 Christi
3046 5329 3392 5384 cohaeredes.
3428 5329 3534 5394 Qui
3582 5347 3728 5402 quos
3756 5332 3998 5399 vocavit,

2358 5423 2422 5473 ut
2446 5418 2590 5472 alter
2610 5417 2853 5471 istorum
2887 5417 3114 5479 asserit,
3150 5417 3282 5472 illos
3310 5423 3366 5471 et
3388 5418 3754 5488 justiﬁcavit,
3775 5425 3831 5475 et
3853 5436 3999 5491 quos

2348 5503 2858 5577 justiﬁcavit,illos
2890 5508 2945 5558 et
2977 5504 3387 5577 magniﬁcavit,
3412 5510 3467 5559 et
3490 5522 3638 5577 quos
3671 5507 4001 5578 magniﬁca-

2353 5594 2452 5659 vit,
2474 5592 2604 5648 illos
2626 5597 2681 5647 et
2702 5590 3059 5663 gloriﬁcavit.
3084 5592 3642 5664 Quorumjustitiam
3666 5593 3989 5657 incitantes,

2353 5686 2410 5739 et
2441 5679 2899 5753 magnitudinem
2929 5679 3222 5736 laudando
3254 5681 3714 5753 magniﬁcantes,
3734 5680 3803 5733 ad
3828 5675 3987 5731 illam

2354 5769 2597 5843 gloriam
2652 5785 2982 5824 mereamur
3028 5769 3370 5841 pertingere,
3406 5769 3476 5822 ad
3523 5782 3695 5837 quam
3725 5764 3853 5817 illos
3881 5760 3984 5813 ho-
