4984 6448
1470 412 1625 480 1033

2389 414 2454 475 8.
2501 409 2857 476 ODILONIS
2903 409 3460 473 CLUNIACENSIS
3507 411 3843 475 ABBATIS
3885 409 3958 472 V.

4728 409 4878 472 1024

1463 551 1672 607 dierna
1708 549 1804 606 die
1854 549 2238 623 praedicamus
2295 551 2350 605 et
2388 531 2696 604 credimus
2747 547 3097 619 pervenisse.
3131 547 3188 613 Α
3217 564 3412 619 peros
3447 547 3699 620 Virginis
3724 547 3995 603 audiebat
4028 546 4200 602 verba
4229 544 4460 602 Domini
4481 548 4870 619 pertonantis,

1466 639 1675 698 Amen.

2092 727 2328 784 SERMO
2365 727 2485 783 XII.

1677 837 1746 875 DE
1782 834 2176 874 ASSUMPTIONE
2215 834 2302 871 DEI
2341 833 2654 872 GENITRICIS
2696 833 2910 870 MARI.E.

1541 907 1805 980 Congrue
1843 906 1986 962 satis
2018 911 2074 960 et
2091 905 2497 960 convenienter
2533 905 2760 959 videtur
2783 922 2815 958 a
2839 904 3108 960 Patribus

1469 996 1648 1054 fuisse
1669 996 1978 1061 sancitum,
2005 999 2064 1050 ut
2089 995 2143 1049 in
2171 994 2452 1050 memoria
2467 994 2694 1051 Domini
2715 993 3019 1049 Genitricis
3041 1011 3107 1048 ea

1467 1086 1739 1142 recitatur
1765 1083 2093 1155 evangelica
2123 1083 2311 1151 lectio,
2344 1101 2472 1152 quae
2523 1087 2722 1138 narrat
2777 1082 2906 1138 illas
2959 1083 3107 1138 duas

1466 1178 1660 1232 mente
1689 1177 1746 1228 et
1775 1189 1947 1228 carne
1977 1189 2203 1227 sorores
2235 1172 2544 1227 Dominum
2574 1173 2775 1227 Jcsum
2809 1173 3105 1244 excepisse

1461 1259 1845 1334 hospitio.Cui
1867 1259 2022 1315 enim
2049 1257 2147 1315 illa
2168 1259 2412 1314 venienti
2436 1261 2490 1314 in
2513 1261 2796 1314 mundum
2819 1259 3104 1330 templum

1462 1347 1806 1423 prwparavit
1857 1347 2068 1403 virtute
2126 1347 2343 1402 cmlesti
2404 1354 2694 1404 sacratum
2728 1353 2785 1402 et
2817 1354 3104 1419 perpetuae

1457 1437 1776 1510 virginitati
1811 1436 2164 1500 dedicatum,
2187 1435 2323 1491 huic
2356 1437 2498 1504 ista},
2525 1443 2588 1492 ut
2618 1436 2992 1508 Evangelium
3018 1436 3102 1491 lo-

1458 1527 1679 1600 quitur,
1705 1523 2039 1597 temporalis
2095 1525 2476 1580 habitationis
2508 1529 2979 1598 prazparaverunt
3002 1526 3100 1579 do-

1460 1632 1646 1682 mum,
1671 1618 1723 1669 et
1745 1613 1850 1684 piae
1876 1613 2256 1668 li:.xua..i.atis
2279 1631 2342 1667 ac
2366 1613 2773 1668 sincerissima:
2805 1613 3103 1667 charitatis

1461 1703 1829 1776 praebuerunt
1860 1701 2226 1773 obsequium.
2251 1701 2468 1758 Harum
2499 1701 2655 1758 enim
2687 1703 2804 1757 vita
2851 1706 2906 1757 ct
2938 1707 3101 1756 actus

1460 1793 1542 1848 ita
1567 1791 1803 1847 fuerunt
1833 1789 2129 1846 mirabiles
2159 1795 2214 1846 ct
2237 1789 2496 1845 fidelium
2529 1790 2922 1846 recordatione
2955 1791 3098 1848 cele-

1457 1881 1611 1946 bres,
1646 1883 1708 1934 ut
1739 1879 1990 1936 duarum
2021 1879 2268 1934 vitarum
2320 1881 2567 1950 figuram
2600 1896 2698 1934 eas
2728 1879 2975 1935 retinere
3007 1898 3098 1934 as-
3130 1915 3178 1981 Β

1456 1973 1653 2026 serant
1681 1967 2005 2024 divinarum
2033 1967 2358 2024 litterarum
2392 1968 2662 2024 catholici
2687 1974 2743 2024 et
2775 1969 3096 2025 doctissimi

1456 2061 1816 2114 tractatores.
1853 2056 2082 2113 Martha
2108 2055 2285 2130 igitur
2313 2075 2439 2130 quae
2471 2074 2668 2112 curam
2696 2058 2907 2113 domus
2939 2075 3097 2130 gere-

1455 2147 1574 2211 bat,
1607 2150 1663 2202 et
1693 2150 1853 2201 tanto
1878 2144 2094 2218 talique
2119 2145 2332 2218 hospiti
2367 2148 2611 2218 ejusque
2641 2146 3098 2219 discipulis,qua2

3220 641 3276 691 et
3306 637 3375 692 de
3400 643 3562 692 utero
3585 637 3788 692 matris
3812 635 4098 710 gestiebat
4120 635 4177 691 in
4196 653 4507 691 occursum
4533 635 4668 706 ejus
4691 653 4874 691 erum-

3219 742 3372 797 pere.
3399 727 3719 792 Quomodo,
3747 732 4034 797 qunntum
4054 730 4109 781 et
4133 724 4385 796 qualiter
4404 724 4621 780 officiis
4645 730 4700 780 et
4723 727 4877 780 obse-

3218 815 3375 886 quiis
3402 813 3766 886 spcculativze
3791 816 3916 869 vitze
3934 832 4066 870 cum
4092 813 4273 869 altera
4296 813 4478 869 Maria
4503 830 4566 868 sc
4590 813 4877 876 subdidit,

3217 903 3502 958 Gabrielis
3531 903 3860 975 archangeli
3896 906 4239 975 profiteatur
4287 903 4556 963 assertio.
4586 904 4878 958 sermonis

3216 993 3528 1062 evangelici
3563 999 3950 1064 prosequatur
3979 992 4183 1062 oratio,
4209 992 4347 1065 quia
4374 992 4443 1047 ad
4479 990 4600 1046 hzrc
4635 1009 4877 1048 narran~

3216 1081 3290 1136 da
3324 1087 3528 1136 nostra:
3563 1081 3861 1153 parvitatis
3892 1082 4087 1136 deficit
4117 1098 4329 1137 sermo.
4378 1081 4570 1136 Unum
4605 1082 4864 1154 profecto

3215 1172 3456 1236 scimus,
3481 1172 3619 1242 quia
3639 1171 3830 1225 omnis
3853 1172 3981 1242 ejus
4003 1171 4119 1225 vita
4140 1175 4198 1225 ct
4219 1169 4368 1226 actio
4393 1170 4619 1225 intenta
4644 1187 4873 1243 semper

3216 1259 3404 1314 fuitin
3440 1259 3702 1315 Domino.
3730 1261 3792 1314 Et
3818 1261 3970 1314 sicut
3992 1260 4062 1314 de
4081 1259 4263 1315 altera
4285 1257 4467 1314 Maria
4489 1259 4723 1314 dictum
4757 1267 4871 1315 est:

3214 1349 3320 1404 Ista
3344 1352 3602 1420 optimam
3625 1357 3834 1420 partem
3857 1349 4186 1420 elegit,quia
4207 1347 4398 1420 prima
4419 1347 4691 1404 omnium
4722 1350 4878 1404 femi.

3216 1455 3424 1493 narum
3449 1439 3562 1492 Deo
3586 1438 3978 1508 virginitatem
4022 1437 4268 1504 obtulit;
4301 1443 4359 1492 et
4391 1435 4607 1492 idcirco
4642 1454 4876 1508 prome-

3214 1528 3329 1581 ruit
3353 1533 3412 1580 ut
3440 1528 3533 1582 Dei
3567 1525 3744 1581 Filius
3767 1525 3970 1596 angelo
4005 1526 4310 1580 nuntiante
4343 1543 4410 1580 ex
4433 1541 4502 1581 ea
4522 1542 4745 1598 corpus
4774 1546 4874 1581 no-

3212 1620 3343 1670 stra:
3377 1615 3794 1685 redemptionis
3825 1615 4167 1685 susciperet.
4193 1614 4460 1670 Diximus
4483 1631 4613 1670 eam
4635 1632 4876 1688 semper

3213 1703 3494 1758 intentam
3520 1704 3696 1758 fuisse
3721 1702 4103 1774 speculationi
4126 1701 4356 1767 divinze,
4380 1703 4480 1758 sed
4505 1707 4742 1776 oportet
4773 1723 4870 1759 nos

3211 1793 3316 1848 hoc
3352 1794 3543 1865 ipsum
3594 1791 3895 1846 catholicis
3927 1791 4116 1846 verbis
4149 1797 4431 1847 astruere.
4465 1791 4538 1847 Ut
4570 1793 4732 1848 enim
4764 1793 4870 1848 hu-

3212 1899 3384 1936 mano
3410 1900 3517 1936 usu
3539 1881 3760 1952 loquar,
3783 1881 3880 1935 ubi
3903 1885 4026 1934 erat
4049 1898 4287 1952 corpore
4306 1881 4540 1952 quando
4564 1899 4599 1936 a
4620 1881 4875 1937 Domino

3211 1963 3552 2026 mittebatur
3571 1970 3815 2040 angelus
3841 1970 3912 2025 ad
3945 1987 4071 2023 eam
4096 1970 4123 2024 ?
4158 1970 4358 2041 utique
4381 1969 4438 2025 in
4463 1970 4640 2025 domo
4666 1987 4878 2042 paren-

3212 2065 3358 2115 tum.
3394 2060 3642 2114 L'bierat
3664 2058 3869 2130 spiritu
3896 2058 3922 2111 ’ἶ
3964 2075 4114 2124 vere,
4149 2063 4213 2113 ut
4244 2058 4523 2126 diximus,
4557 2059 4617 2114 in
4648 2058 4752 2115 illo
4786 2061 4874 2115 di-

3209 2149 3353 2203 vina:
3377 2147 3793 2220 speculationis
3827 2147 4060 2202 intuitu.
4094 2147 4240 2210 Quid
4275 2149 4524 2220 agebat?
4554 2147 4692 2203 Sine
4723 2165 4873 2221 pra:-

1457 2235 1784 2292 necessaria
1815 2239 1980 2292 erant
2009 2235 2321 2306 praabebat,
2355 2237 2554 2290 activae
2586 2235 2710 2290 vitae
2735 2238 3002 2307 figuram,
3040 2243 3100 2290 ut
3199 2237 3424 2308 judicio
3455 2237 3703 2307 alicujus
3735 2234 4320 2306 irreprehensibiliter
4361 2235 4582 2303 vivens,
4634 2239 4700 2291 ut
4748 2256 4870 2292 sua:

1453 2323 1730 2392 diximus,
1753 2323 2112 2397 praafercbat.
2139 2323 2246 2380 Per
2275 2324 2518 2381 Mariam
2552 2342 2702 2389 vero,
2737 2343 2862 2396 quae
2895 2326 2966 2380 ad
3001 2342 3095 2396 pe-

1453 2413 1556 2470 des
1588 2412 1814 2469 Domini
1849 2413 2081 2479 scdens,
2107 2411 2533 2468 instantissime
2555 2413 2842 2470 sermonis
2858 2415 2985 2484 ejus
3003 2432 3100 2470 au-

1453 2502 1650 2558 diebat
1681 2499 1992 2573 colloquia,
2023 2498 2141 2556 vita
2190 2501 2492 2573 perspicue
2543 2504 3100 2574 przemonstrabatur

1452 2589 1925 2664 contemplativa.
1955 2589 2076 2656 Eia,
2106 2590 2311 2646 fratres
2342 2590 2693 2656 charissimi,
2728 2593 3027 2648 videamus
3049 2592 3095 2647 si

1452 2679 1693 2737 domina
1723 2682 1924 2734 nostra
1951 2678 2009 2733 in
2039 2678 2214 2735 domo
2253 2679 2479 2735 Domini
2513 2685 2570 2736 et
2597 2680 2696 2736 Dei
2728 2681 3008 2747 Genitrix,
3041 2687 3098 2737 et

1454 2783 1688 2840 semper
1714 2766 1875 2840 virgo
1921 2766 2118 2832 Maria,
2149 2771 2456 2840 utramque
2497 2768 2674 2825 vitam
2733 2771 2803 2825 ad
2860 2770 3095 2842 plenum

1454 2853 1732 2924 exercuit,
1767 2859 1823 2910 et
1851 2855 2097 2912 activam
2125 2855 2301 2912 vitam
2332 2855 2682 2915 laudabilem
2716 2875 2892 2930 quam
2925 2877 3097 2932 opere

1455 2944 1684 3002 Martha
1712 2943 1982 3012 excoluit,
1999 2949 2055 3000 et
2075 2945 2582 3018 contemplativam
2615 2948 2898 3020 optimam
2916 2966 3094 3020 quam

1454 3031 1637 3090 Maria
1665 3033 1954 3107 audiendo
1986 3037 2043 3089 et
2071 3033 2336 3107 eligendo
2361 3035 2630 3092 obtinuit.
2651 3039 2802 3092 Sane
2833 3037 2985 3093 sicut
3015 3038 3097 3092 di-

1453 3121 1670 3179 lectum
1699 3104 1930 3179 Doniini
1958 3104 2242 3180 Joannem
2277 3123 2611 3198 theologum
2643 3126 2714 3182 de
2743 3126 3022 3182 humanis
3041 3132 3097 3182 et

1453 3209 1854 3284 corporalibus
1882 3212 2111 3268 actibus
2134 3212 2364 3268 Domini
2395 3213 2536 3270 Jesu
2564 3231 2752 3287 pauca
2781 3215 3094 3282 dixisse,et

3209 2324 3586 2398 professionis
3619 2323 3918 2397 prOprium
3966 2329 4110 2391 erat,
4153 2325 4384 2392 orabat,
4417 2324 4664 2398 legebat.
4717 2327 4868 2390 Quo-

3207 2415 3379 2470 modo
3411 2414 3656 2469 orabat?
3687 2413 3989 2468 Canticum
4015 2412 4169 2484 quod
4196 2413 4407 2468 cecinit
4431 2414 4868 2486 tympanizans,

3205 2503 3526 2559 exclamat:
3577 2503 3903 2572 Magni/ient
3949 2519 4140 2556 amma
4187 2519 4308 2557 mea
4355 2503 4666 2558 Dominum.
4711 2503 4870 2567 Quid

3204 2591 3479 2662 legebat?
3514 2590 3773 2646 Forsitan
3807 2589 4188 2645 occurrebant
4218 2589 4268 2646 ei
4304 2589 4512 2646 divina:
4544 2591 4873 2664 Scripturze

3206 2681 3541 2737 testimonia
3572 2681 3641 2734 ad
3675 2679 3816 2734 illud
3843 2678 4134 2734 ineffabile
4156 2685 4588 2738 sacramentum
4616 2681 4776 2752 quod
4807 2683 4872 2737 in

3204 2786 3273 2826 ea
3306 2771 3616 2843 gerebatur
3645 2767 3770 2824 sine
3812 2768 3988 2824 dubio
4021 2768 4389 2841 pertinentia.
4423 2770 4625 2826 Nonne
4656 2768 4716 2825 in
4771 2773 4874 2844 pi-

3203 2876 3383 2934 gnore
3401 2859 3556 2932 quod
3578 2859 3815 2931 gerebat
3837 2856 3979 2913 illud
4004 2857 4231 2930 impleri
4255 2875 4426 2931 posse
4449 2859 4724 2915 credebat
4744 2860 4875 2918 Mo-

3204 2948 3838 3018 saicumzProphetam,
3894 2945 4106 3020 inquit,
4154 2947 4438 3003 suscitabit
4475 2950 4748 3003 Dominus
4801 2952 4874 3006 de

3200 3038 3470 3110 fratribus
3501 3038 3684 3092 vestris
3715 3043 3976 3108 tanquam
4005 3038 4272 3108 meipsum
4302 3036 4579 3093 audietis?
4607 3037 4680 3092 Et
4712 3041 4872 3095 mul-

3202 3131 3292 3183 tas
3315 3126 3460 3182 alias
3475 3127 3529 3181 in
3555 3129 3753 3196 aperto
3775 3125 4048 3181 cernebat
4067 3125 4487 3197 prophetarum
4505 3127 4868 3199 sententias,

3203 3216 3261 3270 in
3293 3215 3508 3288 quibus
3533 3214 3677 3270 tanti
3703 3214 4050 3270 sacramenti
4075 3230 4139 3268 ac
4162 3215 4422 3286 mysterii
4446 3223 4868 3288 praemonstra-

1453 3297 1643 3358 multa
1658 3299 2283 3358 denaturadivinitatis
2295 3302 2344 3373 ej
2356 3303 3096 3377 us,potentiaet;majestate
3128 3287 3170 3355 C
3205 3287 3376 3360 batur
3395 3308 3450 3358 et
3477 3304 3546 3359 ad
3570 3303 3860 3375 liquidum
3879 3287 4526 3360 declarabaturveritas.
4552 3303 4764 3361 Nonne
4789 3309 4868 3362 ad

1452 3387 1672 3445 dixisse
1701 3393 1757 3444 et
1785 3389 2110 3462 scripsisse,
2141 3395 2289 3447 teste
2345 3391 2746 3448 sacratissima
2801 3393 2949 3450 serie
3001 3393 3095 3448 de—

1451 3476 1786 3550 scriptionis
1807 3480 1932 3551 ejus
1953 3479 2358 3552 cognoscimus
2374 3498 2388 3550 ;
2403 3480 2486 3536 ita
2501 3481 2726 3536 Domini
2742 3481 3093 3538 Genitricem

1449 3583 1570 3623 non
1604 3566 1746 3623 adeo
1778 3566 1958 3623 fuisse
1988 3568 2282 3626 credimus
2314 3569 2596 3629 intentam
2631 3569 2825 3626 activa:
2855 3587 3094 3627 conver-

1455 3653 1686 3724 sationi,
1717 3672 1894 3728 quam
1923 3673 1985 3712 se
2017 3661 2198 3713 totam
2231 3657 2482 3714 contulit
2525 3658 2733 3714 divinas
2778 3677 3094 3732 conspecu-

1455 3743 1676 3800 lationi.
1711 3745 1832 3801 Non
1865 3747 2021 3802 enim
2073 3745 2143 3802 ad
2177 3747 2424 3802 activam
2458 3745 2611 3802 ultra
2640 3765 2818 3820 quam
2851 3754 3097 3804 matrem

1452 3831 1682 3892 Domini
1712 3833 1906 3890 decuit
1934 3851 1997 3890 se
2027 3835 2332 3901 contraxit,
2365 3835 2466 3890 sed
2499 3840 2616 3891 toto
2646 3837 2858 3892 mentis
2889 3838 3097 3892 affectu

1449 3926 1508 3980 et
1536 3921 1842 3991 desiderio,
1866 3923 1939 3979 ad
1971 3921 2148 3980 vitam
2171 3939 2233 3978 se
2263 3922 2774 3996 contemplativam
2803 3925 3017 3982 erexit:
3043 3931 3100 3983 et

1453 4028 1526 4068 ne
1551 4027 1620 4068 ex
1667 4015 1786 4068 toto
1833 4016 1991 4068 esset
2029 4011 2154 4067 vita:
2187 4029 2384 4068 exsors
2415 4013 2632 4082 activae,
2665 4018 2978 4087 postquam
3009 4020 3099 4072 est

1449 4099 1634 4158 electa
1649 4117 1696 4157 .a
1734 4100 2004 4167 Domino,
2033 4099 2288 4157 salutata
2325 4101 2398 4156 ab
2428 4101 2656 4174 angelo,
2688 4103 3037 4161 obumbrata
3064 4122 3099 4161 a

1451 4188 1672 4262 Spiritu
1703 4193 1922 4258 sancto,
1954 4189 2266 4245 fecundata
2299 4189 2391 4246 Dei
2439 4191 2633 4260 verbo,
2667 4208 2986 4266 exsurgens
3027 4194 3100 4251 de

1449 4276 1598 4348 loco,
1613 4294 1718 4352 per
1736 4279 1846 4334 iter
1867 4277 2097 4334 devium
2119 4282 2178 4334 et
2195 4278 2442 4352 abrupta
2463 4280 2751 4337 montium
2776 4282 3012 4339 veniens
3035 4287 3100 4340 ut

1451 4367 1705 4424 deferret
1733 4365 1942 4423 amicis
1973 4366 2219 4424 actualis
2247 4367 2374 4424 vitae
2404 4367 2764 4427 laboriosum
2816 4372 3096 4440 officium,

1451 4455 1740 4515 Zacharias
1770 4454 1920 4512 vatis
1951 4455 2278 4530 ingreditur
2322 4458 2565 4514 domum
2614 4458 2909 4516 Elisabeth
2941 4460 3096 4518 salu-

1449 4547 1604 4602 tans.
1636 4543 1917 4617 Cognovit
1946 4543 2004 4598 in
2039 4544 2251 4618 spiritu
2283 4545 2341 4602 in
2373 4546 2571 4603 sinum
2621 4548 2750 4619 ejus
2781 4547 2975 4605 nobile
3005 4551 3097 4622 pi-

3203 3393 3311 3449 hoc
3330 3393 3615 3466 pertinere
3637 3391 3939 3447 videbatur
3965 3390 4106 3448 illud
4127 3391 4306 3448 Jacob
4325 3391 4670 3464 patriarcha:
4695 3397 4869 3450 testi-

3205 3481 3467 3538 monium
3498 3481 3782 3538 dicentis:
3815 3481 3932 3537 Non
3960 3483 4244 3553 auferetur
4283 3489 4552 3553 sceptrum
4599 3482 4667 3538 de
4695 3485 4868 3545 Iuda.

3202 3580 3254 3628 et
3282 3571 3397 3627 dua:
3423 3571 3488 3626 de
3509 3573 3715 3642 femore
3744 3571 3878 3641 ejus,
3911 3569 4077 3626 donec
4105 3571 4288 3624 rcm'at
4312 3572 4408 3643 qui
4431 3571 4738 3628 mittendus
4763 3583 4865 3635 est,

3203 3669 3254 3718 et
3274 3663 3384 3733 ipse
3393 3661 3498 3716 erit
3511 3661 3836 3731 empectatio
3847 3660 4111 3727 gentium.
4128 3657 4273 3722 Quid
4291 3657 4665 3716 manifestius
4679 3677 4860 3734 quam

3204 3750 3357 3822 quod
3382 3748 3477 3805 ille
3500 3749 3790 3804 fatebatur
3814 3746 4046 3803 Balaam
4066 3746 4380 3814 ariolus,ex
4401 3763 4462 3802 sc
4483 3747 4860 3822 falsiloquus,

3206 3839 3306 3896 Dei
3341 3841 3484 3895 nutu
3517 3837 3846 3893 veridicos:
3882 3836 4124 3905 Orietur,
4168 3835 4396 3908 inquit,
4439 3836 4600 3892 stella
4649 3855 4722 3894 ea:
4770 3841 4860 3896 Ja-

3204 3930 3319 3998 cob,
3351 3937 3400 3986 et
3427 3934 3678 3997 exsurget
3709 3927 3865 3982 homo
3915 3925 3980 3981 de
4003 3896 4212 3981 Israel?
4250 3896 4491 3982 Sciebat
4546 3926 4707 3982 enim
4761 3928 4865 3984 Dei

3206 4015 3463 4076 Genitrix
3489 4016 3546 4070 in
3584 4030 3715 4070 arce
3745 4013 3950 4069 divina:
3977 4012 4486 4086 contemplationis
4525 4021 4862 4088 assumpta,

3207 4105 3498 4164 Davidicis
3529 4103 3731 4160 edocta
3778 4101 4155 4174 testimoniis,
4209 4119 4622 4176 processurum
4673 4105 4748 4160 de
4801 4124 4866 4162 se

3206 4195 3546 4262 Dominum,
3570 4196 3852 4263 tanquam
3877 4191 3947 4247 de
3973 4189 4230 4248 thalamo
4252 4209 4359 4248 suo
4381 4209 4665 4265 sponsum
4689 4210 4860 4249 eum-

3205 4287 3456 4358 demquc
3477 4281 4064 4355 speciosum,utidem
4090 4280 4372 4353 propheta
4389 4281 4716 4354 precinuit,
4743 4300 4859 4356 pra:

3205 4375 3344 4430 ﬁliis
3363 4371 3691 4429 hominum.
3714 4369 3837 4426 Non
3860 4369 4016 4425 enim
4041 4369 4348 4426 dubitabat
4367 4371 4440 4426 ad
4461 4387 4521 4426 se
4543 4369 4862 4443 pertinere,

3203 4462 3452 4538 Spiritus
3479 4459 3664 4516 sancti
3701 4457 3990 4515 illustrata
4019 4456 4266 4526 lumine,
4290 4458 4444 4531 quod
4477 4457 4690 4516 Isaiam
4725 4478 4862 4533 pro-

3207 4553 3441 4627 phetam
3487 4547 3774 4605 recolebat
3829 4546 4082 4602 dixisse:
4117 4547 4248 4602 Ecce
4311 4549 4464 4619 Virgo
4515 4549 4788 4620 concipiet
4813 4558 4868 4604 ef

1451 4647 1606 4704 gnus
1629 4631 2126 4720 depositum,etin
2145 4633 2238 4690 bis
2254 4635 2479 4708 paucis,
2494 4639 2558 4690 ut
2578 4635 3097 4705 diximus,Marthaa
3127 4655 3176 4720 Β
3201 4641 3380 4713 pariet
3409 4638 3630 4710 ﬁlium;
3662 4639 3754 4690 et:
3805 4634 4130 4704 Egredietur
4156 4636 4312 4705 virga
4354 4634 4417 4692 de
4459 4635 4640 4691 radice
4684 4639 4868 4702 Jesse,

1451 4718 1764 4791 complevit
1793 4723 2010 4777 actum.
2055 4721 2113 4779 Si
2147 4723 2378 4779 Martha
2406 4721 2560 4793 felix,
2593 4741 2718 4796 quae
2749 4724 2942 4782 activae
2972 4727 3099 4784 vitm

1453 4807 1796 4880 praeferebat.
1814 4807 2080 4882 figuram,
2101 4817 2322 4886 quanto
2344 4811 2534 4884 magis
2550 4811 2674 4868 ista:
2691 4813 3097 4882 sanctissimae,

1451 4896 1525 4952 de
1541 4896 1758 4971 quibus
1776 4895 2360 4973 loquimur,personze
2380 4900 2729 4958 exstiterunt
2749 4901 3099 4976 felices,quaa

1452 4987 1753 5040 tantorum
1781 4988 2133 5059 gaudiorum
2160 4993 2220 5045 et
2263 5005 2572 5046 munerum
2607 4996 2948 5048 meruerunt
2975 4993 3100 5050 fieri

1455 5077 1751 5146 compotes
1772 5075 1800 5130 ?
1827 5076 1960 5140 Quae
1994 5079 2183 5150 major
2207 5081 2398 5151 potest
2445 5095 2574 5136 esse
2623 5078 2872 5136 felicitas
2922 5097 3100 5154 quam

1455 5176 1588 5217 cum
1619 5161 1680 5218 in
1711 5169 1895 5222 matre
1925 5165 2156 5221 Domini
2186 5169 2264 5234 et,
2295 5170 2360 5222 ut
2405 5165 2489 5222 ita
2517 5166 2728 5237 dicam,
2760 5169 2817 5224 in
2849 5168 2984 5226 aula
3013 5189 3100 5228 re-

1453 5248 1592 5326 gali,
1623 5250 1683 5308 in
1714 5253 1840 5310 alvo
1873 5253 2142 5325 virginali
2171 5255 2500 5312 fecunditas
2545 5261 2749 5330 regnat
2772 5260 2829 5313 et
2857 5256 3102 5332 virgini-

1452 5341 1546 5395 tas
1561 5338 1589 5395 ?
1605 5357 1784 5413 quam
1807 5358 1941 5396 cum
1965 5341 2278 5400 infecunda
2298 5347 2356 5398 et
2375 5349 2600 5401 vetusta
2619 5349 2860 5419 generat
2878 5351 2935 5403 et
2949 5349 3105 5420 parit

1453 5426 1752 5495 sterilitas,
1787 5432 2006 5484 etcum
2045 5435 2214 5486 aestas
2269 5433 2587 5489 senectutis
2633 5437 2692 5490 et
2733 5433 3102 5507 antiquitatis

1455 5531 1666 5573 nomen
1698 5517 2020 5590 promeruit
2052 5537 2208 5575 nova:
2241 5522 2603 5593 paternitatis
2623 5523 2650 5577 ?
2673 5523 2739 5578 Et
2766 5527 2832 5578 ut
2874 5523 2936 5578 B.
2970 5525 3098 5583 Hie-

1454 5621 1738 5676 ronymus
1784 5605 2050 5676 jucunde
2097 5625 2365 5666 sermone
2411 5611 2806 5682 prosequitur,
2845 5611 3102 5672 Joannes

1457 5693 1634 5750 etiam
1665 5693 1739 5748 ad
1767 5693 2072 5756 introitum
2122 5698 2330 5755 Mariae
2358 5697 2668 5754 exsultavit
2713 5702 2772 5754 et
2820 5697 2963 5755 lusit
2995 5718 3009 5757 :
3043 5708 3100 5760 et

3207 4737 3256 4784 et
3284 4730 3381 4798 flos
3405 4727 3470 4783 de
3499 4723 3681 4781 radice
3705 4723 3819 4795 ejus
3847 4722 4114 4779 ascendet.
4161 4723 4311 4789 Quid
4361 4723 4620 4798 apertius
4642 4723 4669 4778 ?
4717 4725 4867 4796 quid

3200 4813 3572 4889 jucundius?
3601 4816 3656 4869 et
3685 4809 3984 4884 Virginem
4014 4809 4362 4884 parituram,
4406 4816 4462 4868 et
4511 4811 4739 4886 virgam
4793 4814 4865 4869 de

3209 4904 3401 4963 radice
3415 4903 3446 4960 J
3452 4918 3580 4959 esse
3593 4916 4000 4974 processuram
4018 4898 4421 4957 nobilissimus
4439 4899 4863 4974 prophetarum

3209 4992 3566 5070 pronuntiat.

3281 5081 3505 5138 Placuit
3532 5078 3710 5154 igitur
3741 5078 3996 5134 inserere
4023 5076 4160 5134 huic
4194 5081 4403 5134 nostra
4433 5076 4862 5134 declamatiun-

3211 5171 3352 5230 cules
3383 5169 3732 5227 sententiam
3763 5165 3976 5240 psalmi
4007 5167 4345 5240 octogesimi
4377 5166 4524 5224 sexti
4561 5183 4747 5238 quam
4791 5169 4862 5221 ad

3211 5260 3556 5318 memoriam
3587 5255 3818 5314 Domini
3847 5255 4178 5322 Genitricis,
4210 5261 4266 5312 et
4287 5255 4631 5329 mysterium
4665 5255 4866 5312 Domi-

3210 5349 3354 5407 nicas
3385 5345 3803 5405 incarnationis
3834 5348 3891 5402 et
3912 5343 4251 5414 nativitatis,
4276 5343 4340 5400 Β.
4372 5343 4744 5412 Ambrosius,
4779 5343 4868 5398 vir

3210 5456 3312 5512 per
3343 5440 3554 5494 cuncta
3574 5431 3888 5490 laudabilis
3918 5437 3976 5488 et
4005 5450 4175 5489 verus
4207 5439 4463 5490 assertor
4493 5432 4626 5490 ﬁdei
4659 5433 4861 5488 catho-

3208 5529 3350 5599 licae,
3385 5525 3527 5583 adeo
3560 5523 3763 5579 festive
3819 5520 4002 5578 voluit
4049 5539 4354 5596 exponere,
4385 5527 4443 5578 et
4496 5521 4739 5590 idcirco,
4798 5525 4861 5574 ut.

3208 5617 3351 5688 dixi,
3383 5611 3733 5672 sententiam
3766 5609 3912 5666 tanti
3953 5611 4245 5683 pontificis
4275 5609 4630 5683 paupercula
4662 5614 4861 5666 nostro

3208 5706 3366 5780 Operi
3390 5718 3680 5776 apponere
3707 5699 3888 5770 volui,
3922 5705 3988 5756 ut
4009 5701 4166 5772 quod
4188 5701 4362 5774 digne
4386 5717 4502 5756 non
4525 5701 4722 5773 potuit
4739 5713 4866 5772 per-
