4984 6400
611 498 752 558 1025

2063 497 2157 559 SE
2167 498 2507 560 RMONES.

3838 500 4001 569 £026

611 631 761 703 sequi
822 629 1111 705 ingenioli
1160 630 1344 689 nostri
1394 635 1725 705 paupertas,
1761 629 2056 687 sententiae
2100 629 2241 686 tanti
2272 631 2327 699 Α
2355 647 2485 686 rum
2517 630 2769 688 veridica
2801 632 3155 691 testimonia.
3190 635 3259 691 Et
3307 640 3372 692 ut
3419 636 3477 692 in
3513 638 3702 693 tribus
3734 641 3996 711 personis

611 720 888 792 pontiﬁcis
939 720 1210 777 nobilitat
1257 726 1314 778 et
1360 721 1734 777 commendet
1780 720 2114 776 auctoritas.
2155 719 2249 775 Ait

609 810 754 864 enim
799 811 1131 865 secundum
1188 811 1494 883 antiquam
1537 809 2069 882 interpretationem
2119 810 2245 880 jam

609 899 787 955 dictus
815 898 1199 954 doctissimus
1228 900 1429 956 doctor
1460 916 1473 955 :
1506 904 1684 957 Mater
1708 901 1840 956 Sion
1873 898 2046 954 dicet:
2074 902 2247 954 Homo

606 996 651 1041 et
676 987 825 1043 homo
853 997 1021 1044 natus
1062 997 1141 1044 est
1175 991 1231 1043 in
1262 1005 1346 1059 ea,
1377 993 1429 1043 et
1460 991 1573 1061 ipse
1599 988 1857 1060 fundavit
1884 1005 2002 1043 eam
2033 987 2244 1043 Altissi-

606 1092 736 1140 mus,
770 1076 1016 1132 Matrem
1051 1081 1251 1132 autem
1279 1078 1606 1133 secundum
1639 1076 2001 1132 divinitatem
2033 1076 2247 1131 habere

608 1182 711 1220 non
742 1166 950 1237 potuit,
976 1165 1079 1237 qui
1113 1171 1316 1222 auctor
1345 1171 1434 1222 est
1455 1167 1677 1222 Matris.
1701 1165 1799 1222 Ille
1818 1164 2003 1221 factus
2025 1168 2244 1221 estnon

608 1254 793 1309 divina
819 1255 1221 1328 generatione,
1257 1256 1357 1311 sed
1383 1255 1660 1311 humana.
1689 1254 1833 1319 Quia
1859 1254 2034 1310 homo
2062 1254 2245 1308 factus

610 1347 706 1412 est,
738 1344 888 1400 Deus
922 1348 1105 1399 natus
1136 1349 1244 1400 est.
1276 1344 1368 1400 Sic
1397 1348 1453 1399 et
1481 1343 1618 1399 alibi
1651 1343 1830 1399 habes
1864 1360 1876 1399 :
1911 1345 2059 1398 Puer
2088 1350 2246 1399 natus

610 1432 865 1501 cstaobis,
896 1433 1076 1489 Filius
1124 1432 1286 1489 datus
1329 1442 1408 1490 est
1448 1432 1627 1489 nobis.
1662 1433 1725 1488 In
1750 1435 1924 1487 Puero
1955 1432 2111 1488 enim
2142 1448 2245 1487 no-

612 1538 731 1576 men
752 1520 956 1592 mtatis,
973 1522 1033 1576 in
1055 1524 1208 1579 Filio
1236 1521 1533 1594 plenitudo
1564 1526 1653 1577 est
1683 1521 2018 1577 divinitatis.
2039 1522 2245 1576 Factus

610 1626 670 1664 ex
697 1613 893 1677 matre,
928 1615 1110 1667 natus
1137 1626 1205 1666 ex
1231 1615 1412 1683 patre.
1448 1611 1606 1666 Idem
1656 1615 1851 1666 tamen
1899 1616 1956 1665 et
1986 1614 2161 1666 natus
2190 1614 2247 1665 et

611 1698 787 1765 datus,
820 1714 935 1754 non
967 1699 1293 1767 diversum,
1330 1700 1429 1755 sed
1463 1716 1645 1755 unum
1677 1703 1867 1771 putes.
1900 1699 2062 1754 Unus
2087 1699 2243 1756 enim

607 1786 693 1841 Dei
723 1786 899 1856 ﬁlius,
929 1793 987 1844 et
1035 1793 1220 1843 natus
1267 1805 1333 1844 ex
1380 1793 1565 1860 patre,
1597 1792 1654 1843 et
1682 1792 1845 1844 ortus
1876 1805 1943 1843 ex
1985 1787 2241 1860 Virgine.

605 1874 832 1931 Distanti
863 1876 1099 1944 ordine,
1136 1877 1236 1931 sed
1270 1875 1327 1930 in
1361 1892 1476 1931 uno
1507 1876 1802 1931 concurrit
1833 1876 2244 1943 nomine,sicut

604 1968 653 2017 et
676 1982 917 2036 presens
950 1964 1135 2020 lectio
1166 1965 1331 2020 docet
1364 1965 1504 2036 quia
1520 1973 1570 2019 et
1591 1965 1747 2020 homo
1778 1972 1937 2020 natus
1965 1972 2042 2020 est
2068 1967 2126 2019 in
2157 1981 2239 2031 ea,

606 2062 647 2107 et
666 2054 1174 2127 ipse/undaviteam
1194 2055 1535 2109 Altissimus.
1553 2055 1735 2109 Homo
1758 2053 1959 2124 utique
1983 2070 2239 2126 corpore,

608 2142 922 2201 Altissimus
954 2147 1269 2216 potestate.
1288 2143 1409 2198 Etsi
1437 2143 1591 2200 Deus
1621 2147 1677 2199 et
1707 2143 1879 2199 homo
1911 2142 2242 2199 diversitate

612 2236 830 2299 naturae,
860 2232 1016 2289 idem
1080 2236 1278 2288 tamen
1337 2249 1471 2286 non'
1500 2231 1648 2288 alter
1671 2231 1731 2286 in
1762 2235 2028 2303 utroque.
2067 2231 2240 2287 Aliud

613 2335 730 2391 ergo
742 2319 988 2392 speciale
1015 2324 1241 2375 naturm
1264 2319 1564 2388 sum,aliud
1581 2319 1883 2375 nobiseum
1909 2335 2238 2389 commune,

616 2408 702 2462 sed
730 2408 787 2463 in
818 2412 1071 2482 utroque
1114 2425 1270 2465 unus
1299 2414 1357 2464 et
1386 2409 1442 2463 in
1478 2412 1723 2480 utroque
1770 2409 2081 2480 perfectus.
2116 2409 2239 2463 Non

618 2497 774 2567 igitur
820 2497 1162 2552 mirandum
1222 2502 1310 2552 est
1368 2498 1506 2569 quia
1556 2502 1612 2552 et
1654 2497 1966 2552 Dominum
1999 2514 2154 2565 eum,
2187 2502 2243 2552 et

618 2584 890 2642 Christum
922 2586 1060 2641 fecit
1095 2586 1441 2641 Deus.Fecit
1470 2602 1604 2658 ergo
1633 2585 2016 2640 Jesum.Eum
2042 2585 2243 2658 utique

620 2674 703 2743 qui
753 2691 818 2729 ex
874 2691 1123 2747 corpore
1181 2691 1391 2729 nomen
1449 2673 1687 2745 accepit,
1722 2674 1854 2729 fecit
1905 2690 2036 2729 eum
2070 2689 2242 2745 aquo

620 2761 769 2816 etiam
794 2764 1131 2834 patriarcha
1153 2762 1355 2817 scribit
1388 2763 1561 2817 David
1589 2779 1602 2815 :
1627 2761 1794 2817 Mater
1811 2763 1941 2817 Sion
1970 2763 2110 2817 dicet
2141 2762 2240 2817 Ιιο-

619 2867 708 2919 mo,
735 2859 782 2906 et
809 2853 962 2909 homo
990 2855 1176 2924 factus
1206 2858 1284 2906 est
1313 2853 1372 2906 in
1402 2867 1467 2906 ea
1497 2869 1515 2905 :
1546 2848 1852 2906 dissimilis
1896 2852 2094 2923 utique
2126 2868 2242 2906 non

619 2937 910 3007 divinitate,
944 2942 1046 2996 sed
1084 2957 1343 3012 corpore.
1377 2940 1491 2994 Nec
1546 2940 1830 2995 discretus
1863 2958 1895 2993 a
1926 2940 2108 3006 Patre,
2141 2941 2240 2995 sed

617 3034 860 3100 exceptus
884 3028 942 3084 in
968 3045 1234 3084 munere.
1261 3028 1448 3099 Hujus
1469 3028 1682 3082 etenim
1710 3028 1971 3084 muneris
1992 3027 2241 3100 gratiam

618 3116 799 3187 angelo
820 3118 1064 3173 nuntiau
1076 3123 1130 3173 te
1150 3117 1311 3190 virgo
1332 3117 1515 3172 Maria
1534 3117 1841 3172 Dominum
1864 3117 2242 3189 concipiendo

622 3206 937 3273 promeruit,
970 3206 1255 3279 pariendo
1282 3205 1554 3273 obtinuit,
1578 3210 1634 3260 et
1660 3212 1789 3278 post
1819 3210 2052 3277 partum
2082 3205 2242 3277 virgo

625 3299 873 3365 perpetuo
886 3311 1242 3367 permanens
1260 3294 1655 3367 incorruptam
1670 3294 1945 3367 possedit.
1966 3294 2238 3364 Ejusdem

2354 736 2608 789 summa,
2642 720 2911 795 simplex,
2926 726 3142 781 {eterna
3171 729 3230 781 et
3260 725 3863 798 incomprehensibilis
3880 745 3997 785 cre-

2355 809 2547 879 datur,
2561 810 2904 866 conﬁteatur
2926 815 2982 868 et
3009 813 3282 870 adoretur
3310 814 3526 881 unitas,
3541 832 3776 871 summa
3796 817 3997 886 etiam,

2355 896 2623 971 simplex,
2655 903 2869 956 aeterna
2926 904 2983 957 et
3038 900 3648 975 incomprehensibilis
3703 905 3994 973 credatur,

2355 987 2698 1043 conﬁteatur
2717 992 2772 1042 et
2803 988 3075 1045 adoretur
3095 991 3348 1047 Trinitas
3378 1008 3389 1046 :
3415 990 3619 1047 invitet
3641 1008 3748 1047 nos
3771 997 3999 1050 sancta-

2356 1091 2486 1129 rum
2502 1074 2828 1131 divinarum
2844 1077 3276 1149 Scripturarum
3292 1078 3597 1135 sinceritas
3611 1083 3669 1136 et
3681 1079 3996 1136 catholico-

2356 1180 2484 1217 rum
2516 1168 2776 1233 Patrum,
2809 1182 3009 1222 eorum
3030 1166 3296 1224 videlicet
3324 1168 3511 1224 ﬁdelis
3543 1168 3861 1226 auctoritas
3891 1186 3998 1228 nos

2356 1251 2574 1319 doceat,
2601 1251 2658 1306 in
2681 1269 2931 1324 quorum
2964 1254 3258 1310 intellectu
3292 1258 3349 1311 et
3379 1255 3613 1327 scriptis
3644 1256 3776 1312 ﬁdei
3808 1256 3996 1330 pietas

2355 1342 2411 1393 et
2440 1339 2651 1395 veritas
2685 1358 2800 1396 non
2830 1341 3369 1414 vacillat.Mysterio
3400 1344 3596 1418 itaque
3624 1344 3996 1417 baptismatis

2354 1432 2584 1499 peracto
2618 1444 2683 1483 ac
2713 1429 3018 1501 praesentia
3049 1430 3226 1486 totius
3282 1431 3585 1488 Trinitatis
3632 1437 3987 1499 consecrato,

2353 1515 2819 1572 DominusJesus
2839 1535 2953 1573 non
2974 1517 3182 1586 alieno,
3198 1519 3297 1574 sed
3327 1536 3430 1576 suo
3453 1520 3659 1592 spiritu
3688 1524 3743 1576 et
3762 1521 3996 1594 propria

2353 1604 2646 1661 voluntate
2677 1607 2973 1662 desertum
3006 1606 3188 1679 petiit,
3222 1608 3319 1663 ubi
3355 1608 3425 1663 ad
3458 1609 3801 1664 tentandum
3857 1627 3992 1666 eum

2355 1692 2648 1768 malignus
2678 1695 2919 1766 spiritus
2952 1695 3181 1751 invenit.
3218 1695 3324 1760 Qui
3356 1696 3541 1768 ipsius
3579 1697 3791 1753 virtute
3823 1714 3993 1769 supe-

2354 1786 2539 1852 ratus,
2574 1783 2797 1855 angelis
2828 1784 3300 1840 ministrantibus
3330 1785 3569 1840 recessit
3593 1786 3665 1840 ab
3697 1802 3763 1843 eo
3793 1787 3997 1842 confu-

2354 1887 2476 1946 sus.
2513 1871 2717 1927 Postea
2748 1888 2782 1927 a
2812 1873 2873 1926 Β.
2905 1872 3130 1929 Joanne
3161 1873 3470 1939 invenitur,
3506 1878 3561 1929 et
3590 1873 3664 1929 ob
3696 1874 3992 1948 incompa-

2355 1959 2595 2014 rabilem
2611 1959 3007 2017 innocentiam
3023 1961 3094 2016 ab
3109 1977 3174 2017 eo
3194 1964 3393 2034 Agnus
3414 1961 3515 2017 Dei
3540 1962 3741 2018 mundi
3765 1968 4001 2035 peccata

2350 2046 2560 2103 tollens
2592 2047 2936 2120 appellatur.
2956 2049 3025 2104 Et
3047 2065 3119 2105 ne
3146 2049 3345 2105 lumen
3378 2050 3660 2108 divinitus
3689 2068 3998 2108 accensum

2352 2136 2460 2192 sub
2493 2136 2687 2192 modio
2714 2139 3086 2208 poneret,sed
3120 2154 3224 2194 nec
3256 2138 3481 2194 diutius
3514 2138 4001 2208 celaretur,exivit

2350 2224 2419 2280 ad
2449 2225 2770 2297 publicum.
2796 2227 2863 2281 Et
2884 2226 3023 2298 quia
3038 2230 3223 2281 totum
3247 2226 3465 2283 invenit
3486 2227 3775 2283 mundum
3799 2244 4002 2299 pecca-

2349 2313 2425 2368 tis
2446 2314 2783 2380 obnoxium,
2808 2316 3081 2370 omnibus
3102 2314 3399 2370 medicinae
3418 2314 3623 2371 indixit
3641 2316 3987 2384 remedium,

2349 2406 2407 2457 et
2437 2403 2495 2456 in
2530 2420 2634 2457 suo
2667 2404 2908 2458 adventu
2943 2404 3410 2475 appropinquare
3441 2403 3585 2459 dixit
3613 2419 3855 2477 regnum
3883 2420 3995 2459 caa-

2353 2490 2562 2546 lorum.
2595 2492 2665 2546 Et
2695 2496 2759 2545 ut
2786 2489 2929 2545 illud
2963 2491 3124 2547 Isaia:
3151 2491 3488 2564 impleretur
3507 2492 3996 2548 vaticiniumzPo-

2346 2579 2511 2650 palus
2537 2580 2635 2650 qui
2660 2578 2872 2634 sedebat
2901 2580 2957 2634 in
3001 2580 3257 2644 tenebris,
3293 2580 3427 2635 vidit
3483 2581 3656 2636 lucem
3709 2597 3987 2649 magnam.

2350 2668 2747 2723 Habitantibus
2780 2670 2835 2722 in
2869 2670 3091 2737 regione
3121 2668 3331 2725 umbrw
3388 2670 3579 2724 mortis
3638 2668 3737 2723 tua:
3779 2676 3895 2724 orta
3923 2675 4001 2725 est

2349 2757 2451 2811 eis.
2485 2756 2704 2811 Deinde
2734 2756 2860 2828 ipso
2908 2755 3231 2812 divinitatis
3282 2774 3399 2811 sure
3431 2756 3653 2812 lumine
3682 2760 3998 2829 praeeunte,

2350 2860 2416 2899 ex
2448 2845 2693 2900 diversis
2726 2845 2906 2915 hujus
2935 2844 3063 2900 vita:
3109 2845 3647 2901 conversationibus
3679 2849 3734 2900 et
3764 2845 3996 2912 ofﬁciis,

2352 2932 2742 3005 utEvangelia
2769 2932 3110 3005 loquuntur,
3136 2933 3455 3005 discipulos
3478 2933 3699 2989 vocavit
3720 2936 3775 2989 et
3796 2949 3864 2990 ex
3882 2933 3998 2990 illis

2351 3021 2655 3077 duodecim
2691 3021 2882 3093 elegit,
2903 3038 3051 3093 quos
3070 3026 3125 3076 et
3154 3022 3445 3093 apostolos
3467 3022 3709 3091 vocavit,
3737 3037 3997 3095 perquos

2352 3109 2610 3164 humano
2643 3109 2838 3183 generi
2871 3109 3077 3165 salutis
3106 3110 3218 3165 iter
3246 3110 3519 3165 ostendit.
3540 3110 3797 3174 Quorum
3829 3126 3997 3167 sacro

2352 3196 2654 3253 conventui
2687 3201 2742 3251 et
2772 3196 2949 3251 nobili
2990 3196 3371 3251 contubernio
3403 3213 3636 3269 semper
3664 3197 3996 3254 adhaerebat

2352 3285 2729 3341 sanctissima
2758 3284 2955 3357 Virgo.
2990 3283 3133 3339 Cum
3164 3281 3282 3339 illis
3321 3300 3551 3356 semper
3575 3284 3878 3340 habitabat
3900 3300 3996 3340 se-

623 3363 797 3451 gnitia
826 3363 1175 3439 mbnepibus
1198 3383 1475 3448 conferta,
1499 3363 1563 3438 {1t
1587 3363 1786 3437 fas'est
1816 3363 2245 3448 credermomne
2275 3363 2317 3430 (ἶ
2356 3391 2531 3446 seque
2550 3373 2867 3429 Dominicis
2886 3373 3292 3445 conspectibus
3312 3372 3642 3445 frequenter
3658 3374 3991 3445 praesentari

626 3470 832 3542 tempus
853 3471 1171 3527 Dominica:
1195 3471 1744 3542 infantiae,pueritiaz
1768 3474 1823 3525 et
1844 3469 2244 3526 adolescentiae

627 3572 742 3612 cum
764 3560 885 3632 ipso
907 3558 1223 3632 peregit,et
1236 3558 1579 3630 obsequium
1600 3562 1871 3614 maternae
1896 3558 2241 3626 dulcedinis,

629 3650 682 3698 ut
693 3662 816 3703 vera
834 3654 1184 3716 mater,vcro
1207 3646 1591 3703 humanitatis
1604 3664 1721 3703 suae
1736 3646 1853 3702 ﬁlio
1868 3647 2241 3703 ministravit.

628 3732 740 3798 Quae
759 3736 989 3791 fuerunt
1010 3736 1248 3792 illorum
1268 3736 1420 3792 inter
1435 3753 1495 3792 se
1513 3735 2005 3808 colloquia,quam
2029 3734 2242 3807 dulcia,

628 3838 775 3891 quam
805 3825 1101 3888 amabilia,
1120 3823 1355 3896 quando
1372 3824 1430 3880 in
1450 3828 1633 3880 matre
1658 3823 1915 3896 fulgebat
1941 3823 2244 3896 virginitas

624 3915 672 3963 et
690 3909 980 3969 laetabatur
1010 3913 1365 3969 fecunditas!
1396 3913 1457 3968 In
1489 3913 1608 3968 ﬁlio
1638 3914 1950 3985 apparebat
1975 3913 2245 3969 humani-

624 4002 699 4053 tas
714 4004 766 4055 et
783 4000 995 4058 latebat
1025 4002 1326 4058 divinitas.
1343 4004 1637 4067 Quantum
1655 4001 1740 4057 vel
1759 4001 1928 4073 quale
1958 4001 2102 4057 illud
2120 4007 2244 4058 erat

624 4084 871 4145 Deiﬁcum
887 4108 952 4146 ac
964 4090 1251 4164 virginale
1267 4091 1623 4146 consortium
1635 4090 1663 4145 ‘I
1677 4107 1790 4145 non
1809 4091 1936 4146 dico
1951 4094 2237 4160 nostrum,

623 4176 706 4229 sed
724 4179 974 4234 omnium
1001 4179 1315 4235 hominum
1338 4196 1579 4252 prorsus
1609 4179 1829 4235 excedit
1859 4178 2236 4235 intellectum.

624 4259 815 4321 Deinde
840 4267 992 4322 idem
1024 4268 1153 4340 ipse
1183 4268 1281 4339 qui
1313 4273 1437 4323 erat
1468 4268 1803 4340 unigenitus
1834 4268 2092 4340 Virginis
2116 4285 2236 4324 ma-

622 4349 728 4421 tris,
750 4371 875 4410 cum
893 4356 1079 4411 voluit
1098 4371 1377 4429 apparere
1401 4357 1608 4411 unicus
1630 4355 1728 4411 Dei
1750 4354 1957 4424 Patris,
1980 4360 2239 4428 tempore

624 4438 701 4492 sui
728 4440 1093 4515 baptismatis
1124 4444 1231 4500 hoc
1257 4446 1451 4517 ipsum
1479 4444 1731 4500 ostendit
1762 4446 2039 4515 majestas
2055 4445 2240 4499 Trini-

624 4528 758 4584 tatis.
789 4530 929 4588 Cum
962 4534 1134 4589 Pater
1163 4533 1402 4589 auditur
1432 4534 1490 4589 in
1522 4551 1677 4597 voce,
1714 4533 1894 4589 Filius
1919 4533 2150 4588 videtur
2178 4534 2238 4587 in

623 4612 1121 4693 homine,Spiritus
1153 4622 1428 4694 dignatus
1451 4626 1538 4677 est
1559 4622 1614 4676 in
1641 4621 1829 4693 specie
1857 4639 2131 4694 apparere
2150 4639 2239 4677 co-

2355 3464 2664 3535 gaudebat.
2698 3464 2835 3518 Eam
2867 3479 2999 3518 vero
3029 3461 3306 3534 optimam
3347 3465 3567 3534 partem
3602 3478 3778 3535 quam
3829 3477 3996 3517 soror

2354 3550 2592 3606 Marthae
2622 3552 2804 3606 Maria
2836 3552 2894 3606 in
2912 3567 3012 3623 spe
3044 3555 3099 3605 et
3130 3552 3317 3624 ﬁgura
3344 3550 3716 3623 gerebat,Dei
3738 3549 3995 3606 Genitrix

2351 3638 2412 3695 in
2442 3656 2501 3695 re
2528 3656 2661 3696 vera
2701 3639 3039 3695 ﬁrmissime
3088 3638 3393 3708 retinebat,
3426 3643 3484 3695 et
3535 3655 3668 3695 cum
3714 3637 3993 3711 apostolis

2352 3729 2422 3786 de
2452 3728 2728 3785 humanis
2757 3728 2967 3784 Christi
2996 3728 3243 3795 actibus,
3277 3732 3341 3783 ut
3363 3728 3556 3785 verius
3589 3745 3653 3785 ac
3686 3727 3997 3801 specialius

2350 3818 2759 3890 cognoscebat,
2787 3816 2979 3873 verius
3014 3833 3079 3873 ac
3110 3816 3441 3890 specialiter
3469 3818 3819 3883 conferebat,
3842 3821 3905 3872 ut
3925 3817 3997 3873 ab

2351 3922 2419 3961 ea
2449 3907 2737 3962 discerent
2766 3906 3015 3978 qualiter
3041 3921 3319 3960 arcanum
3352 3905 3501 3960 tanti
3523 3905 3787 3978 mysterii
3804 3909 3863 3961 et
3886 3904 3998 3977 ipsi

2350 3995 2651 4051 crederent
2679 3998 2735 4049 et
2755 3993 3005 4049 lucidius
3027 3993 3158 4049 aliis
3181 3994 3613 4049 enarrarent.Et
3629 4009 3761 4048 cum
3786 4009 3995 4065 oppor-

2346 4087 2556 4138 tunum
2576 4084 2752 4147 ﬁeret,
2769 4082 2896 4137 sine
2917 4081 3074 4137 omni
3100 4080 3481 4153 ambiguitate
3514 4080 3748 4153 scriptis
3772 4079 3993 4136 mundo

2348 4171 2828 4228 transmitterent.
2862 4175 2997 4242 Ipsa
3033 4186 3189 4237 vero,
3224 4174 3288 4224 ut
3344 4174 3582 4225 sanctus
3638 4167 3996 4241 evangelista

2347 4260 2602 4316 Joannes
2634 4259 2827 4324 refert,
2859 4256 3088 4313 Domini
3122 4256 3422 4313 miraculis
3455 4271 3877 4328 nonnunquam
3900 4256 3991 4311 in-

2347 4349 2563 4405 terfuit.
2596 4348 2658 4404 In
2686 4346 2779 4402 his
2802 4351 2858 4402 et
2888 4346 2946 4401 in
2980 4345 3199 4402 caeteris
3229 4344 3546 4401 divinitatis
3568 4346 3698 4416 ejus
3717 4342 3991 4417 operibus

2347 4443 2404 4494 et
2432 4437 2746 4493 virtutibus
2778 4435 2930 4491 ultra
2958 4451 3135 4508 quam
3167 4434 3280 4490 dici
3308 4438 3498 4506 potest
3524 4433 3906 4507 gloriabatur.
3926 4433 3997 4488 Et

2348 4526 2395 4583 si
2426 4525 2607 4582 Maria
2637 4525 2932 4598 quondam
2964 4523 3269 4596 peccatrix,
3303 4522 3396 4578 cui
3436 4522 3708 4578 donando
3759 4524 3995 4594 peccata

2347 4618 2469 4670 erat
2498 4612 2802 4687 propitius,
2832 4614 3056 4667 intente
3086 4611 3359 4667 audiebat
3387 4611 3560 4665 verba
3590 4626 3657 4664 ex
3697 4626 3795 4665 ore
3837 4610 3988 4682 ejus,

618 4698 1111 4765 lumbas.Estenim
1134 4710 1312 4783 hujus
1334 4711 1760 4783 magnitudinis
1787 4711 2239 4783 testis,magnus
2269 4726 2317 4791 D
2348 4708 2566 4775 quanto
2596 4703 2785 4776 magis
2810 4702 2950 4769 hmo,
2985 4718 3113 4791 quae
3144 4703 3267 4791 erat
3298 4704 3494 4791 mente,
3516 4703 3573 4753 et
3593 4714 3829 4791 corpore
3853 4714 3919 4791 sa
3933 4714 3994 4753 n-

618 4805 717 4858 prm
744 4797 959 4853 caeteris
1002 4799 1178 4854 homo
1228 4800 1460 4856 nomine
1506 4800 1761 4856 Joannes
1789 4816 1822 4855 a
1856 4805 1962 4855 Deo
1995 4799 2234 4855 missus.

617 4877 714 4935 Iste
741 4900 866 4940 vero
898 4891 1100 4943 tantus
1130 4887 1441 4960 homo,qui
1464 4888 1746 4944 hactenus
1774 4894 1896 4944 ’erat
1926 4888 2238 4943 Dominicis

618 4965 1013 5032 incarnationis
1045 4979 1101 5032 et
1133 4976 1452 5033 nativitatis
1500 4977 1695 5033 arcani
1730 4976 2078 5032 mirabiliter
2102 4992 2238 5032 con-

616 5056 774 5125 scius,
809 5060 996 5120 factus
1022 5068 1112 5120 est
1141 5065 1410 5121 minister
1438 5065 1728 5122 mirabilis
1753 5065 2012 5138 mysterii
2036 5065 2237 5136 hujus.

677 5144 781 5203 Nos
810 5166 967 5224 ergo,
1002 5153 1235 5223 fratres,
1270 5158 1336 5210 ut
1363 5154 1536 5210 corde
1567 5154 1877 5210 credamus
1908 5157 1963 5208 et
1992 5170 2088 5209 ore
2110 5169 2241 5209 con-

620 5229 863 5293 ﬁteamur
887 5245 1008 5296 tres
1040 5241 1505 5298 denominativas
1543 5245 1599 5298 et
1629 5242 1909 5298 discretas
1940 5258 2238 5313 personas,

618 5315 802 5389 Patris,
825 5329 881 5379 et
906 5324 1064 5394 Filii,
1085 5332 1142 5384 et
1166 5328 1419 5401 Spiritus
1446 5329 1656 5397 sancti,
1682 5328 1857 5385 unius
1878 5345 2005 5384 esse
2031 5329 2235 5384 divini-

617 5407 752 5475 tatis,
784 5411 1046 5484 Deitatis,
1072 5417 1810 5485 dominationis,essentiee,
1832 5416 2234 5489 simplicisque

619 5495 953 5569 substantias,
980 5504 1223 5576 aequalis
1240 5505 1415 5563 etiam
1434 5506 1778 5578 majestatis,
1801 5506 2238 5573 virtutis,hono-

620 5579 703 5649 πίε,
734 5591 1057 5658 potestatis,
1094 5594 1453 5664 aeternitatis,
1488 5595 1903 5651 immensitatis
1933 5599 1989 5649 et
2017 5593 2232 5666 gloriae,

616 5670 939 5735 admoneant
973 5698 1079 5736 nos
1130 5686 1187 5737 et
1245 5686 1491 5739 doceant
1544 5682 1802 5739 veritatis
1860 5682 2236 5739 veracissima

616 5761 785 5835 verba,
806 5769 1223 5849 prophetarum
1232 5787 1363 5846 que,
1379 5771 1777 5847 apostolorum
1790 5770 2235 5844 etevaugelista-

2348 4797 2462 4859 cta,
2484 4791 2759 4847 audiebat
2789 4790 3091 4846 ardentius
3113 4789 3283 4859 cujus
3303 4788 3455 4843 idem
3482 4787 3605 4859 ipse
3627 4790 3686 4843 et
3705 4787 3994 4843 Dominus

2348 4884 2472 4936 erat
2503 4882 2559 4933 et
2583 4876 3077 4933 ﬁlius?Caaterum
3101 4879 3165 4931 ut
3195 4874 3484 4930 Simeonis
3505 4874 3654 4945 justi
3688 4872 3995 4945 prophetia

2347 4967 2692 5040 impleretur
2711 4965 2960 5021 dicentis
2975 4984 2987 5021 :
3002 4967 3068 5020 Et
3084 4972 3236 5020 tuam
3258 4965 3430 5036 ipsius
3447 4963 3691 5018 animam
3707 4966 3991 5035 pertrans-
4024 4995 4031 5003 -

2350 5058 2457 5113 ibit
2484 5055 2722 5125 gladius,
2748 5058 3007 5126 tempore
3038 5051 3351 5108 Dominicis
3399 5050 3690 5125 passionis
3740 5067 3874 5106 eum
3905 5049 3994 5105 di-

2347 5145 2495 5201 lecto
2528 5140 2813 5215 discipulo
2846 5142 2916 5197 de
2942 5159 3008 5198 ea
3040 5142 3266 5197 dictum
3312 5143 3400 5197 est
3433 5158 3445 5196 :
3476 5141 3605 5196 Ecce
3655 5147 3834 5197 mater
3876 5147 3991 5196 tua.

2349 5235 2513 5290 Circa
2560 5230 2923 5304 sepulturam
2981 5245 3115 5285 vero
3159 5228 3523 5285 Dominicam
3580 5229 3766 5285 multo
3807 5229 3996 5303 magis

2343 5338 2520 5394 quam
2553 5317 2829 5374 mulieres
2873 5315 3004 5372 illas
3046 5320 3285 5371 sanctas
3316 5315 3550 5387 quidem
3584 5315 3783 5370 dicunt
3816 5315 3997 5371 fuisse

2343 5408 2676 5475 sollicitam,
2710 5422 2961 5477 quorum
3018 5404 3373 5478 opinionem,
3410 5404 3469 5460 ni
3511 5403 3698 5472 fallor,
3733 5408 3994 5458 astruere

2344 5499 2574 5554 videtur
2601 5495 2791 5550 bonus
2821 5492 2919 5549 ille
2949 5491 3222 5548 Sedulius
3249 5496 3420 5564 poeta
3447 5490 3834 5566 evangelicus,
3863 5504 3989 5545 ora-

2344 5590 2435 5643 tor
2466 5582 2773 5647 facundus,
2808 5581 3057 5652 scriptor
3084 5579 3427 5636 catholicus.

2414 5674 2473 5728 Si
2506 5671 2657 5727 enim
2683 5668 2830 5724 scire
2850 5669 3122 5723 volumus
3144 5668 3287 5739 quid
3311 5669 3412 5725 Dei
3435 5667 3712 5733 Genitrix,
3739 5668 3868 5734 post
3899 5678 3987 5716 re-

2346 5759 2768 5820 surrectionem
2800 5755 3057 5829 Domini,
3091 5756 3407 5831 antequam
3437 5756 3559 5830 ipse
3588 5752 3756 5809 cales
3783 5760 3983 5808 ascea-
