  <div class='ocr_page' id='page_1' title='image "/cluster/home/n/w/nwhite01/storage/ocr_20150623/142-143/uc1.31175018423130/521.png"; bbox 0 0 4984 6406; ppageno 0'>
   <div class='ocr_carea' id='block_1_1' title="bbox 1503 482 1662 546">
    <p class='ocr_par' dir='ltr' id='par_1_1' title="bbox 1503 482 1662 546">
     <span class='ocr_line' id='line_1_1' title="bbox 1503 482 1662 546; baseline -0.038 0"><span class='ocrx_word' id='word_1_1' title='bbox 1503 482 1662 546; x_wconf 71' lang='lat' dir='ltr'>i027</span> 
     </span>
    </p>
   </div>
   <div class='ocr_carea' id='block_1_2' title="bbox 2423 475 3992 543">
    <p class='ocr_par' dir='ltr' id='par_1_2' title="bbox 2423 475 3992 543">
     <span class='ocr_line' id='line_1_2' title="bbox 2423 475 3992 543; baseline -0.002 -5"><span class='ocrx_word' id='word_1_2' title='bbox 2423 477 2491 538; x_wconf 91' lang='lat' dir='ltr'>S.</span> <span class='ocrx_word' id='word_1_3' title='bbox 2539 476 2900 538; x_wconf 83' lang='lat' dir='ltr'>ODILONIS</span> <span class='ocrx_word' id='word_1_4' title='bbox 2945 475 3507 543; x_wconf 70' lang='lat' dir='ltr'>CLUNIACENSIS</span> <span class='ocrx_word' id='word_1_5' title='bbox 3550 475 3876 538; x_wconf 83' lang='lat' dir='ltr'>ABBATIS</span> <span class='ocrx_word' id='word_1_6' title='bbox 3921 475 3992 536; x_wconf 84' lang='lat' dir='ltr'>V.</span> 
     </span>
    </p>
   </div>
   <div class='ocr_carea' id='block_1_3' title="bbox 4769 470 4922 531">
    <p class='ocr_par' dir='ltr' id='par_1_3' title="bbox 4769 470 4922 531">
     <span class='ocr_line' id='line_1_3' title="bbox 4769 470 4922 531; baseline -0.026 0"><span class='ocrx_word' id='word_1_7' title='bbox 4769 470 4922 531; x_wconf 65' lang='lat'>1028</span> 
     </span>
    </p>
   </div>
   <div class='ocr_carea' id='block_1_4' title="bbox 1503 607 4915 685">
    <p class='ocr_par' dir='ltr' id='par_1_4' title="bbox 1503 607 4915 685">
     <span class='ocr_line' id='line_1_4' title="bbox 1503 607 4915 685; baseline -0.004 -15"><span class='ocrx_word' id='word_1_8' title='bbox 1503 616 1688 678; x_wconf 87' lang='lat' dir='ltr'>deret,</span> <span class='ocrx_word' id='word_1_9' title='bbox 1720 612 1946 685; x_wconf 80' lang='lat' dir='ltr'><strong>agebat,</strong></span> <span class='ocrx_word' id='word_1_10' title='bbox 1976 611 2102 666; x_wconf 85' lang='lat' dir='ltr'>sine</span> <span class='ocrx_word' id='word_1_11' title='bbox 2149 610 2324 665; x_wconf 91' lang='lat' dir='ltr'>dubio</span> <span class='ocrx_word' id='word_1_12' title='bbox 2374 610 2495 664; x_wconf 86' lang='lat' dir='ltr'>lora</span> <span class='ocrx_word' id='word_1_13' title='bbox 2527 609 2836 663; x_wconf 74' lang='lat' dir='ltr'>Dominicze</span> <span class='ocrx_word' id='word_1_14' title='bbox 2869 609 3148 664; x_wconf 83' lang='lat' dir='ltr'>Nativita-</span> <span class='ocrx_word' id='word_1_15' title='bbox 3177 613 3233 678; x_wconf 77' lang='grc' dir='ltr'><strong>Α</strong></span> <span class='ocrx_word' id='word_1_16' title='bbox 3268 611 3544 665; x_wconf 87' lang='lat' dir='ltr'>hodierna</span> <span class='ocrx_word' id='word_1_17' title='bbox 3573 612 3701 680; x_wconf 87' lang='lat' dir='ltr'>ejus</span> <span class='ocrx_word' id='word_1_18' title='bbox 3732 607 4166 680; x_wconf 76' lang='lat' dir='ltr'>Assumptione,</span> <span class='ocrx_word' id='word_1_19' title='bbox 4188 607 4390 663; x_wconf 71' lang='lat' dir='ltr'>divina:</span> <span class='ocrx_word' id='word_1_20' title='bbox 4421 607 4569 680; x_wconf 89' lang='lat' dir='ltr'>legis</span> <span class='ocrx_word' id='word_1_21' title='bbox 4605 607 4915 677; x_wconf 78' lang='lat' dir='ltr'>interpres,</span> 
     </span>
    </p>
   </div>
   <div class='ocr_carea' id='block_1_5' title="bbox 1503 699 3152 774">
    <p class='ocr_par' dir='ltr' id='par_1_5' title="bbox 1503 699 3152 774">
     <span class='ocr_line' id='line_1_5' title="bbox 1503 699 3152 774; baseline -0.002 -17"><span class='ocrx_word' id='word_1_22' title='bbox 1503 705 1604 768; x_wconf 82' lang='lat' dir='ltr'>tis,</span> <span class='ocrx_word' id='word_1_23' title='bbox 1621 701 1934 774; x_wconf 80' lang='lat' dir='ltr'>passionis,</span> <span class='ocrx_word' id='word_1_24' title='bbox 1958 699 2267 772; x_wconf 64' lang='lat' dir='ltr'>sepultura:</span> <span class='ocrx_word' id='word_1_25' title='bbox 2291 703 2345 753; x_wconf 90' lang='lat' dir='ltr'>et</span> <span class='ocrx_word' id='word_1_26' title='bbox 2369 699 2939 769; x_wconf 84' lang='lat' dir='ltr'>resurrectionist&#39;req</span> <span class='ocrx_word' id='word_1_27' title='bbox 2952 704 3152 753; x_wconf 87' lang='lat' dir='ltr'>uenter</span> 
     </span>
    </p>
   </div>
   <div class='ocr_carea' id='block_1_6' title="bbox 1505 786 3150 858">
    <p class='ocr_par' dir='ltr' id='par_1_6' title="bbox 1505 786 3150 858">
     <span class='ocr_line' id='line_1_6' title="bbox 1505 786 3150 858; baseline -0.003 -11"><span class='ocrx_word' id='word_1_28' title='bbox 1505 791 1818 856; x_wconf 84' lang='lat' dir='ltr'>circuiens,</span> <span class='ocrx_word' id='word_1_29' title='bbox 1851 788 2097 843; x_wconf 82' lang='lat' dir='ltr'>invisere</span> <span class='ocrx_word' id='word_1_30' title='bbox 2126 788 2415 858; x_wconf 88' lang='lat' dir='ltr'>cupiebat.</span> <span class='ocrx_word' id='word_1_31' title='bbox 2445 787 2506 842; x_wconf 90' lang='lat' dir='ltr'>In</span> <span class='ocrx_word' id='word_1_32' title='bbox 2538 786 2759 841; x_wconf 88' lang='lat' dir='ltr'>eisdem</span> <span class='ocrx_word' id='word_1_33' title='bbox 2791 788 2966 842; x_wconf 87' lang='lat' dir='ltr'>etiam</span> <span class='ocrx_word' id='word_1_34' title='bbox 3008 787 3150 842; x_wconf 90' lang='lat' dir='ltr'>locis</span> 
     </span>
    </p>
   </div>
   <div class='ocr_carea' id='block_1_7' title="bbox 1503 874 3151 952">
    <p class='ocr_par' dir='ltr' id='par_1_7' title="bbox 1503 874 3151 952">
     <span class='ocr_line' id='line_1_7' title="bbox 1503 874 3151 952; baseline -0.004 -16"><span class='ocrx_word' id='word_1_35' title='bbox 1503 879 1794 952; x_wconf 84' lang='lat' dir='ltr'>lacrymas</span> <span class='ocrx_word' id='word_1_36' title='bbox 1817 877 2092 932; x_wconf 81' lang='lat' dir='ltr'>fundebat</span> <span class='ocrx_word' id='word_1_37' title='bbox 2112 880 2168 931; x_wconf 88' lang='lat' dir='ltr'>et</span> <span class='ocrx_word' id='word_1_38' title='bbox 2191 874 2544 930; x_wconf 83' lang='lat' dir='ltr'>sanctissimi</span> <span class='ocrx_word' id='word_1_39' title='bbox 2565 875 2683 928; x_wconf 89' lang='lat' dir='ltr'>oris</span> <span class='ocrx_word' id='word_1_40' title='bbox 2704 875 2791 928; x_wconf 90' lang='lat' dir='ltr'>sui</span> <span class='ocrx_word' id='word_1_41' title='bbox 2813 875 3012 929; x_wconf 88' lang='lat' dir='ltr'>oscula</span> <span class='ocrx_word' id='word_1_42' title='bbox 3030 877 3151 929; x_wconf 89' lang='lat' dir='ltr'>dul-</span> 
     </span>
    </p>
   </div>
   <div class='ocr_carea' id='block_1_8' title="bbox 1501 964 3146 1038">
    <p class='ocr_par' dir='ltr' id='par_1_8' title="bbox 1501 964 3146 1038">
     <span class='ocr_line' id='line_1_8' title="bbox 1501 964 3146 1038; baseline -0.005 -13"><span class='ocrx_word' id='word_1_43' title='bbox 1501 965 2140 1038; x_wconf 84' lang='lat' dir='ltr'>cissimaimprimebat.</span> <span class='ocrx_word' id='word_1_44' title='bbox 2157 964 2367 1017; x_wconf 81' lang='lat' dir='ltr'>Deinde</span> <span class='ocrx_word' id='word_1_45' title='bbox 2385 964 2452 1017; x_wconf 89' lang='lat' dir='ltr'>ad</span> <span class='ocrx_word' id='word_1_46' title='bbox 2481 969 2682 1017; x_wconf 91' lang='lat' dir='ltr'>notum</span> <span class='ocrx_word' id='word_1_47' title='bbox 2705 964 2815 1018; x_wconf 82' lang='lat' dir='ltr'>sibi</span> <span class='ocrx_word' id='word_1_48' title='bbox 2837 964 3146 1034; x_wconf 81' lang='lat' dir='ltr'>refugium,</span> 
     </span>
    </p>
   </div>
   <div class='ocr_carea' id='block_1_9' title="bbox 1503 1052 3147 1129">
    <p class='ocr_par' dir='ltr' id='par_1_9' title="bbox 1503 1052 3147 1129">
     <span class='ocr_line' id='line_1_9' title="bbox 1503 1052 3147 1129; baseline -0.004 -16"><span class='ocrx_word' id='word_1_49' title='bbox 1503 1056 1887 1129; x_wconf 88' lang='lat' dir='ltr'>apostolicum</span> <span class='ocrx_word' id='word_1_50' title='bbox 1921 1053 2184 1108; x_wconf 84' lang='lat' dir='ltr'>videlicet</span> <span class='ocrx_word' id='word_1_51' title='bbox 2214 1052 2688 1116; x_wconf 83' lang='lat' dir='ltr'>contubernium,</span> <span class='ocrx_word' id='word_1_52' title='bbox 2722 1057 2888 1122; x_wconf 89' lang='lat' dir='ltr'>pasta</span> <span class='ocrx_word' id='word_1_53' title='bbox 2933 1052 3147 1106; x_wconf 90' lang='lat' dir='ltr'>intuitu</span> 
     </span>
    </p>
   </div>
   <div class='ocr_carea' id='block_1_10' title="bbox 1499 1130 3144 1213">
    <p class='ocr_par' dir='ltr' id='par_1_10' title="bbox 1499 1130 3144 1213">
     <span class='ocr_line' id='line_1_10' title="bbox 1499 1130 3144 1213; baseline -0.004 -11"><span class='ocrx_word' id='word_1_54' title='bbox 1499 1130 1931 1202; x_wconf 81' lang='lat' dir='ltr'>Dominicorum</span> <span class='ocrx_word' id='word_1_55' title='bbox 1965 1141 2223 1196; x_wconf 90' lang='lat' dir='ltr'>locorum</span> <span class='ocrx_word' id='word_1_56' title='bbox 2257 1158 2388 1195; x_wconf 91' lang='lat' dir='ltr'>cum</span> <span class='ocrx_word' id='word_1_57' title='bbox 2425 1142 2639 1213; x_wconf 89' lang='lat' dir='ltr'>gaudio</span> <span class='ocrx_word' id='word_1_58' title='bbox 2672 1143 2987 1195; x_wconf 89' lang='lat' dir='ltr'>remeabat.</span> <span class='ocrx_word' id='word_1_59' title='bbox 3012 1142 3144 1196; x_wconf 84' lang='lat' dir='ltr'>Cre-</span> 
     </span>
    </p>
   </div>
   <div class='ocr_carea' id='block_1_11' title="bbox 1496 1229 3146 1301">
    <p class='ocr_par' dir='ltr' id='par_1_11' title="bbox 1496 1229 3146 1301">
     <span class='ocr_line' id='line_1_11' title="bbox 1496 1229 3146 1301; baseline -0.004 -11"><span class='ocrx_word' id='word_1_60' title='bbox 1496 1235 1695 1290; x_wconf 88' lang='lat' dir='ltr'>dimus</span> <span class='ocrx_word' id='word_1_61' title='bbox 1722 1250 1848 1290; x_wconf 87' lang='lat' dir='ltr'>eam</span> <span class='ocrx_word' id='word_1_62' title='bbox 1883 1230 2214 1285; x_wconf 82' lang='lat' dir='ltr'>interfuisse</span> <span class='ocrx_word' id='word_1_63' title='bbox 2245 1230 2476 1301; x_wconf 81' lang='lat' dir='ltr'>gaudiis</span> <span class='ocrx_word' id='word_1_64' title='bbox 2503 1229 2817 1283; x_wconf 79' lang='lat' dir='ltr'>Dominicze</span> <span class='ocrx_word' id='word_1_65' title='bbox 2848 1230 3146 1284; x_wconf 60' lang='lat' dir='ltr'>Ascensioo</span> 
     </span>
    </p>
   </div>
   <div class='ocr_carea' id='block_1_12' title="bbox 1494 1317 3145 1389">
    <p class='ocr_par' dir='ltr' id='par_1_12' title="bbox 1494 1317 3145 1389">
     <span class='ocr_line' id='line_1_12' title="bbox 1494 1317 3145 1389; baseline -0.003 -11"><span class='ocrx_word' id='word_1_66' title='bbox 1494 1323 1680 1389; x_wconf 91' lang='lat' dir='ltr'>nis,in</span> <span class='ocrx_word' id='word_1_67' title='bbox 1703 1321 1794 1376; x_wconf 91' lang='lat' dir='ltr'>die</span> <span class='ocrx_word' id='word_1_68' title='bbox 1816 1325 2016 1376; x_wconf 90' lang='lat' dir='ltr'>sancto</span> <span class='ocrx_word' id='word_1_69' title='bbox 2051 1319 2418 1374; x_wconf 87' lang='lat' dir='ltr'>Pentecostes</span> <span class='ocrx_word' id='word_1_70' title='bbox 2449 1335 2582 1372; x_wconf 91' lang='lat' dir='ltr'>cum</span> <span class='ocrx_word' id='word_1_71' title='bbox 2617 1317 2833 1372; x_wconf 82' lang='lat' dir='ltr'>sanctis</span> <span class='ocrx_word' id='word_1_72' title='bbox 2865 1317 3145 1388; x_wconf 73' lang='lat' dir='ltr'>apostolis</span> 
     </span>
    </p>
   </div>
   <div class='ocr_carea' id='block_1_13' title="bbox 1492 1405 3142 1485">
    <p class='ocr_par' dir='ltr' id='par_1_13' title="bbox 1492 1405 3142 1485">
     <span class='ocr_line' id='line_1_13' title="bbox 1492 1405 3142 1485; baseline -0.004 -19"><span class='ocrx_word' id='word_1_73' title='bbox 1492 1410 1820 1485; x_wconf 88' lang='lat' dir='ltr'>percepisse</span> <span class='ocrx_word' id='word_1_74' title='bbox 1851 1425 1980 1464; x_wconf 89' lang='lat' dir='ltr'>eam</span> <span class='ocrx_word' id='word_1_75' title='bbox 2009 1405 2258 1480; x_wconf 84' lang='lat' dir='ltr'>gratiam</span> <span class='ocrx_word' id='word_1_76' title='bbox 2293 1406 2547 1478; x_wconf 84' lang='lat' dir='ltr'>Spiritus</span> <span class='ocrx_word' id='word_1_77' title='bbox 2575 1405 2782 1470; x_wconf 86' lang='lat' dir='ltr'>sancti,</span> <span class='ocrx_word' id='word_1_78' title='bbox 2803 1423 2977 1476; x_wconf 86' lang='lat' dir='ltr'>quam</span> <span class='ocrx_word' id='word_1_79' title='bbox 3008 1423 3142 1460; x_wconf 90' lang='lat' dir='ltr'>con-</span> 
     </span>
    </p>
   </div>
   <div class='ocr_carea' id='block_1_14' title="bbox 1489 1493 3143 1569">
    <p class='ocr_par' dir='ltr' id='par_1_14' title="bbox 1489 1493 3143 1569">
     <span class='ocr_line' id='line_1_14' title="bbox 1489 1493 3143 1569; baseline -0.004 -14"><span class='ocrx_word' id='word_1_80' title='bbox 1489 1504 1605 1556; x_wconf 89' lang='lat' dir='ltr'>stat</span> <span class='ocrx_word' id='word_1_81' title='bbox 1644 1515 1772 1554; x_wconf 85' lang='lat' dir='ltr'>esse</span> <span class='ocrx_word' id='word_1_82' title='bbox 1823 1496 2162 1569; x_wconf 76' lang='lat' dir='ltr'>plenissime</span> <span class='ocrx_word' id='word_1_83' title='bbox 2211 1495 2424 1549; x_wconf 86' lang='lat' dir='ltr'>habere</span> <span class='ocrx_word' id='word_1_84' title='bbox 2472 1493 2544 1548; x_wconf 90' lang='lat' dir='ltr'>ab</span> <span class='ocrx_word' id='word_1_85' title='bbox 2595 1493 2720 1566; x_wconf 87' lang='lat' dir='ltr'>ipsa</span> <span class='ocrx_word' id='word_1_86' title='bbox 2771 1494 3143 1565; x_wconf 81' lang='lat' dir='ltr'>conceptione</span> 
     </span>
    </p>
   </div>
   <div class='ocr_carea' id='block_1_15' title="bbox 1488 1582 3141 1658">
    <p class='ocr_par' dir='ltr' id='par_1_15' title="bbox 1488 1582 3141 1658">
     <span class='ocr_line' id='line_1_15' title="bbox 1488 1582 3141 1658; baseline -0.005 -15"><span class='ocrx_word' id='word_1_87' title='bbox 1488 1587 1723 1643; x_wconf 85' lang='lat' dir='ltr'>Christi.</span> <span class='ocrx_word' id='word_1_88' title='bbox 1757 1587 1814 1642; x_wconf 86' lang='lat' dir='ltr'>Si</span> <span class='ocrx_word' id='word_1_89' title='bbox 1845 1586 1975 1658; x_wconf 89' lang='lat' dir='ltr'>quis</span> <span class='ocrx_word' id='word_1_90' title='bbox 2008 1602 2138 1637; x_wconf 80' lang='lat' dir='ltr'>vero</span> <span class='ocrx_word' id='word_1_91' title='bbox 2167 1583 2358 1637; x_wconf 71' lang='lat' dir='ltr'>adhuc</span> <span class='ocrx_word' id='word_1_92' title='bbox 2410 1583 2604 1637; x_wconf 91' lang='lat' dir='ltr'>studio</span> <span class='ocrx_word' id='word_1_93' title='bbox 2655 1583 2889 1654; x_wconf 89' lang='lat' dir='ltr'>pietatis</span> <span class='ocrx_word' id='word_1_94' title='bbox 2919 1582 3005 1637; x_wconf 91' lang='lat' dir='ltr'>vel</span> <span class='ocrx_word' id='word_1_95' title='bbox 3039 1584 3141 1654; x_wconf 64' lang='grc' dir='ltr'>ρίαν</span> 
     </span>
    </p>
   </div>
   <div class='ocr_carea' id='block_1_16' title="bbox 1490 1671 3139 1743">
    <p class='ocr_par' dir='ltr' id='par_1_16' title="bbox 1490 1671 3139 1743">
     <span class='ocr_line' id='line_1_16' title="bbox 1490 1671 3139 1743; baseline -0.002 -14"><span class='ocrx_word' id='word_1_96' title='bbox 1490 1675 1849 1730; x_wconf 86' lang='lat' dir='ltr'>curiositatis</span> <span class='ocrx_word' id='word_1_97' title='bbox 1875 1675 1962 1727; x_wconf 64' lang='grc' dir='ltr'>αἵγε</span> <span class='ocrx_word' id='word_1_98' title='bbox 1986 1681 2078 1726; x_wconf 86' lang='lat' dir='ltr'>etu</span> <span class='ocrx_word' id='word_1_99' title='bbox 2115 1673 2392 1742; x_wconf 77' lang='lat' dir='ltr'>indagare</span> <span class='ocrx_word' id='word_1_100' title='bbox 2425 1671 2669 1726; x_wconf 90' lang='lat' dir='ltr'>voluerit</span> <span class='ocrx_word' id='word_1_101' title='bbox 2700 1672 2840 1742; x_wconf 88' lang='lat' dir='ltr'>quid</span> <span class='ocrx_word' id='word_1_102' title='bbox 2877 1676 3005 1743; x_wconf 87' lang='lat' dir='ltr'>post</span> <span class='ocrx_word' id='word_1_103' title='bbox 3039 1675 3139 1726; x_wconf 82' lang='lat' dir='ltr'>.\s-</span> 
     </span>
    </p>
   </div>
   <div class='ocr_carea' id='block_1_17' title="bbox 1492 1760 3140 1832">
    <p class='ocr_par' dir='ltr' id='par_1_17' title="bbox 1492 1760 3140 1832">
     <span class='ocr_line' id='line_1_17' title="bbox 1492 1760 3140 1832; baseline -0.003 -13"><span class='ocrx_word' id='word_1_104' title='bbox 1492 1764 1825 1819; x_wconf 83' lang='lat' dir='ltr'>censionem</span> <span class='ocrx_word' id='word_1_105' title='bbox 1879 1761 2105 1817; x_wconf 87' lang='lat' dir='ltr'>Domini</span> <span class='ocrx_word' id='word_1_106' title='bbox 2156 1760 2358 1831; x_wconf 88' lang='lat' dir='ltr'>egerit,</span> <span class='ocrx_word' id='word_1_107' title='bbox 2392 1778 2567 1832; x_wconf 90' lang='lat' dir='ltr'>quam</span> <span class='ocrx_word' id='word_1_108' title='bbox 2629 1765 2826 1815; x_wconf 87' lang='lat' dir='ltr'>sancte</span> <span class='ocrx_word' id='word_1_109' title='bbox 2877 1766 2933 1814; x_wconf 91' lang='lat' dir='ltr'>et</span> <span class='ocrx_word' id='word_1_110' title='bbox 2981 1760 3140 1829; x_wconf 87' lang='lat' dir='ltr'>justo</span> 
     </span>
    </p>
   </div>
   <div class='ocr_carea' id='block_1_18' title="bbox 1490 1849 3138 1922">
    <p class='ocr_par' dir='ltr' id='par_1_18' title="bbox 1490 1849 3138 1922">
     <span class='ocr_line' id='line_1_18' title="bbox 1490 1849 3138 1922; baseline -0.004 -14"><span class='ocrx_word' id='word_1_111' title='bbox 1490 1853 1692 1908; x_wconf 82' lang='lat' dir='ltr'>vixerit</span> <span class='ocrx_word' id='word_1_112' title='bbox 1739 1857 1795 1906; x_wconf 91' lang='lat' dir='ltr'>et</span> <span class='ocrx_word' id='word_1_113' title='bbox 1849 1868 1980 1906; x_wconf 91' lang='lat' dir='ltr'>cum</span> <span class='ocrx_word' id='word_1_114' title='bbox 2040 1849 2256 1922; x_wconf 87' lang='lat' dir='ltr'>quibus</span> <span class='ocrx_word' id='word_1_115' title='bbox 2315 1849 2681 1912; x_wconf 80' lang='lat' dir='ltr'>habitaverit,</span> <span class='ocrx_word' id='word_1_116' title='bbox 2720 1849 2826 1902; x_wconf 90' lang='lat' dir='ltr'>soli</span> <span class='ocrx_word' id='word_1_117' title='bbox 2879 1849 2993 1903; x_wconf 89' lang='lat' dir='ltr'>Deo</span> <span class='ocrx_word' id='word_1_118' title='bbox 3044 1866 3138 1902; x_wconf 93' lang='lat' dir='ltr'>co-</span> 
     </span>
    </p>
   </div>
   <div class='ocr_carea' id='block_1_19' title="bbox 1489 1937 3135 2014">
    <p class='ocr_par' dir='ltr' id='par_1_19' title="bbox 1489 1937 3135 2014">
     <span class='ocr_line' id='line_1_19' title="bbox 1489 1937 3135 2014; baseline -0.003 -19"><span class='ocrx_word' id='word_1_119' title='bbox 1489 1941 1717 2014; x_wconf 89' lang='lat' dir='ltr'>gnitum</span> <span class='ocrx_word' id='word_1_120' title='bbox 1765 1957 1891 1996; x_wconf 89' lang='lat' dir='ltr'>esse</span> <span class='ocrx_word' id='word_1_121' title='bbox 1941 1939 2170 1994; x_wconf 88' lang='lat' dir='ltr'>videtur</span> <span class='ocrx_word' id='word_1_122' title='bbox 2220 1943 2278 1992; x_wconf 90' lang='lat' dir='ltr'>et</span> <span class='ocrx_word' id='word_1_123' title='bbox 2335 1939 2586 1993; x_wconf 83' lang='lat' dir='ltr'>Gabrieli</span> <span class='ocrx_word' id='word_1_124' title='bbox 2644 1937 3010 2007; x_wconf 77' lang='lat' dir='ltr'>archangelo,</span> <span class='ocrx_word' id='word_1_125' title='bbox 3045 1937 3135 1991; x_wconf 90' lang='lat' dir='ltr'>cui</span> 
     </span>
    </p>
   </div>
   <div class='ocr_carea' id='block_1_20' title="bbox 1486 2026 3138 2102">
    <p class='ocr_par' dir='ltr' id='par_1_20' title="bbox 1486 2026 3138 2102">
     <span class='ocr_line' id='line_1_20' title="bbox 1486 2026 3138 2102; baseline -0.004 -18"><span class='ocrx_word' id='word_1_126' title='bbox 1486 2032 1613 2102; x_wconf 89' lang='lat' dir='ltr'>ejus</span> <span class='ocrx_word' id='word_1_127' title='bbox 1646 2047 1823 2086; x_wconf 89' lang='lat' dir='ltr'>causa</span> <span class='ocrx_word' id='word_1_128' title='bbox 1857 2033 1973 2083; x_wconf 88' lang='lat' dir='ltr'>tota</span> <span class='ocrx_word' id='word_1_129' title='bbox 2005 2028 2322 2082; x_wconf 84' lang='lat' dir='ltr'>commissa</span> <span class='ocrx_word' id='word_1_130' title='bbox 2347 2043 2476 2080; x_wconf 87' lang='lat' dir='ltr'>esse</span> <span class='ocrx_word' id='word_1_131' title='bbox 2509 2027 2854 2098; x_wconf 75' lang='lat' dir='ltr'>przedieatur</span> <span class='ocrx_word' id='word_1_132' title='bbox 2883 2043 2915 2079; x_wconf 90' lang='lat' dir='ltr'>a</span> <span class='ocrx_word' id='word_1_133' title='bbox 2948 2026 3138 2079; x_wconf 90' lang='lat' dir='ltr'>Domi-</span> 
     </span>
    </p>
   </div>
   <div class='ocr_carea' id='block_1_21' title="bbox 1488 2113 3138 2191">
    <p class='ocr_par' dir='ltr' id='par_1_21' title="bbox 1488 2113 3138 2191">
     <span class='ocr_line' id='line_1_21' title="bbox 1488 2113 3138 2191; baseline -0.005 -17"><span class='ocrx_word' id='word_1_134' title='bbox 1488 2135 1578 2186; x_wconf 91' lang='lat' dir='ltr'>no,</span> <span class='ocrx_word' id='word_1_135' title='bbox 1613 2124 1670 2174; x_wconf 90' lang='lat' dir='ltr'>et</span> <span class='ocrx_word' id='word_1_136' title='bbox 1701 2118 1925 2191; x_wconf 81' lang='lat' dir='ltr'>angelis</span> <span class='ocrx_word' id='word_1_137' title='bbox 1958 2116 2070 2171; x_wconf 89' lang='lat' dir='ltr'>sibi</span> <span class='ocrx_word' id='word_1_138' title='bbox 2126 2115 2546 2171; x_wconf 63' lang='lat' dir='ltr'>collaztantihus</span> <span class='ocrx_word' id='word_1_139' title='bbox 2604 2131 2921 2185; x_wconf 86' lang='lat' dir='ltr'>secumque</span> <span class='ocrx_word' id='word_1_140' title='bbox 2961 2113 3138 2168; x_wconf 89' lang='lat' dir='ltr'>collo-</span> 
     </span>
    </p>
   </div>
   <div class='ocr_carea' id='block_1_22' title="bbox 1485 2203 3138 2280">
    <p class='ocr_par' dir='ltr' id='par_1_22' title="bbox 1485 2203 3138 2280">
     <span class='ocr_line' id='line_1_22' title="bbox 1485 2203 3138 2280; baseline -0.003 -18"><span class='ocrx_word' id='word_1_141' title='bbox 1485 2209 1822 2280; x_wconf 87' lang='lat' dir='ltr'>quentibus,</span> <span class='ocrx_word' id='word_1_142' title='bbox 1853 2207 2062 2262; x_wconf 87' lang='lat' dir='ltr'>Joanni</span> <span class='ocrx_word' id='word_1_143' title='bbox 2092 2205 2266 2260; x_wconf 88' lang='lat' dir='ltr'>etiam</span> <span class='ocrx_word' id='word_1_144' title='bbox 2321 2204 2528 2258; x_wconf 90' lang='lat' dir='ltr'>dilecto</span> <span class='ocrx_word' id='word_1_145' title='bbox 2583 2204 2807 2258; x_wconf 86' lang='lat' dir='ltr'>Domini</span> <span class='ocrx_word' id='word_1_146' title='bbox 2853 2203 3138 2274; x_wconf 74' lang='lat' dir='ltr'>discipulo</span> 
     </span>
    </p>
   </div>
   <div class='ocr_carea' id='block_1_23' title="bbox 1484 2292 3138 2368">
    <p class='ocr_par' dir='ltr' id='par_1_23' title="bbox 1484 2292 3138 2368">
     <span class='ocr_line' id='line_1_23' title="bbox 1484 2292 3138 2368; baseline -0.003 -18"><span class='ocrx_word' id='word_1_147' title='bbox 1484 2296 1580 2367; x_wconf 90' lang='lat' dir='ltr'>qui</span> <span class='ocrx_word' id='word_1_148' title='bbox 1616 2296 1688 2350; x_wconf 89' lang='lat' dir='ltr'>ah</span> <span class='ocrx_word' id='word_1_149' title='bbox 1718 2295 1846 2368; x_wconf 84' lang='lat' dir='ltr'>ipsa</span> <span class='ocrx_word' id='word_1_150' title='bbox 1877 2310 2046 2349; x_wconf 84' lang='lat' dir='ltr'>cruce</span> <span class='ocrx_word' id='word_1_151' title='bbox 2089 2293 2346 2364; x_wconf 80' lang='lat' dir='ltr'>suscepit</span> <span class='ocrx_word' id='word_1_152' title='bbox 2396 2293 2450 2347; x_wconf 90' lang='lat' dir='ltr'>in</span> <span class='ocrx_word' id='word_1_153' title='bbox 2505 2310 2611 2346; x_wconf 90' lang='lat' dir='ltr'>sua</span> <span class='ocrx_word' id='word_1_154' title='bbox 2665 2292 3055 2346; x_wconf 88' lang='lat' dir='ltr'>sollicitudine</span> <span class='ocrx_word' id='word_1_155' title='bbox 3083 2299 3138 2345; x_wconf 88' lang='lat' dir='ltr'>et</span> 
     </span>
    </p>
   </div>
   <div class='ocr_carea' id='block_1_24' title="bbox 1483 2381 3134 2453">
    <p class='ocr_par' dir='ltr' id='par_1_24' title="bbox 1483 2381 3134 2453">
     <span class='ocr_line' id='line_1_24' title="bbox 1483 2381 3134 2453; baseline -0.005 -13"><span class='ocrx_word' id='word_1_156' title='bbox 1483 2403 1642 2449; x_wconf 88' lang='lat' dir='ltr'>cura,</span> <span class='ocrx_word' id='word_1_157' title='bbox 1675 2384 1942 2438; x_wconf 86' lang='lat' dir='ltr'>videlicet</span> <span class='ocrx_word' id='word_1_158' title='bbox 1990 2387 2049 2437; x_wconf 94' lang='lat' dir='ltr'>ut</span> <span class='ocrx_word' id='word_1_159' title='bbox 2090 2381 2265 2453; x_wconf 75' lang='lat' dir='ltr'>Virgo</span> <span class='ocrx_word' id='word_1_160' title='bbox 2316 2381 2522 2451; x_wconf 83' lang='lat' dir='ltr'>virgini</span> <span class='ocrx_word' id='word_1_161' title='bbox 2573 2381 2908 2446; x_wconf 84' lang='lat' dir='ltr'>deserviret,</span> <span class='ocrx_word' id='word_1_162' title='bbox 2941 2387 2992 2434; x_wconf 89' lang='lat' dir='ltr'>et</span> <span class='ocrx_word' id='word_1_163' title='bbox 3029 2381 3134 2435; x_wconf 92' lang='lat' dir='ltr'>Do-</span> 
     </span>
    </p>
   </div>
   <div class='ocr_carea' id='block_1_25' title="bbox 1485 2470 3135 2544">
    <p class='ocr_par' dir='ltr' id='par_1_25' title="bbox 1485 2470 3135 2544">
     <span class='ocr_line' id='line_1_25' title="bbox 1485 2470 3135 2544; baseline -0.004 -17"><span class='ocrx_word' id='word_1_164' title='bbox 1485 2473 1623 2530; x_wconf 87' lang='lat' dir='ltr'>mini</span> <span class='ocrx_word' id='word_1_165' title='bbox 1649 2471 1817 2527; x_wconf 90' lang='lat' dir='ltr'>matri</span> <span class='ocrx_word' id='word_1_166' title='bbox 1846 2472 2186 2544; x_wconf 85' lang='lat' dir='ltr'>rependeret</span> <span class='ocrx_word' id='word_1_167' title='bbox 2217 2470 2513 2524; x_wconf 86' lang='lat' dir='ltr'>servitutis</span> <span class='ocrx_word' id='word_1_168' title='bbox 2535 2475 2590 2524; x_wconf 88' lang='lat' dir='ltr'>et</span> <span class='ocrx_word' id='word_1_169' title='bbox 2609 2470 2937 2523; x_wconf 84' lang='lat' dir='ltr'>dilectionis</span> <span class='ocrx_word' id='word_1_170' title='bbox 2967 2471 3135 2524; x_wconf 85' lang='lat' dir='ltr'>obse—</span> 
     </span>
    </p>
   </div>
   <div class='ocr_carea' id='block_1_26' title="bbox 1483 2556 3138 2633">
    <p class='ocr_par' dir='ltr' id='par_1_26' title="bbox 1483 2556 3138 2633">
     <span class='ocr_line' id='line_1_26' title="bbox 1483 2556 3138 2633; baseline -0.002 -18"><span class='ocrx_word' id='word_1_171' title='bbox 1483 2561 1710 2633; x_wconf 89' lang='lat' dir='ltr'>quium,</span> <span class='ocrx_word' id='word_1_172' title='bbox 1743 2559 1844 2632; x_wconf 91' lang='lat' dir='ltr'>qui</span> <span class='ocrx_word' id='word_1_173' title='bbox 1879 2576 2009 2613; x_wconf 90' lang='lat' dir='ltr'>eum</span> <span class='ocrx_word' id='word_1_174' title='bbox 2051 2575 2165 2629; x_wconf 64' lang='lat' dir='ltr'>pra?</span> <span class='ocrx_word' id='word_1_175' title='bbox 2199 2558 2421 2612; x_wconf 78' lang='lat' dir='ltr'>caeteris</span> <span class='ocrx_word' id='word_1_176' title='bbox 2451 2575 2557 2610; x_wconf 87' lang='lat' dir='ltr'>sua</span> <span class='ocrx_word' id='word_1_177' title='bbox 2589 2556 2898 2610; x_wconf 84' lang='lat' dir='ltr'>dilectione</span> <span class='ocrx_word' id='word_1_178' title='bbox 2928 2559 3138 2612; x_wconf 77' lang='lat' dir='ltr'>fecerat</span> 
     </span>
    </p>
   </div>
   <div class='ocr_carea' id='block_1_27' title="bbox 1483 2644 3134 2721">
    <p class='ocr_par' dir='ltr' id='par_1_27' title="bbox 1483 2644 3134 2721">
     <span class='ocr_line' id='line_1_27' title="bbox 1483 2644 3134 2721; baseline -0.003 -17"><span class='ocrx_word' id='word_1_179' title='bbox 1483 2649 1752 2721; x_wconf 87' lang='lat' dir='ltr'>dignum.</span> <span class='ocrx_word' id='word_1_180' title='bbox 1769 2646 2116 2702; x_wconf 79' lang='lat' dir='ltr'>Beatissimo</span> <span class='ocrx_word' id='word_1_181' title='bbox 2141 2645 2353 2700; x_wconf 90' lang='lat' dir='ltr'>etenim</span> <span class='ocrx_word' id='word_1_182' title='bbox 2383 2645 2546 2699; x_wconf 87' lang='lat' dir='ltr'>Petro</span> <span class='ocrx_word' id='word_1_183' title='bbox 2569 2644 2960 2715; x_wconf 83' lang='lat' dir='ltr'>apostolorum</span> <span class='ocrx_word' id='word_1_184' title='bbox 2984 2647 3134 2716; x_wconf 88' lang='lat' dir='ltr'>priu-</span> 
     </span>
    </p>
   </div>
   <div class='ocr_carea' id='block_1_28' title="bbox 1485 2734 3135 2810">
    <p class='ocr_par' dir='ltr' id='par_1_28' title="bbox 1485 2734 3135 2810">
     <span class='ocr_line' id='line_1_28' title="bbox 1485 2734 3135 2810; baseline -0.002 -19"><span class='ocrx_word' id='word_1_185' title='bbox 1485 2737 1594 2810; x_wconf 88' lang='lat' dir='ltr'>cipi</span> <span class='ocrx_word' id='word_1_186' title='bbox 1644 2735 1986 2805; x_wconf 76' lang='lat' dir='ltr'>czeterisque</span> <span class='ocrx_word' id='word_1_187' title='bbox 2028 2734 2307 2806; x_wconf 88' lang='lat' dir='ltr'>apostolis</span> <span class='ocrx_word' id='word_1_188' title='bbox 2353 2751 2466 2787; x_wconf 93' lang='lat' dir='ltr'>non</span> <span class='ocrx_word' id='word_1_189' title='bbox 2515 2734 2810 2804; x_wconf 86' lang='lat' dir='ltr'>incognita</span> <span class='ocrx_word' id='word_1_190' title='bbox 2849 2735 2956 2788; x_wconf 82' lang='lat' dir='ltr'>fuit</span> <span class='ocrx_word' id='word_1_191' title='bbox 3007 2735 3135 2804; x_wconf 83' lang='lat' dir='ltr'>ejus</span> 
     </span>
    </p>
   </div>
   <div class='ocr_carea' id='block_1_29' title="bbox 1486 2823 3131 2897">
    <p class='ocr_par' dir='ltr' id='par_1_29' title="bbox 1486 2823 3131 2897">
     <span class='ocr_line' id='line_1_29' title="bbox 1486 2823 3131 2897; baseline -0.002 -17"><span class='ocrx_word' id='word_1_192' title='bbox 1486 2823 1804 2897; x_wconf 88' lang='lat' dir='ltr'>purissima</span> <span class='ocrx_word' id='word_1_193' title='bbox 1843 2824 1958 2878; x_wconf 88' lang='lat' dir='ltr'>vita</span> <span class='ocrx_word' id='word_1_194' title='bbox 1995 2827 2050 2877; x_wconf 89' lang='lat' dir='ltr'>et</span> <span class='ocrx_word' id='word_1_195' title='bbox 2081 2823 2230 2878; x_wconf 90' lang='lat' dir='ltr'>actio</span> <span class='ocrx_word' id='word_1_196' title='bbox 2257 2840 2269 2889; x_wconf 91' lang='lat'><strong>;</strong></span> <span class='ocrx_word' id='word_1_197' title='bbox 2304 2827 2504 2876; x_wconf 86' lang='lat' dir='ltr'>sancta</span> <span class='ocrx_word' id='word_1_198' title='bbox 2535 2839 2762 2894; x_wconf 84' lang='lat' dir='ltr'>quoque</span> <span class='ocrx_word' id='word_1_199' title='bbox 2793 2828 2849 2877; x_wconf 90' lang='lat' dir='ltr'>et</span> <span class='ocrx_word' id='word_1_200' title='bbox 2881 2824 3131 2877; x_wconf 87' lang='lat' dir='ltr'>admira-</span> 
     </span>
    </p>
   </div>
   <div class='ocr_carea' id='block_1_30' title="bbox 1487 2911 3130 2985">
    <p class='ocr_par' dir='ltr' id='par_1_30' title="bbox 1487 2911 3130 2985">
     <span class='ocr_line' id='line_1_30' title="bbox 1487 2911 3130 2985; baseline -0.001 -17"><span class='ocrx_word' id='word_1_201' title='bbox 1487 2913 1620 2968; x_wconf 88' lang='lat' dir='ltr'>bilis</span> <span class='ocrx_word' id='word_1_202' title='bbox 1651 2918 1708 2968; x_wconf 86' lang='lat' dir='ltr'>et</span> <span class='ocrx_word' id='word_1_203' title='bbox 1740 2911 2123 2985; x_wconf 50' lang='lat' dir='ltr'>praedicabilis</span> <span class='ocrx_word' id='word_1_204' title='bbox 2157 2911 2536 2966; x_wconf 89' lang='lat' dir='ltr'>conversatio.</span> <span class='ocrx_word' id='word_1_205' title='bbox 2571 2913 2792 2984; x_wconf 87' lang='lat' dir='ltr'>Quippe</span> <span class='ocrx_word' id='word_1_206' title='bbox 2832 2913 2968 2982; x_wconf 89' lang='lat' dir='ltr'>quia</span> <span class='ocrx_word' id='word_1_207' title='bbox 2999 2930 3130 2967; x_wconf 87' lang='lat' dir='ltr'>eum</span> 
     </span>
    </p>
   </div>
   <div class='ocr_carea' id='block_1_31' title="bbox 1485 2999 3132 3074">
    <p class='ocr_par' dir='ltr' id='par_1_31' title="bbox 1485 2999 3132 3074">
     <span class='ocr_line' id='line_1_31' title="bbox 1485 2999 3132 3074; baseline -0.001 -17"><span class='ocrx_word' id='word_1_208' title='bbox 1485 3002 1571 3057; x_wconf 91' lang='lat' dir='ltr'>eis</span> <span class='ocrx_word' id='word_1_209' title='bbox 1601 3019 1832 3074; x_wconf 86' lang='lat' dir='ltr'>semper</span> <span class='ocrx_word' id='word_1_210' title='bbox 1855 3001 1963 3056; x_wconf 84' lang='lat' dir='ltr'>fuit</span> <span class='ocrx_word' id='word_1_211' title='bbox 1992 3001 2062 3055; x_wconf 87' lang='lat' dir='ltr'>ab</span> <span class='ocrx_word' id='word_1_212' title='bbox 2097 3001 2354 3072; x_wconf 89' lang='lat' dir='ltr'>ipsorum</span> <span class='ocrx_word' id='word_1_213' title='bbox 2390 3001 2785 3055; x_wconf 89' lang='lat' dir='ltr'>conversionis</span> <span class='ocrx_word' id='word_1_214' title='bbox 2817 2999 3003 3065; x_wconf 92' lang='lat' dir='ltr'>initio,</span> <span class='ocrx_word' id='word_1_215' title='bbox 3040 3018 3132 3056; x_wconf 89' lang='lat' dir='ltr'>us-</span> 
     </span>
    </p>
   </div>
   <div class='ocr_carea' id='block_1_32' title="bbox 1485 3089 3127 3164">
    <p class='ocr_par' dir='ltr' id='par_1_32' title="bbox 1485 3089 3127 3164">
     <span class='ocr_line' id='line_1_32' title="bbox 1485 3089 3127 3164; baseline -0.002 -17"><span class='ocrx_word' id='word_1_216' title='bbox 1485 3109 1598 3164; x_wconf 88' lang='lat' dir='ltr'>que</span> <span class='ocrx_word' id='word_1_217' title='bbox 1630 3091 1698 3147; x_wconf 79' lang='lat' dir='ltr'>ad</span> <span class='ocrx_word' id='word_1_218' title='bbox 1733 3090 1897 3146; x_wconf 86' lang='lat' dir='ltr'>illum</span> <span class='ocrx_word' id='word_1_219' title='bbox 1948 3090 2100 3145; x_wconf 89' lang='lat' dir='ltr'>diem</span> <span class='ocrx_word' id='word_1_220' title='bbox 2156 3089 2212 3144; x_wconf 90' lang='lat' dir='ltr'>in</span> <span class='ocrx_word' id='word_1_221' title='bbox 2263 3107 2378 3162; x_wconf 91' lang='lat' dir='ltr'>quo</span> <span class='ocrx_word' id='word_1_222' title='bbox 2427 3089 2760 3161; x_wconf 87' lang='lat' dir='ltr'>unigenitus</span> <span class='ocrx_word' id='word_1_223' title='bbox 2795 3090 2890 3145; x_wconf 91' lang='lat' dir='ltr'>Dei</span> <span class='ocrx_word' id='word_1_224' title='bbox 2928 3089 3127 3156; x_wconf 84' lang='lat' dir='ltr'>Filius,</span> 
     </span>
    </p>
   </div>
   <div class='ocr_carea' id='block_1_33' title="bbox 1484 3178 3129 3250">
    <p class='ocr_par' dir='ltr' id='par_1_33' title="bbox 1484 3178 3129 3250">
     <span class='ocr_line' id='line_1_33' title="bbox 1484 3178 3129 3250; baseline -0.001 -15"><span class='ocrx_word' id='word_1_225' title='bbox 1484 3181 1656 3237; x_wconf 90' lang='lat' dir='ltr'>homo</span> <span class='ocrx_word' id='word_1_226' title='bbox 1688 3198 1754 3236; x_wconf 80' lang='lat' dir='ltr'>ex</span> <span class='ocrx_word' id='word_1_227' title='bbox 1784 3197 1851 3237; x_wconf 92' lang='lat' dir='ltr'>ea</span> <span class='ocrx_word' id='word_1_228' title='bbox 1892 3195 2026 3234; x_wconf 90' lang='lat' dir='ltr'>vera</span> <span class='ocrx_word' id='word_1_229' title='bbox 2079 3179 2192 3234; x_wconf 79' lang='lat' dir='ltr'>{ide</span> <span class='ocrx_word' id='word_1_230' title='bbox 2249 3179 2504 3250; x_wconf 88' lang='lat' dir='ltr'>genitus,</span> <span class='ocrx_word' id='word_1_231' title='bbox 2539 3196 2571 3233; x_wconf 91' lang='lat' dir='ltr'>a</span> <span class='ocrx_word' id='word_1_232' title='bbox 2600 3178 2901 3234; x_wconf 89' lang='lat' dir='ltr'>laboribus</span> <span class='ocrx_word' id='word_1_233' title='bbox 2952 3178 3129 3249; x_wconf 81' lang='lat' dir='ltr'>hujus</span> 
     </span>
    </p>
   </div>
   <div class='ocr_carea' id='block_1_34' title="bbox 1478 3267 3128 3341">
    <p class='ocr_par' dir='ltr' id='par_1_34' title="bbox 1478 3267 3128 3341">
     <span class='ocr_line' id='line_1_34' title="bbox 1478 3267 3128 3341; baseline -0.001 -16"><span class='ocrx_word' id='word_1_234' title='bbox 1478 3270 1603 3325; x_wconf 66' lang='lat' dir='ltr'>vita:</span> <span class='ocrx_word' id='word_1_235' title='bbox 1633 3269 1816 3325; x_wconf 89' lang='lat' dir='ltr'>voluit</span> <span class='ocrx_word' id='word_1_236' title='bbox 1859 3269 2101 3341; x_wconf 85' lang='lat' dir='ltr'>eripere,</span> <span class='ocrx_word' id='word_1_237' title='bbox 2132 3272 2190 3322; x_wconf 93' lang='lat' dir='ltr'>et</span> <span class='ocrx_word' id='word_1_238' title='bbox 2241 3269 2311 3322; x_wconf 90' lang='lat' dir='ltr'>ad</span> <span class='ocrx_word' id='word_1_239' title='bbox 2363 3267 2607 3339; x_wconf 80' lang='lat' dir='ltr'>gloriam</span> <span class='ocrx_word' id='word_1_240' title='bbox 2664 3268 2775 3322; x_wconf 88' lang='lat' dir='ltr'>sibi</span> <span class='ocrx_word' id='word_1_241' title='bbox 2822 3285 2857 3322; x_wconf 88' lang='lat' dir='ltr'>a</span> <span class='ocrx_word' id='word_1_242' title='bbox 2900 3268 3128 3323; x_wconf 72' lang='lat' dir='ltr'>smculis</span> 
     </span>
    </p>
   </div>
   <div class='ocr_carea' id='block_1_35' title="bbox 3169 1983 3219 2051">
    <p class='ocr_par' dir='ltr' id='par_1_35' title="bbox 3169 1983 3219 2051">
     <span class='ocr_line' id='line_1_35' title="bbox 3169 1983 3219 2051; baseline 0 0"><span class='ocrx_word' id='word_1_243' title='bbox 3169 1983 3219 2051; x_wconf 92' lang='lat' dir='ltr'><strong>B</strong></span> 
     </span>
    </p>
   </div>
   <div class='ocr_carea' id='block_1_36' title="bbox 3262 696 4916 770">
    <p class='ocr_par' dir='ltr' id='par_1_36' title="bbox 3262 696 4916 770">
     <span class='ocr_line' id='line_1_36' title="bbox 3262 696 4916 770; baseline -0.004 -16"><span class='ocrx_word' id='word_1_244' title='bbox 3262 706 3499 754; x_wconf 83' lang='lat' dir='ltr'>sam-tus</span> <span class='ocrx_word' id='word_1_245' title='bbox 3531 699 3794 753; x_wconf 75' lang='lat' dir='ltr'>videlicet</span> <span class='ocrx_word' id='word_1_246' title='bbox 3827 697 4214 770; x_wconf 80' lang='lat' dir='ltr'>Hieronymus</span> <span class='ocrx_word' id='word_1_247' title='bbox 4241 702 4298 753; x_wconf 90' lang='lat' dir='ltr'>et</span> <span class='ocrx_word' id='word_1_248' title='bbox 4328 696 4422 752; x_wconf 88' lang='lat' dir='ltr'>alii</span> <span class='ocrx_word' id='word_1_249' title='bbox 4457 697 4732 751; x_wconf 86' lang='lat' dir='ltr'>doctores</span> <span class='ocrx_word' id='word_1_250' title='bbox 4761 711 4916 766; x_wconf 86' lang='lat' dir='ltr'>egre-</span> 
     </span>
    </p>
   </div>
   <div class='ocr_carea' id='block_1_37' title="bbox 3261 783 4918 861">
    <p class='ocr_par' dir='ltr' id='par_1_37' title="bbox 3261 783 4918 861">
     <span class='ocr_line' id='line_1_37' title="bbox 3261 783 4918 861; baseline -0.004 -19"><span class='ocrx_word' id='word_1_251' title='bbox 3261 790 3336 861; x_wconf 92' lang='lat' dir='ltr'>gii</span> <span class='ocrx_word' id='word_1_252' title='bbox 3370 790 3504 843; x_wconf 84' lang='lat' dir='ltr'>talia</span> <span class='ocrx_word' id='word_1_253' title='bbox 3555 806 3620 843; x_wconf 89' lang='lat' dir='ltr'>ac</span> <span class='ocrx_word' id='word_1_254' title='bbox 3679 793 3842 842; x_wconf 89' lang='lat' dir='ltr'>tanta</span> <span class='ocrx_word' id='word_1_255' title='bbox 3894 792 4208 858; x_wconf 88' lang='lat' dir='ltr'>potuerunt</span> <span class='ocrx_word' id='word_1_256' title='bbox 4246 791 4302 842; x_wconf 89' lang='lat' dir='ltr'>et</span> <span class='ocrx_word' id='word_1_257' title='bbox 4333 785 4648 841; x_wconf 88' lang='lat' dir='ltr'>voluerunt</span> <span class='ocrx_word' id='word_1_258' title='bbox 4706 783 4918 844; x_wconf 88' lang='lat' dir='ltr'>dicere,</span> 
     </span>
    </p>
   </div>
   <div class='ocr_carea' id='block_1_38' title="bbox 3261 873 4928 949">
    <p class='ocr_par' dir='ltr' id='par_1_38' title="bbox 3261 873 4928 949">
     <span class='ocr_line' id='line_1_38' title="bbox 3261 873 4928 949; baseline -0.005 -17"><span class='ocrx_word' id='word_1_259' title='bbox 3261 880 3477 949; x_wconf 90' lang='lat' dir='ltr'>quibus</span> <span class='ocrx_word' id='word_1_260' title='bbox 3509 895 3613 932; x_wconf 90' lang='lat' dir='ltr'>nos</span> <span class='ocrx_word' id='word_1_261' title='bbox 3648 894 3749 931; x_wconf 80' lang='lat' dir='ltr'>nec</span> <span class='ocrx_word' id='word_1_262' title='bbox 3781 877 4065 930; x_wconf 84' lang='lat' dir='ltr'>audemus</span> <span class='ocrx_word' id='word_1_263' title='bbox 4098 876 4340 946; x_wconf 88' lang='lat' dir='ltr'>aliquid,</span> <span class='ocrx_word' id='word_1_264' title='bbox 4375 892 4480 931; x_wconf 90' lang='lat' dir='ltr'>nec</span> <span class='ocrx_word' id='word_1_265' title='bbox 4512 874 4806 929; x_wconf 84' lang='lat' dir='ltr'>debemus</span> <span class='ocrx_word' id='word_1_266' title='bbox 4830 873 4928 926; x_wconf 76' lang='lat' dir='ltr'>ad~</span> 
     </span>
    </p>
   </div>
   <div class='ocr_carea' id='block_1_39' title="bbox 3257 961 4920 1038">
    <p class='ocr_par' dir='ltr' id='par_1_39' title="bbox 3257 961 4920 1038">
     <span class='ocr_line' id='line_1_39' title="bbox 3257 961 4920 1038; baseline -0.004 -18"><span class='ocrx_word' id='word_1_267' title='bbox 3257 968 3452 1038; x_wconf 85' lang='lat' dir='ltr'>jicere.</span> <span class='ocrx_word' id='word_1_268' title='bbox 3489 967 3554 1021; x_wconf 82' lang='lat' dir='ltr'>Et</span> <span class='ocrx_word' id='word_1_269' title='bbox 3581 967 3678 1037; x_wconf 89' lang='lat' dir='ltr'>qui</span> <span class='ocrx_word' id='word_1_270' title='bbox 3712 966 3780 1020; x_wconf 89' lang='lat' dir='ltr'>ad</span> <span class='ocrx_word' id='word_1_271' title='bbox 3817 967 4053 1036; x_wconf 88' lang='lat' dir='ltr'>plenum</span> <span class='ocrx_word' id='word_1_272' title='bbox 4094 964 4216 1018; x_wconf 88' lang='lat' dir='ltr'>vult</span> <span class='ocrx_word' id='word_1_273' title='bbox 4265 979 4618 1033; x_wconf 75' lang='lat' dir='ltr'>cognoscere</span> <span class='ocrx_word' id='word_1_274' title='bbox 4667 961 4920 1034; x_wconf 82' lang='lat' dir='ltr'>gloriam</span> 
     </span>
    </p>
   </div>
   <div class='ocr_carea' id='block_1_40' title="bbox 3260 1052 4916 1124">
    <p class='ocr_par' dir='ltr' id='par_1_40' title="bbox 3260 1052 4916 1124">
     <span class='ocr_line' id='line_1_40' title="bbox 3260 1052 4916 1124; baseline -0.003 -16"><span class='ocrx_word' id='word_1_275' title='bbox 3260 1056 3647 1109; x_wconf 83' lang='lat' dir='ltr'>solemnitatis</span> <span class='ocrx_word' id='word_1_276' title='bbox 3681 1055 3993 1120; x_wconf 77' lang='lat' dir='ltr'>hodiernae,</span> <span class='ocrx_word' id='word_1_277' title='bbox 4028 1052 4180 1124; x_wconf 85' lang='lat' dir='ltr'>legat</span> <span class='ocrx_word' id='word_1_278' title='bbox 4212 1069 4543 1107; x_wconf 88' lang='lat' dir='ltr'>sermonem</span> <span class='ocrx_word' id='word_1_279' title='bbox 4593 1068 4773 1123; x_wconf 85' lang='lat' dir='ltr'>quem</span> <span class='ocrx_word' id='word_1_280' title='bbox 4820 1068 4916 1104; x_wconf 88' lang='lat' dir='ltr'>su-</span> 
     </span>
    </p>
   </div>
   <div class='ocr_carea' id='block_1_41' title="bbox 3259 1141 4912 1216">
    <p class='ocr_par' dir='ltr' id='par_1_41' title="bbox 3259 1141 4912 1216">
     <span class='ocr_line' id='line_1_41' title="bbox 3259 1141 4912 1216; baseline -0.002 -18"><span class='ocrx_word' id='word_1_281' title='bbox 3259 1146 3558 1216; x_wconf 65' lang='lat' dir='ltr'>pradictus</span> <span class='ocrx_word' id='word_1_282' title='bbox 3591 1145 3758 1199; x_wconf 78' lang='lat' dir='ltr'>Pater</span> <span class='ocrx_word' id='word_1_283' title='bbox 3789 1144 4174 1215; x_wconf 76' lang='lat' dir='ltr'>Hieronymus</span> <span class='ocrx_word' id='word_1_284' title='bbox 4218 1142 4421 1206; x_wconf 83' lang='lat' dir='ltr'>edidit,</span> <span class='ocrx_word' id='word_1_285' title='bbox 4450 1146 4504 1196; x_wconf 91' lang='lat' dir='ltr'>et</span> <span class='ocrx_word' id='word_1_286' title='bbox 4537 1141 4608 1195; x_wconf 86' lang='lat' dir='ltr'>ad</span> <span class='ocrx_word' id='word_1_287' title='bbox 4646 1145 4912 1194; x_wconf 88' lang='lat' dir='ltr'>sanctam</span> 
     </span>
    </p>
   </div>
   <div class='ocr_carea' id='block_1_42' title="bbox 3257 1229 4916 1302">
    <p class='ocr_par' dir='ltr' id='par_1_42' title="bbox 3257 1229 4916 1302">
     <span class='ocr_line' id='line_1_42' title="bbox 3257 1229 4916 1302; baseline -0.004 -14"><span class='ocrx_word' id='word_1_288' title='bbox 3257 1234 3517 1300; x_wconf 86' lang='lat' dir='ltr'>Paulam,</span> <span class='ocrx_word' id='word_1_289' title='bbox 3551 1240 3608 1288; x_wconf 90' lang='lat' dir='ltr'>et</span> <span class='ocrx_word' id='word_1_290' title='bbox 3641 1235 3709 1288; x_wconf 90' lang='lat' dir='ltr'>ad</span> <span class='ocrx_word' id='word_1_291' title='bbox 3749 1233 4121 1288; x_wconf 78' lang='lat' dir='ltr'>Eustochium</span> <span class='ocrx_word' id='word_1_292' title='bbox 4155 1231 4334 1286; x_wconf 86' lang='lat' dir='ltr'>tiliam</span> <span class='ocrx_word' id='word_1_293' title='bbox 4367 1233 4494 1302; x_wconf 85' lang='lat' dir='ltr'>ejus</span> <span class='ocrx_word' id='word_1_294' title='bbox 4525 1229 4841 1301; x_wconf 81' lang='lat' dir='ltr'>virginem,</span> <span class='ocrx_word' id='word_1_295' title='bbox 4864 1235 4916 1282; x_wconf 86' lang='lat' dir='ltr'>et</span> 
     </span>
    </p>
   </div>
   <div class='ocr_carea' id='block_1_43' title="bbox 3257 1319 4916 1392">
    <p class='ocr_par' dir='ltr' id='par_1_43' title="bbox 3257 1319 4916 1392">
     <span class='ocr_line' id='line_1_43' title="bbox 3257 1319 4916 1392; baseline -0.004 -15"><span class='ocrx_word' id='word_1_296' title='bbox 3257 1325 3326 1378; x_wconf 91' lang='lat' dir='ltr'>ad</span> <span class='ocrx_word' id='word_1_297' title='bbox 3351 1331 3586 1377; x_wconf 70' lang='lat' dir='ltr'>cazteras</span> <span class='ocrx_word' id='word_1_298' title='bbox 3616 1323 3868 1392; x_wconf 82' lang='lat' dir='ltr'>virgines</span> <span class='ocrx_word' id='word_1_299' title='bbox 3901 1339 4011 1376; x_wconf 90' lang='lat' dir='ltr'>non</span> <span class='ocrx_word' id='word_1_300' title='bbox 4045 1320 4235 1376; x_wconf 83' lang='lat' dir='ltr'>solum</span> <span class='ocrx_word' id='word_1_301' title='bbox 4260 1319 4714 1392; x_wconf 78' lang='lat' dir='ltr'>pra-sentes,5ed</span> <span class='ocrx_word' id='word_1_302' title='bbox 4737 1319 4916 1373; x_wconf 86' lang='lat' dir='ltr'>etiam</span> 
     </span>
    </p>
   </div>
   <div class='ocr_carea' id='block_1_44' title="bbox 3255 1408 4917 1484">
    <p class='ocr_par' dir='ltr' id='par_1_44' title="bbox 3255 1408 4917 1484">
     <span class='ocr_line' id='line_1_44' title="bbox 3255 1408 4917 1484; baseline -0.004 -18"><span class='ocrx_word' id='word_1_303' title='bbox 3255 1414 3323 1466; x_wconf 90' lang='lat' dir='ltr'>ad</span> <span class='ocrx_word' id='word_1_304' title='bbox 3359 1416 3813 1484; x_wconf 87' lang='lat' dir='ltr'>superventuras</span> <span class='ocrx_word' id='word_1_305' title='bbox 3866 1409 4216 1465; x_wconf 83' lang='lat' dir='ltr'>transmisit.</span> <span class='ocrx_word' id='word_1_306' title='bbox 4254 1414 4314 1464; x_wconf 86' lang='lat' dir='ltr'>In</span> <span class='ocrx_word' id='word_1_307' title='bbox 4368 1408 4575 1463; x_wconf 82' lang='lat' dir='ltr'>eodem</span> <span class='ocrx_word' id='word_1_308' title='bbox 4618 1423 4758 1463; x_wconf 85' lang='lat' dir='ltr'>vero</span> <span class='ocrx_word' id='word_1_309' title='bbox 4792 1425 4917 1461; x_wconf 84' lang='lat' dir='ltr'>ser-</span> 
     </span>
    </p>
   </div>
   <div class='ocr_carea' id='block_1_45' title="bbox 3254 1497 4916 1572">
    <p class='ocr_par' dir='ltr' id='par_1_45' title="bbox 3254 1497 4916 1572">
     <span class='ocr_line' id='line_1_45' title="bbox 3254 1497 4916 1572; baseline -0.004 -16"><span class='ocrx_word' id='word_1_310' title='bbox 3254 1519 3422 1556; x_wconf 86' lang='lat' dir='ltr'>mone</span> <span class='ocrx_word' id='word_1_311' title='bbox 3459 1505 3704 1572; x_wconf 83' lang='lat' dir='ltr'>possunt</span> <span class='ocrx_word' id='word_1_312' title='bbox 3754 1499 4053 1553; x_wconf 83' lang='lat' dir='ltr'>addiscere</span> <span class='ocrx_word' id='word_1_313' title='bbox 4112 1497 4366 1569; x_wconf 83' lang='lat' dir='ltr'>virgines</span> <span class='ocrx_word' id='word_1_314' title='bbox 4419 1497 4673 1562; x_wconf 57' lang='lat' dir='ltr'>feminae,</span> <span class='ocrx_word' id='word_1_315' title='bbox 4703 1501 4916 1550; x_wconf 89' lang='lat' dir='ltr'>etnon</span> 
     </span>
    </p>
   </div>
   <div class='ocr_carea' id='block_1_46' title="bbox 3252 1585 4917 1660">
    <p class='ocr_par' dir='ltr' id='par_1_46' title="bbox 3252 1585 4917 1660">
     <span class='ocr_line' id='line_1_46' title="bbox 3252 1585 4917 1660; baseline -0.004 -16"><span class='ocrx_word' id='word_1_316' title='bbox 3252 1591 3440 1644; x_wconf 88' lang='lat' dir='ltr'>solum</span> <span class='ocrx_word' id='word_1_317' title='bbox 3475 1589 3726 1660; x_wconf 83' lang='lat' dir='ltr'>virgines</span> <span class='ocrx_word' id='word_1_318' title='bbox 3762 1587 4125 1653; x_wconf 66' lang='lat' dir='ltr'>feniinaz,sed</span> <span class='ocrx_word' id='word_1_319' title='bbox 4159 1587 4333 1642; x_wconf 89' lang='lat' dir='ltr'>etiam</span> <span class='ocrx_word' id='word_1_320' title='bbox 4357 1585 4613 1657; x_wconf 83' lang='lat' dir='ltr'>virgines</span> <span class='ocrx_word' id='word_1_321' title='bbox 4635 1585 4917 1648; x_wconf 84' lang='lat' dir='ltr'>masculi,</span> 
     </span>
    </p>
   </div>
   <div class='ocr_carea' id='block_1_47' title="bbox 3252 1673 4916 1750">
    <p class='ocr_par' dir='ltr' id='par_1_47' title="bbox 3252 1673 4916 1750">
     <span class='ocr_line' id='line_1_47' title="bbox 3252 1673 4916 1750; baseline -0.004 -17"><span class='ocrx_word' id='word_1_322' title='bbox 3252 1679 3544 1750; x_wconf 88' lang='lat' dir='ltr'>quomodo</span> <span class='ocrx_word' id='word_1_323' title='bbox 3577 1679 3826 1732; x_wconf 79' lang='lat' dir='ltr'>debeant</span> <span class='ocrx_word' id='word_1_324' title='bbox 3856 1677 4147 1746; x_wconf 69' lang='lat' dir='ltr'>virginum</span> <span class='ocrx_word' id='word_1_325' title='bbox 4180 1675 4412 1747; x_wconf 82' lang='lat' dir='ltr'>virgini,</span> <span class='ocrx_word' id='word_1_326' title='bbox 4447 1673 4820 1746; x_wconf 88' lang='lat' dir='ltr'>virginaliter</span> <span class='ocrx_word' id='word_1_327' title='bbox 4850 1693 4916 1727; x_wconf 86' lang='lat' dir='ltr'>ac</span> 
     </span>
    </p>
   </div>
   <div class='ocr_carea' id='block_1_48' title="bbox 3251 1762 4914 1830">
    <p class='ocr_par' dir='ltr' id='par_1_48' title="bbox 3251 1762 4914 1830">
     <span class='ocr_line' id='line_1_48' title="bbox 3251 1762 4914 1830; baseline -0.001 -12"><span class='ocrx_word' id='word_1_328' title='bbox 3251 1768 3492 1822; x_wconf 87' lang='lat' dir='ltr'>viriliter</span> <span class='ocrx_word' id='word_1_329' title='bbox 3540 1767 3807 1821; x_wconf 79' lang='lat' dir='ltr'>militare.</span> <span class='ocrx_word' id='word_1_330' title='bbox 3840 1767 4039 1830; x_wconf 87' lang='lat' dir='ltr'>Ilodie,</span> <span class='ocrx_word' id='word_1_331' title='bbox 4073 1765 4542 1820; x_wconf 82' lang='lat' dir='ltr'>revereudissimi</span> <span class='ocrx_word' id='word_1_332' title='bbox 4601 1762 4808 1818; x_wconf 82' lang='lat' dir='ltr'>Patres</span> <span class='ocrx_word' id='word_1_333' title='bbox 4858 1771 4914 1818; x_wconf 89' lang='lat' dir='ltr'>et</span> 
     </span>
    </p>
   </div>
   <div class='ocr_carea' id='block_1_49' title="bbox 3249 1853 4916 1918">
    <p class='ocr_par' dir='ltr' id='par_1_49' title="bbox 3249 1853 4916 1918">
     <span class='ocr_line' id='line_1_49' title="bbox 3249 1853 4916 1918; baseline -0.002 -9"><span class='ocrx_word' id='word_1_334' title='bbox 3249 1857 3574 1911; x_wconf 79' lang='lat' dir='ltr'>charissimi</span> <span class='ocrx_word' id='word_1_335' title='bbox 3629 1857 3858 1914; x_wconf 81' lang='lat' dir='ltr'>fratres.</span> <span class='ocrx_word' id='word_1_336' title='bbox 3913 1855 4132 1908; x_wconf 90' lang='lat' dir='ltr'>domini</span> <span class='ocrx_word' id='word_1_337' title='bbox 4185 1859 4240 1908; x_wconf 92' lang='lat' dir='ltr'>et</span> <span class='ocrx_word' id='word_1_338' title='bbox 4284 1853 4565 1918; x_wconf 88' lang='lat' dir='ltr'>seniores,</span> <span class='ocrx_word' id='word_1_339' title='bbox 4601 1857 4826 1906; x_wconf 87' lang='lat' dir='ltr'>matres</span> <span class='ocrx_word' id='word_1_340' title='bbox 4857 1859 4916 1906; x_wconf 84' lang='lat' dir='ltr'>et</span> 
     </span>
    </p>
   </div>
   <div class='ocr_carea' id='block_1_50' title="bbox 3249 1939 4910 2004">
    <p class='ocr_par' dir='ltr' id='par_1_50' title="bbox 3249 1939 4910 2004">
     <span class='ocr_line' id='line_1_50' title="bbox 3249 1939 4910 2004; baseline -0.004 -5"><span class='ocrx_word' id='word_1_341' title='bbox 3249 1963 3476 1999; x_wconf 88' lang='lat' dir='ltr'>sorores</span> <span class='ocrx_word' id='word_1_342' title='bbox 3510 1944 3920 2004; x_wconf 66' lang='lat' dir='ltr'>devotissimaa,</span> <span class='ocrx_word' id='word_1_343' title='bbox 3956 1944 4133 1996; x_wconf 70' lang='lat' dir='ltr'>beatae</span> <span class='ocrx_word' id='word_1_344' title='bbox 4167 1941 4264 1996; x_wconf 86' lang='lat' dir='ltr'>Dei</span> <span class='ocrx_word' id='word_1_345' title='bbox 4299 1939 4608 1996; x_wconf 88' lang='lat' dir='ltr'>Genitricis</span> <span class='ocrx_word' id='word_1_346' title='bbox 4640 1945 4698 1994; x_wconf 91' lang='lat' dir='ltr'>et</span> <span class='ocrx_word' id='word_1_347' title='bbox 4753 1957 4910 1993; x_wconf 88' lang='lat' dir='ltr'>sem-</span> 
     </span>
    </p>
   </div>
   <div class='ocr_carea' id='block_1_51' title="bbox 3255 2030 4914 2106">
    <p class='ocr_par' dir='ltr' id='par_1_51' title="bbox 3255 2030 4914 2106">
     <span class='ocr_line' id='line_1_51' title="bbox 3255 2030 4914 2106; baseline -0.004 -19"><span class='ocrx_word' id='word_1_348' title='bbox 3255 2052 3354 2106; x_wconf 89' lang='lat' dir='ltr'>per</span> <span class='ocrx_word' id='word_1_349' title='bbox 3384 2033 3626 2103; x_wconf 77' lang='lat' dir='ltr'>virginis</span> <span class='ocrx_word' id='word_1_350' title='bbox 3659 2032 3849 2086; x_wconf 67' lang='lat' dir='ltr'>Marim</span> <span class='ocrx_word' id='word_1_351' title='bbox 3877 2030 4236 2084; x_wconf 79' lang='lat' dir='ltr'>celebremus</span> <span class='ocrx_word' id='word_1_352' title='bbox 4269 2030 4502 2094; x_wconf 73' lang='lat' dir='ltr'>festum,</span> <span class='ocrx_word' id='word_1_353' title='bbox 4539 2033 4605 2083; x_wconf 89' lang='lat' dir='ltr'>ut</span> <span class='ocrx_word' id='word_1_354' title='bbox 4632 2045 4734 2100; x_wconf 90' lang='lat' dir='ltr'>per</span> <span class='ocrx_word' id='word_1_355' title='bbox 4777 2030 4914 2097; x_wconf 78' lang='lat' dir='ltr'>ejus</span> 
     </span>
    </p>
   </div>
   <div class='ocr_carea' id='block_1_52' title="bbox 3250 2117 4911 2192">
    <p class='ocr_par' dir='ltr' id='par_1_52' title="bbox 3250 2117 4911 2192">
     <span class='ocr_line' id='line_1_52' title="bbox 3250 2117 4911 2192; baseline -0.004 -15"><span class='ocrx_word' id='word_1_356' title='bbox 3250 2123 3544 2192; x_wconf 78' lang='lat' dir='ltr'>singulare</span> <span class='ocrx_word' id='word_1_357' title='bbox 3574 2121 3866 2182; x_wconf 90' lang='lat' dir='ltr'>meritum,</span> <span class='ocrx_word' id='word_1_358' title='bbox 3889 2125 3944 2174; x_wconf 94' lang='lat' dir='ltr'>et</span> <span class='ocrx_word' id='word_1_359' title='bbox 3961 2117 4251 2172; x_wconf 86' lang='lat' dir='ltr'>orationes</span> <span class='ocrx_word' id='word_1_360' title='bbox 4273 2117 4537 2172; x_wconf 90' lang='lat' dir='ltr'>omnium</span> <span class='ocrx_word' id='word_1_361' title='bbox 4563 2122 4911 2172; x_wconf 88' lang='lat' dir='ltr'>sanctorum</span> 
     </span>
    </p>
   </div>
   <div class='ocr_carea' id='block_1_53' title="bbox 3248 2205 4908 2280">
    <p class='ocr_par' dir='ltr' id='par_1_53' title="bbox 3248 2205 4908 2280">
     <span class='ocr_line' id='line_1_53' title="bbox 3248 2205 4908 2280; baseline -0.004 -15"><span class='ocrx_word' id='word_1_362' title='bbox 3248 2218 3702 2280; x_wconf 87' lang='lat' dir='ltr'>sanetarumque</span> <span class='ocrx_word' id='word_1_363' title='bbox 3733 2209 4046 2279; x_wconf 82' lang='lat' dir='ltr'>virginum,</span> <span class='ocrx_word' id='word_1_364' title='bbox 4079 2207 4241 2278; x_wconf 88' lang='lat' dir='ltr'>pium</span> <span class='ocrx_word' id='word_1_365' title='bbox 4293 2223 4629 2261; x_wconf 88' lang='lat' dir='ltr'>mereamur</span> <span class='ocrx_word' id='word_1_366' title='bbox 4687 2205 4908 2260; x_wconf 84' lang='lat' dir='ltr'>habere</span> 
     </span>
    </p>
   </div>
   <div class='ocr_carea' id='block_1_54' title="bbox 3248 2295 4900 2373">
    <p class='ocr_par' dir='ltr' id='par_1_54' title="bbox 3248 2295 4900 2373">
     <span class='ocr_line' id='line_1_54' title="bbox 3248 2295 4900 2373; baseline -0.004 -18"><span class='ocrx_word' id='word_1_367' title='bbox 3248 2307 3420 2373; x_wconf 84' lang='lat' dir='ltr'>atque</span> <span class='ocrx_word' id='word_1_368' title='bbox 3454 2302 3768 2372; x_wconf 89' lang='lat' dir='ltr'>propitium</span> <span class='ocrx_word' id='word_1_369' title='bbox 3803 2297 4058 2368; x_wconf 65' lang='lat' dir='ltr'>Virginis</span> <span class='ocrx_word' id='word_1_370' title='bbox 4089 2296 4296 2362; x_wconf 87' lang='lat' dir='ltr'>lilium,</span> <span class='ocrx_word' id='word_1_371' title='bbox 4322 2301 4372 2351; x_wconf 89' lang='lat' dir='ltr'>et</span> <span class='ocrx_word' id='word_1_372' title='bbox 4409 2295 4703 2366; x_wconf 87' lang='lat' dir='ltr'>virginum</span> <span class='ocrx_word' id='word_1_373' title='bbox 4731 2313 4900 2366; x_wconf 86' lang='lat' dir='ltr'>spon-</span> 
     </span>
    </p>
   </div>
   <div class='ocr_carea' id='block_1_55' title="bbox 3248 2385 4900 2452">
    <p class='ocr_par' dir='ltr' id='par_1_55' title="bbox 3248 2385 4900 2452">
     <span class='ocr_line' id='line_1_55' title="bbox 3248 2385 4900 2452; baseline -0.004 -7"><span class='ocrx_word' id='word_1_374' title='bbox 3248 2409 3400 2452; x_wconf 82' lang='lat' dir='ltr'>sum,</span> <span class='ocrx_word' id='word_1_375' title='bbox 3437 2391 3747 2445; x_wconf 86' lang='lat' dir='ltr'>Dominum</span> <span class='ocrx_word' id='word_1_376' title='bbox 3784 2393 4046 2442; x_wconf 89' lang='lat' dir='ltr'>nostrum</span> <span class='ocrx_word' id='word_1_377' title='bbox 4072 2386 4274 2441; x_wconf 86' lang='lat' dir='ltr'>Jesum</span> <span class='ocrx_word' id='word_1_378' title='bbox 4303 2385 4746 2450; x_wconf 57' lang='lat' dir='ltr'>Christumﬂui</span> <span class='ocrx_word' id='word_1_379' title='bbox 4773 2385 4900 2438; x_wconf 86' lang='lat' dir='ltr'>vivit</span> 
     </span>
    </p>
   </div>
   <div class='ocr_carea' id='block_1_56' title="bbox 3247 2474 4909 2548">
    <p class='ocr_par' dir='ltr' id='par_1_56' title="bbox 3247 2474 4909 2548">
     <span class='ocr_line' id='line_1_56' title="bbox 3247 2474 4909 2548; baseline -0.004 -15"><span class='ocrx_word' id='word_1_380' title='bbox 3247 2486 3300 2534; x_wconf 91' lang='lat' dir='ltr'>et</span> <span class='ocrx_word' id='word_1_381' title='bbox 3343 2485 3542 2548; x_wconf 79' lang='lat' dir='ltr'>regnat</span> <span class='ocrx_word' id='word_1_382' title='bbox 3593 2496 3726 2531; x_wconf 93' lang='lat' dir='ltr'>cum</span> <span class='ocrx_word' id='word_1_383' title='bbox 3779 2482 3889 2530; x_wconf 90' lang='lat' dir='ltr'>Deo</span> <span class='ocrx_word' id='word_1_384' title='bbox 3941 2476 4125 2541; x_wconf 87' lang='lat' dir='ltr'>Patre,</span> <span class='ocrx_word' id='word_1_385' title='bbox 4161 2479 4218 2528; x_wconf 89' lang='lat' dir='ltr'>et</span> <span class='ocrx_word' id='word_1_386' title='bbox 4266 2474 4489 2546; x_wconf 87' lang='lat' dir='ltr'>Spiritu</span> <span class='ocrx_word' id='word_1_387' title='bbox 4541 2479 4771 2539; x_wconf 85' lang='lat' dir='ltr'>sancto,</span> <span class='ocrx_word' id='word_1_388' title='bbox 4804 2491 4909 2545; x_wconf 88' lang='lat' dir='ltr'>per</span> 
     </span>
    </p>
   </div>
   <div class='ocr_carea' id='block_1_57' title="bbox 3245 2565 4322 2623">
    <p class='ocr_par' dir='ltr' id='par_1_57' title="bbox 3245 2565 4322 2623">
     <span class='ocr_line' id='line_1_57' title="bbox 3245 2565 4322 2623; baseline -0.006 0"><span class='ocrx_word' id='word_1_389' title='bbox 3245 2570 3443 2623; x_wconf 84' lang='lat' dir='ltr'>omnia</span> <span class='ocrx_word' id='word_1_390' title='bbox 3473 2566 3684 2622; x_wconf 44' lang='lat' dir='ltr'>saicula</span> <span class='ocrx_word' id='word_1_391' title='bbox 3716 2565 4084 2618; x_wconf 66' lang='lat' dir='ltr'>SJ&#39;CUIUI‘UID.</span> <span class='ocrx_word' id='word_1_392' title='bbox 4117 2566 4322 2619; x_wconf 81' lang='lat' dir='ltr'>Amen.</span> 
     </span>
    </p>
   </div>
   <div class='ocr_carea' id='block_1_58' title="bbox 3317 2650 4909 2724">
    <p class='ocr_par' dir='ltr' id='par_1_58' title="bbox 3317 2650 4909 2724">
     <span class='ocr_line' id='line_1_58' title="bbox 3317 2650 4909 2724; baseline -0.006 -13"><span class='ocrx_word' id='word_1_393' title='bbox 3317 2657 3413 2711; x_wconf 86' lang='lat' dir='ltr'>Dei</span> <span class='ocrx_word' id='word_1_394' title='bbox 3447 2674 3577 2710; x_wconf 90' lang='lat' dir='ltr'>vero</span> <span class='ocrx_word' id='word_1_395' title='bbox 3609 2655 3888 2718; x_wconf 69' lang='lat' dir='ltr'>tienitrix,</span> <span class='ocrx_word' id='word_1_396' title='bbox 3923 2671 4047 2724; x_wconf 71' lang='grc' dir='ltr'>(μιίιι</span> <span class='ocrx_word' id='word_1_397' title='bbox 4107 2652 4280 2707; x_wconf 90' lang='lat' dir='ltr'>hodie</span> <span class='ocrx_word' id='word_1_398' title='bbox 4331 2651 4399 2706; x_wconf 88' lang='lat' dir='ltr'>ad</span> <span class='ocrx_word' id='word_1_399' title='bbox 4447 2650 4728 2705; x_wconf 68' lang='lat' dir='ltr'>caelorum</span> <span class='ocrx_word' id='word_1_400' title='bbox 4777 2650 4909 2721; x_wconf 76' lang='lat' dir='ltr'>glo-</span> 
     </span>
    </p>
   </div>
   <div class='ocr_carea' id='block_1_59' title="bbox 3247 2740 4913 2817">
    <p class='ocr_par' dir='ltr' id='par_1_59' title="bbox 3247 2740 4913 2817">
     <span class='ocr_line' id='line_1_59' title="bbox 3247 2740 4913 2817; baseline -0.005 -16"><span class='ocrx_word' id='word_1_401' title='bbox 3247 2747 3412 2810; x_wconf 87' lang='lat' dir='ltr'>riam,</span> <span class='ocrx_word' id='word_1_402' title='bbox 3438 2763 3613 2817; x_wconf 88' lang='lat' dir='ltr'>super</span> <span class='ocrx_word' id='word_1_403' title='bbox 3641 2744 3848 2798; x_wconf 89' lang='lat' dir='ltr'>choros</span> <span class='ocrx_word' id='word_1_404' title='bbox 3881 2741 4221 2812; x_wconf 78' lang='lat' dir='ltr'>angelorum</span> <span class='ocrx_word' id='word_1_405' title='bbox 4250 2745 4304 2796; x_wconf 89' lang='lat' dir='ltr'>et</span> <span class='ocrx_word' id='word_1_406' title='bbox 4330 2757 4512 2811; x_wconf 90' lang='lat' dir='ltr'>usque</span> <span class='ocrx_word' id='word_1_407' title='bbox 4546 2740 4616 2794; x_wconf 90' lang='lat' dir='ltr'>ad</span> <span class='ocrx_word' id='word_1_408' title='bbox 4651 2757 4913 2793; x_wconf 70' lang='lat' dir='ltr'>summa:</span> 
     </span>
    </p>
   </div>
   <div class='ocr_carea' id='block_1_60' title="bbox 3243 2829 4912 2904">
    <p class='ocr_par' dir='ltr' id='par_1_60' title="bbox 3243 2829 4912 2904">
     <span class='ocr_line' id='line_1_60' title="bbox 3243 2829 4912 2904; baseline -0.005 -15"><span class='ocrx_word' id='word_1_409' title='bbox 3243 2835 3565 2890; x_wconf 84' lang='lat' dir='ltr'>divinitatis</span> <span class='ocrx_word' id='word_1_410' title='bbox 3600 2832 3967 2904; x_wconf 45' lang='lat' dir='ltr'>praisentiam</span> <span class='ocrx_word' id='word_1_411' title='bbox 4003 2835 4309 2902; x_wconf 84' lang='lat' dir='ltr'>assumpta</span> <span class='ocrx_word' id='word_1_412' title='bbox 4337 2847 4465 2883; x_wconf 81' lang='lat' dir='ltr'>esse</span> <span class='ocrx_word' id='word_1_413' title='bbox 4494 2829 4779 2896; x_wconf 84' lang='lat' dir='ltr'>creditur,</span> <span class='ocrx_word' id='word_1_414' title='bbox 4813 2846 4912 2880; x_wconf 85' lang='lat' dir='ltr'>ve-</span> 
     </span>
    </p>
   </div>
   <div class='ocr_carea' id='block_1_61' title="bbox 3245 2917 4915 2991">
    <p class='ocr_par' dir='ltr' id='par_1_61' title="bbox 3245 2917 4915 2991">
     <span class='ocr_line' id='line_1_61' title="bbox 3245 2917 4915 2991; baseline -0.004 -13"><span class='ocrx_word' id='word_1_415' title='bbox 3245 2929 3480 2979; x_wconf 90' lang='lat' dir='ltr'>neratur</span> <span class='ocrx_word' id='word_1_416' title='bbox 3509 2927 3563 2977; x_wconf 91' lang='lat' dir='ltr'>et</span> <span class='ocrx_word' id='word_1_417' title='bbox 3592 2921 3821 2986; x_wconf 86' lang='lat' dir='ltr'>colitur,</span> <span class='ocrx_word' id='word_1_418' title='bbox 3856 2920 3982 2991; x_wconf 89' lang='lat' dir='ltr'>ipsa</span> <span class='ocrx_word' id='word_1_419' title='bbox 4021 2925 4128 2984; x_wconf 89' lang='lat' dir='ltr'>est,</span> <span class='ocrx_word' id='word_1_420' title='bbox 4162 2924 4225 2973; x_wconf 90' lang='lat' dir='ltr'>ut</span> <span class='ocrx_word' id='word_1_421' title='bbox 4276 2918 4513 2990; x_wconf 88' lang='lat' dir='ltr'>quidam</span> <span class='ocrx_word' id='word_1_422' title='bbox 4562 2933 4631 2971; x_wconf 83' lang='lat' dir='ltr'>ex</span> <span class='ocrx_word' id='word_1_423' title='bbox 4681 2917 4915 2972; x_wconf 83' lang='lat' dir='ltr'>nostris</span> 
     </span>
    </p>
   </div>
   <div class='ocr_carea' id='block_1_62' title="bbox 3244 3004 4912 3079">
    <p class='ocr_par' dir='ltr' id='par_1_62' title="bbox 3244 3004 4912 3079">
     <span class='ocr_line' id='line_1_62' title="bbox 3244 3004 4912 3079; baseline -0.004 -13"><span class='ocrx_word' id='word_1_424' title='bbox 3244 3011 3449 3066; x_wconf 88' lang='lat' dir='ltr'>humili</span> <span class='ocrx_word' id='word_1_425' title='bbox 3483 3010 3781 3065; x_wconf 86' lang='lat' dir='ltr'>devotione</span> <span class='ocrx_word' id='word_1_426' title='bbox 3813 3009 4178 3079; x_wconf 86' lang='lat' dir='ltr'>alloquentes</span> <span class='ocrx_word' id='word_1_427' title='bbox 4212 3006 4365 3062; x_wconf 75' lang='lat' dir='ltr'>soliti</span> <span class='ocrx_word' id='word_1_428' title='bbox 4396 3010 4534 3061; x_wconf 91' lang='lat' dir='ltr'>sunt</span> <span class='ocrx_word' id='word_1_429' title='bbox 4557 3004 4786 3060; x_wconf 88' lang='lat' dir='ltr'>dicere:</span> <span class='ocrx_word' id='word_1_430' title='bbox 4817 3007 4912 3060; x_wconf 91' lang='lat' dir='ltr'>Tu</span> 
     </span>
    </p>
   </div>
   <div class='ocr_carea' id='block_1_63' title="bbox 3240 3093 4908 3168">
    <p class='ocr_par' dir='ltr' id='par_1_63' title="bbox 3240 3093 4908 3168">
     <span class='ocr_line' id='line_1_63' title="bbox 3240 3093 4908 3168; baseline -0.006 -11"><span class='ocrx_word' id='word_1_431' title='bbox 3240 3120 3302 3158; x_wconf 88' lang='lat' dir='ltr'>es</span> <span class='ocrx_word' id='word_1_432' title='bbox 3333 3102 3488 3155; x_wconf 89' lang='lat' dir='ltr'>enim</span> <span class='ocrx_word' id='word_1_433' title='bbox 3519 3099 3652 3155; x_wconf 90' lang='lat' dir='ltr'>aula</span> <span class='ocrx_word' id='word_1_434' title='bbox 3686 3097 3915 3168; x_wconf 83' lang='lat' dir='ltr'>regalis,</span> <span class='ocrx_word' id='word_1_435' title='bbox 3955 3099 4138 3151; x_wconf 79' lang='lat' dir='ltr'>l&#39;orma</span> <span class='ocrx_word' id='word_1_436' title='bbox 4187 3095 4445 3167; x_wconf 80' lang='lat' dir='ltr'>pudoris,</span> <span class='ocrx_word' id='word_1_437' title='bbox 4481 3093 4535 3147; x_wconf 92' lang='lat' dir='ltr'>id</span> <span class='ocrx_word' id='word_1_438' title='bbox 4588 3098 4681 3148; x_wconf 89' lang='lat' dir='ltr'>est</span> <span class='ocrx_word' id='word_1_439' title='bbox 4732 3111 4908 3148; x_wconf 85' lang='lat' dir='ltr'>vere-</span> 
     </span>
    </p>
   </div>
   <div class='ocr_carea' id='block_1_64' title="bbox 3240 3181 4904 3260">
    <p class='ocr_par' dir='ltr' id='par_1_64' title="bbox 3240 3181 4904 3260">
     <span class='ocr_line' id='line_1_64' title="bbox 3240 3181 4904 3260; baseline -0.005 -15"><span class='ocrx_word' id='word_1_440' title='bbox 3240 3191 3484 3253; x_wconf 67' lang='lat' dir='ltr'>cundim,</span> <span class='ocrx_word' id='word_1_441' title='bbox 3521 3206 3646 3260; x_wconf 73' lang='lat' dir='ltr'>quae</span> <span class='ocrx_word' id='word_1_442' title='bbox 3679 3204 3908 3258; x_wconf 90' lang='lat' dir='ltr'>semper</span> <span class='ocrx_word' id='word_1_443' title='bbox 3952 3191 4039 3240; x_wconf 89' lang='lat' dir='ltr'>est</span> <span class='ocrx_word' id='word_1_444' title='bbox 4087 3201 4282 3240; x_wconf 91' lang='lat' dir='ltr'>comes</span> <span class='ocrx_word' id='word_1_445' title='bbox 4316 3181 4616 3236; x_wconf 89' lang='lat' dir='ltr'>individua</span> <span class='ocrx_word' id='word_1_446' title='bbox 4649 3182 4904 3253; x_wconf 65' lang='lat' dir='ltr'>integra:</span> 
     </span>
    </p>
   </div>
   <div class='ocr_carea' id='block_1_65' title="bbox 3238 3270 4908 3350">
    <p class='ocr_par' dir='ltr' id='par_1_65' title="bbox 3238 3270 4908 3350">
     <span class='ocr_line' id='line_1_65' title="bbox 3238 3270 4908 3350; baseline -0.004 -18"><span class='ocrx_word' id='word_1_447' title='bbox 3238 3278 3586 3350; x_wconf 85' lang='lat' dir='ltr'>virginitatis</span> <span class='ocrx_word' id='word_1_448' title='bbox 3617 3281 3673 3331; x_wconf 91' lang='lat' dir='ltr'>et</span> <span class='ocrx_word' id='word_1_449' title='bbox 3705 3276 3991 3330; x_wconf 71' lang='lat' dir='ltr'>continua:</span> <span class='ocrx_word' id='word_1_450' title='bbox 4019 3273 4322 3328; x_wconf 86' lang='lat' dir='ltr'>castitatis.</span> <span class='ocrx_word' id='word_1_451' title='bbox 4357 3272 4441 3326; x_wconf 86' lang='lat' dir='ltr'>Tu</span> <span class='ocrx_word' id='word_1_452' title='bbox 4477 3290 4538 3325; x_wconf 90' lang='lat' dir='ltr'>es</span> <span class='ocrx_word' id='word_1_453' title='bbox 4568 3270 4728 3326; x_wconf 91' lang='lat' dir='ltr'>enim</span> <span class='ocrx_word' id='word_1_454' title='bbox 4767 3278 4908 3342; x_wconf 86' lang='lat' dir='ltr'>post</span> 
     </span>
    </p>
   </div>
   <div class='ocr_carea' id='block_1_66' title="bbox 1479 3351 3447 3436">
    <p class='ocr_par' dir='ltr' id='par_1_66' title="bbox 1479 3351 3422 3433">
     <span class='ocr_line' id='line_1_66' title="bbox 1479 3351 3422 3433; baseline 0 -20"><span class='ocrx_word' id='word_1_455' title='bbox 1479 3364 1883 3433; x_wconf 64' lang='lat' dir='ltr'>praeparatam,</span> <span class='ocrx_word' id='word_1_456' title='bbox 1919 3363 1984 3413; x_wconf 90' lang='lat' dir='ltr'>ut</span> <span class='ocrx_word' id='word_1_457' title='bbox 2015 3357 2276 3413; x_wconf 87' lang='lat' dir='ltr'>creditur</span> <span class='ocrx_word' id='word_1_458' title='bbox 2303 3363 2357 3412; x_wconf 92' lang='lat' dir='ltr'>et</span> <span class='ocrx_word' id='word_1_459' title='bbox 2389 3358 2756 3428; x_wconf 69' lang='lat' dir='ltr'>prazdicatur,</span> <span class='ocrx_word' id='word_1_460' title='bbox 2783 3374 2958 3428; x_wconf 86' lang='lat' dir='ltr'>super</span> <span class='ocrx_word' id='word_1_461' title='bbox 2988 3358 3121 3412; x_wconf 85' lang='lat' dir='ltr'>cho-</span> <span class='ocrx_word' id='word_1_462' title='bbox 3156 3351 3198 3417; x_wconf 89' lang='lat' dir='ltr'>C</span> <span class='ocrx_word' id='word_1_463' title='bbox 3241 3369 3422 3423; x_wconf 70' lang='lat' dir='ltr'>Deum</span> 
     </span>
    </p>
   </div>
   <div class='ocr_carea' id='block_1_67' title="bbox 2941 3351 4909 3436">
    <p class='ocr_par' dir='ltr' id='par_1_67' title="bbox 2941 3351 4909 3436">
     <span class='ocr_line' id='line_1_67' title="bbox 2941 3351 4909 3436; baseline -0.004 -18"><span class='ocrx_word' id='word_1_464' title='bbox 2941 3376 2958 3411; x_wconf 69' lang='grc' dir='ltr'>Γ·</span> <span class='ocrx_word' id='word_1_465' title='bbox 2988 3358 3121 3412; x_wconf 78' lang='lat' dir='ltr'>ChO-</span> <span class='ocrx_word' id='word_1_466' title='bbox 3156 3351 3198 3417; x_wconf 86' lang='lat' dir='ltr'><strong><em>C</em></strong></span> <span class='ocrx_word' id='word_1_467' title='bbox 3241 3369 3422 3423; x_wconf 89' lang='lat' dir='ltr'>Deum</span> <span class='ocrx_word' id='word_1_468' title='bbox 3457 3382 3632 3420; x_wconf 86' lang='lat' dir='ltr'>causa</span> <span class='ocrx_word' id='word_1_469' title='bbox 3664 3364 3954 3436; x_wconf 66' lang='lat' dir='ltr'>praecipua</span> <span class='ocrx_word' id='word_1_470' title='bbox 4003 3361 4271 3415; x_wconf 73' lang='lat' dir='ltr'>humana:</span> <span class='ocrx_word' id='word_1_471' title='bbox 4323 3357 4555 3413; x_wconf 90' lang='lat' dir='ltr'>salutis.</span> <span class='ocrx_word' id='word_1_472' title='bbox 4588 3356 4673 3410; x_wconf 90' lang='lat' dir='ltr'>Tu</span> <span class='ocrx_word' id='word_1_473' title='bbox 4710 3365 4909 3411; x_wconf 86' lang='lat' dir='ltr'>mater</span> 
     </span>
    </p>
   </div>
   <div class='ocr_carea' id='block_1_68' title="bbox 1479 3445 2637 3522">
    <p class='ocr_par' dir='ltr' id='par_1_68' title="bbox 1479 3445 2637 3522">
     <span class='ocr_line' id='line_1_68' title="bbox 1479 3445 2637 3522; baseline -0.003 -18"><span class='ocrx_word' id='word_1_474' title='bbox 1479 3466 1572 3504; x_wconf 89' lang='lat' dir='ltr'>ros</span> <span class='ocrx_word' id='word_1_475' title='bbox 1603 3448 1946 3522; x_wconf 86' lang='lat' dir='ltr'>angelorum</span> <span class='ocrx_word' id='word_1_476' title='bbox 1973 3447 2252 3518; x_wconf 88' lang='lat' dir='ltr'>dignatus</span> <span class='ocrx_word' id='word_1_477' title='bbox 2280 3451 2364 3500; x_wconf 90' lang='lat' dir='ltr'>est</span> <span class='ocrx_word' id='word_1_478' title='bbox 2397 3445 2637 3500; x_wconf 91' lang='lat' dir='ltr'>elevare.</span> 
     </span>
    </p>
   </div>
   <div class='ocr_carea' id='block_1_69' title="bbox 1549 3533 3127 3608">
    <p class='ocr_par' dir='ltr' id='par_1_69' title="bbox 1549 3533 3127 3608">
     <span class='ocr_line' id='line_1_69' title="bbox 1549 3533 3127 3608; baseline -0.001 -16"><span class='ocrx_word' id='word_1_479' title='bbox 1549 3537 1737 3608; x_wconf 64' lang='lat' dir='ltr'>Hujus</span> <span class='ocrx_word' id='word_1_480' title='bbox 1763 3535 1880 3590; x_wconf 88' lang='lat' dir='ltr'>diei</span> <span class='ocrx_word' id='word_1_481' title='bbox 1916 3533 2177 3588; x_wconf 68' lang='lat' dir='ltr'>lzetitiam</span> <span class='ocrx_word' id='word_1_482' title='bbox 2200 3533 2370 3588; x_wconf 91' lang='lat' dir='ltr'>hodie</span> <span class='ocrx_word' id='word_1_483' title='bbox 2395 3539 2548 3588; x_wconf 91' lang='lat' dir='ltr'>totus</span> <span class='ocrx_word' id='word_1_484' title='bbox 2583 3535 2840 3590; x_wconf 90' lang='lat' dir='ltr'>mundus</span> <span class='ocrx_word' id='word_1_485' title='bbox 2870 3535 3127 3590; x_wconf 87' lang='lat' dir='ltr'>concele-</span> 
     </span>
    </p>
   </div>
   <div class='ocr_carea' id='block_1_70' title="bbox 1480 3622 3130 3696">
    <p class='ocr_par' dir='ltr' id='par_1_70' title="bbox 1480 3622 3130 3696">
     <span class='ocr_line' id='line_1_70' title="bbox 1480 3622 3130 3696; baseline 0 -18"><span class='ocrx_word' id='word_1_486' title='bbox 1480 3624 1817 3690; x_wconf 90' lang='lat' dir='ltr'>brat,hodie</span> <span class='ocrx_word' id='word_1_487' title='bbox 1847 3638 2102 3694; x_wconf 88' lang='lat' dir='ltr'>namque</span> <span class='ocrx_word' id='word_1_488' title='bbox 2133 3622 2206 3677; x_wconf 90' lang='lat' dir='ltr'>ob</span> <span class='ocrx_word' id='word_1_489' title='bbox 2236 3622 2663 3678; x_wconf 89' lang='lat' dir='ltr'>venerationem</span> <span class='ocrx_word' id='word_1_490' title='bbox 2695 3625 3130 3696; x_wconf 85' lang='lat' dir='ltr'>Assumptionis</span> 
     </span>
    </p>
   </div>
   <div class='ocr_carea' id='block_1_71' title="bbox 1482 3710 3129 3784">
    <p class='ocr_par' dir='ltr' id='par_1_71' title="bbox 1482 3710 3129 3784">
     <span class='ocr_line' id='line_1_71' title="bbox 1482 3710 3129 3784; baseline -0.001 -16"><span class='ocrx_word' id='word_1_491' title='bbox 1482 3713 1714 3768; x_wconf 89' lang='lat' dir='ltr'>Domini</span> <span class='ocrx_word' id='word_1_492' title='bbox 1749 3711 2062 3766; x_wconf 87' lang='lat' dir='ltr'>Genitricis</span> <span class='ocrx_word' id='word_1_493' title='bbox 2094 3711 2278 3782; x_wconf 86' lang='lat' dir='ltr'>angeli</span> <span class='ocrx_word' id='word_1_494' title='bbox 2321 3710 2609 3779; x_wconf 63' lang='lat' dir='ltr'>laetantur,</span> <span class='ocrx_word' id='word_1_495' title='bbox 2641 3712 2892 3784; x_wconf 85' lang='lat' dir='ltr'>virgines</span> <span class='ocrx_word' id='word_1_496' title='bbox 2932 3719 3129 3783; x_wconf 88' lang='lat' dir='ltr'>gratu-</span> 
     </span>
    </p>
   </div>
   <div class='ocr_carea' id='block_1_72' title="bbox 1480 3799 3129 3873">
    <p class='ocr_par' dir='ltr' id='par_1_72' title="bbox 1480 3799 3129 3873">
     <span class='ocr_line' id='line_1_72' title="bbox 1480 3799 3129 3873; baseline 0.001 -18"><span class='ocrx_word' id='word_1_497' title='bbox 1480 3800 1697 3869; x_wconf 86' lang='lat' dir='ltr'>lantur,</span> <span class='ocrx_word' id='word_1_498' title='bbox 1728 3799 2067 3872; x_wconf 77' lang='lat' dir='ltr'>patriarchae</span> <span class='ocrx_word' id='word_1_499' title='bbox 2109 3806 2165 3854; x_wconf 89' lang='lat' dir='ltr'>et</span> <span class='ocrx_word' id='word_1_500' title='bbox 2214 3801 2504 3872; x_wconf 62' lang='lat' dir='ltr'>propheta:</span> <span class='ocrx_word' id='word_1_501' title='bbox 2560 3805 2672 3856; x_wconf 90' lang='lat' dir='ltr'>Deo</span> <span class='ocrx_word' id='word_1_502' title='bbox 2721 3803 2935 3873; x_wconf 85' lang='lat' dir='ltr'>gratias</span> <span class='ocrx_word' id='word_1_503' title='bbox 2987 3803 3129 3856; x_wconf 78' lang='lat' dir='ltr'>refe-</span> 
     </span>
    </p>
   </div>
   <div class='ocr_carea' id='block_1_73' title="bbox 1483 3888 3126 3961">
    <p class='ocr_par' dir='ltr' id='par_1_73' title="bbox 1483 3888 3126 3961">
     <span class='ocr_line' id='line_1_73' title="bbox 1483 3888 3126 3961; baseline 0.001 -17"><span class='ocrx_word' id='word_1_504' title='bbox 1483 3894 1641 3954; x_wconf 89' lang='lat' dir='ltr'>runt,</span> <span class='ocrx_word' id='word_1_505' title='bbox 1671 3889 1809 3961; x_wconf 89' lang='lat' dir='ltr'>quia</span> <span class='ocrx_word' id='word_1_506' title='bbox 1837 3888 2118 3961; x_wconf 69' lang='lat' dir='ltr'>przesagia</span> <span class='ocrx_word' id='word_1_507' title='bbox 2147 3896 2204 3944; x_wconf 89' lang='lat' dir='ltr'>et</span> <span class='ocrx_word' id='word_1_508' title='bbox 2236 3889 2511 3944; x_wconf 85' lang='lat' dir='ltr'>vaticinia</span> <span class='ocrx_word' id='word_1_509' title='bbox 2557 3906 2663 3944; x_wconf 91' lang='lat' dir='ltr'>sua</span> <span class='ocrx_word' id='word_1_510' title='bbox 2721 3906 2822 3961; x_wconf 87' lang='lat' dir='ltr'>per</span> <span class='ocrx_word' id='word_1_511' title='bbox 2863 3891 3126 3946; x_wconf 89' lang='lat' dir='ltr'>eamdem</span> 
     </span>
    </p>
   </div>
   <div class='ocr_carea' id='block_1_74' title="bbox 1482 3977 3130 4050">
    <p class='ocr_par' dir='ltr' id='par_1_74' title="bbox 1482 3977 3130 4050">
     <span class='ocr_line' id='line_1_74' title="bbox 1482 3977 3130 4050; baseline -0.001 -17"><span class='ocrx_word' id='word_1_512' title='bbox 1482 3977 1708 4033; x_wconf 89' lang='lat' dir='ltr'>Domini</span> <span class='ocrx_word' id='word_1_513' title='bbox 1743 3977 2090 4034; x_wconf 87' lang='lat' dir='ltr'>Genitricem</span> <span class='ocrx_word' id='word_1_514' title='bbox 2124 3977 2412 4050; x_wconf 88' lang='lat' dir='ltr'>completa</span> <span class='ocrx_word' id='word_1_515' title='bbox 2435 3995 2566 4033; x_wconf 89' lang='lat' dir='ltr'>esse</span> <span class='ocrx_word' id='word_1_516' title='bbox 2599 3984 2980 4048; x_wconf 87' lang='lat' dir='ltr'>cognoscunt,</span> <span class='ocrx_word' id='word_1_517' title='bbox 3001 3996 3130 4050; x_wconf 82' lang='lat' dir='ltr'>apo-</span> 
     </span>
    </p>
   </div>
   <div class='ocr_carea' id='block_1_75' title="bbox 1480 4065 3129 4140">
    <p class='ocr_par' dir='ltr' id='par_1_75' title="bbox 1480 4065 3129 4140">
     <span class='ocr_line' id='line_1_75' title="bbox 1480 4065 3129 4140; baseline 0 -19"><span class='ocrx_word' id='word_1_518' title='bbox 1480 4066 1611 4122; x_wconf 92' lang='lat' dir='ltr'>stoIi</span> <span class='ocrx_word' id='word_1_519' title='bbox 1643 4071 1698 4123; x_wconf 93' lang='lat' dir='ltr'>et</span> <span class='ocrx_word' id='word_1_520' title='bbox 1717 4065 2082 4140; x_wconf 74' lang='lat' dir='ltr'>evangelista:</span> <span class='ocrx_word' id='word_1_521' title='bbox 2110 4066 2455 4138; x_wconf 89' lang='lat' dir='ltr'>tripudiant,</span> <span class='ocrx_word' id='word_1_522' title='bbox 2479 4083 2611 4121; x_wconf 91' lang='lat' dir='ltr'>cum</span> <span class='ocrx_word' id='word_1_523' title='bbox 2647 4067 2703 4121; x_wconf 90' lang='lat' dir='ltr'>in</span> <span class='ocrx_word' id='word_1_524' title='bbox 2737 4084 2907 4122; x_wconf 90' lang='lat' dir='ltr'>carne</span> <span class='ocrx_word' id='word_1_525' title='bbox 2929 4067 3129 4122; x_wconf 92' lang='lat' dir='ltr'>Domi-</span> 
     </span>
    </p>
   </div>
   <div class='ocr_carea' id='block_1_76' title="bbox 1480 4155 3129 4228">
    <p class='ocr_par' dir='ltr' id='par_1_76' title="bbox 1480 4155 3129 4228">
     <span class='ocr_line' id='line_1_76' title="bbox 1480 4155 3129 4228; baseline -0.001 -16"><span class='ocrx_word' id='word_1_526' title='bbox 1480 4172 1620 4212; x_wconf 87' lang='lat' dir='ltr'>num</span> <span class='ocrx_word' id='word_1_527' title='bbox 1651 4156 1898 4224; x_wconf 88' lang='lat' dir='ltr'>venisse,</span> <span class='ocrx_word' id='word_1_528' title='bbox 1923 4160 1978 4211; x_wconf 91' lang='lat' dir='ltr'>et</span> <span class='ocrx_word' id='word_1_529' title='bbox 2000 4157 2070 4211; x_wconf 93' lang='lat' dir='ltr'>de</span> <span class='ocrx_word' id='word_1_530' title='bbox 2092 4155 2329 4227; x_wconf 89' lang='lat' dir='ltr'>Virgine</span> <span class='ocrx_word' id='word_1_531' title='bbox 2356 4159 2558 4210; x_wconf 89' lang='lat' dir='ltr'>natum</span> <span class='ocrx_word' id='word_1_532' title='bbox 2592 4171 2727 4210; x_wconf 88' lang='lat' dir='ltr'>vera</span> <span class='ocrx_word' id='word_1_533' title='bbox 2753 4156 2863 4210; x_wconf 82' lang='lat' dir='ltr'>fide</span> <span class='ocrx_word' id='word_1_534' title='bbox 2895 4157 3129 4228; x_wconf 87' lang='lat' dir='ltr'>scriptis</span> 
     </span>
    </p>
   </div>
   <div class='ocr_carea' id='block_1_77' title="bbox 1479 4243 3125 4317">
    <p class='ocr_par' dir='ltr' id='par_1_77' title="bbox 1479 4243 3125 4317">
     <span class='ocr_line' id='line_1_77' title="bbox 1479 4243 3125 4317; baseline -0.002 -16"><span class='ocrx_word' id='word_1_535' title='bbox 1479 4243 1602 4301; x_wconf 90' lang='lat' dir='ltr'>suis</span> <span class='ocrx_word' id='word_1_536' title='bbox 1633 4243 2384 4317; x_wconf 58' lang='lat' dir='ltr'>pronuntiantﬁloriantur</span> <span class='ocrx_word' id='word_1_537' title='bbox 2412 4245 2587 4299; x_wconf 91' lang='lat' dir='ltr'>etiam</span> <span class='ocrx_word' id='word_1_538' title='bbox 2619 4243 2791 4299; x_wconf 90' lang='lat' dir='ltr'>hodie</span> <span class='ocrx_word' id='word_1_539' title='bbox 2823 4251 3125 4317; x_wconf 74' lang='lat' dir='ltr'>martyres,</span> 
     </span>
    </p>
   </div>
   <div class='ocr_carea' id='block_1_78' title="bbox 1479 4331 3127 4404">
    <p class='ocr_par' dir='ltr' id='par_1_78' title="bbox 1479 4331 3127 4404">
     <span class='ocr_line' id='line_1_78' title="bbox 1479 4331 3127 4404; baseline 0 -15"><span class='ocrx_word' id='word_1_540' title='bbox 1479 4332 1786 4389; x_wconf 88' lang='lat' dir='ltr'>Genitricis</span> <span class='ocrx_word' id='word_1_541' title='bbox 1809 4333 2041 4389; x_wconf 88' lang='lat' dir='ltr'>Domini</span> <span class='ocrx_word' id='word_1_542' title='bbox 2067 4333 2157 4388; x_wconf 90' lang='lat' dir='ltr'>sui</span> <span class='ocrx_word' id='word_1_543' title='bbox 2181 4331 2465 4388; x_wconf 84' lang='lat' dir='ltr'>solemnia</span> <span class='ocrx_word' id='word_1_544' title='bbox 2481 4331 2673 4404; x_wconf 89' lang='lat' dir='ltr'>dignis</span> <span class='ocrx_word' id='word_1_545' title='bbox 2693 4331 2964 4388; x_wconf 87' lang='lat' dir='ltr'>laudibus</span> <span class='ocrx_word' id='word_1_546' title='bbox 2983 4333 3127 4389; x_wconf 81' lang='lat' dir='ltr'>cele-</span> 
     </span>
    </p>
   </div>
   <div class='ocr_carea' id='block_1_79' title="bbox 1479 4420 3130 4493">
    <p class='ocr_par' dir='ltr' id='par_1_79' title="bbox 1479 4420 3130 4493">
     <span class='ocr_line' id='line_1_79' title="bbox 1479 4420 3130 4493; baseline 0 -15"><span class='ocrx_word' id='word_1_547' title='bbox 1479 4423 1735 4478; x_wconf 84' lang='lat' dir='ltr'>brantes.</span> <span class='ocrx_word' id='word_1_548' title='bbox 1770 4422 2036 4478; x_wconf 86' lang='lat' dir='ltr'>Gaudent</span> <span class='ocrx_word' id='word_1_549' title='bbox 2067 4420 2286 4477; x_wconf 88' lang='lat' dir='ltr'>summi</span> <span class='ocrx_word' id='word_1_550' title='bbox 2320 4421 2644 4493; x_wconf 81' lang='lat' dir='ltr'>pontiﬁces,</span> <span class='ocrx_word' id='word_1_551' title='bbox 2679 4422 3038 4477; x_wconf 81' lang='lat' dir='ltr'>confessores</span> <span class='ocrx_word' id='word_1_552' title='bbox 3074 4428 3130 4478; x_wconf 91' lang='lat' dir='ltr'>et</span> 
     </span>
    </p>
   </div>
   <div class='ocr_carea' id='block_1_80' title="bbox 1479 4510 3126 4581">
    <p class='ocr_par' dir='ltr' id='par_1_80' title="bbox 1479 4510 3126 4581">
     <span class='ocr_line' id='line_1_80' title="bbox 1479 4510 3126 4581; baseline 0.001 -15"><span class='ocrx_word' id='word_1_553' title='bbox 1479 4512 1744 4566; x_wconf 88' lang='lat' dir='ltr'>doctores</span> <span class='ocrx_word' id='word_1_554' title='bbox 1769 4510 2063 4578; x_wconf 89' lang='lat' dir='ltr'>catholici,</span> <span class='ocrx_word' id='word_1_555' title='bbox 2093 4510 2235 4564; x_wconf 91' lang='lat' dir='ltr'>dum</span> <span class='ocrx_word' id='word_1_556' title='bbox 2268 4527 2371 4581; x_wconf 89' lang='lat' dir='ltr'>per</span> <span class='ocrx_word' id='word_1_557' title='bbox 2399 4526 2597 4565; x_wconf 91' lang='lat' dir='ltr'>eorum</span> <span class='ocrx_word' id='word_1_558' title='bbox 2622 4510 2949 4566; x_wconf 90' lang='lat' dir='ltr'>doctrinam</span> <span class='ocrx_word' id='word_1_559' title='bbox 2983 4513 3126 4567; x_wconf 84' lang='lat' dir='ltr'>tide-</span> 
     </span>
    </p>
   </div>
   <div class='ocr_carea' id='block_1_81' title="bbox 1477 4596 3128 4670">
    <p class='ocr_par' dir='ltr' id='par_1_81' title="bbox 1477 4596 3128 4670">
     <span class='ocr_line' id='line_1_81' title="bbox 1477 4596 3128 4670; baseline 0 -16"><span class='ocrx_word' id='word_1_560' title='bbox 1477 4599 1563 4655; x_wconf 90' lang='lat' dir='ltr'>les</span> <span class='ocrx_word' id='word_1_561' title='bbox 1613 4599 1709 4653; x_wconf 85' lang='lat' dir='ltr'>Dei</span> <span class='ocrx_word' id='word_1_562' title='bbox 1761 4599 2006 4654; x_wconf 86' lang='lat' dir='ltr'>credunt</span> <span class='ocrx_word' id='word_1_563' title='bbox 2053 4601 2112 4653; x_wconf 88' lang='lat' dir='ltr'>et</span> <span class='ocrx_word' id='word_1_564' title='bbox 2165 4596 2365 4653; x_wconf 86' lang='lat' dir='ltr'>colunt</span> <span class='ocrx_word' id='word_1_565' title='bbox 2405 4597 2500 4653; x_wconf 92' lang='lat' dir='ltr'>Dei</span> <span class='ocrx_word' id='word_1_566' title='bbox 2533 4597 2741 4652; x_wconf 84' lang='lat' dir='ltr'>Filium</span> <span class='ocrx_word' id='word_1_567' title='bbox 2799 4600 3128 4670; x_wconf 88' lang='lat' dir='ltr'>suscepisse</span> 
     </span>
    </p>
   </div>
   <div class='ocr_carea' id='block_1_82' title="bbox 3239 3443 4909 3526">
    <p class='ocr_par' dir='ltr' id='par_1_82' title="bbox 3239 3443 4909 3526">
     <span class='ocr_line' id='line_1_82' title="bbox 3239 3443 4909 3526; baseline -0.007 -16"><span class='ocrx_word' id='word_1_568' title='bbox 3239 3453 3578 3526; x_wconf 88' lang='lat' dir='ltr'>singularis,</span> <span class='ocrx_word' id='word_1_569' title='bbox 3613 3458 3675 3506; x_wconf 90' lang='lat' dir='ltr'>tu</span> <span class='ocrx_word' id='word_1_570' title='bbox 3710 3453 3869 3521; x_wconf 87' lang='lat' dir='ltr'>virgo</span> <span class='ocrx_word' id='word_1_571' title='bbox 3900 3453 4193 3522; x_wconf 87' lang='lat' dir='ltr'>perennts.</span> <span class='ocrx_word' id='word_1_572' title='bbox 4220 3447 4306 3501; x_wconf 84' lang='lat' dir='ltr'>Tu</span> <span class='ocrx_word' id='word_1_573' title='bbox 4340 3451 4525 3501; x_wconf 90' lang='lat' dir='ltr'>mater</span> <span class='ocrx_word' id='word_1_574' title='bbox 4559 3443 4802 3510; x_wconf 89' lang='lat' dir='ltr'>intacta,</span> <span class='ocrx_word' id='word_1_575' title='bbox 4843 3453 4909 3499; x_wconf 90' lang='lat' dir='ltr'>tu</span> 
     </span>
    </p>
   </div>
   <div class='ocr_carea' id='block_1_83' title="bbox 3237 3532 4910 3614">
    <p class='ocr_par' dir='ltr' id='par_1_83' title="bbox 3237 3532 4910 3614">
     <span class='ocr_line' id='line_1_83' title="bbox 3237 3532 4910 3614; baseline -0.008 -15"><span class='ocrx_word' id='word_1_576' title='bbox 3237 3545 3398 3614; x_wconf 89' lang='lat' dir='ltr'>virgo</span> <span class='ocrx_word' id='word_1_577' title='bbox 3433 3542 3699 3597; x_wconf 79' lang='lat' dir='ltr'>fecunda.</span> <span class='ocrx_word' id='word_1_578' title='bbox 3734 3542 3822 3596; x_wconf 87' lang='lat' dir='ltr'>Tu</span> <span class='ocrx_word' id='word_1_579' title='bbox 3873 3544 4059 3594; x_wconf 89' lang='lat' dir='ltr'>mater</span> <span class='ocrx_word' id='word_1_580' title='bbox 4106 3537 4231 3591; x_wconf 87' lang='lat' dir='ltr'>sine</span> <span class='ocrx_word' id='word_1_581' title='bbox 4282 3535 4424 3602; x_wconf 88' lang='lat' dir='ltr'>viro,</span> <span class='ocrx_word' id='word_1_582' title='bbox 4457 3538 4518 3588; x_wconf 90' lang='lat' dir='ltr'>tu</span> <span class='ocrx_word' id='word_1_583' title='bbox 4571 3532 4735 3604; x_wconf 83' lang='lat' dir='ltr'>virgo</span> <span class='ocrx_word' id='word_1_584' title='bbox 4773 3533 4910 3587; x_wconf 88' lang='lat' dir='ltr'>sine</span> 
     </span>
    </p>
   </div>
   <div class='ocr_carea' id='block_1_84' title="bbox 3238 3620 4912 3703">
    <p class='ocr_par' dir='ltr' id='par_1_84' title="bbox 3238 3620 4912 3703">
     <span class='ocr_line' id='line_1_84' title="bbox 3238 3620 4912 3703; baseline -0.008 -15"><span class='ocrx_word' id='word_1_585' title='bbox 3238 3631 3520 3703; x_wconf 79' lang='lat' dir='ltr'>exemplo.</span> <span class='ocrx_word' id='word_1_586' title='bbox 3549 3632 3634 3685; x_wconf 83' lang='lat' dir='ltr'>&#39;l‘u</span> <span class='ocrx_word' id='word_1_587' title='bbox 3667 3645 3947 3701; x_wconf 87' lang='lat' dir='ltr'>puerpera</span> <span class='ocrx_word' id='word_1_588' title='bbox 3981 3625 4106 3680; x_wconf 88' lang='lat' dir='ltr'>sine</span> <span class='ocrx_word' id='word_1_589' title='bbox 4137 3631 4246 3679; x_wconf 73' lang='lat' dir='ltr'>tua:</span> <span class='ocrx_word' id='word_1_590' title='bbox 4281 3622 4632 3694; x_wconf 89' lang='lat' dir='ltr'>integritatis</span> <span class='ocrx_word' id='word_1_591' title='bbox 4665 3620 4912 3692; x_wconf 82' lang='lat' dir='ltr'>dispen-</span> 
     </span>
    </p>
   </div>
   <div class='ocr_carea' id='block_1_85' title="bbox 3239 3709 4909 3778">
    <p class='ocr_par' dir='ltr' id='par_1_85' title="bbox 3239 3709 4909 3778">
     <span class='ocr_line' id='line_1_85' title="bbox 3239 3709 4909 3778; baseline -0.007 -5"><span class='ocrx_word' id='word_1_592' title='bbox 3239 3722 3354 3775; x_wconf 91' lang='lat' dir='ltr'>dio.</span> <span class='ocrx_word' id='word_1_593' title='bbox 3387 3721 3470 3774; x_wconf 85' lang='lat' dir='ltr'>Tu</span> <span class='ocrx_word' id='word_1_594' title='bbox 3502 3724 3580 3773; x_wconf 92' lang='lat' dir='ltr'>tot</span> <span class='ocrx_word' id='word_1_595' title='bbox 3613 3718 3825 3772; x_wconf 84' lang='lat' dir='ltr'>divinis</span> <span class='ocrx_word' id='word_1_596' title='bbox 3859 3716 4202 3770; x_wconf 84' lang='lat' dir='ltr'>muneribus</span> <span class='ocrx_word' id='word_1_597' title='bbox 4235 3713 4534 3778; x_wconf 81' lang='lat' dir='ltr'>functa,tu</span> <span class='ocrx_word' id='word_1_598' title='bbox 4567 3709 4750 3764; x_wconf 88' lang='lat' dir='ltr'>tantis</span> <span class='ocrx_word' id='word_1_599' title='bbox 4776 3728 4909 3764; x_wconf 88' lang='lat' dir='ltr'>mu-</span> 
     </span>
    </p>
   </div>
   <div class='ocr_carea' id='block_1_86' title="bbox 3241 3800 4904 3874">
    <p class='ocr_par' dir='ltr' id='par_1_86' title="bbox 3241 3800 4904 3874">
     <span class='ocr_line' id='line_1_86' title="bbox 3241 3800 4904 3874; baseline -0.005 -10"><span class='ocrx_word' id='word_1_600' title='bbox 3241 3810 3479 3864; x_wconf 90' lang='lat' dir='ltr'>neribus</span> <span class='ocrx_word' id='word_1_601' title='bbox 3501 3806 3829 3861; x_wconf 83' lang='lat' dir='ltr'>co-lestibus</span> <span class='ocrx_word' id='word_1_602' title='bbox 3852 3809 4103 3874; x_wconf 88' lang='lat' dir='ltr'>compta.</span> <span class='ocrx_word' id='word_1_603' title='bbox 4128 3803 4214 3857; x_wconf 85' lang='lat' dir='ltr'>&#39;l‘u</span> <span class='ocrx_word' id='word_1_604' title='bbox 4241 3806 4358 3856; x_wconf 90' lang='lat' dir='ltr'>tam</span> <span class='ocrx_word' id='word_1_605' title='bbox 4384 3800 4687 3871; x_wconf 82' lang='lat' dir='ltr'>granditer</span> <span class='ocrx_word' id='word_1_606' title='bbox 4706 3803 4904 3870; x_wconf 85' lang='lat' dir='ltr'>gratia</span> 
     </span>
    </p>
   </div>
   <div class='ocr_carea' id='block_1_87' title="bbox 3243 3887 4899 3965">
    <p class='ocr_par' dir='ltr' id='par_1_87' title="bbox 3243 3887 4899 3965">
     <span class='ocr_line' id='line_1_87' title="bbox 3243 3887 4899 3965; baseline -0.008 -11"><span class='ocrx_word' id='word_1_607' title='bbox 3243 3900 3334 3954; x_wconf 88' lang='lat' dir='ltr'>Dei</span> <span class='ocrx_word' id='word_1_608' title='bbox 3369 3915 3431 3952; x_wconf 89' lang='lat' dir='ltr'>es</span> <span class='ocrx_word' id='word_1_609' title='bbox 3462 3899 3690 3961; x_wconf 79' lang='lat' dir='ltr'>referta,</span> <span class='ocrx_word' id='word_1_610' title='bbox 3726 3901 3788 3948; x_wconf 92' lang='lat' dir='ltr'>ut</span> <span class='ocrx_word' id='word_1_611' title='bbox 3829 3911 3929 3965; x_wconf 91' lang='lat' dir='ltr'>per</span> <span class='ocrx_word' id='word_1_612' title='bbox 3977 3893 4176 3946; x_wconf 81' lang='lat' dir='ltr'>ﬂorem</span> <span class='ocrx_word' id='word_1_613' title='bbox 4237 3890 4320 3945; x_wconf 90' lang='lat' dir='ltr'>tui</span> <span class='ocrx_word' id='word_1_614' title='bbox 4383 3887 4688 3957; x_wconf 83' lang='lat' dir='ltr'>virginalis</span> <span class='ocrx_word' id='word_1_615' title='bbox 4740 3890 4899 3943; x_wconf 75' lang='lat' dir='ltr'>uteri</span> 
     </span>
    </p>
   </div>
   <div class='ocr_carea' id='block_1_88' title="bbox 3240 3977 4901 4057">
    <p class='ocr_par' dir='ltr' id='par_1_88' title="bbox 3240 3977 4901 4057">
     <span class='ocr_line' id='line_1_88' title="bbox 3240 3977 4901 4057; baseline -0.005 -16"><span class='ocrx_word' id='word_1_616' title='bbox 3240 3987 3606 4057; x_wconf 86' lang='lat' dir='ltr'>omnipotens</span> <span class='ocrx_word' id='word_1_617' title='bbox 3635 3988 3802 4037; x_wconf 80' lang='lat' dir='ltr'>Pater</span> <span class='ocrx_word' id='word_1_618' title='bbox 3823 3984 4124 4053; x_wconf 87' lang='lat' dir='ltr'>superaret</span> <span class='ocrx_word' id='word_1_619' title='bbox 4149 3980 4517 4033; x_wconf 87' lang='lat' dir='ltr'>tenebrarum</span> <span class='ocrx_word' id='word_1_620' title='bbox 4545 3977 4901 4049; x_wconf 86' lang='lat' dir='ltr'>principem,</span> 
     </span>
    </p>
   </div>
   <div class='ocr_carea' id='block_1_89' title="bbox 3242 4065 4900 4138">
    <p class='ocr_par' dir='ltr' id='par_1_89' title="bbox 3242 4065 4900 4138">
     <span class='ocr_line' id='line_1_89' title="bbox 3242 4065 4900 4138; baseline -0.007 -7"><span class='ocrx_word' id='word_1_621' title='bbox 3242 4076 3448 4130; x_wconf 89' lang='lat' dir='ltr'>mortis</span> <span class='ocrx_word' id='word_1_622' title='bbox 3506 4080 3826 4134; x_wconf 89' lang='lat' dir='ltr'>auctorem,</span> <span class='ocrx_word' id='word_1_623' title='bbox 3859 4076 3916 4125; x_wconf 92' lang='lat' dir='ltr'>et</span> <span class='ocrx_word' id='word_1_624' title='bbox 3973 4073 4265 4124; x_wconf 89' lang='lat' dir='ltr'>amoveret</span> <span class='ocrx_word' id='word_1_625' title='bbox 4323 4084 4356 4121; x_wconf 91' lang='lat' dir='ltr'>a</span> <span class='ocrx_word' id='word_1_626' title='bbox 4417 4065 4670 4138; x_wconf 86' lang='lat' dir='ltr'>paradisi</span> <span class='ocrx_word' id='word_1_627' title='bbox 4729 4067 4900 4119; x_wconf 85' lang='lat' dir='ltr'>aditu</span> 
     </span>
    </p>
   </div>
   <div class='ocr_carea' id='block_1_90' title="bbox 3239 4155 4902 4238">
    <p class='ocr_par' dir='ltr' id='par_1_90' title="bbox 3239 4155 4902 4238">
     <span class='ocr_line' id='line_1_90' title="bbox 3239 4155 4902 4238; baseline -0.007 -19"><span class='ocrx_word' id='word_1_628' title='bbox 3239 4164 3501 4238; x_wconf 88' lang='lat' dir='ltr'>gladium</span> <span class='ocrx_word' id='word_1_629' title='bbox 3537 4163 3873 4217; x_wconf 80' lang='lat' dir='ltr'>ﬂammeum</span> <span class='ocrx_word' id='word_1_630' title='bbox 3908 4163 4081 4229; x_wconf 90' lang='lat' dir='ltr'>atque</span> <span class='ocrx_word' id='word_1_631' title='bbox 4111 4155 4440 4212; x_wconf 84' lang='lat' dir='ltr'>versatilem</span> <span class='ocrx_word' id='word_1_632' title='bbox 4473 4173 4485 4210; x_wconf 92' lang='lat'><strong>:</strong></span> <span class='ocrx_word' id='word_1_633' title='bbox 4514 4159 4570 4209; x_wconf 93' lang='lat' dir='ltr'>et</span> <span class='ocrx_word' id='word_1_634' title='bbox 4601 4171 4701 4226; x_wconf 91' lang='lat' dir='ltr'>per</span> <span class='ocrx_word' id='word_1_635' title='bbox 4732 4171 4902 4222; x_wconf 78' lang='lat' dir='ltr'>eum,</span> 
     </span>
    </p>
   </div>
   <div class='ocr_carea' id='block_1_91' title="bbox 3239 4242 4901 4326">
    <p class='ocr_par' dir='ltr' id='par_1_91' title="bbox 3239 4242 4901 4326">
     <span class='ocr_line' id='line_1_91' title="bbox 3239 4242 4901 4326; baseline -0.006 -18"><span class='ocrx_word' id='word_1_636' title='bbox 3239 4271 3413 4326; x_wconf 90' lang='lat' dir='ltr'>quem</span> <span class='ocrx_word' id='word_1_637' title='bbox 3447 4256 3546 4306; x_wconf 89' lang='lat' dir='ltr'>tua</span> <span class='ocrx_word' id='word_1_638' title='bbox 3577 4249 3870 4321; x_wconf 86' lang='lat' dir='ltr'>generavit</span> <span class='ocrx_word' id='word_1_639' title='bbox 3902 4247 4228 4317; x_wconf 88' lang='lat' dir='ltr'>virginitas,</span> <span class='ocrx_word' id='word_1_640' title='bbox 4251 4242 4504 4298; x_wconf 75' lang='lat' dir='ltr'>cmlestis</span> <span class='ocrx_word' id='word_1_641' title='bbox 4553 4242 4714 4314; x_wconf 86' lang='lat' dir='ltr'>regni</span> <span class='ocrx_word' id='word_1_642' title='bbox 4761 4244 4901 4298; x_wconf 79' lang='lat' dir='ltr'>ﬁde-</span> 
     </span>
    </p>
   </div>
   <div class='ocr_carea' id='block_1_92' title="bbox 3239 4331 4899 4412">
    <p class='ocr_par' dir='ltr' id='par_1_92' title="bbox 3239 4331 4899 4412">
     <span class='ocr_line' id='line_1_92' title="bbox 3239 4331 4899 4412; baseline -0.007 -16"><span class='ocrx_word' id='word_1_643' title='bbox 3239 4342 3394 4396; x_wconf 90' lang='lat' dir='ltr'>libus</span> <span class='ocrx_word' id='word_1_644' title='bbox 3426 4338 3678 4412; x_wconf 89' lang='lat' dir='ltr'>aperiret</span> <span class='ocrx_word' id='word_1_645' title='bbox 3710 4341 3925 4408; x_wconf 90' lang='lat' dir='ltr'>portas,</span> <span class='ocrx_word' id='word_1_646' title='bbox 3956 4351 4104 4406; x_wconf 86' lang='lat' dir='ltr'>quas</span> <span class='ocrx_word' id='word_1_647' title='bbox 4135 4333 4426 4389; x_wconf 86' lang='lat' dir='ltr'>clauserat</span> <span class='ocrx_word' id='word_1_648' title='bbox 4455 4332 4641 4386; x_wconf 88' lang='lat' dir='ltr'>hostis</span> <span class='ocrx_word' id='word_1_649' title='bbox 4669 4331 4899 4403; x_wconf 91' lang='lat' dir='ltr'>antiqui</span> 
     </span>
    </p>
   </div>
   <div class='ocr_carea' id='block_1_93' title="bbox 3239 4423 4898 4497">
    <p class='ocr_par' dir='ltr' id='par_1_93' title="bbox 3239 4423 4898 4497">
     <span class='ocr_line' id='line_1_93' title="bbox 3239 4423 4898 4497; baseline -0.007 -12"><span class='ocrx_word' id='word_1_650' title='bbox 3239 4429 3528 4485; x_wconf 88' lang='lat' dir='ltr'>calliditas</span> <span class='ocrx_word' id='word_1_651' title='bbox 3544 4431 3599 4481; x_wconf 92' lang='lat' dir='ltr'>et</span> <span class='ocrx_word' id='word_1_652' title='bbox 3617 4425 3873 4497; x_wconf 90' lang='lat' dir='ltr'>priorum</span> <span class='ocrx_word' id='word_1_653' title='bbox 3893 4427 4197 4495; x_wconf 90' lang='lat' dir='ltr'>parentum</span> <span class='ocrx_word' id='word_1_654' title='bbox 4217 4437 4403 4492; x_wconf 64' lang='lat' dir='ltr'>prmsu</span> <span class='ocrx_word' id='word_1_655' title='bbox 4414 4425 4686 4492; x_wconf 88' lang='lat' dir='ltr'>mptuosa</span> <span class='ocrx_word' id='word_1_656' title='bbox 4715 4423 4898 4474; x_wconf 85' lang='lat' dir='ltr'>teme-</span> 
     </span>
    </p>
   </div>
   <div class='ocr_carea' id='block_1_94' title="bbox 3239 4506 4897 4585">
    <p class='ocr_par' dir='ltr' id='par_1_94' title="bbox 3239 4506 4897 4585">
     <span class='ocr_line' id='line_1_94' title="bbox 3239 4506 4897 4585; baseline -0.008 -11"><span class='ocrx_word' id='word_1_657' title='bbox 3239 4519 3401 4573; x_wconf 89' lang='lat' dir='ltr'>ritas.</span> <span class='ocrx_word' id='word_1_658' title='bbox 3436 4517 3541 4572; x_wconf 86' lang='lat' dir='ltr'>Per</span> <span class='ocrx_word' id='word_1_659' title='bbox 3570 4516 3676 4570; x_wconf 89' lang='lat' dir='ltr'>has</span> <span class='ocrx_word' id='word_1_660' title='bbox 3701 4515 3894 4585; x_wconf 89' lang='lat' dir='ltr'>itaque</span> <span class='ocrx_word' id='word_1_661' title='bbox 3927 4516 4146 4584; x_wconf 87' lang='lat' dir='ltr'>portas,</span> <span class='ocrx_word' id='word_1_662' title='bbox 4172 4516 4235 4564; x_wconf 91' lang='lat' dir='ltr'>ut</span> <span class='ocrx_word' id='word_1_663' title='bbox 4257 4509 4442 4564; x_wconf 89' lang='lat' dir='ltr'>credit</span> <span class='ocrx_word' id='word_1_664' title='bbox 4471 4506 4735 4562; x_wconf 82' lang='lat' dir='ltr'>fidelium</span> <span class='ocrx_word' id='word_1_665' title='bbox 4763 4508 4897 4562; x_wconf 82' lang='lat' dir='ltr'>ﬁdei</span> 
     </span>
    </p>
   </div>
   <div class='ocr_carea' id='block_1_95' title="bbox 3240 4595 4897 4681">
    <p class='ocr_par' dir='ltr' id='par_1_95' title="bbox 3240 4595 4897 4681">
     <span class='ocr_line' id='line_1_95' title="bbox 3240 4595 4897 4681; baseline -0.007 -19"><span class='ocrx_word' id='word_1_666' title='bbox 3240 4607 3507 4681; x_wconf 71' lang='lat' dir='ltr'>firmitas,</span> <span class='ocrx_word' id='word_1_667' title='bbox 3543 4602 3866 4674; x_wconf 88' lang='lat' dir='ltr'>assumpsit</span> <span class='ocrx_word' id='word_1_668' title='bbox 3899 4606 3951 4656; x_wconf 90' lang='lat' dir='ltr'>te</span> <span class='ocrx_word' id='word_1_669' title='bbox 3992 4600 4060 4655; x_wconf 88' lang='lat' dir='ltr'>ad</span> <span class='ocrx_word' id='word_1_670' title='bbox 4113 4598 4451 4654; x_wconf 67' lang='lat' dir='ltr'>aeternitatis</span> <span class='ocrx_word' id='word_1_671' title='bbox 4508 4613 4626 4652; x_wconf 69' lang='lat' dir='ltr'>sua:</span> <span class='ocrx_word' id='word_1_672' title='bbox 4677 4595 4897 4650; x_wconf 87' lang='lat' dir='ltr'>solium</span> 
     </span>
    </p>
   </div>
   <div class='ocr_carea' id='block_1_96' title="bbox 1479 4683 4898 4781">
    <p class='ocr_par' dir='ltr' id='par_1_96' title="bbox 1479 4683 4898 4781">
     <span class='ocr_line' id='line_1_96' title="bbox 1479 4683 4898 4781; baseline -0.005 -26"><span class='ocrx_word' id='word_1_673' title='bbox 1479 4687 1635 4761; x_wconf 70' lang='grc' dir='ltr'>(ἰυοά</span> <span class='ocrx_word' id='word_1_674' title='bbox 1669 4704 1782 4743; x_wconf 72' lang='lat' dir='ltr'>non</span> <span class='ocrx_word' id='word_1_675' title='bbox 1809 4692 1952 4754; x_wconf 67' lang='lat' dir='ltr'>erat.</span> <span class='ocrx_word' id='word_1_676' title='bbox 1977 4693 2034 4742; x_wconf 66' lang='grc' dir='ltr'>εἴ</span> <span class='ocrx_word' id='word_1_677' title='bbox 2056 4703 2168 4742; x_wconf 75' lang='lat' dir='ltr'>non</span> <span class='ocrx_word' id='word_1_678' title='bbox 2202 4687 2472 4742; x_wconf 69' lang='lat' dir='ltr'>8mi8i838</span> <span class='ocrx_word' id='word_1_679' title='bbox 2499 4687 2653 4758; x_wconf 70' lang='lat' dir='ltr'>QUOd</span> <span class='ocrx_word' id='word_1_680' title='bbox 2687 4691 2846 4754; x_wconf 73' lang='grc' dir='ltr'>ετειῐς</span> <span class='ocrx_word' id='word_1_681' title='bbox 2876 4693 2933 4742; x_wconf 66' lang='lat' dir='ltr'>et</span> <span class='ocrx_word' id='word_1_682' title='bbox 2957 4689 3125 4743; x_wconf 47' lang='lat' dir='ltr'>Gelli-</span> <span class='ocrx_word' id='word_1_683' title='bbox 3162 4716 3204 4781; x_wconf 74' lang='grc' dir='ltr'>ο</span> <span class='ocrx_word' id='word_1_684' title='bbox 3239 4713 3373 4752; x_wconf 91' lang='lat' dir='ltr'>cum</span> <span class='ocrx_word' id='word_1_685' title='bbox 3407 4692 3780 4750; x_wconf 90' lang='lat' dir='ltr'>multitudine</span> <span class='ocrx_word' id='word_1_686' title='bbox 3813 4690 4178 4761; x_wconf 85' lang='lat' dir='ltr'>angelorum,</span> <span class='ocrx_word' id='word_1_687' title='bbox 4211 4703 4524 4743; x_wconf 89' lang='lat' dir='ltr'>occurrens</span> <span class='ocrx_word' id='word_1_688' title='bbox 4553 4683 4660 4739; x_wconf 91' lang='lat' dir='ltr'>tibi</span> <span class='ocrx_word' id='word_1_689' title='bbox 4694 4685 4898 4739; x_wconf 78' lang='lat' dir='ltr'>festive</span> 
     </span>
    </p>
   </div>
   <div class='ocr_carea' id='block_1_97' title="bbox 1478 4775 3129 4848">
    <p class='ocr_par' dir='ltr' id='par_1_97' title="bbox 1478 4775 3129 4848">
     <span class='ocr_line' id='line_1_97' title="bbox 1478 4775 3129 4848; baseline 0 -16"><span class='ocrx_word' id='word_1_690' title='bbox 1478 4777 1682 4832; x_wconf 89' lang='lat' dir='ltr'>tricem</span> <span class='ocrx_word' id='word_1_691' title='bbox 1729 4777 1956 4832; x_wconf 91' lang='lat' dir='ltr'>Domini</span> <span class='ocrx_word' id='word_1_692' title='bbox 2012 4775 2333 4848; x_wconf 58' lang='lat' dir='ltr'>pradicant</span> <span class='ocrx_word' id='word_1_693' title='bbox 2382 4775 2666 4847; x_wconf 88' lang='lat' dir='ltr'>virginem</span> <span class='ocrx_word' id='word_1_694' title='bbox 2725 4776 3040 4846; x_wconf 88' lang='lat' dir='ltr'>peperisse,</span> <span class='ocrx_word' id='word_1_695' title='bbox 3074 4781 3129 4832; x_wconf 91' lang='lat' dir='ltr'>et</span> 
     </span>
    </p>
   </div>
   <div class='ocr_carea' id='block_1_98' title="bbox 1480 4863 3126 4938">
    <p class='ocr_par' dir='ltr' id='par_1_98' title="bbox 1480 4863 3126 4938">
     <span class='ocr_line' id='line_1_98' title="bbox 1480 4863 3126 4938; baseline -0.001 -17"><span class='ocrx_word' id='word_1_696' title='bbox 1480 4869 1612 4938; x_wconf 89' lang='lat' dir='ltr'>post</span> <span class='ocrx_word' id='word_1_697' title='bbox 1668 4870 1900 4938; x_wconf 90' lang='lat' dir='ltr'>partum</span> <span class='ocrx_word' id='word_1_698' title='bbox 1956 4864 2240 4936; x_wconf 87' lang='lat' dir='ltr'>virginem</span> <span class='ocrx_word' id='word_1_699' title='bbox 2298 4864 2606 4920; x_wconf 84' lang='lat' dir='ltr'>exstitisse.</span> <span class='ocrx_word' id='word_1_700' title='bbox 2644 4863 2842 4919; x_wconf 89' lang='lat' dir='ltr'>Dicam</span> <span class='ocrx_word' id='word_1_701' title='bbox 2905 4865 3126 4937; x_wconf 88' lang='lat' dir='ltr'>aliquid</span> 
     </span>
    </p>
   </div>
   <div class='ocr_carea' id='block_1_99' title="bbox 1480 4952 3126 5026">
    <p class='ocr_par' dir='ltr' id='par_1_99' title="bbox 1480 4952 3126 5026">
     <span class='ocr_line' id='line_1_99' title="bbox 1480 4952 3126 5026; baseline 0.001 -18"><span class='ocrx_word' id='word_1_702' title='bbox 1480 4954 1638 5026; x_wconf 87' lang='lat' dir='ltr'>plus,</span> <span class='ocrx_word' id='word_1_703' title='bbox 1669 4953 1717 5010; x_wconf 89' lang='lat' dir='ltr'>si</span> <span class='ocrx_word' id='word_1_704' title='bbox 1749 4955 1934 5010; x_wconf 89' lang='lat' dir='ltr'>audeo</span> <span class='ocrx_word' id='word_1_705' title='bbox 1963 4972 1975 5022; x_wconf 94' lang='lat'><strong>;</strong></span> <span class='ocrx_word' id='word_1_706' title='bbox 2010 4953 2198 5008; x_wconf 91' lang='lat' dir='ltr'>dicam</span> <span class='ocrx_word' id='word_1_707' title='bbox 2232 4952 2389 5008; x_wconf 74' lang='lat' dir='ltr'>fideli</span> <span class='ocrx_word' id='word_1_708' title='bbox 2429 4954 2901 5024; x_wconf 64' lang='lat' dir='ltr'>praesumptione,</span> <span class='ocrx_word' id='word_1_709' title='bbox 2935 4954 3126 5010; x_wconf 90' lang='lat' dir='ltr'>dicam</span> 
     </span>
    </p>
   </div>
   <div class='ocr_carea' id='block_1_100' title="bbox 1481 5040 3126 5116">
    <p class='ocr_par' dir='ltr' id='par_1_100' title="bbox 1481 5040 3126 5116">
     <span class='ocr_line' id='line_1_100' title="bbox 1481 5040 3126 5116; baseline 0.001 -20"><span class='ocrx_word' id='word_1_710' title='bbox 1481 5043 1578 5116; x_wconf 84' lang='lat' dir='ltr'>pia</span> <span class='ocrx_word' id='word_1_711' title='bbox 1610 5044 1955 5100; x_wconf 88' lang='lat' dir='ltr'>temeritate.</span> <span class='ocrx_word' id='word_1_712' title='bbox 1989 5042 2169 5097; x_wconf 87' lang='lat' dir='ltr'>Totus</span> <span class='ocrx_word' id='word_1_713' title='bbox 2200 5041 2458 5096; x_wconf 88' lang='lat' dir='ltr'>mundus</span> <span class='ocrx_word' id='word_1_714' title='bbox 2509 5040 2679 5096; x_wconf 88' lang='lat' dir='ltr'>hodie</span> <span class='ocrx_word' id='word_1_715' title='bbox 2719 5041 3008 5114; x_wconf 87' lang='lat' dir='ltr'>condigna</span> <span class='ocrx_word' id='word_1_716' title='bbox 3029 5043 3126 5112; x_wconf 92' lang='lat' dir='ltr'>ju-</span> 
     </span>
    </p>
   </div>
   <div class='ocr_carea' id='block_1_101' title="bbox 1482 5130 3128 5202">
    <p class='ocr_par' dir='ltr' id='par_1_101' title="bbox 1482 5130 3128 5202">
     <span class='ocr_line' id='line_1_101' title="bbox 1482 5130 3128 5202; baseline -0.001 -15"><span class='ocrx_word' id='word_1_717' title='bbox 1482 5130 1758 5187; x_wconf 89' lang='lat' dir='ltr'>bilalione</span> <span class='ocrx_word' id='word_1_718' title='bbox 1803 5131 2034 5187; x_wconf 65' lang='lat' dir='ltr'>laetatur</span> <span class='ocrx_word' id='word_1_719' title='bbox 2069 5134 2126 5186; x_wconf 90' lang='lat' dir='ltr'>et</span> <span class='ocrx_word' id='word_1_720' title='bbox 2153 5131 2388 5202; x_wconf 90' lang='lat' dir='ltr'>gaudet,</span> <span class='ocrx_word' id='word_1_721' title='bbox 2418 5134 2671 5186; x_wconf 90' lang='lat' dir='ltr'>tartarus</span> <span class='ocrx_word' id='word_1_722' title='bbox 2721 5132 3128 5186; x_wconf 89' lang='lat' dir='ltr'>tantummodo</span> 
     </span>
    </p>
   </div>
   <div class='ocr_carea' id='block_1_102' title="bbox 1481 5217 3126 5290">
    <p class='ocr_par' dir='ltr' id='par_1_102' title="bbox 1481 5217 3126 5290">
     <span class='ocr_line' id='line_1_102' title="bbox 1481 5217 3126 5290; baseline -0.001 -13"><span class='ocrx_word' id='word_1_723' title='bbox 1481 5219 1688 5286; x_wconf 87' lang='lat' dir='ltr'>ululat,</span> <span class='ocrx_word' id='word_1_724' title='bbox 1725 5217 1918 5274; x_wconf 80' lang='lat' dir='ltr'>fremit</span> <span class='ocrx_word' id='word_1_725' title='bbox 1947 5223 2004 5273; x_wconf 87' lang='lat' dir='ltr'>et</span> <span class='ocrx_word' id='word_1_726' title='bbox 2038 5218 2500 5284; x_wconf 90' lang='lat' dir='ltr'>submurmurat,</span> <span class='ocrx_word' id='word_1_727' title='bbox 2533 5218 2811 5290; x_wconf 87' lang='lat' dir='ltr'>quoniam</span> <span class='ocrx_word' id='word_1_728' title='bbox 2843 5219 3126 5290; x_wconf 87' lang='lat' dir='ltr'>gaudium</span> 
     </span>
    </p>
   </div>
   <div class='ocr_carea' id='block_1_103' title="bbox 1481 5303 3125 5376">
    <p class='ocr_par' dir='ltr' id='par_1_103' title="bbox 1481 5303 3125 5376">
     <span class='ocr_line' id='line_1_103' title="bbox 1481 5303 3125 5376; baseline -0.001 -12"><span class='ocrx_word' id='word_1_729' title='bbox 1481 5313 1538 5364; x_wconf 91' lang='lat' dir='ltr'>et</span> <span class='ocrx_word' id='word_1_730' title='bbox 1569 5305 1770 5362; x_wconf 67' lang='lat' dir='ltr'>laetitia</span> <span class='ocrx_word' id='word_1_731' title='bbox 1798 5305 1980 5376; x_wconf 89' lang='lat' dir='ltr'>hujus</span> <span class='ocrx_word' id='word_1_732' title='bbox 2003 5305 2138 5376; x_wconf 88' lang='lat' dir='ltr'>diei,</span> <span class='ocrx_word' id='word_1_733' title='bbox 2162 5303 2430 5361; x_wconf 89' lang='lat' dir='ltr'>claustris</span> <span class='ocrx_word' id='word_1_734' title='bbox 2456 5305 2840 5362; x_wconf 80' lang='lat' dir='ltr'>infernalibus</span> <span class='ocrx_word' id='word_1_735' title='bbox 2861 5306 3125 5376; x_wconf 86' lang='lat' dir='ltr'>inclusis,</span> 
     </span>
    </p>
   </div>
   <div class='ocr_carea' id='block_1_104' title="bbox 1483 5393 3128 5467">
    <p class='ocr_par' dir='ltr' id='par_1_104' title="bbox 1483 5393 3128 5467">
     <span class='ocr_line' id='line_1_104' title="bbox 1483 5393 3128 5467; baseline -0.001 -16"><span class='ocrx_word' id='word_1_736' title='bbox 1483 5393 1721 5466; x_wconf 89' lang='lat' dir='ltr'>aliquod</span> <span class='ocrx_word' id='word_1_737' title='bbox 1755 5393 2078 5448; x_wconf 88' lang='lat' dir='ltr'>remedium</span> <span class='ocrx_word' id='word_1_738' title='bbox 2100 5399 2158 5449; x_wconf 90' lang='lat' dir='ltr'>et</span> <span class='ocrx_word' id='word_1_739' title='bbox 2183 5394 2544 5467; x_wconf 86' lang='lat' dir='ltr'>refrigerium</span> <span class='ocrx_word' id='word_1_740' title='bbox 2578 5399 2832 5466; x_wconf 67' lang='lat' dir='ltr'>praestat.</span> <span class='ocrx_word' id='word_1_741' title='bbox 2867 5395 2992 5450; x_wconf 79' lang='lat' dir='ltr'>Non</span> <span class='ocrx_word' id='word_1_742' title='bbox 3027 5414 3128 5450; x_wconf 88' lang='lat' dir='ltr'>au-</span> 
     </span>
    </p>
   </div>
   <div class='ocr_carea' id='block_1_105' title="bbox 1483 5481 3130 5557">
    <p class='ocr_par' dir='ltr' id='par_1_105' title="bbox 1483 5481 3130 5557">
     <span class='ocr_line' id='line_1_105' title="bbox 1483 5481 3130 5557; baseline 0.001 -16"><span class='ocrx_word' id='word_1_743' title='bbox 1483 5486 1648 5554; x_wconf 89' lang='lat' dir='ltr'>dent,</span> <span class='ocrx_word' id='word_1_744' title='bbox 1677 5486 1742 5537; x_wconf 90' lang='lat' dir='ltr'>ut</span> <span class='ocrx_word' id='word_1_745' title='bbox 1770 5481 1994 5554; x_wconf 89' lang='lat' dir='ltr'>opinor,</span> <span class='ocrx_word' id='word_1_746' title='bbox 2028 5482 2277 5540; x_wconf 89' lang='lat' dir='ltr'>ministri</span> <span class='ocrx_word' id='word_1_747' title='bbox 2331 5483 2567 5539; x_wconf 89' lang='lat' dir='ltr'>tartarei</span> <span class='ocrx_word' id='word_1_748' title='bbox 2630 5483 2796 5538; x_wconf 89' lang='lat' dir='ltr'>hodie</span> <span class='ocrx_word' id='word_1_749' title='bbox 2843 5485 3130 5557; x_wconf 90' lang='lat' dir='ltr'>attingere</span> 
     </span>
    </p>
   </div>
   <div class='ocr_carea' id='block_1_106' title="bbox 1485 5570 3131 5647">
    <p class='ocr_par' dir='ltr' id='par_1_106' title="bbox 1485 5570 3131 5647">
     <span class='ocr_line' id='line_1_106' title="bbox 1485 5570 3131 5647; baseline 0 -17"><span class='ocrx_word' id='word_1_750' title='bbox 1485 5587 1626 5630; x_wconf 87' lang='lat' dir='ltr'>suos</span> <span class='ocrx_word' id='word_1_751' title='bbox 1656 5571 1932 5643; x_wconf 88' lang='lat' dir='ltr'>captivos,</span> <span class='ocrx_word' id='word_1_752' title='bbox 1965 5589 2110 5644; x_wconf 90' lang='lat' dir='ltr'>quos</span> <span class='ocrx_word' id='word_1_753' title='bbox 2142 5572 2408 5628; x_wconf 88' lang='lat' dir='ltr'>recolunt</span> <span class='ocrx_word' id='word_1_754' title='bbox 2437 5570 2770 5647; x_wconf 61' lang='lat' dir='ltr'>redemptos</span> <span class='ocrx_word' id='word_1_755' title='bbox 2804 5571 2962 5628; x_wconf 90' lang='lat' dir='ltr'>illius</span> <span class='ocrx_word' id='word_1_756' title='bbox 2995 5591 3131 5630; x_wconf 90' lang='lat' dir='ltr'>san-</span> 
     </span>
    </p>
   </div>
   <div class='ocr_carea' id='block_1_107' title="bbox 1485 5658 3131 5734">
    <p class='ocr_par' dir='ltr' id='par_1_107' title="bbox 1485 5658 3131 5734">
     <span class='ocr_line' id='line_1_107' title="bbox 1485 5658 3131 5734; baseline 0.001 -18"><span class='ocrx_word' id='word_1_757' title='bbox 1485 5661 1683 5734; x_wconf 88' lang='lat' dir='ltr'>guine,</span> <span class='ocrx_word' id='word_1_758' title='bbox 1718 5660 1816 5733; x_wconf 88' lang='lat' dir='ltr'>qui</span> <span class='ocrx_word' id='word_1_759' title='bbox 1849 5678 1952 5733; x_wconf 89' lang='lat' dir='ltr'>pro</span> <span class='ocrx_word' id='word_1_760' title='bbox 1983 5662 2185 5718; x_wconf 88' lang='lat' dir='ltr'>mundi</span> <span class='ocrx_word' id='word_1_761' title='bbox 2219 5659 2407 5714; x_wconf 85' lang='lat' dir='ltr'>salute</span> <span class='ocrx_word' id='word_1_762' title='bbox 2439 5662 2530 5714; x_wconf 90' lang='lat' dir='ltr'>est</span> <span class='ocrx_word' id='word_1_763' title='bbox 2559 5658 2835 5730; x_wconf 88' lang='lat' dir='ltr'>dignatus</span> <span class='ocrx_word' id='word_1_764' title='bbox 2873 5663 3030 5716; x_wconf 76' lang='lat' dir='ltr'>nasci</span> <span class='ocrx_word' id='word_1_765' title='bbox 3062 5664 3131 5718; x_wconf 88' lang='lat' dir='ltr'>de</span> 
     </span>
    </p>
   </div>
   <div class='ocr_carea' id='block_1_108' title="bbox 1485 5745 3135 5830">
    <p class='ocr_par' dir='ltr' id='par_1_108' title="bbox 1485 5745 3135 5830">
     <span class='ocr_line' id='line_1_108' title="bbox 1485 5745 3135 5830; baseline -0.001 -18"><span class='ocrx_word' id='word_1_766' title='bbox 1485 5751 1740 5830; x_wconf 85' lang='lat' dir='ltr'>Virgine.</span> <span class='ocrx_word' id='word_1_767' title='bbox 1771 5749 1850 5809; x_wconf 85' lang='lat' dir='ltr'>De</span> <span class='ocrx_word' id='word_1_768' title='bbox 1879 5751 2050 5826; x_wconf 82' lang='lat' dir='ltr'>cujus</span> <span class='ocrx_word' id='word_1_769' title='bbox 2077 5748 2338 5829; x_wconf 83' lang='lat' dir='ltr'>Virginis</span> <span class='ocrx_word' id='word_1_770' title='bbox 2367 5745 2595 5805; x_wconf 86' lang='lat' dir='ltr'>meritis</span> <span class='ocrx_word' id='word_1_771' title='bbox 2625 5753 2680 5804; x_wconf 91' lang='lat' dir='ltr'>et</span> <span class='ocrx_word' id='word_1_772' title='bbox 2707 5747 3135 5822; x_wconf 75' lang='lat' dir='ltr'>gloriosissima</span> 
     </span>
    </p>
   </div>
   <div class='ocr_carea' id='block_1_109' title="bbox 3238 4773 4899 4845">
    <p class='ocr_par' dir='ltr' id='par_1_109' title="bbox 3238 4773 4899 4845">
     <span class='ocr_line' id='line_1_109' title="bbox 3238 4773 4899 4845; baseline -0.009 -4"><span class='ocrx_word' id='word_1_773' title='bbox 3238 4803 3306 4841; x_wconf 80' lang='lat' dir='ltr'>ex</span> <span class='ocrx_word' id='word_1_774' title='bbox 3328 4790 3382 4840; x_wconf 93' lang='lat' dir='ltr'>te</span> <span class='ocrx_word' id='word_1_775' title='bbox 3407 4785 3706 4838; x_wconf 78' lang='lat' dir='ltr'>incuruata</span> <span class='ocrx_word' id='word_1_776' title='bbox 3745 4779 4051 4845; x_wconf 89' lang='lat' dir='ltr'>Divinitas,</span> <span class='ocrx_word' id='word_1_777' title='bbox 4078 4778 4229 4832; x_wconf 90' lang='lat' dir='ltr'>sicut</span> <span class='ocrx_word' id='word_1_778' title='bbox 4261 4775 4530 4830; x_wconf 88' lang='lat' dir='ltr'>universo</span> <span class='ocrx_word' id='word_1_779' title='bbox 4561 4774 4689 4828; x_wconf 89' lang='lat' dir='ltr'>orbi</span> <span class='ocrx_word' id='word_1_780' title='bbox 4725 4773 4899 4828; x_wconf 84' lang='lat' dir='ltr'>hodie</span> 
     </span>
    </p>
   </div>
   <div class='ocr_carea' id='block_1_110' title="bbox 3236 4861 4896 4945">
    <p class='ocr_par' dir='ltr' id='par_1_110' title="bbox 3236 4861 4896 4945">
     <span class='ocr_line' id='line_1_110' title="bbox 3236 4861 4896 4945; baseline -0.009 -16"><span class='ocrx_word' id='word_1_781' title='bbox 3236 4879 3347 4930; x_wconf 67' lang='lat' dir='ltr'>tuae</span> <span class='ocrx_word' id='word_1_782' title='bbox 3379 4872 3641 4945; x_wconf 69' lang='lat' dir='ltr'>gloriosae</span> <span class='ocrx_word' id='word_1_783' title='bbox 3675 4867 4105 4939; x_wconf 84' lang='lat' dir='ltr'>Assumptionis</span> <span class='ocrx_word' id='word_1_784' title='bbox 4155 4868 4534 4938; x_wconf 65' lang='lat' dir='ltr'>repraesentat</span> <span class='ocrx_word' id='word_1_785' title='bbox 4560 4861 4896 4918; x_wconf 85' lang='lat' dir='ltr'>celebritas.</span> 
     </span>
    </p>
   </div>
   <div class='ocr_carea' id='block_1_111' title="bbox 3237 4950 4900 5028">
    <p class='ocr_par' dir='ltr' id='par_1_111' title="bbox 3237 4950 4900 5028">
     <span class='ocr_line' id='line_1_111' title="bbox 3237 4950 4900 5028; baseline -0.007 -10"><span class='ocrx_word' id='word_1_786' title='bbox 3237 4964 3353 5018; x_wconf 79' lang='lat' dir='ltr'>Nos</span> <span class='ocrx_word' id='word_1_787' title='bbox 3375 4978 3507 5017; x_wconf 89' lang='lat' dir='ltr'>vero</span> <span class='ocrx_word' id='word_1_788' title='bbox 3531 4961 3600 5015; x_wconf 89' lang='lat' dir='ltr'>ad</span> <span class='ocrx_word' id='word_1_789' title='bbox 3628 4959 3806 5028; x_wconf 86' lang='lat' dir='ltr'>hujus</span> <span class='ocrx_word' id='word_1_790' title='bbox 3827 4954 4191 5028; x_wconf 65' lang='lat' dir='ltr'>pauperculae</span> <span class='ocrx_word' id='word_1_791' title='bbox 4218 4950 4666 5008; x_wconf 88' lang='lat' dir='ltr'>declamationis</span> <span class='ocrx_word' id='word_1_792' title='bbox 4691 4967 4833 5006; x_wconf 89' lang='lat' dir='ltr'>cum</span> <span class='ocrx_word' id='word_1_793' title='bbox 4846 4969 4900 5006; x_wconf 87' lang='lat' dir='ltr'>u-</span> 
     </span>
    </p>
   </div>
   <div class='ocr_carea' id='block_1_112' title="bbox 3237 5041 4898 5119">
    <p class='ocr_par' dir='ltr' id='par_1_112' title="bbox 3237 5041 4898 5119">
     <span class='ocr_line' id='line_1_112' title="bbox 3237 5041 4898 5119; baseline -0.008 -13"><span class='ocrx_word' id='word_1_794' title='bbox 3237 5051 3383 5118; x_wconf 90' lang='lat' dir='ltr'>Ium,</span> <span class='ocrx_word' id='word_1_795' title='bbox 3418 5067 3529 5104; x_wconf 91' lang='lat' dir='ltr'>non</span> <span class='ocrx_word' id='word_1_796' title='bbox 3565 5049 3873 5119; x_wconf 81' lang='lat' dir='ltr'>hymnum,</span> <span class='ocrx_word' id='word_1_797' title='bbox 3905 5043 4008 5099; x_wconf 90' lang='lat' dir='ltr'>sed</span> <span class='ocrx_word' id='word_1_798' title='bbox 4048 5044 4120 5098; x_wconf 90' lang='lat' dir='ltr'>ad</span> <span class='ocrx_word' id='word_1_799' title='bbox 4170 5042 4356 5098; x_wconf 81' lang='lat' dir='ltr'>instar</span> <span class='ocrx_word' id='word_1_800' title='bbox 4407 5041 4791 5113; x_wconf 85' lang='lat' dir='ltr'>hymnorum,</span> <span class='ocrx_word' id='word_1_801' title='bbox 4819 5047 4898 5094; x_wconf 85' lang='lat' dir='ltr'>tc-</span> 
     </span>
    </p>
   </div>
   <div class='ocr_carea' id='block_1_113' title="bbox 3239 5127 4896 5207">
    <p class='ocr_par' dir='ltr' id='par_1_113' title="bbox 3239 5127 4896 5207">
     <span class='ocr_line' id='line_1_113' title="bbox 3239 5127 4896 5207; baseline -0.011 -11"><span class='ocrx_word' id='word_1_802' title='bbox 3239 5157 3412 5195; x_wconf 90' lang='lat' dir='ltr'>nuem</span> <span class='ocrx_word' id='word_1_803' title='bbox 3448 5138 3590 5194; x_wconf 87' lang='lat' dir='ltr'>satis</span> <span class='ocrx_word' id='word_1_804' title='bbox 3621 5143 3675 5191; x_wconf 91' lang='lat' dir='ltr'>et</span> <span class='ocrx_word' id='word_1_805' title='bbox 3710 5149 4024 5207; x_wconf 90' lang='lat' dir='ltr'>pauperem</span> <span class='ocrx_word' id='word_1_806' title='bbox 4076 5132 4518 5203; x_wconf 88' lang='lat' dir='ltr'>composuimus</span> <span class='ocrx_word' id='word_1_807' title='bbox 4549 5127 4896 5184; x_wconf 89' lang='lat' dir='ltr'>dictionem.</span> 
     </span>
    </p>
   </div>
   <div class='ocr_carea' id='block_1_114' title="bbox 3849 5236 4274 5292">
    <p class='ocr_par' dir='ltr' id='par_1_114' title="bbox 3849 5236 4274 5292">
     <span class='ocr_line' id='line_1_114' title="bbox 3849 5236 4274 5292; baseline 0.002 -1"><span class='ocrx_word' id='word_1_808' title='bbox 3849 5236 4091 5292; x_wconf 81' lang='lat' dir='ltr'>SERMO</span> <span class='ocrx_word' id='word_1_809' title='bbox 4131 5236 4274 5292; x_wconf 84' lang='lat' dir='ltr'>XIII.</span> 
     </span>
    </p>
   </div>
   <div class='ocr_carea' id='block_1_115' title="bbox 3452 5320 4673 5368">
    <p class='ocr_par' dir='ltr' id='par_1_115' title="bbox 3452 5320 4673 5368">
     <span class='ocr_line' id='line_1_115' title="bbox 3452 5320 4673 5368; baseline -0.007 1"><span class='ocrx_word' id='word_1_810' title='bbox 3452 5330 3522 5368; x_wconf 78' lang='lat' dir='ltr'>DE</span> <span class='ocrx_word' id='word_1_811' title='bbox 3560 5327 3886 5367; x_wconf 71' lang='lat' dir='ltr'>NATIVITATE</span> <span class='ocrx_word' id='word_1_812' title='bbox 3933 5325 4124 5364; x_wconf 74' lang='grc' dir='ltr'>ΒΕΑΤᾸΞ</span> <span class='ocrx_word' id='word_1_813' title='bbox 4165 5324 4360 5364; x_wconf 64' lang='grc' dir='ltr'>ΜΑῐὶιιΕ</span> <span class='ocrx_word' id='word_1_814' title='bbox 4397 5320 4673 5362; x_wconf 68' lang='grc' dir='ltr'>νιιιαικιε.</span> 
     </span>
    </p>
   </div>
   <div class='ocr_carea' id='block_1_116' title="bbox 3311 5394 4895 5475">
    <p class='ocr_par' dir='ltr' id='par_1_116' title="bbox 3311 5394 4895 5475">
     <span class='ocr_line' id='line_1_116' title="bbox 3311 5394 4895 5475; baseline -0.007 -16"><span class='ocrx_word' id='word_1_815' title='bbox 3311 5404 3491 5475; x_wconf 79' lang='lat' dir='ltr'>(Deest</span> <span class='ocrx_word' id='word_1_816' title='bbox 3526 5401 3681 5471; x_wconf 71' lang='lat' dir='ltr'>init.)</span> <span class='ocrx_word' id='word_1_817' title='bbox 3715 5403 3964 5471; x_wconf 90' lang='lat' dir='ltr'>partum.</span> <span class='ocrx_word' id='word_1_818' title='bbox 4002 5395 4244 5452; x_wconf 87' lang='lat' dir='ltr'>Talibus</span> <span class='ocrx_word' id='word_1_819' title='bbox 4277 5396 4431 5451; x_wconf 89' lang='lat' dir='ltr'>enim</span> <span class='ocrx_word' id='word_1_820' title='bbox 4463 5394 4773 5466; x_wconf 87' lang='lat' dir='ltr'>obsequiis</span> <span class='ocrx_word' id='word_1_821' title='bbox 4807 5412 4895 5450; x_wconf 89' lang='lat' dir='ltr'>an-</span> 
     </span>
    </p>
   </div>
   <div class='ocr_carea' id='block_1_117' title="bbox 3238 5482 4894 5565">
    <p class='ocr_par' dir='ltr' id='par_1_117' title="bbox 3238 5482 4894 5565">
     <span class='ocr_line' id='line_1_117' title="bbox 3238 5482 4894 5565; baseline -0.007 -18"><span class='ocrx_word' id='word_1_822' title='bbox 3238 5493 3405 5565; x_wconf 89' lang='lat' dir='ltr'>gelus</span> <span class='ocrx_word' id='word_1_823' title='bbox 3456 5490 3741 5545; x_wconf 90' lang='lat' dir='ltr'>intentam</span> <span class='ocrx_word' id='word_1_824' title='bbox 3800 5485 4021 5542; x_wconf 88' lang='lat' dir='ltr'>invenit</span> <span class='ocrx_word' id='word_1_825' title='bbox 4089 5491 4265 5557; x_wconf 90' lang='lat' dir='ltr'>atque</span> <span class='ocrx_word' id='word_1_826' title='bbox 4326 5483 4621 5540; x_wconf 88' lang='lat' dir='ltr'>salutavit.</span> <span class='ocrx_word' id='word_1_827' title='bbox 4687 5482 4894 5557; x_wconf 82' lang='lat' dir='ltr'>Utpote</span> 
     </span>
    </p>
   </div>
   <div class='ocr_carea' id='block_1_118' title="bbox 3238 5573 4893 5652">
    <p class='ocr_par' dir='ltr' id='par_1_118' title="bbox 3238 5573 4893 5652">
     <span class='ocr_line' id='line_1_118' title="bbox 3238 5573 4893 5652; baseline -0.008 -16"><span class='ocrx_word' id='word_1_828' title='bbox 3238 5581 3399 5652; x_wconf 88' lang='lat' dir='ltr'>virgo</span> <span class='ocrx_word' id='word_1_829' title='bbox 3429 5578 3756 5635; x_wconf 89' lang='lat' dir='ltr'>verecunda</span> <span class='ocrx_word' id='word_1_830' title='bbox 3786 5575 4056 5642; x_wconf 90' lang='lat' dir='ltr'>erubuit;</span> <span class='ocrx_word' id='word_1_831' title='bbox 4105 5591 4139 5630; x_wconf 89' lang='lat' dir='ltr'>a</span> <span class='ocrx_word' id='word_1_832' title='bbox 4191 5591 4306 5646; x_wconf 90' lang='lat' dir='ltr'>quo</span> <span class='ocrx_word' id='word_1_833' title='bbox 4361 5573 4714 5639; x_wconf 82' lang='lat' dir='ltr'>confortata,</span> <span class='ocrx_word' id='word_1_834' title='bbox 4777 5589 4893 5645; x_wconf 75' lang='lat' dir='ltr'>qua:</span> 
     </span>
    </p>
   </div>
   <div class='ocr_carea' id='block_1_119' title="bbox 3241 5664 4893 5728">
    <p class='ocr_par' dir='ltr' id='par_1_119' title="bbox 3241 5664 4893 5728">
     <span class='ocr_line' id='line_1_119' title="bbox 3241 5664 4893 5728; baseline -0.007 -3"><span class='ocrx_word' id='word_1_835' title='bbox 3241 5671 3582 5725; x_wconf 79' lang='lat' dir='ltr'>dicebantur</span> <span class='ocrx_word' id='word_1_836' title='bbox 3610 5665 3873 5728; x_wconf 81' lang='lat' dir='ltr'>credidit,</span> <span class='ocrx_word' id='word_1_837' title='bbox 3908 5669 3956 5716; x_wconf 82' lang='lat' dir='ltr'>et</span> <span class='ocrx_word' id='word_1_838' title='bbox 3992 5664 4278 5718; x_wconf 86' lang='lat' dir='ltr'>credendo</span> <span class='ocrx_word' id='word_1_839' title='bbox 4327 5666 4627 5717; x_wconf 88' lang='lat' dir='ltr'>auctorem</span> <span class='ocrx_word' id='word_1_840' title='bbox 4686 5669 4893 5717; x_wconf 56' lang='lat' dir='ltr'>nostra</span> 
     </span>
    </p>
   </div>
   <div class='ocr_carea' id='block_1_120' title="bbox 3241 5751 4891 5824">
    <p class='ocr_par' dir='ltr' id='par_1_120' title="bbox 3241 5751 4891 5824">
     <span class='ocr_line' id='line_1_120' title="bbox 3241 5751 4891 5824; baseline -0.006 -6"><span class='ocrx_word' id='word_1_841' title='bbox 3241 5758 3449 5818; x_wconf 83' lang='lat' dir='ltr'>salutis</span> <span class='ocrx_word' id='word_1_842' title='bbox 3479 5755 3662 5817; x_wconf 86' lang='lat' dir='ltr'>edidit</span> <span class='ocrx_word' id='word_1_843' title='bbox 3689 5755 3893 5815; x_wconf 85' lang='lat' dir='ltr'>Jesum</span> <span class='ocrx_word' id='word_1_844' title='bbox 3925 5752 4220 5812; x_wconf 62' lang='lat' dir='ltr'>christiani</span> <span class='ocrx_word' id='word_1_845' title='bbox 4251 5751 4568 5810; x_wconf 84' lang='lat' dir='ltr'>Dominum</span> <span class='ocrx_word' id='word_1_846' title='bbox 4601 5755 4891 5824; x_wconf 80' lang='lat' dir='ltr'>nostrum,</span> 
     </span>
    </p>
   </div>
  </div>
