4984 6386
610 477 750 537 1029

2053 477 2488 541 SEBMONES.

3832 488 3987 551 1030

610 625 767 681 quem
800 604 1138 679 patriarchae
1167 610 1223 662 et
1253 606 1544 679 prophetae
1591 607 1977 680 praeviderunt
2007 613 2061 664 et
2094 628 2232 682 [πως
2260 612 2319 679 Α
2349 611 2622 683 loquendi
2656 614 2901 687 parcior,
2922 614 3151 689 legendi
3182 617 3520 686 studiosior,
3545 636 3658 674 non
3691 620 3745 675 in
3772 621 3987 679 incerto

610 699 861 753 dixerunt
890 696 961 750 de
1004 696 1227 768 virgine
1269 696 1653 752 nasciturum.
1682 697 1941 770 Apostoli
1971 697 2239 755 viderunt

612 792 662 843 ct
689 785 1140 858 praedicaverunt
1165 801 1301 841 vera
1329 786 1442 841 ﬁde
1479 786 1606 857 jam
1636 786 1708 842 de
1744 786 1980 860 Virgine
2008 792 2237 855 natum,

612 880 661 931 et
688 876 873 946 ipsum
905 874 1123 929 factum
1152 890 1281 930 esse
1311 875 1633 930 secundum
1662 874 2113 945 humanitatem,
2140 875 2242 951 qui

615 980 828 1035 semper
846 966 967 1018 erat
992 963 1315 1017 secundum
1339 962 1721 1019 divinitatem.
1746 964 1891 1030 Quid
1914 964 2075 1020 erat?
2094 965 2240 1029 Quid

616 1055 788 1107 factus
818 1050 946 1107 est?
990 1051 1147 1107 Deus
1194 1056 1338 1117 erat,
1372 1052 1546 1107 homo
1596 1052 1783 1108 factus
1834 1060 1943 1109 est.
1977 1054 2245 1126 Suscepit

616 1141 1045 1209 humanitatem,
1073 1157 1187 1195 non
1212 1140 1409 1197 amisit
1430 1141 1723 1197 deitatem.
1744 1142 1955 1197 Factus
1980 1142 2242 1212 humilis,

617 1230 819 1285 mansit
843 1227 1133 1283 sublimis.
1158 1228 1339 1284 Natus
1372 1234 1459 1285 est
1489 1229 1684 1297 homo,
1719 1230 2088 1286 nondestitit
2117 1248 2244 1286 esse

617 1319 775 1374 Deus.
802 1318 982 1372 Natus
1004 1321 1095 1373 est
1116 1317 1416 1390 parvulus,
1440 1317 1628 1373 latens
1651 1336 1921 1391 magnus.
1939 1320 2044 1386 Qui
2066 1320 2245 1375 liben-

618 1414 694 1463 ter
733 1406 1102 1479 amplectitur
1143 1411 1293 1462 Deus
1338 1411 1562 1477 natum,
1597 1425 1710 1463 non
1755 1407 1951 1464 horret
1990 1409 2248 1480 Virginis

620 1500 854 1569 partum.
879 1495 1025 1551 Dicit
1048 1495 1204 1550 Deus
1231 1499 1457 1551 creator
1487 1495 1762 1565 hominis,
1790 1496 1945 1553 ﬁlius
1969 1497 2245 1553 hominis.

620 1586 750 1649 Quid
780 1589 865 1641 est
894 1585 1047 1657 quod
1083 1588 1139 1639 te
1171 1588 1464 1656 permovet
1507 1585 1567 1639 in
1600 1602 1729 1640 mea
1754 1585 2048 1641 nativitate
2067 1587 2094 1640 ?
2124 1587 2248 1641 Non

620 1692 737 1729 sum
772 1672 1028 1743 libidinis
1061 1678 1375 1745 conceptus
1405 1673 1739 1745 cupiditate,
1765 1689 1869 1746 ego
1902 1679 2144 1730 matrem
2180 1675 2251 1729 de

620 1780 725 1833 qua
751 1778 1013 1817 nascerer
1044 1761 1173 1827 feci,
1208 1777 1312 1832 ego
1357 1761 1506 1815 viam
1551 1778 1679 1816 meo
1708 1762 1900 1817 itineri
1933 1762 2248 1834 praeparavi

622 1856 779 1922 atque
825 1850 1122 1907 mandavi.
1158 1849 1317 1904 Hanc
1365 1866 1541 1921 quam
1593 1850 1868 1922 despicis,
1914 1850 2247 1919 Manichaee,

623 1945 792 1996 mater
818 1936 910 1995 est'
935 1954 1089 2004 mea,
1123 1938 1223 1993 sed
1256 1955 1434 1993 manu
1466 1938 1745 1995 fabricata
1774 1944 1863 1995 est
1892 1957 2039 1995 mea.
2063 1940 2117 1993 Si
2152 1957 2250 2012 po-

622 2030 695 2084 tui
726 2027 1012 2100 inquinari
1072 2044 1207 2081 cum
1254 2043 1383 2082 eam
1434 2026 1703 2095 facerem,
1732 2029 1894 2100 potui
1953 2029 2247 2100 inquinari

624 2135 742 2172 cum
772 2133 836 2173 ex
871 2133 938 2173 ea
968 2131 1260 2171 nascerer.
1290 2114 1453 2172 Sicut
1480 2115 1730 2172 transitu
1770 2133 1898 2172 meo
1943 2116 2102 2189 illius
2133 2134 2245 2173 non

625 2213 701 2262 est
729 2209 992 2278 corrupta
1020 2203 1351 2276 virginitas,
1386 2204 1469 2259 sie
1508 2208 1565 2259 et
1595 2221 1723 2261 mea
1752 2222 1865 2261 non
1897 2210 1985 2260 est
2017 2206 2092 2261 ibi
2124 2223 2247 2261 ma-

624 2296 800 2352 culata
820 2297 1120 2367 majestas.
1137 2294 1196 2349 Si
1219 2293 1359 2349 solis
1391 2294 1590 2350 radius
1610 2294 1815 2351 cloacae
1846 2297 2047 2352 sordes
2069 2296 2247 2351 exsic-

626 2402 741 2440 care
763 2385 934 2451 novit,
959 2382 1259 2455 inquinari
1282 2400 1395 2438 non
1419 2384 1591 2451 novit,
1618 2389 1834 2455 quanto
1855 2385 2039 2456 magis
2064 2384 2252 2456 splen-

628 2474 877 2530 dorlucis
898 2477 1146 2538 azternze,
1172 2470 1230 2526 in
1255 2488 1370 2542 quo
1395 2472 1536 2526 nihil
1566 2472 1935 2544 inquinatum
1959 2473 2250 2529 occurrit?

628 2565 960 2634 Quocunque
990 2560 1322 2627 radiavcrit,
1356 2561 1639 2616 mundare
1678 2567 1884 2633 potest,
1918 2562 2043 2635 ipse
2074 2560 2249 2635 pollui

629 2668 729 2705 non
760 2655 960 2724 potest.
986 2649 1196 2716 Stulte,
1224 2649 1377 2703 unde
1404 2650 1605 2704 sordes
1635 2650 1692 2704 in
1718 2650 1970 2723 Virgine,
2006 2652 2100 2706 ubi
2138 2670 2250 2707 non

629 2744 704 2793 est
731 2740 1071 2795 concubitus
1103 2755 1233 2791 cum
1267 2737 1501 2794 homine
1533 2739 1738 2810 patre?
1771 2739 1928 2793 Unde
1960 2742 2161 2796 sordes
2192 2741 2251 2796 in

629 2845 741 2882 eam
767 2846 888 2900 qua:
916 2844 1018 2883 nec
1052 2826 1452 2899 concupicndo
1478 2827 1896 2898 [concipiendo]
1926 2828 2251 2901 libidinem,

628 2934 719 2971 uec
749 2916 1019 2988 pariendo
1049 2919 1142 2970 est
1173 2931 1446 2986 perpessa
1465 2914 1760 2970 dolorem?
1783 2916 1944 2972 Unde
1972 2918 2169 2973 sordes
2193 2919 2252 2973 in

628 3006 784 3060 domo
813 3005 883 3060 ad
914 3021 1094 3076 quam
1144 3001 1342 3057 nullus
1392 3002 1603 3074 hospes
1654 3004 1935 3059 accessit?
1982 3005 2150 3061 Solus
2182 3008 2252 3062 ad

630 3110 747 3148 eam
776 3094 1057 3148 Dominus
1080 3095 1138 3146 et
1167 3090 1477 3146 fabricator
1496 3093 1678 3159 venit;
1701 3097 1917 3148 vestem
1941 3110 2114 3165 quam
2140 3112 2254 3150 non

632 3180 865 3237 habebat
893 3180 1107 3245 induit,
1134 3196 1380 3251 eamque
1412 3179 1561 3235 sicut
1592 3181 1807 3236 invenit
1837 3180 2097 3238 clausam
2129 3182 2258 3255 reli-

631 3270 762 3341 quit.
795 3271 952 3326 Sicut
982 3269 1079 3325 ille
1112 3273 1286 3325 natus
1314 3272 1402 3324 est
1432 3268 1590 3325 solus
1618 3270 1771 3325 inter
1800 3275 2059 3327 mortuos
2090 3272 2253 3339 liber,

2346 701 2702 770 divitiarum,
2734 703 2835 759 sed
2878 704 2938 759 in
2985 709 3149 776 parte
3177 706 3453 778 pauperis
3485 724 3646 779 spem
3681 724 3988 779 reponens,

2347 790 2571 846 inteuta
2601 791 2779 866 Operi,
2803 794 3129 849 verecunda
3149 796 3425 861 sermoni,
3450 795 3755 851 arbitrium
3778 796 3992 852 mentis

2349 894 2463 956 non
2495 878 2821 948 hominum,
2854 881 2956 936 sed
3003 886 3186 938 Deum
3227 890 3530 955 quaereret.
3556 882 3712 939 Nulli
3760 883 3988 950 laedere,

2349 968 2496 1022 bene
2544 966 2685 1023 velle
2738 968 3031 1039 omnibus,
3084 987 3389 1043 assurgere
3448 973 3768 1044 mejoribus
3826 978 3990 1042 natu,

2350 1054 2671 1127 aequalibus
2688 1073 2803 1111 non
2825 1056 3101 1125 invidere,
3116 1059 3312 1131 fugere
3325 1061 3693 1130 jactantiam,
3710 1062 3994 1119 rationem

2351 1144 2538 1215 sequi,
2567 1160 2763 1200 amare
2791 1145 3087 1201 virtutem.
3117 1146 3357 1211 Quando
3388 1147 3501 1204 ista
3531 1149 3619 1205 vel
3649 1149 3813 1205 vultu
3844 1149 3996 1207 laesit

2353 1236 2659 1304 parentes?
2688 1234 2920 1305 quando
2963 1233 3242 1291 dissensit
3270 1254 3305 1291 a
3346 1238 3731 1311 propinquis?
3760 1240 3994 1311 quando

2354 1320 2635 1376 fastidivit
2664 1320 2938 1393 inopem?
2979 1339 3079 1379 eos
3123 1324 3275 1380 solos
3306 1324 3476 1381 solita
3504 1333 3686 1384 coetus
3733 1329 3994 1385 virorum

2354 1409 2783 1481 invisere,quos
2813 1410 3210 1467 misericordia
3254 1430 3366 1469 non
3400 1415 3780 1485 erubesceret,
3806 1434 3995 1490 neque

2356 1496 2674 1569 praeteriret
2702 1499 3063 1552 verecundia.
3090 1499 3241 1554 Nihil
3274 1505 3499 1558 torvum
3528 1503 3586 1558 in
3619 1504 3824 1571 oculis,
3851 1505 3995 1561 nihil

2357 1585 2415 1640 in
2447 1585 2635 1641 verbis
2667 1602 2894 1657 procax,
2916 1586 3071 1641 nihil
3112 1587 3169 1642 in
3211 1593 3340 1644 actu
3372 1590 3845 1661 inverecundum,
3880 1613 3995 1651 non

2357 1678 2523 1745 gestu
2558 1673 2809 1740 fractior,
2846 1691 2960 1729 non
2991 1674 3219 1731 incessu
3255 1677 3519 1750 solutior,
3551 1697 3666 1735 non
3696 1698 3803 1737 vox
3833 1692 3995 1755 petu—

2360 1762 2580 1830 laetior,
2615 1766 2677 1817 ut
2707 1762 2835 1834 ipsa
2865 1765 3120 1835 corporis
3162 1766 3382 1836 species
3416 1768 3794 1825 simulacrum
3827 1772 4002 1827 tuerit

2361 1852 2594 1914 mentis,
2642 1850 2829 1924 ﬁgura
2874 1852 3199 1923 probitatis.
3242 1853 3401 1910 Bona
3442 1856 3657 1928 quippe
3699 1858 3910 1915 domus
3940 1860 3998 1914 in

2364 1940 2487 2011 ipso
2517 1939 2802 1995 vestibulo
2848 1940 3019 1996 debet
3047 1943 3306 2014 agnosci,
3338 1960 3402 1999 ac
3452 1946 3638 2017 primo
3686 1948 4004 2018 prmtendat

2362 2029 2651 2101 ingressu,
2687 2027 2832 2083 nihil
2883 2027 3044 2085 intus
3088 2029 3268 2087 latere
3313 2034 3709 2102 tenebrarum,
3741 2040 3805 2090 ut
3836 2052 4002 2091 mens

2356 2121 2554 2171 nostra
2586 2115 2769 2171 nullis
2800 2117 3092 2189 repagulis
3122 2118 3522 2191 corporalibus
3554 2120 3852 2195 impedita,
3882 2128 4005 2180 tan-

2356 2222 2533 2277 quam
2563 2205 2810 2261 lucernae
2858 2204 2957 2261 lux
2985 2205 3145 2262 intus
3184 2209 3373 2279 posita
3423 2209 3562 2264 foris
3609 2209 3816 2268 luceat.
3852 2213 4001 2279 Quid

2357 2311 2492 2366 ergo
2532 2311 2835 2366 exsequar,
2871 2293 3133 2350 ciborum
3191 2296 3633 2368 parcimOniam,
3674 2300 3999 2357 ofﬁciorum

2360 2381 2828 2450 redundantiam,
2858 2381 3103 2436 alterum
3136 2382 3291 2438 ultra
3321 2389 3587 2441 naturam
3618 2387 4003 2459 superfuisse,

2360 2469 2605 2525 alterum
2639 2487 2783 2542 pene
2808 2470 2916 2542 ipsi
2953 2476 3168 2525 naturae
3197 2472 3468 2528 defuisse.
3494 2473 3613 2530 lllic
3641 2474 3800 2531 nulla
3834 2476 4003 2531 inter-

2361 2559 2541 2614 missa
2564 2558 2743 2613 fuisse
2765 2564 3047 2630 tempora,
3071 2559 3163 2615 hic
3187 2563 3622 2633 eongeminalos
3638 2565 4000 2635 jejuniorum

2361 2646 2575 2711 dies,ct
2605 2646 2653 2702 si
2685 2648 2917 2718 quando
2958 2648 3249 2703 reﬁciendi
3295 2651 3670 2707 successisset
3713 2652 4002 2721 voluntas,

2362 2736 2526 2789 cibus
2558 2735 2902 2807 plerumque
2933 2735 3195 2804 habitus,
3221 2738 3319 2808 qui
3346 2743 3591 2794 mortem
3624 2746 3863 2807 arceret,
3890 2759 4005 2798 non

2362 2823 2600 2878 delicias
2634 2824 3009 2892 ministraret,
3046 2826 3298 2881 dormire
3346 2843 3459 2882 non
3502 2828 3665 2900 prius
3696 2830 4005 2901 cupiditas,

2364 2930 2537 2984 quam
2566 2913 2883 2967 necessitas
2916 2913 3045 2968 fuit.
3067 2914 3135 2967 Et
3166 2919 3359 2969 tamen
3387 2932 3522 2970 cum
3545 2918 3869 2988 quiesceret
3890 2936 4013 2975 cor-

2364 3017 2494 3071 pus,
2516 2999 2779 3072 vigilarct
2804 3000 3036 3055 animus
3061 3019 3074 3056 :
3099 3018 3224 3072 qua:
3247 3003 3579 3074 frequenter
3597 3004 3886 3062 insomnis
3910 3013 4011 3063 aut

2363 3089 2510 3143 lecta
2538 3089 2764 3160 repetit,
2799 3092 2899 3143 aut
2945 3105 3150 3144 somno
3181 3090 3506 3163 interrupta
3554 3093 3874 3167 continuat,
3908 3101 4008 3153 aut

2359 3177 2646 3253 disposita
2691 3177 2854 3247 gerit,
2889 3181 2990 3232 aut
3047 3178 3300 3250 gerenda
3355 3181 3719 3251 pronuntiat,
3778 3185 4009 3254 prodire

2366 3266 2539 3321 domo
2571 3266 2785 3330 nescia,
2811 3258 2923 3321 nisi
2956 3282 3087 3320 cum
3119 3266 3190 3321 ad
3223 3267 3524 3324 ecclesiam
3558 3271 3905 3326 conveniret.
3938 3274 4010 3328 Et

633 3339 707 3414 sic
734 3359 899 3415 istius
928 3376 998 3415 ex
1024 3375 1145 3430 qua
1176 3362 1348 3413 natus
1378 3362 1466 3413 est
1497 3358 1698 3413 matris
1728 3360 1918 3431 pudor
1947 3360 2108 3415 solus
2140 3378 2261 3432 per-
2292 3339 2334 3404 Ο
2368 3355 2476 3410 hoc
2506 3355 2700 3426 ipsum
2732 3371 2865 3409 cum
2898 3354 3238 3426 parentibus
3287 3360 3387 3411 aut
3434 3358 3777 3431 propinquis
3808 3361 4007 3416 dome-

634 3448 837 3504 mansit
864 3448 1107 3520 integer.
1132 3447 1247 3501 Eva
1279 3445 1617 3502 inobediens
1642 3447 1853 3502 meruit
1874 3465 2125 3519 pmnam,
2150 3450 2264 3505 Ma-

634 3535 711 3591 ria
733 3537 1004 3592 obediens
1058 3540 1370 3591 consecuta
1415 3539 1503 3591 est
1557 3534 1825 3608 gratiam.
1860 3536 1962 3592 Illa
2016 3542 2263 3610 gustaris

634 3625 977 3695 prohibitum
1012 3623 1322 3679 maledicta
1352 3623 1478 3679 fuit.
1511 3624 1638 3679 Haec
1669 3625 1911 3681 credens
1940 3626 2144 3698 angelo
2175 3631 2263 3682 est

633 3714 938 3770 benedicta.
974 3713 1081 3769 Illa
1133 3711 1300 3768 nobis
1344 3717 1589 3769 mortem
1633 3713 2035 3780 contulit,htec
2082 3715 2261 3771 vitam

632 3803 786 3858 nobis
806 3803 1050 3875 peperit.
1068 3802 1214 3866 Quid
1238 3801 1384 3874 agis,
1409 3801 1761 3857 Manicheee?
1783 3801 1991 3857 Christi
2015 3808 2258 3858 matrem

629 3891 915 3963 opprimis,
939 3909 1059 3947 non
1094 3890 1393 3945 Christum
1425 3890 1708 3946 defendis.
1744 3891 1956 3946 'l‘aceat
2005 3892 2260 3948 immun-

631 3980 825 4036 da......
851 3982 989 4052 quia
1013 3980 1087 4035 de
1118 3979 1511 4034 mundissima
1533 3978 1763 4050 Virgine
1786 3984 1959 4036 natus
1980 3985 2068 4035 est
2098 3998 2263 4036 mun-

628 4068 932 4125 di......Cui
986 4073 1079 4125 est
1116 4085 1249 4123 cum
1299 4068 1413 4123 Deo
1464 4067 1628 4124 Patre
1679 4072 1735 4123 et
1785 4068 2003 4140 Spiritu
2060 4074 2259 4126 sancto

628 4158 852 4228 aequalis
898 4158 1224 4213 honor......
1278 4173 1382 4211 nec
1424 4156 1696 4211 differens
1742 4155 1945 4228 gloria,
1980 4163 2262 4214 coaeterna

631 4248 912 4315 majestas.
948 4249 1056 4302 Per
1084 4244 1315 4300 inﬁnita
1343 4243 1555 4300 saecula
1584 4244 1949 4300 saeculorum.
1981 4247 2186 4303 Amen.

1225 4351 1357 4406 SER
1366 4351 1466 4406 MO
1505 4350 1646 4405 XIV.

904 4459 1039 4496 ΙΤΕΜ
1072 4458 1143 4496 DE
1174 4456 1499 4495 NATIVITATE
1528 4456 1720 4494 ΒΕΛΤΑΕ
1749 4456 1963 4495 ΜΑῐὶῙᾸΞ.

626 4527 799 4600 [Apud
830 4530 1100 4596 Martem,
1140 4530 1287 4600 Thes.
1328 4527 1523 4600 Anecd.
1561 4527 1628 4600 V,
1659 4529 1783 4593 621,
1816 4545 1884 4583 ex
1919 4545 2028 4583 ms.
2062 4529 2258 4586 codice

1209 4598 1658 4669 Silviniacensi.]

2370 3442 2513 3499 stico
2534 3460 2775 3515 operosa
2795 3448 3036 3512 secreto,
3058 3443 3270 3499 forensi
3293 3444 3505 3517 stipata
3526 3446 3830 3519 comitatu,
3852 3448 4009 3504 nullo

2372 3531 2607 3586 meliore
2635 3535 2829 3586 tamen
2863 3532 3101 3587 custode
3146 3549 3322 3604 quam
3372 3534 3583 3607 seipsa,
3618 3552 3742 3608 quae
3777 3538 4011 3593 incessu

2370 3620 2696 3692 aﬂ‘ectuque
2725 3619 3092 3691 venerabilis,
3126 3638 3241 3677 non
3286 3626 3407 3678 tam
3436 3624 3744 3697 vestigium
3796 3628 4012 3699 pedum

2370 3709 2615 3777 tolleret,
2641 3726 2820 3782 quam
2851 3710 3099 3783 gradum
3128 3710 3362 3767 virtutis
3393 3710 3699 3780 attolleret,
3733 3721 3787 3770 et
3818 3722 4014 3771 tamen

2368 3798 2512 3854 alios
2541 3799 2752 3855 habeat
2780 3799 2941 3871 virgo
2972 3801 3365 3857 membrorum
3422 3804 3697 3860 custodes
3746 3823 4012 3873 suorum,

2369 3905 2598 3944 morum
2631 3893 2825 3944 autem
2856 3906 3099 3944 suorum
3133 3907 3192 3945 se
3224 3891 3435 3946 habeat
3463 3894 3767 3948 custodem
3800 3894 4012 3965 ipsam.

2370 3976 2569 4032 Plures
2600 3981 2770 4032 erunt
2799 3978 2867 4031 de
2899 3977 3112 4048 quibus
3134 3979 3339 4043 discat,
3356 3980 3402 4033 si
3432 3979 3560 4051 ipsa
3583 3996 3643 4035 se
3665 3981 3867 4036 doceat
3886 3999 4013 4054 quze

2367 4064 2600 4119 virtutis
2629 4065 2941 4137 magistras
2986 4065 3180 4135 habet,
3210 4066 3349 4147 quia
3375 4067 3658 4139 quidquid
3692 4070 3891 4140 egerit,
3925 4071 4011 4125 di-

2368 4152 2614 4224 sciplina
2637 4158 2743 4209 est.
2768 4153 2861 4208 Sic
2887 4153 3070 4209 Maria
3098 4154 3437 4210 intendebat
3468 4157 3763 4225 omnibus,
3779 4159 3947 4230 quasi
3979 4175 4014 4214 a

2370 4240 2636 4313 pluribus
2680 4246 3033 4297 moneretur.
3068 4243 3163 4298 Sic
3211 4243 3410 4299 omnia
3454 4243 3734 4316 implebat
3780 4246 4012 4303 virtutis

2368 4330 2576 4397 ofﬁcia,
2611 4336 2674 4385 ut
2720 4347 2836 4385 non
2886 4334 3005 4385 tam
3037 4330 3285 4387 disceret
3317 4348 3493 4404 quam
3525 4333 3779 4389 doceret.
3813 4334 4010 4390 Talem

2367 4418 2517 4475 hanc
2539 4418 2894 4491 evangelista
2915 4420 3278 4487 monstravit,
3302 4420 3473 4476 talem
3502 4420 3745 4494 angelus
3776 4423 4009 4495 reperit,

2367 4507 2543 4563 talem
2567 4508 2819 4580 Spiritus
2840 4513 3078 4564 sanctus
3098 4507 3290 4580 elegit.
3313 4507 3459 4573 Quid
3484 4508 3637 4564 enim
3670 4509 3729 4564 in
3762 4510 4012 4584 singulis

2367 4596 2597 4651 morer?
2619 4601 2681 4650 ut
2702 4613 2830 4652 eam
2863 4599 3130 4668 parentes
3161 4596 3490 4664 dilexerint,
3515 4598 3768 4654 extranei
3801 4600 4013 4672 praedi-

690 4688 771 4742 Sit
818 4688 999 4762 igitur
1046 4688 1215 4744 nobis
1263 4692 1544 4760 tanquam
1576 4686 1633 4742 in
1667 4687 1920 4759 imagine
1970 4687 2260 4760 descripta
2290 4704 2336 4768 Β
2372 4684 2718 4757 οατὶῐιι,ρυω
2750 4685 2927 4757 digna
2956 4684 3065 4740 fuit
3093 4702 3161 4741 ex
3191 4702 3305 4757 qua
3340 4685 3434 4741 Dei
3467 4686 3625 4743 Flius
3655 4693 4009 4745 nasceretur.

620 4775 933 4848 virginitas,
960 4777 1081 4833 vita
1111 4777 1325 4844 Marim,
1350 4793 1381 4831 e
1414 4792 1530 4853 qua
1557 4774 1716 4831 velut
1747 4775 1983 4848 speculo
2015 4776 2260 4849 refulget

621 4864 831 4933 species
874 4865 1161 4922 castitatis
1206 4870 1262 4921 et
1304 4866 1490 4920 forma
1527 4864 1779 4919 virtutis.
1816 4863 1958 4919 Hinc
2008 4865 2257 4920 sumatis

620 4948 743 5007 licet
764 4952 1032 5026 exempla
1049 4953 1274 5009 vivendi
1284 4952 1406 5022 ,ubi
1429 4957 1707 5024 tanquam
1730 4952 1788 5006 in
1807 4951 2119 5025 exemplari
2142 4970 2259 5008 ma-

618 5038 845 5109 gisteria
890 5058 1166 5114 expressa
1217 5041 1545 5113 probitatis,
1571 5040 1712 5112 quid
1766 5040 2069 5114 corrigere,
2114 5042 2255 5112 quid

621 5128 883 5201 effugere,
898 5131 1055 5202 quod
1078 5136 1270 5187 tenere
1289 5130 1551 5186 debeatis
1571 5130 1906 5185 ostendunt.
1928 5130 2157 5185 Primus
2175 5130 2257 5185 di-

622 5218 807 5272 scendi
825 5219 1004 5275 ardor
1027 5218 1300 5274 nobilitas
1316 5222 1405 5273 est
1428 5215 1863 5289 magistri.Quid
1883 5216 2135 5273 nobilius
2160 5217 2254 5272 Dei

623 5303 834 5359 matre?
859 5304 1011 5368 Quid
1042 5304 1408 5377 splendidius
1438 5320 1506 5359 ea
1538 5320 1712 5374 quam
1746 5302 2021 5376 splendor
2040 5304 2255 5377 elegit?

620 5388 754 5451 Quid
772 5392 996 5448 castius
1019 5409 1085 5449 ea
1105 5410 1231 5465 qua:
1254 5409 1466 5464 corpus
1488 5392 1613 5448 sine
1635 5392 1893 5464 corporis
1915 5392 2255 5464 contagione

619 5481 939 5548 generavit?
976 5480 1119 5538 Nam
1155 5483 1226 5537 de
1252 5481 1472 5537 caeteris
1504 5482 1632 5552 ejus
1662 5480 1975 5537 virtutibus
2000 5481 2137 5553 quid
2170 5480 2252 5538 lo-

619 5568 984 5643 quar?Virgo
1005 5560 1129 5625 erat
1150 5587 1263 5626 non
1283 5569 1472 5626 solum
1496 5585 1755 5640 corpore,
1772 5569 1870 5624 sed
1894 5570 2068 5625 etiam
2095 5586 2254 5624 men-

620 5658 815 5728 te,:;u;r
842 5658 1004 5713 nullo
1028 5658 1143 5712 doli
1166 5657 1409 5723 ambitu,
1434 5657 1725 5711 sincerum
1749 5655 2099 5713 adulteraret
2124 5657 2254 5713 affe-

619 5747 788 5800 ctum.
812 5745 1000 5803 Corde
1021 5744 1283 5815 humilis,
1304 5744 1496 5800 verbis
1516 5744 1729 5821 gravis,
1753 5743 1948 5804 animo
1969 5744 2247 5821 prudens,

2370 4776 2495 4829 llaec
2516 4775 2587 4829 ad
2612 4774 2770 4846 ipsos
2796 4774 3096 4847 ingressus
3136 4775 3324 4847 angeli
3370 4775 3600 4830 inventa
3621 4776 3793 4831 domo
3824 4776 3883 4831 in
3914 4795 4012 4849 pe-

2366 4861 2689 4918 netralibus
2721 4862 2844 4918 sine
2876 4862 3192 4930 comitc,ne
3216 4862 3348 4935 quis
3369 4863 3751 4920 intentionem
3774 4866 4011 4921 abrum-

2367 4956 2525 5023 peret
2545 4967 2733 5023 neque
2760 4952 3137 5023 obstreperet.
3163 4951 3360 5024 Neque
3391 4952 3547 5008 enim
3577 4954 3820 5010 comites
3852 4954 4015 5009 femi-

2368 5055 2474 5093 nas
2507 5038 2892 5103 desiderabat,
2934 5056 3059 5110 quaz
3108 5040 3293 5096 bonas
3340 5040 3579 5097 comites
3633 5041 4014 5115 cogitationes

2364 5124 2793 5199 habebat,quin
2817 5127 2990 5183 etiam
3024 5127 3135 5182 sibi
3168 5129 3366 5184 minus
3401 5129 3526 5186 sola
3555 5129 3860 5186 videbatur
3878 5149 4012 5187 cum

2364 5214 2488 5270 sola
2518 5222 2689 5271 esset.
2720 5214 2864 5270 Nam
2903 5216 3400 5287 quemadmodum
3433 5217 3577 5287 sola,
3611 5219 3702 5273 cui
3751 5223 3837 5275 tot
3878 5218 4012 5274 libri

2364 5302 2674 5359 adessent?
2697 5307 2781 5358 tot
2811 5303 3168 5376 archangeli,
3190 5308 3275 5358 tot
3317 5305 3651 5377 prophetae?
3670 5306 3929 5378 Denique
3957 5312 4014 5362 et

2364 5390 2593 5448 Gabriel
2616 5407 2741 5446 eam
2764 5391 2865 5446 ubi
2888 5392 3135 5447 revisere
3158 5391 3381 5447 solebat
3408 5393 3644 5461 invenit,
3660 5398 3716 5449 et
3738 5393 4010 5465 angelum

2364 5479 2548 5535 Maria
2566 5479 2734 5551 quasi
2757 5478 2943 5534 virum
2967 5479 3158 5550 specie
3186 5484 3346 5535 mota
3366 5479 3868 5553 trepidavit,quasi
3891 5496 4006 5532 non

2364 5567 2725 5639 incognitum
2757 5565 2954 5620 audito
2986 5566 3222 5621 nomine
3252 5568 3617 5640 recognovit;
3644 5568 3724 5623 ita
3754 5565 4002 5637 peregri-

2364 5662 2499 5712 nata
2529 5660 2616 5710 est
2646 5654 2703 5709 in
2735 5654 3010 5726 viro,qnzn
3043 5671 3153 5709 non
3187 5660 3275 5709 est
3305 5656 3672 5729 peregrinata
3693 5656 3750 5708 in
3774 5650 4001 5719 angelo,

2361 5750 2427 5801 ut
2457 5759 2737 5818 agnoscas
2793 5757 2964 5799 aures
3024 5742 3349 5815 religiosas,
3384 5742 3583 5802 oculos
3624 5733 3999 5798 verecundos.
