4984 6412
1467 452 1612 513 1ῧ31

2384 451 2452 512 S.
2495 446 2855 510 ODlLONIS
2899 439 3459 506 CLUNIACENSIS
3507 437 3832 502 ABBATIS
3878 437 3956 502 ν.

4735 437 4892 500 1032

1470 585 1733 656 Denique
1765 581 2022 638 salutata
2073 583 2361 637 obmutuit
2393 587 2441 634 et
2477 580 2763 654 appellata
2794 576 3110 651 respondit.
3142 576 3192 642 Α
3231 573 3554 645 patiebatur
3588 571 3923 642 unigenitus
3979 571 4159 626 Filius
4217 571 4345 640 ejus
4403 570 4718 636 Dominus,
4752 577 4887 628 ante

1465 675 1576 727 Sed
1599 690 1727 745 quae
1755 671 1943 744 primo
1962 672 2291 726 turbaverat
2316 670 2606 732 affectum,
2626 674 2826 742 postea
2847 666 3114 739 promisit

1467 762 1992 833 obsequim.Quam
2017 776 2146 814 vero
2174 759 2440 830 religiosa
2465 759 2520 813 in
2544 758 2903 830 propinquas
2930 756 3114 810 fuerat

1468 849 1765 921 Scriptura
1806 847 1999 902 divina
2038 848 2345 918 significat.
2381 847 2525 901 Nam
2559 851 2614 900 et
2657 842 2932 898 humilior
2963 843 3114 896 facta

1467 936 1689 1005 est,ubi
1721 953 1756 991 a
1781 936 1895 991 Deo
1926 952 1987 990 se
2013 935 2277 1006 cognovit
2303 935 2568 998 electam,
2593 938 2649 987 et
2687 932 2885 986 statim
2915 931 2982 984 ad
3017 947 3112 984 co-

1467 1030 1702 1098 gnatam
1736 1041 1903 1079 suam
1935 1025 2005 1079 ad
2035 1031 2309 1078 montana
2341 1022 2641 1095 processit.
2665 1021 2786 1075 Non
2824 1021 3024 1090 utique
3049 1022 3112 1071 ut

1466 1113 1726 1187 exemplo
1746 1114 2004 1168 crederet
2025 1114 2288 1184 qumjam
2315 1112 2638 1166 crediderat
2655 1108 2907 1163 oraculo.
2940 1109 3111 1162 Beata

1463 1203 1640 1270 enim,
1700 1201 1912 1272 inquit,
1943 1218 2069 1272 quae
2121 1199 2437 1267 credidisti,
2471 1204 2529 1255 et
2559 1199 2749 1253 tribus
2809 1197 3109 1251 mensibus

1463 1309 1595 1346 cum
1626 1307 1692 1345 ea
1711 1289 2123 1345 mansit.Tanti
2147 1294 2341 1344 autem
2368 1287 2670 1343 intervallo
2695 1286 2971 1357 temporis
2993 1301 3108 1338 non

1460 1380 1604 1436 fides
1625 1379 1924 1452 quaeritur,
1949 1379 2048 1434 sed
2081 1379 2266 1450 pietas
2293 1378 2616 1432 exhibetur.
2640 1378 2704 1430 Et
2737 1376 2841 1429 hoc
2876 1380 3109 1446 postea-

1459 1485 1632 1541 quam
1666 1467 1724 1523 in
1759 1473 1926 1524 utero
1957 1468 2215 1540 parentis
2243 1467 2516 1521 cxsiliens
2550 1481 2694 1538 puer
2724 1469 2968 1518 matrem
3004 1463 3109 1516 Do-

1461 1556 1720 1611 mini.....
1733 1597 1744 1610 .
1757 1597 1792 1610 ..
1828 1555 2035 1610 Caetera
2063 1555 2270 1610 desunt.
2563 1581 2584 1605 ρ

2087 1659 2328 1715 SERMO
2369 1659 2485 1714 XV.

2006 1749 2076 1786 οε
2113 1749 2323 1786 8ΛΝ6ΤΑ
2362 1747 2566 1785 ΩΒυΠΙ-Ζ.

1536 1822 1724 1896 [Apud
1762 1822 2004 1877 Marten.
2034 1823 2132 1875 ubi
2161 1837 2347 1891 supra,
2381 1836 2449 1874 ex
2483 1837 2591 1873 ms.
2627 1817 3034 1883 Cluniacensi]

1537 1912 1671 1967 Post
1720 1910 1882 1966 illum
1925 1908 2304 1982 singularem,
2337 1915 2394 1963 et
2447 1908 2872 1972 admirabilem,
2905 1913 2961 1961 et
2993 1911 3108 1959 toto

1467 2001 1689 2056 mundo
1707 1999 2216 2071 prmdicabilem,et
2235 1996 2548 2052 salutarem
2571 1995 2879 2050 Dominiem
2901 1996 3114 2067 passio-

1467 2090 1558 2144 nis
1590 2088 1981 2160 triumphum,
2010 2093 2065 2141 et
2095 2088 2356 2158 ejusdem
2385 2086 2611 2140 Domini
2649 2085 2825 2139 nostri
2862 2100 3115 2138 resurre-

1466 2178 1675 2232 ctionis
1707 2177 1975 2250 gloriam,
2009 2181 2063 2230 et
2094 2181 2463 2231 sacrosancta
2499 2177 2642 2228 festa
2676 2173 2990 2245 paschalia.
3025 2171 3109 2226 di-

1463 2265 1744 2337 gnissime
1775 2265 1917 2320 satis
1965 2269 2018 2319 et
2063 2264 2468 2320 convenienter
2519 2263 2615 2318 illa
2665 2264 2790 2316 dies
2841 2261 3114 2316 recolitur

1461 2354 1856 2415 celeberrima.
1875 2355 1928 2408 in
1955 2372 2069 2426 qua
2095 2353 2403 2409 Dominicaa
2423 2353 2711 2424 passionis
2737 2352 2806 2405 ad
2834 2352 3109 2404 honorem

1459 2447 1515 2498 et
1535 2443 1717 2516 gloria
1741 2444 1996 2498 nominis
2019 2443 2117 2497 Dei
2141 2448 2231 2496 est
2252 2442 2318 2495 ad
2344 2442 2592 2496 salutem
2617 2441 2846 2511 generis
2869 2439 3110 2493 humani

1462 2533 1832 2604 reperiuntur
1862 2532 2145 2603 insignia;
2180 2548 2320 2585 crux
2350 2529 2636 2594 videlicet,
2664 2529 2719 2583 in
2753 2545 2870 2599 qua
2903 2533 3111 2582 nostra:

1461 2619 1669 2676 salutis
1715 2625 1918 2675 auctor
1966 2620 2260 2692 pependit,
2290 2624 2347 2672 et
2386 2619 2528 2672 clavi
2562 2617 2777 2689 quibus
2820 2618 3109 2671 confixum

1461 2713 1550 2762 est
1570 2708 1712 2763 illud
1741 2707 2206 2762 sacratissimum
2245 2707 2648 2778 corpus,quod
2679 2723 2747 2760 ex
2770 2705 3114 2761 intemerata

1462 2795 1699 2868 Virgine
1721 2811 2021 2850 assumere
2041 2795 2320 2866 dignatus
2338 2800 2424 2849 est
2448 2795 2544 2850 Dei
2569 2795 2744 2848 Filius
2767 2801 2896 2848 ante
2918 2795 3115 2849 omnia

1467 2888 1728 2954 tempora
1755 2881 2054 2938 saecularia
2084 2883 2155 2938 ab
2201 2883 2326 2954 ipso
2374 2883 2486 2937 Deo
2536 2882 2699 2936 Patre
2747 2881 3115 2937 inetfabiliter

1464 2971 1940 3045 genitus.Merito
1963 2971 2140 3043 igitur
2160 2971 2533 3026 celeberrime
2569 2971 2764 3026 recolit
2805 2971 2981 3025 totius
3016 2973 3114 3026 Ec-

1465 3060 1653 3118 clesia:
1677 3060 1861 3116 fidelis
1887 3059 2103 3115 familia
2127 3078 2229 3132 per
2250 3060 2476 3115 diversa
2501 3077 2786 3115 annorum
2813 3061 2998 3132 spatia
3021 3077 3112 3115 sa-

1464 3151 1670 3207 lutaris
1698 3149 1942 3222 patibuli
1975 3149 2364 3206 inventionem
2416 3155 2474 3204 et
2523 3149 3114 3221 exaltationem,quia

1462 3257 1566 3313 per
1585 3257 1815 3296 crucem
1839 3239 2418 3295 didicitdestructum
2443 3238 2647 3293 mortis
2673 3239 3116 3310 imperium,per

3225 679 3452 715 crucem
3487 662 3698 724 stabat,
3730 666 3784 713 et
3830 661 3941 732 piis
3972 659 4176 725 oculis,
4212 665 4274 714 ut
4316 660 4519 715 doctor
4555 659 4887 716 catholicus

3225 752 3426 804 scribit
3458 750 3824 816 Ambrosius,
3847 751 4220 822 exspectabat
4252 766 4365 804 non
4411 750 4678 822 pignoris
4723 768 4887 805 mor-

3223 847 3361 906 tem,
3389 841 3484 892 sed
3523 839 3722 892 uiundi
3760 838 4031 905 salutem,
4061 856 4238 910 quam
4269 839 4447 893 etiam
4473 837 4568 894 ille
4591 837 4678 893 vir
4700 839 4888 893 Sedu-

3224 928 3336 982 lius
3371 935 3534 1000 poeta
3560 927 3928 997 evangelicus
3955 928 4164 981 asserit
4183 927 4336 982 circa
4364 927 4593 982 Domini
4624 927 4892 999 sepultu-

3221 1036 3342 1071 ram
3379 1016 3509 1089 plus
3541 1017 3760 1071 ca-teris
3790 1015 4135 1071 mulieribus
4169 1016 4349 1070 fuisse
4381 1015 4696 1072 sollicitam
4727 1034 4740 1070 :
4771 1017 4884 1072 He-

3220 1107 3350 1161 lena
3381 1124 3512 1160 vero
3544 1111 3778 1160 econtra
3813 1106 4079 1177 princeps
4126 1105 4372 1160 Romani
4417 1105 4648 1178 imperii
4683 1107 4758 1160 ad
4792 1107 4884 1160 in-

3219 1195 3504 1267 quirenda
3534 1200 3589 1249 et
3619 1195 3961 1266 reperienda
4003 1194 4232 1249 Domini
4284 1195 4544 1267 corporis
4591 1195 4896 1267 supplicia

3218 1291 3272 1339 et
3307 1290 3513 1338 nostrm
3547 1283 3754 1337 salutis
3783 1282 4056 1354 insignia,
4082 1282 4323 1338 solerter
4354 1288 4410 1338 et
4441 1282 4892 1339 studiosissime

3220 1373 3544 1438 insistebat,
3562 1379 3615 1427 et
3639 1372 3730 1443 pio
3749 1373 3952 1425 atl‘ectu
3979 1376 4033 1425 et
4055 1372 4280 1428 sincero
4303 1373 4510 1426 etl‘ectu
4529 1372 4680 1427 votis
4698 1374 4894 1427 omni-

3219 1463 3328 1516 bus
3360 1462 3681 1526 laborabat,
3704 1466 3768 1514 ut
3789 1461 4044 1515 invenire
4077 1467 4272 1532 posset
4294 1461 4447 1533 quod
4472 1461 4804 1532 quaerebat;
4830 1469 4892 1518 et

3220 1552 3517 1606 inventum
3552 1551 3620 1604 ad
3655 1549 3932 1604 honorem
3959 1554 4014 1603 ct
4046 1547 4291 1620 gloriam
4324 1549 4552 1603 Domini
4586 1549 4888 1605 honorare

3221 1641 3524 1709 gestiebat.
3540 1639 3620 1694 Ad
3639 1639 3790 1710 quod
3814 1637 4108 1709 negotium
4130 1639 4526 1710 peragendum
4545 1639 4888 1709 adjutorem

3223 1730 3473 1783 habebat
3497 1727 3970 1782 strenuissinmm
3999 1728 4178 1780 tilium
4205 1744 4401 1792 suum,
4429 1727 4673 1782 Romani
4701 1727 4891 1799 impe-

3222 1820 3287 1872 rii
3316 1818 3632 1889 principem
3657 1817 4240 1887 Constantinum,qui
4263 1816 4488 1888 primus
4513 1817 4668 1871 inter
4682 1815 4892 1872 saeculi

3223 1908 3514 1979 principes
3542 1924 3672 1960 cum
3699 1905 3938 1959 consilio
3971 1911 4022 1959 et
4057 1905 4252 1958 studio
4287 1905 4493 1959 matris
4527 1905 4891 1977 supradicta:

3222 2003 3276 2050 et
3310 1996 3719 2067 Sﬂ‘petilCt’lltiit.‘
3759 1994 3982 2048 Helena!
4025 1993 4348 2048 libertatem
4400 2000 4460 2048 et
4505 1993 4890 2066 privilegium

3225 2086 3494 2138 lbnuanzr
3527 2084 3817 2137 concessit
3865 2082 4153 2137 Ecclesize.
4189 2082 4326 2138 Inde
4357 2084 4532 2154 carpit
4579 2084 4890 2155 praedicari

3224 2174 3473 2246 publice,
3510 2173 3750 2226 Domino
3795 2178 4111 2238 annuente,
4145 2176 4202 2226 ct
4229 2171 4564 2243 supradicto
4617 2173 4891 2244 principe

3224 2262 3488 2327 faciente,
3517 2260 3674 2315 nullo
3707 2260 4160 2328 contradicente,
4185 2259 4371 2314 honor
4399 2264 4456 2314 et
4494 2261 4683 2314 virtus
4714 2260 4889 2316 Chri-

3224 2353 3316 2416 sti,
3354 2351 3494 2404 tiiles
3535 2355 3590 2403 et
3639 2349 3879 2403 victoria
3938 2349 4167 2404 Domini
4226 2347 4487 2404 crucifixi
4535 2365 4639 2420 per
4690 2351 4886 2421 Spatia

3222 2445 3432 2494 cuncta
3466 2439 3668 2492 mundi
3703 2455 4006 2510 quousque
4040 2438 4314 2492 tendebat
4345 2443 4604 2510 potestas
4629 2437 4886 2493 Romani

3225 2529 3472 2600 imperii,
3501 2533 3556 2581 et
3592 2545 3703 2582 non
3739 2527 3927 2581 dicam
3963 2544 4150 2598 usque
4197 2527 4267 2581 ad
4315 2527 4600 2582 terminos
4632 2527 4890 2582 Ποιηαηὶ

3224 2617 3471 2688 imperii,
3507 2617 3603 2671 sed
3659 2633 3966 2687 quousque
3999 2616 4344 2687 przcdicatur
4377 2617 4657 2686 majestas
4699 2617 4890 2670 divini

3221 2712 3275 2759 et
3318 2706 3600 2760 incarnati
3634 2705 3910 2770 Verbi,ct
3967 2705 4283 2759 auctoritas
4344 2705 4546 2759 mundi
4602 2703 4890 2760 salutaris

3223 2796 3405 2849 sancti
3441 2793 3755 2865 Evangelii,
3787 2811 3914 2863 quze
3949 2793 4078 2849 viva
4126 2798 4182 2848 et
4235 2793 4416 2848 libera
4462 2810 4598 2848 voce
4651 2792 4894 2849 intonat

3222 2885 3500 2939 honorem
3528 2889 3580 2937 et
3613 2881 3857 2953 gloriam
3883 2882 4071 2938 crucis
4094 2888 4149 2937 et
4175 2889 4339 2938 actus
4369 2887 4428 2937 et
4459 2882 4756 2938 mirabilia
4780 2883 4894 2940 Do-

3225 2974 3364 3028 mini
3401 2971 3846 3034 crucitixi.()uid
3897 2989 4003 3026 nos
4036 2970 4347 3037 miseri,ad
4398 2970 4632 3026 laudem
4686 2974 4891 3029 crucis

3223 3063 3412 3116 dicere
3446 3066 3762 3124 tentamus,
3787 3065 3842 3115 et
3877 3061 4016 3132 quid
4051 3061 4266 3114 indocti
4301 3061 4402 3113 fari
4438 3061 4888 3132 praesumimus,

3225 3152 3321 3222 qui
3357 3156 3513 3204 tanta
3540 3167 3602 3203 ac
3627 3149 3764 3203 talia
3796 3166 3827 3203 a
3861 3150 4179 3220 majoribus
4209 3154 4266 3204 et
4299 3148 4638 3204 melioribus
4664 3151 4891 3206 nostris

3225 3241 3482 3312 quotidie
3513 3240 3667 3292 dicta
3698 3239 4128 3309 cognoscimus,
4153 3243 4216 3292 ut
4247 3244 4304 3292 et
4335 3244 4537 3293 notum
4566 3243 4625 3293 et
4653 3239 4890 3310 angelis

1461 3345 1690 3384 crucem
1705 3346 1765 3385 se
1784 3328 2247 3383 recolitevasisse
2264 3327 3111 3399 perpetuazmortisinteritum,
3143 3313 3185 3378 (ἶ
3223 3336 3274 3384 et
3311 3328 3669 3390 hominibus,
3695 3333 3750 3380 et
3779 3327 4044 3382 omnium
4072 3327 4330 3381 fidelium
4357 3327 4697 3381 firmissime
4724 3330 4889 3383 credi

1462 3424 1519 3474 et
1541 3436 1642 3490 per
1662 3434 1890 3473 crucem
1912 3433 1972 3472 se
1995 3417 2209 3488 gaudet
2229 3417 2517 3470 invenisse
2537 3421 2759 3471 mternm
2784 3417 2908 3469 vitm
2929 3416 3115 3471 subsi-

1463 3507 1649 3562 dium.
1672 3507 1814 3561 Cum
1849 3506 2008 3561 enim
2040 3504 2353 3559 Dominica:
2385 3511 2442 3559 et
2463 3504 2950 3560 victoriosissima:
2981 3522 3112 3560 cru-

1464 3596 1550 3650 cis
1573 3593 1898 3649 celebratur
1919 3592 2194 3656 invcntio,
2224 3593 2702 3648 manifestissime
2727 3593 2951 3648 Domini
2984 3611 3114 3650 cru-

1465 3682 1618 3738 cifixi
1652 3681 1922 3737 recolitur
1951 3681 2334 3746 resurrectio;
2369 3685 2580 3736 etcum
2615 3681 2881 3750 ejusdem
2927 3683 3116 3737 crucis

1469 3769 1741 3827 exaltatio
1770 3769 1999 3837 colitur,
2034 3769 2092 3823 in
2135 3787 2201 3823 ea
2251 3770 2563 3824 crucifixus
2614 3769 2899 3825 Dominus
2946 3771 3117 3826 Jesus

1469 3859 1738 3915 Christus
1770 3859 1840 3912 ad
1874 3858 2047 3913 caelos
2087 3857 2417 3913 ascendisse
2458 3859 2839 3930 dignoscitur.
2872 3861 2956 3915 Ad
2989 3877 3119 3915 con-

1468 3948 1758 4005 firmanda
1790 3947 1968 4019 hujus
1991 3946 2068 4002 rei
2096 3947 2407 4021 magnalia,
2431 3949 2695 4019 quadam
2723 3949 2776 4002 in
2802 3948 3120 4021 Scripturis

1466 4037 1629 4112 paria
1653 4036 2033 4092 inveniuntur
2058 4037 2364 4109 przeconia,
2389 4041 2453 4091 ut
2473 4053 2605 4092 cum
2630 4036 3121 4110 similiajungun-

1462 4132 1560 4185 tur
1588 4126 1904 4195 similibus,
1935 4125 1994 4181 in
2027 4125 2120 4180 his
2152 4143 2279 4198 qum
2320 4125 2598 4182 dicuntur
2640 4127 2712 4180 de
2757 4125 2872 4181 Deo
2925 4126 3124 4184 nullus

1464 4216 1791 4273 inveniatur
1807 4214 2385 4270 incredulus.Mulier
2403 4214 2738 4288 serpentino
2752 4215 2956 4271 delusa
2969 4233 3125 4271 men-

1465 4305 1631 4362 dacio
1687 4309 1934 4360 mortem
1996 4304 2332 4376 propinavit
2379 4303 2522 4368 viro,
2559 4304 2676 4358 imo
2734 4304 2907 4359 etiam
2965 4305 3124 4358 omni

1463 4393 1662 4469 generi
1693 4395 1959 4450 humano
1996 4410 2009 4448 :
2044 4392 2358 4448 mulierum
2393 4398 2725 4448 sanctarum
2760 4392 3000 4448 humilis
3031 4394 3126 4448 de-

1460 4483 1638 4552 votio,
1666 4481 1930 4554 angelico
1961 4486 2259 4537 asserente
2299 4497 2569 4537 sermone
2602 4480 2894 4548 veridicio,
2930 4481 3125 4536 Domi~

1475 4589 1617 4628 num
1650 4571 2039 4626 resurrexisse
2071 4569 2389 4642 apostolico
2417 4569 2702 4624 nuntiavit
2731 4569 2993 4642 collegio.
3017 4573 3126 4625 Au-

3226 3417 3577 3490 praedicabat
3599 3423 3652 3471 et
3682 3416 3808 3471 novi
3836 3416 4023 3470 fidelis
4047 3415 4395 3488 prudentia?
4427 3414 4519 3468 Dei
4556 3413 4744 3469 Filius
4779 3417 4890 3470 mi-

3225 3505 3594 3561 sericorditer
3624 3505 3921 3560 hominem
3961 3522 4028 3559 ex
4060 3503 4293 3574 Virgine
4321 3503 4599 3574 dignatus
4631 3508 4721 3557 est
4755 3521 4889 3558 sus-

3226 3595 3435 3666 cipere,
3462 3593 3635 3649 homo
3670 3595 3879 3658 factus,
3901 3593 4238 3648 hominibus
4267 3591 4450 3646 voluit
4489 3607 4798 3663 apparere,
4832 3599 4890 3647 et

3229 3703 3328 3757 per
3357 3685 3549 3756 ipsum
3586 3683 3880 3737 hominem
3917 3699 4091 3753 quem
4137 3680 4413 3752 suscepit,
4446 3697 4633 3752 genus
4666 3680 4886 3736 huma-

3229 3793 3368 3830 num
3402 3793 3434 3828 a
3465 3780 3752 3846 perpetuat
3793 3773 3995 3827 mortis
4028 3772 4262 3826 interitu
4296 3771 4477 3827 voluit
4523 3770 4799 3838 liberare,
4832 3777 4890 3827 et

3229 3866 3300 3918 de
3333 3863 3586 3919 tenebris
3617 3863 3686 3916 ad
3721 3862 4019 3930 lucem,de
4054 3866 4235 3915 morte
4267 3861 4339 3915 ad
4373 3861 4550 3915 vitam
4584 3860 4887 3925 reducere,

3229 3959 3282 4009 et
3316 3953 3484 4008 scivit
3516 3951 3667 4006 sicut
3710 3951 3905 4006 omnia
3937 3951 4067 4014 scit,
4100 3948 4238 4021 quia
4283 3966 4398 4003 non
4443 3954 4642 4020 posset
4670 3949 4886 4020 corrigi

3232 4041 3489 4114 priorum
3524 4044 3830 4112 parentum
3872 4038 4268 4110 przesumptio,
4304 4037 4418 4092 nisi
4450 4037 4886 4092 humanitatem

3233 4136 3489 4186 nostram
3524 4128 3843 4199 susciperet
3865 4125 4060 4182 divina
4088 4125 4377 4197 dignatio;
4411 4125 4512 4180 sed
4537 4142 4774 4197 semper
4802 4141 4888 4181 re-

3233 4224 3436 4292 gnaret
3467 4218 3523 4272 in
3559 4217 3796 4279 mundo,
3832 4221 3896 4271 ut
3943 4215 4220 4282 diximus,
4256 4215 4516 4287 priorum
4573 4221 4892 4286 parentum

3234 4309 3487 4380 superba
3517 4306 3834 4370 temeritas,
3857 4322 3959 4360 nec
3983 4305 4158 4378 eulpa
4178 4303 4499 4359 solveretur
4518 4319 4648 4375 quae
4673 4305 4896 4358 mundo

3235 4403 3488 4453 creverat
3519 4413 3617 4468 per
3649 4394 3916 4448 illicitum
3947 4394 4088 4465 ligni
4111 4397 4373 4465 gustum,
4399 4393 4512 4448 nisi
4535 4392 4812 4448 Christus
4839 4393 4894 4446 in

3236 4486 3394 4559 ligno
3425 4486 3615 4540 crucis
3647 4484 3906 4556 pendens
3937 4483 4221 4555 sanguine
4247 4500 4354 4537 suo
4375 4480 4593 4537 deleret
4625 4481 4895 4536 mortalis

3237 4573 3692 4648 pPZBSCI‘iptiODlS
3737 4571 4214 4644 chirographum.
4247 4571 4494 4626 Necesse
4541 4573 4652 4641 est,
4684 4571 4897 4626 fratres

1465 4660 1641 4717 distis
1692 4660 1986 4748 hominem
2023 4659 2454 4748 inobedientem
2503 4674 2605 4730 per
2645 4658 2787 4730 ligni
2819 4663 3059 4730 gustum
3094 4677 3127 4715 a
3157 4684 3206 4748 ο
3236 4663 3666 4731 charissimi,ut
3689 4662 3786 4733 qui
3812 4678 3872 4716 se
3893 4662 4104 4733 gaudet
4131 4661 4497 4733 redemptum
4519 4658 4736 4715 Christi
4763 4677 4896 4714 san-

1464 4749 1738 4822 paradiso
1766 4747 2110 4820 expulsum;
2151 4746 2400 4802 audistis
2435 4743 2721 4801 latronem
2753 4750 3123 4802 confitentem

1465 4855 1568 4911 per
1591 4837 1874 4892 humilem
1894 4837 2322 4893 confessionem
2347 4836 2404 4890 in
2429 4833 2765 4906 paradisum
2789 4836 3116 4893 inductum.

1466 4927 1704 4982 Lasciva
1727 4926 1943 4982 femina
1966 4925 2276 4981 divortium
2305 4923 2456 4980 male
2479 4924 2777 4980 suadendo
2803 4924 3120 4981 insinuavit

1465 5016 1616 5070 viam
1647 5015 1718 5071 ad
1751 5015 1985 5085 inferos,
2020 5015 2246 5088 integra
2279 5015 2442 5088 virgo
2491 5013 2601 5069 iter
2649 5017 2867 5069 rectum
2910 5013 3121 5070 direxit

1465 5104 1534 5159 ad
1569 5121 1830 5176 superos.
1855 5104 2060 5162 Mulier
2088 5108 2369 5175 corrupta
2399 5119 2516 5158 suae
2541 5104 2844 5176 propagini
2869 5108 3116 5160 mortem

1465 5193 1682 5260 intulit,
1706 5194 1866 5266 virgo
1892 5193 2239 5248 intemerata
2273 5191 2535 5247 humano
2558 5193 2753 5264 generi
2777 5193 2952 5248 vitam
2994 5210 3118 5265 per-

1465 5287 1698 5354 petuam
1721 5280 1984 5338 contulit.
2007 5280 2190 5336 Maria
2209 5280 2573 5353 Magdalena,
2593 5281 2891 5353 quondam
2922 5299 3118 5355 pecca-

1465 5371 1594 5440 trix,
1636 5372 1707 5426 de
1751 5369 2016 5442 ejusdem
2074 5369 2499 5424 resurrectione
2547 5369 2827 5442 gaudium
2886 5370 3113 5440 attulit;

1465 5460 1682 5516 Helena
1713 5457 2055 5530 imperatrix
2087 5456 2158 5512 de
2190 5455 2519 5511 inventione
2551 5457 2738 5513 crucis
2785 5463 2842 5513 et
2889 5464 3118 5514 caetero-

1467 5565 1599 5604 rum
1632 5544 1958 5618 insignium
1983 5544 2296 5602 Dominicae
2322 5543 2610 5616 passionis
2641 5546 2920 5617 gaudium
2943 5551 3000 5602 et
3030 5547 3116 5602 la:-

1468 5638 1654 5692 titiam
1687 5633 1938 5689 ostendit
1978 5634 2363 5706 prmsentibus
2409 5637 2466 5688 ct
2514 5636 2949 5705 superventuris
2981 5637 3118 5692 fide-

1469 5724 1612 5826 lium
1641 5721 1892 5801 populis.
1924 5723 2110 5785 Maria
2136 5721 2386 5798 genitrix
2433 5721 2687 5792 Domini,
2711 5725 2968 5798 tempore
2999 5744 3114 5801 quo

3235 4754 3410 4826 guine
3443 4752 3716 4824 pretioso,
3743 4751 3974 4805 studeat
4006 4766 4067 4805 se
4098 4749 4327 4805 munire
4351 4748 4667 4804 Dominicae
4701 4749 4897 4804 crucis

3229 4838 3552 4911 signaculo,
3572 4844 3627 4893 et
3655 4843 3718 4892 ut
3747 4837 3810 4893 Β.
3835 4837 4224 4910 Hieronymus
4254 4836 4526 4910 imperat,
4547 4836 4619 4891 ad
4652 4853 4896 4891 onmem

3227 4934 3445 4996 actum,
3461 4927 3532 4983 ad
3556 4943 3788 4982 omnem
3821 4925 4116 4981 incessum
4141 4930 4344 4982 contra
4365 4941 4538 4981 omne
4560 4924 4892 4998 periculum

3231 5033 3439 5073 manus
3471 5015 3672 5088 pingat
3702 5031 3955 5082 crucem,
3979 5015 4130 5071 sicut
4160 5031 4364 5071 omnes
4397 5015 4622 5071 faciunt
4650 5014 4754 5086 qui
4794 5031 4897 5086 per

3227 5107 3416 5161 crucis
3452 5105 3792 5174 mysterium
3825 5121 3886 5158 se
3936 5108 4051 5159 Deo
4103 5103 4352 5159 fideliter
4397 5102 4691 5160 dedicant.
4727 5102 4798 5157 Et
4831 5103 4889 5157 in

3226 5195 3338 5250 alio
3371 5194 3492 5248 loco
3522 5193 3671 5248 idem
3698 5198 3894 5247 orator
3923 5192 4387 5249 facundissimus
4409 5191 4470 5248 in
4492 5191 4734 5248 laudem
4765 5209 4896 5247 cru-

3224 5284 3307 5338 cis
3340 5282 3664 5338 luculenter
3694 5286 3926 5352 perorat
3955 5281 4166 5338 vexilla
4197 5280 4478 5348 militum,
4503 5284 4559 5335 et
4591 5297 4894 5352 purpuras

3225 5390 3452 5444 regum,
3479 5377 3536 5426 et
3573 5371 3908 5426 diademata
3936 5370 4230 5426 Caesarum
4280 5368 4554 5443 supplicii
4608 5367 4893 5425 salutaris

3224 5462 3449 5534 pictura
3480 5459 3848 5515 condecorat.
3871 5459 4078 5515 Omnis
4107 5459 4208 5531 qui
4241 5476 4302 5514 se
4329 5475 4363 5513 a
4391 5461 4658 5530 tempore
4687 5456 4889 5514 Domi-

3225 5551 3365 5606 nica:
3399 5548 3689 5622 passionis
3721 5547 3840 5619 pati
3873 5546 3957 5602 vel
3993 5549 4138 5604 mori
4172 5565 4272 5620 pro
4304 5547 4532 5603 Christo
4564 5547 4887 5620 disposuit,

3226 5657 3326 5711 per
3357 5639 3544 5693 crucis
3575 5635 3929 5708 supplicium
3958 5637 4026 5692 ad
4061 5638 4358 5692 Christum
4389 5637 4694 5709 pervenire
4727 5642 4890 5709 Opta-

3224 5731 3324 5787 vit.
3349 5730 3554 5788 Petrus
3583 5742 3685 5806 per
3705 5725 3897 5786 crucis
3930 5727 4279 5804 martyrium
4310 5727 4552 5803 optabat
4579 5725 4890 5804 pervenire
