4984 6418
1411 485 1573 554 1035

2337 497 2399 556 S.
2448 497 2808 558 ODILONIS
2853 495 3411 557 CLITNIACENSIS
3457 496 3782 558 ABBATIS
3826 498 3897 558 V.

4679 495 4838 560 1036

1415 639 1560 681 crux
1589 627 1925 683 nostrorum
1943 617 2220 684 omnium
2249 627 2431 684 virtus
2461 633 2517 684 et
2546 627 2855 701 refugium,
2902 627 3065 683 auxi-
3094 628 3148 696 Α
3179 628 3356 696 cium,
3389 628 3487 700 qui
3516 645 3648 683 cum
3683 629 3847 684 Patre
3879 633 3932 684 et
3963 629 4182 702 Spiritu
4215 635 4416 686 sancto
4445 629 4588 687 vivit
4639 636 4700 687 et
4750 647 4838 688 re-

1417 713 1602 773 liante
1626 733 1694 772 eo
1715 716 1818 790 qui
1834 733 1936 790 pro
1961 717 2150 774 salute
2170 717 2469 774 hominum
2490 718 2622 772 tulit
2639 720 2828 772 crucis
2849 717 3067 790 suppli-

3177 721 3317 789 gnat
3347 735 3447 790 per
3474 718 3670 773 omnia
3697 718 3910 773 saecula
3941 717 4308 776 saeculorum.
4333 721 4542 775 Amen.

2047 1006 2545 1130 SANCTI
2637 1005 3247 1131 ODILONIS
3343 1007 4190 1131 CREDULITAS

2592 1230 2946 1302 (Bibliotheca
2981 1230 3372 1294 Cluniacensis,
3406 1246 3463 1302 p.
3498 1229 3647 1300 369.)

1481 1506 1769 1560 Eternam
1795 1503 1957 1560 illam
1974 1508 2030 1560 et
2050 1504 2622 1575 incircumscriptam
2656 1519 2901 1558 summa}
2925 1504 3054 1558 divi.

1409 1591 1611 1649 uitatis
1641 1593 1949 1660 unitatem,
1983 1594 2136 1648 sicut
2166 1592 2351 1648 sancti
2385 1592 2574 1664 angeli
2626 1599 2682 1647 et
2729 1592 3057 1661 archangeli

1406 1695 1734 1753 omnesque
1749 1681 1936 1736 sancti
1959 1681 2203 1736 adorant
2224 1679 2282 1734 in
2305 1680 2488 1744 ccelis,
2511 1680 2707 1745 adoro,
2731 1679 2924 1744 laudo,
2941 1679 3061 1748 glo-

1413 1767 1576 1824 rifico
1605 1773 1663 1824 et
1691 1769 1987 1826 benedico.
2023 1768 2206 1824 Credo
2237 1773 2294 1823 et.
2322 1771 2602 1823 conﬁteor
2634 1769 2949 1835 Patrem,et
2981 1768 3065 1822 Fi-

1410 1855 1643 1923 lium,et
1667 1857 1952 1930 Spiritum
1976 1861 2268 1924 sanctum,
2299 1857 2520 1910 trinum
2559 1858 2844 1928 personis,
2880 1873 3060 1912 unum

1404 1944 1474 2002 in
1505 1945 1730 2002 Deitate
1757 1951 1818 2002 et
1847 1946 2199 2013 substantia,
2227 1951 2401 2018 atque
2424 1946 2574 2001 sicut
2603 1947 2785 2001 sancti
2823 1947 3065 2018 patriar-

1411 2033 1536 2092 cha
1583 2037 1643 2090 et
1687 2033 1983 2106 propheta:
2016 2035 2424 2106 praedixerunt,
2456 2035 2698 2107 angelus
2728 2035 2961 2090 Gabriel
2995 2037 3063 2089 de

3170 1520 3444 1557 concessa
3507 1503 3805 1564 beneﬁcia.
3865 1508 3921 1558 et
3979 1503 4450 1575 praedicationem
4509 1500 4836 1574 Evangelii,

3171 1597 3388 1646 statuto
3420 1597 3477 1645 et
3510 1593 3893 1662 pra'ordinato
3927 1598 4184 1664 tempore
4215 1609 4248 1647 a
4273 1590 4564 1663 discipulo
4599 1591 4842 1663 proprio

3171 1681 3474 1746 traditum,
3553 1698 3586 1735 a
3661 1680 3881 1735 Juda~is
3961 1681 4476 1752 comprehensum,

4557 1678 4840 1751 ligatum,

3175 1769 3550 1839 llagellatum,
3603 1769 4057 1840 colaphizatum,
4108 1770 4300 1841 sputis
4351 1768 4587 1835 illitum,
4646 1769 4844 1840 spinis

3171 1862 3535 1921 coronatum,
3572 1864 3732 1911 aceto
3783 1863 4068 1929 potatum,
4121 1856 4486 1924 crucifixum,
4532 1862 4842 1912 mortuum

3172 1951 3229 2000 et
3261 1947 3586 2017 sepultum;
3621 1947 3790 2000 tertia
3815 1946 3929 2010 die,
3962 1947 4188 2001 devicto
4236 1945 4468 2001 diabolo
4497 1949 4556 2001 et
4585 1943 4844 2017 spoliato

3172 2035 3421 2100 inferno,
3455 2054 3488 2089 a
3529 2035 3777 2089 mortuis
3830 2036 4063 2106 propria
4111 2036 4326 2090 virtute
4377 2033 4842 2101 resuscitatum;

1413 2122 1574 2179 caelis
1604 2124 1677 2178 ad
1709 2123 2009 2196 Virginem
2041 2124 2260 2180 missus
2283 2125 2789 2188 enarravit,sancti
2817 2124 3062 2195 apostoli
3096 2146 3141 2210 Β
3175 2140 3277 2196 per
3308 2125 3697 2194 quadraginta
3722 2125 3848 2179 dies
3883 2124 4166 2196 apostolis
4197 2125 4255 2180 in
4288 2139 4462 2178 carne
4495 2140 4612 2195 qua
4640 2124 4848 2179 cruci—

1411 2211 1924 2281 denuntiaverunt,
1957 2213 2322 2286 evangelista:
2352 2213 2744 2284 evangelizave
2753 2219 3062 2276 runt,mar-

1413 2303 1570 2374 tyres
1598 2302 2078 2373 praedicaverunt,
2110 2303 2472 2357 confessores
2498 2303 2824 2357 docuerunt
2843 2308 2899 2356 et
2927 2320 3061 2355 san-

1412 2394 1483 2444 ιω
1511 2389 1763 2464 virgines
1791 2391 2067 2446 confessae
2094 2397 2253 2448 sunt.
2286 2391 2467 2446 Credo
2513 2396 2566 2444 et
2611 2395 2890 2446 conﬁteor
2921 2391 3060 2444 illud

1409 2478 1852 2552 Verbum,quod
1882 2479 1942 2534 in
1971 2480 2258 2552 principio
2290 2485 2501 2545 erat,et
2533 2481 2686 2551 apud
2711 2480 2892 2533 Deum
2919 2485 3062 2543 erat,

1410 2572 1468 2624 et
1497 2567 1650 2624 Deus
1675 2572 1828 2635 erat;
1861 2585 1966 2640 pro
2000 2586 2129 2622 mea
2173 2573 2233 2622 et
2279 2569 2459 2623 totius
2492 2569 2696 2622 mundi
2723 2568 3065 2622 liberatione

1410 2662 1470 2712 et
1499 2657 1920 2728 redemptione,
1953 2674 2021 2712 ex
2051 2657 2451 2712 sacratissima
2483 2663 2540 2711 et
2581 2658 2921 2710 intemerata
2954 2657 3062 2710 vir-

1413 2745 1549 2817 gine
1577 2745 1848 2816 Maria,in
1876 2746 2120 2800 veritate
2152 2747 2333 2800 nostri
2365 2746 2776 2817 corporis,sine
2809 2745 3066 2800 humana

1415 2833 1893 2906 concupiscentia
1923 2833 2320 2906 temporaliter
2350 2839 2680 2906 prorealum
2729 2840 2786 2889 et
2837 2841 3060 2898 natum,

1415 2923 1742 2980 secundum
1775 2923 1962 2995 legem
1993 2923 2176 2996 Moysi
2199 2928 2395 2978 octava
2422 2924 2516 2977 die
2539 2940 2670 2978 cum
2695 2924 3063 2994 impositione

1417 3012 1675 3068 nominis
1716 3012 1856 3070 Jesu
1893 3011 2326 3079 circumcisum,
2371 3013 2823 3084 quadragesimo
2880 3013 2972 3066 die
3005 3012 3062 3066 in

1414 3099 1635 3174 templo
1664 3117 1700 3156 ο,
1725 3105 1912 3158 matre
1927 3117 2057 3158 cum
2078 3101 2287 3156 hostiis
2307 3109 2361 3156 et
2381 3101 2724 3156 muneribus
2759 3106 3067 3172 praesenta-

1415 3193 1564 3261 tum,
1597 3190 1781 3264 Magis
1813 3191 2275 3256 manifestatum,
2308 3207 2341 3246 a
2367 3193 2589 3246 Joanne
2620 3189 3063 3262 baptizatum,in

1413 3277 1659 3336 desertis
1687 3296 1722 3334 a
1749 3278 1980 3336 diabolo
2026 3282 2318 3334 tentatum
2369 3296 2471 3333 nec
2520 3283 2891 3349 superatum;
2938 3281 3067 3349 post

1411 3367 1598 3424 multa
1643 3371 1702 3424 et
1749 3367 2200 3424 innumerabilia
2251 3365 2691 3432 miraculorum,
2743 3367 3062 3422 sanitatum

3177 2216 3324 2266 ﬁxus
3354 2219 3438 2266 est
3472 2214 3942 2279 manifestatum;
3977 2211 4430 2284 quadragesimo
4459 2212 4555 2267 die
4581 2211 4847 2267 videnti-

3176 2303 3284 2356 bus
3313 2301 3531 2355 cisdem
3565 2302 3843 2372 apostolis
3871 2307 3924 2355 et
3957 2300 4161 2356 multis
4188 2301 4322 2355 aliis
4353 2298 4626 2356 ﬁdelibus
4657 2317 4850 2372 super

3173 2389 3348 2444 caelos
3399 2389 3740 2457 exaltatum,
3777 2390 3910 2443 inde
3959 2397 4271 2444 venturum
4321 2389 4392 2444 ad
4439 2389 4842 2459 judicandum

3173 2478 3330 2532 vivos
3379 2484 3431 2532 et
3485 2484 3743 2533 mortuos
3793 2483 3849 2532 et
3902 2478 4180 2533 saaculum
4234 2496 4335 2550 per
4383 2477 4600 2548 ignem.
4649 2477 4846 2533 Credo

3173 2569 3349 2622 etiam
3403 2567 3689 2638 Spiritum
3741 2573 4034 2634 sanctum,
4087 2583 4265 2637 super
4312 2568 4586 2622 eumdem
4639 2566 4848 2622 Domi-

3177 2674 3316 2710 num
3351 2662 3614 2710 nostrum
3653 2657 3706 2709 in
3735 2656 4016 2710 columba:
4048 2656 4239 2728 specie
4287 2662 4344 2711 et
4391 2673 4568 2728 super
4597 2661 4848 2712 sanctos

3173 2744 3465 2816 apostolos
3529 2746 3584 2798 in
3652 2744 3866 2814 linguis
3935 2745 4120 2815 igneis
4186 2745 4563 2800 descendisse
4626 2745 4848 2817 eisque

3172 2833 3433 2887 omnium
3470 2833 3801 2903 linguarum
3854 2835 4159 2888 scientiam
4210 2834 4607 2904 distribuisse,
4639 2839 4700 2890 et
4749 2835 4848 2890 in-

3173 2922 3380 2976 victam
3417 2929 3615 2977 contra
3646 2924 3914 2977 omnium
3955 2923 4416 2994 persecutionem
4450 2922 4843 2979 inimicorum

3172 3012 3557 3065 constantiam
3615 3011 3866 3066 dedisse.
3901 3011 4082 3065 Credo
4133 3014 4424 3076 sanctam;
4479 3010 4845 3068 catholicam

3172 3105 3229 3153 et
3266 3099 3644 3170 apostolicam
3704 3099 4042 3165 Ecclesium.
4103 3100 4392 3153 Conﬁteor
4446 3115 4635 3153 unum
4691 3100 4846 3172 bap-

3173 3188 3348 3242 tisma
3407 3187 3466 3242 in
3537 3188 3941 3242 remissionem
4001 3194 4390 3260 peccatorum,
4449 3192 4507 3243 et
4563 3197 4847 3260 exspecto

3173 3277 3654 3332 resurrectionem
3690 3280 4136 3340 mortuorum,et
4170 3277 4348 3331 vitam
4379 3276 4562 3331 futuri
4608 3279 4841 3334 saeculi.

3171 3367 3374 3421 Amen.

2216 3671 2955 3802 SANCTI
3047 3665 3997 3803 ODILONIS

2025 3889 2712 4014 CARMINA
2805 3887 3274 4013 SACRA
3367 3887 3551 4010 ET
3660 3888 4200 4013 PBECES

2638 4085 2994 4158 (Bibliotheca
3026 4084 3300 4148 Cluniac.,
3335 4099 3392 4154 p.
3427 4083 3574 4154 406.)

2891 4225 3314 4242 ἡ

2221 4363 2244 4419 Ι

1584 4479 1824 4519 HYMNUS
1863 4478 1921 4518 ΙΝ
1958 4477 2355 4518 ASSUMPTIONE
2395 4477 2616 4516 SANCTAS
2657 4477 2864 4517 ΜΛΒΙΑΞ.

1783 4552 1962 4608 Adest
1985 4550 2110 4607 dies
2139 4549 2368 4616 laetitiae,

1609 4707 1614 4710 4
1675 4639 1984 4697 Iucundus
2015 4639 2173 4695 omni
2204 4639 2446 4706 lumine,

1679 4730 1740 4784 In
1772 4745 1887 4802 quo
1919 4728 2140 4802 Regina
2170 4728 2461 4798 virginum
2557 4765 2572 4779 .

1675 4817 1914 4874 Scandit
1942 4818 2053 4874 iter
2083 4817 2442 4884 astriferum,

1741 4906 2097 4980 Angelorum
2127 4905 2490 4979 praal‘ulgidis

1669 4995 1839 5051 Circu
1849 4995 2126 5050 mvallata
2155 4995 2378 5059 cuneis,

1672 5084 1976 5154 Quamque
2007 5087 2340 5140 sanctarum
2373 5083 2664 5154 virginum

1672 5170 1952 5241 Sequitur
1981 5187 2189 5242 agmen
2219 5171 2524 5243 inclytum.

1747 5257 1821 5312 Ut
1849 5257 2013 5313 decet
2040 5275 2240 5314 omnes
2273 5259 2523 5326 credere,

1672 5345 1903 5403 Caelesti
1934 5345 2258 5402 diademate

1669 5435 1898 5502 Clarus,
1931 5436 2182 5490 occurrit
2213 5437 2414 5492 obvius

1669 5525 1957 5593 Christus,
1990 5542 2057 5582 ex
2087 5542 2155 5581 ea
2184 5525 2438 5596 genitus.

1738 5613 1898 5673 Ultra
1927 5615 2272 5688 angelorum
2306 5611 2558 5681 gloriam

1665 5707 1882 5770 Torum
1912 5703 2110 5764 delicti
2133 5699 2403 5758 nescium

3081 4355 3123 4422 C

3481 4353 3688 4406 Secum
3721 4351 3793 4406 ad
3825 4352 4011 4408 Patris
4045 4351 4257 4408 solium

3479 4441 3756 4512 Reportat
3789 4440 4004 4512 pignus
4032 4443 4345 4514 optimum.

3544 4529 3806 4584 C(elestis
3838 4531 3998 4601 regni
4032 4531 4260 4600 civitas,

3471 4619 3541 4672 Et
3569 4618 3697 4687 ejus
3729 4619 3925 4672 omnia
3955 4617 4236 4688 dignitas,

3392 4704 3404 4714 ’
3473 4707 3773 4762 Parenlem
3808 4707 3897 4760 sui
3928 4707 4215 4780 Principis

3472 4794 3633 4849 Votis
3663 4795 3915 4850 honorat
3937 4797 4234 4868 congruis.

3540 4883 3684 4938 Cum
3717 4883 3932 4954 quibus
3965 4901 4073 4940 nos
4101 4883 4408 4942 laetissima

3468 4972 3656 5043 Hujus
3685 4972 3799 5028 diei
3832 4974 4049 5045 gaudia

3467 5061 3954 5117 Concelebrcmus
3986 5062 4229 5132 alacres,

3466 5150 3649 5206 Deum
3681 5150 3995 5220 laudando,
4021 5153 4336 5226 supplices.

3535 5238 3724 5308 Hujus
3756 5238 3883 5294 festi
3917 5239 4247 5297 clarissima

3464 5327 3899 5398 Proscquamur
3926 5331 4234 5402 praeconia,

3465 5415 3676 5470 Mentis
3707 5415 3914 5470 affectu
3947 5417 4266 5490 supplices,

3461 5504 3682 5560 Eti‘ectu
3708 5505 3864 5561 vocis
3895 5505 4137 5565 alacres.

3531 5639 3762 5712 Reliqua
3789 5641 4177 5699 desiderantur
4205 5647 4264 5700 in
4294 5661 4400 5706 ms.
