4984 6420
4693 553 4838 616 1040

1442 711 4838 746 *WW—W—u

1439 555 1598 616 ιοθῡ
2572 550 2966 612 ΑΡΡΕΝΠΙΧ
3011 552 3114 611 AD
3159 551 3220 610 S.
3269 551 3396 611 ODI

2572 550 2966 612 APPENDIX
3011 552 3114 611 AD
3159 551 3220 610 S.
3269 551 3695 612 ODII.()NEM.

2681 1129 2780 1200 PR
2793 1127 3152 1200 IECEPTA
3213 1127 3609 1211 QU/EDAM

1718 1303 1811 1366 De
1863 1303 2166 1366 nonnullis
2217 1303 2479 1366 ecclesiis
2533 1313 2589 1365 et
2642 1303 2783 1366 locis
2832 1300 3218 1386 Cluniacensi
3260 1301 3525 1386 Διἀεηρρίο
3569 1306 3874 1378 concessis,
3913 1313 4174 1386 tempore
4205 1305 4275 1367 S.
4315 1304 4585 1367 Odz'lums

2819 1383 3052 1444 abbatis
3081 1381 3354 1444 Cluniae.
3403 1383 3467 1443 V.

2618 1541 2973 1612 (Bibliotheca
3005 1539 3396 1608 Cluniacensis,
3432 1558 3500 1613 pr
3528 1543 3675 1613 409.)

2253 1844 2296 1899 Ι.
3125 1843 3177 1909 Α
3212 1858 3446 1910 υυιρυε,
3479 1844 3677 1900 divina
3699 1845 4050 1917 propitiante
4070 1844 4542 1919 clementia,pius
4559 1849 4856 1920 Augustus

1441 1935 1785 2007 Przceptum
1861 1932 2066 1990 omnis
2143 1932 2414 2007 imp._de
2491 1941 2676 1988 sancto
2753 1933 2954 1991 Maiolo
3037 1931 3101 1988 de
3207 1937 3378 2004 atque
3408 1934 3830 1989 invictissimus
3864 1952 3982 1990 rex.

2176 2004 2412 2097 PaPif-h
3279 2022 3439 2076 Sicut
3469 2027 3690 2078 certum
3723 2023 4124 2078 indubitanter
4154 2028 4242 2080 est
4265 2023 4487 2080 nullam
4511 2029 4857 2097 potestatem

2088 2093 2276 2165 (Anno
2313 2092 2464 2161 999-)
3210 2109 3320 2163 nisi
3351 2127 3384 2163 a
3416 2115 3526 2165 Deo
3561 2128 3798 2182 prorsus
3831 2112 4096 2178 existere,
4118 2113 4204 2168 sic
4253 2092 4622 2184 consequens
4663 2115 4858 2184 utique

1519 2198 1583 2256 In
1614 2198 1852 2256 nomine
1881 2200 2092 2268 sancte
2120 2203 2179 2256 et
2203 2199 2516 2258 individuis
2552 2199 2876 2265 Trinitatis,
2927 2200 3095 2266 Οτι-ο,

1440 2287 1546 2345 Dei
1573 2287 1783 2362 gratia,
1813 2287 2208 2344 Romanorum
2240 2287 2560 2360 imperator
2585 2290 2908 2360 Augustus.

1511 2377 1726 2434 Notum
1774 2377 1854 2434 sit
1905 2375 2181 2433 omnibus
2221 2376 2494 2432 ﬁdelibus
2545 2378 2764 2433 nostris
2817 2379 3095 2448 quoniam

1439 2465 1514 2523 ob
1538 2465 1882 2538 petitionem
1914 2464 2117 2522 domni
2165 2464 2317 2520 Odili
2364 2465 2716 2522 venerabilis
2763 2466 2996 2521 abbatis
3042 2470 3100 2520 et

1439 2553 1694 2631 salutem
1725 2553 1936 2628 animus
1965 2557 2202 2620 nostris,
2251 2569 2355 2625 per
2404 2553 2514 2608 hoc
2568 2558 2838 2610 nostrum
2893 2570 3098 2625 praece-

1442 2644 1614 2716 ptum
1643 2641 2069 2716 conﬁrmamus
2099 2640 2334 2697 cuidam
2377 2640 2556 2711 cellae,
2607 2642 2668 2698 in
2696 2641 2917 2698 honore
2967 2659 3098 2697 san-

1443 2733 1548 2787 cta
1602 2728 1800 2786 Mario
1864 2728 2090 2798 dicate,
2150 2729 2210 2784 in
2287 2729 2518 2786 civitate
2591 2730 2769 2803 Papia
2828 2731 2971 2794 sitae,
3028 2731 3096 2785 ad

1439 2816 1792 2892 Gluniacum
1839 2816 2262 2876 monasterium
2316 2819 2470 2875 dono
2513 2823 2571 2875 et
2612 2821 2924 2875 traditione
2969 2819 3100 2874 Gai-

1445 2905 1592 2963 ἀιιυί
1617 2921 1978 2979 suorumque
2005 2905 2304 2963 heredum
2331 2908 2772 2981 pertinenti,qui
2805 2909 3100 2980 quondam

1447 2993 1670 3068 capella
1693 2992 1996 3051 dicebatur
2023 2994 2294 3064 Gaidulﬁ,
2337 2996 2440 3052 sed
2491 3014 2646 3052 nunc
2695 2997 2768 3053 ab
2826 2997 3102 3053 omnibus

1446 3082 1596 3141 cella
1620 3081 1840 3139 dicitur
1866 3083 2054 3141 sancti
2086 3083 2303 3153 Maioli,
2329 3102 2536 3142 omnes
2572 3102 2664 3142 res
2694 3089 2752 3141 et
2782 3085 3104 3158 proprieta-

1439 3175 1533 3230 ltes
1563 3172 1635 3229 ad
1681 3173 1950 3229 eamdem
1997 3171 2204 3230 cellam
2251 3173 2413 3230 intus
2445 3178 2503 3229 et
2550 3174 2691 3229 foris
2725 3175 3102 3246 pertinentes,

1437 3277 1592 3334 quas
1621 3260 1908 3330 habet,vel
1940 3261 2001 3317 in
2029 3261 2230 3318 futuro
2261 3267 2414 3318 Deus
2445 3262 2526 3318 ibi
2559 3262 2930 3331 concesserit,
2964 3276 3099 3317 cum

1433 3350 1611 3407 tertia
1638 3348 1814 3406 cultis
1844 3353 1904 3407 et
1926 3349 2187 3418 incultis,
2220 3351 2410 3423 aquis,
2445 3350 2817 3420 molendinis,
2847 3351 3100 3422 piscato-

1437 3437 1628 3503 ribus,
1660 3439 1941 3495 omnibus
1970 3438 2148 3494 rebus
2177 3438 2497 3494 mobilibus
2548 3443 2604 3494 et
2652 3438 3057 3495 immobilibus
3083 3461 3096 3509 ;

1437 3543 1514 3583 ea
1537 3525 1810 3583 videlicet
1835 3527 2064 3582 ratione
2095 3531 2161 3581 ut
2199 3527 2326 3598 jam
2380 3527 2535 3582 dicta
2575 3527 2719 3583 cella
2749 3527 2980 3596 habeat,
3015 3534 3099 3586 te-

1443 3611 1968 3684 neatﬁrmiterque
1999 3611 2313 3685 possideat,
2363 3617 2422 3669 et
2468 3629 2701 3686 semper
2747 3614 2807 3670 in
2859 3615 3099 3671 ordina-

1441 3700 1606 3758 tione
1659 3703 1722 3756 et
1769 3699 2154 3773 dispositione
2200 3701 2602 3760 Oluniaccnsis
2650 3702 2902 3770 abbatis,
2947 3704 3101 3760 sicut

1437 3787 1756 3845 Gaidutfus
1784 3787 2090 3859 ordinavit,
2115 3791 2666 3863 permaneat.Etiam
2716 3808 2850 3847 cum
2899 3798 3100 3848 nostra

1437 3876 1760 3935 donatione
1811 3882 1870 3934 et
1914 3879 2276 3946 auctoritate,
2324 3879 2567 3952 insuper
2614 3879 2900 3952 imperiali
2925 3882 3096 3952 jube-

1449 3982 1586 4022 mus
1632 3967 1890 4040 potentia
1920 3970 1985 4023 ut
2017 3967 2214 4024 nullus
2267 3969 2404 4035 dux,
2448 3967 2944 4040 archiepiscopus,
2975 3970 3097 4043 epi-

1439 4071 1679 4128 scopas,
1711 4055 1991 4124 marchio,
2041 4073 2258 4124 comes,
2298 4057 2502 4128 judex,
2547 4055 2887 4124 vicecomes,
2940 4058 3100 4114 nulla

1429 4143 1678 4217 imperii
1725 4145 1910 4202 nostri
1966 4161 2182 4219 magna
2229 4160 2523 4217 parvaque
2563 4161 2830 4218 persona,
2860 4147 2931 4201 de
2961 4163 3098 4219 prce-

1427 4233 1600 4289 -dieta
1623 4231 1900 4303 cells,aut
1939 4234 2065 4290 suis
2114 4233 2504 4306 pertinentiis,
2545 4233 2953 4301 intromittere,
3005 4236 3096 4291 vel

1443 4319 1672 4394 aliquid
1698 4322 1990 4390 ordinare,
2023 4326 2126 4379 aut
2171 4322 2514 4404 dispensare
2558 4323 2683 4378 sine
2725 4323 2997 4394 jussione
3044 4330 3101 4380 et

1441 4409 1743 4467 voluntate
1773 4409 2003 4468 abbatis
2049 4409 2450 4466 Cluniacensis
2495 4416 2829 4484 pra-sumat.
2865 4413 2923 4469 Si
2965 4413 3098 4486 quis

1424 4499 1626 4573 igitur
1651 4499 1762 4556 hoe
1789 4504 2003 4557 nostra
2051 4498 2390 4556 stabilitatis
2437 4504 2790 4573 prteceptum
2840 4503 3095 4576 fregerit,

3207 2202 3298 2253 est
3329 2202 3393 2252 ut
3422 2199 3692 2270 quisquis
3725 2200 3852 2270 ejus
3878 2199 4258 2272 dispositione
4281 2206 4523 2256 terrente
4557 2202 4859 2272 potestatis

3209 2287 3464 2344 culmine
3497 2289 3853 2344 sublimatur
3885 2291 3993 2344 sub
4025 2290 4244 2362 potenti
4267 2291 4533 2360 ejusdem
4567 2289 4858 2363 largitoris

3210 2391 3387 2430 manu
3421 2393 3547 2431 sese
3596 2378 3864 2432 humiliet
3903 2379 4071 2450 eique
4117 2379 4187 2434 de
4236 2379 4361 2434 suis
4411 2380 4584 2435 donis
4635 2379 4859 2452 placere

3209 2465 3830 2538 studeat.Quapropter
3856 2471 4055 2522 notum
4087 2467 4164 2521 sit
4194 2469 4470 2522 omnibus
4503 2485 4607 2540 per
4636 2473 4856 2540 tempo-

3211 2569 3341 2607 rum
3374 2555 3665 2609 curricula
3697 2556 3805 2610 sibi
3843 2555 4314 2626 succedentibus,
4347 2561 4466 2611 tam
4503 2555 4746 2628 regibus
4775 2555 4858 2608 vi-

3210 2641 3418 2697 delicet
3467 2660 3643 2714 quam
3693 2643 4027 2710 comitibus,
4071 2644 4359 2716 cujusque
4407 2646 4860 2716 magistratuum

3211 2731 3509 2801 gradibus,
3541 2731 3628 2787 vel
3663 2731 3991 2804 reipublicae
4042 2731 4678 2800 administrationibus,
4708 2732 4861 2804 quod

3211 2820 3280 2875 ad
3315 2820 3777 2892 deprecationem
3812 2821 4238 2887 Emmae,nostri
4273 2821 4501 2893 imperii
4550 2821 4862 2888 consortis,

3212 2907 3575 2980 aliorumque
3604 2915 3933 2964 nostrorum
3970 2909 4363 2980 quorumdam
4395 2909 4662 2965 fidelium
4695 2925 4868 2982 quas-

3213 2996 3348 3051 dam
3385 2998 3574 3062 res,ob
3603 3015 3859 3052 amorem
3893 2997 3991 3053 Dei
4041 3002 4499 3070 sanctorumque
4532 2997 4866 3071 principum

3212 3085 3636 3156 apostolorum,
3685 3087 3835 3141 Petri
3879 3087 4096 3141 scilicet
4145 3091 4320 3158 atque
4375 3086 4560 3152 Pauli,
4609 3086 4688 3142 ad
4736 3086 4871 3142 Clu-

3214 3174 3415 3229 niense
3446 3176 3865 3230 monasterium
3899 3175 4103 3241 trado;
4139 3191 4205 3229 eo
4238 3173 4524 3246 siquidem
4568 3180 4778 3230 tenore
4816 3179 4872 3228 ut

3209 3262 3544 3317 fraternitas
3576 3263 3996 3317 monachorum
4030 3263 4172 3318 inibi
4207 3263 4542 3334 degentium
4577 3280 4674 3318 res
4709 3264 4867 3335 ipsas

3210 3351 3335 3406 sine
3367 3351 3683 3421 cujuslibet
3714 3356 3816 3406 aut
3856 3352 4030 3422 regis,
4062 3354 4162 3406 aut
4210 3350 4462 3417 comitis,
4495 3354 4580 3406 vel
4617 3351 4868 3421 cujusli-

3209 3439 3307 3494 bet
3355 3439 3645 3495 inferioris
3685 3440 3904 3510 gradus
3944 3440 4354 3494 contrarietate
4405 3443 4696 3512 perpetuo
4738 3441 4868 3511 jure

3209 3529 3572 3599 possideant,
3598 3533 3654 3583 et
3704 3529 3891 3583 eidem
3942 3526 4068 3584 loco
4119 3545 4222 3600 pro
4273 3533 4472 3583 nostro
4528 3527 4863 3583 memoriali

3209 3622 3591 3683 resonantes,
3625 3622 3742 3672 tam
3778 3633 3880 3688 pro
3909 3616 4076 3671 nobis
4107 3632 4285 3688 quam
4333 3632 4436 3687 pro
4487 3620 4651 3672 statu
4705 3615 4864 3689 regni

3210 3703 3413 3773 nostri,
3439 3705 3652 3760 Christi
3679 3704 4051 3760 clementiam
4085 3709 4258 3776 atque
4280 3705 4698 3776 praedictorum
4733 3722 4866 3777 apo-

3209 3794 3492 3849 stolorum
3525 3793 3851 3866 patrocinia
3889 3794 4113 3865 jugitcr
4156 3793 4494 3865 deposcant,
4526 3799 4582 3848 et
4613 3811 4724 3866 pro
4759 3794 4869 3848 illis

3210 3881 3593 3937 nihilominus
3652 3883 3752 3954 qui
3815 3882 3965 3937 hanc
4024 3882 4397 3936 donationem
4455 3882 4868 3938 inconvulsam

3209 3987 3548 4042 permanere
3580 3969 3991 4025 concesserint.
4033 3970 4183 4024 Sunt
4213 3974 4406 4025 autem
4467 3970 4607 4041 ipsa:
4663 3989 4760 4026 res
4805 3971 4870 4024 si-

3208 4065 3276 4113 tae
3334 4059 3393 4114 in
3451 4059 3726 4114 comitatu
3807 4058 4138 4113 Matiscensi
4210 4058 4270 4112 in
4339 4058 4574 4112 vicaria.
4609 4101 4623 4113 .
4666 4103 4680 4114 .
4721 4101 4735 4113 .
4772 4104 4784 4114 .
4817 4062 4869 4112 et

3205 4153 3445 4203 vocatur
3493 4147 3626 4202 villa
3695 4147 3767 4202 ad
3826 4145 4154 4212 Chivineas,
4220 4161 4398 4218 quam
4450 4146 4670 4202 damus
4733 4163 4862 4201 cum

3207 4236 3482 4291 omnibus
3504 4235 3862 4306 appendiciis
3891 4235 4034 4300 suis,
4068 4238 4124 4290 et
4156 4235 4384 4289 tertiam
4421 4240 4654 4306 partem
4691 4233 4868 4308 pisci-

3209 4343 3292 4380 nae
3325 4342 3452 4396 qua:
3482 4328 3720 4378 vocatur
3761 4323 3893 4389 Osa,
3927 4339 4060 4377 cum
4110 4321 4444 4394 mancipiis,
4477 4322 4560 4377 vel
4608 4323 4858 4395 reliquis

3207 4415 3384 4470 rebus
3415 4413 3484 4468 ad
3521 4413 3781 4468 eamdem
3813 4411 4095 4483 piscinam
4130 4411 4580 4483 pertinentibus,
4613 4417 4684 4467 ut
4719 4429 4865 4468 sem-

3209 4520 3310 4576 per
3341 4502 3516 4557 iidem
3543 4500 3810 4555 monachi
3846 4500 4106 4554 medium
4133 4503 4386 4555 tractum
4411 4500 4696 4557 habeant.
4728 4501 4868 4556 Con-

1424 4593 1755 4662 commeat
1775 4593 2013 4646 centum
2045 4587 2229 4646 libras
2257 4587 2406 4655 auri,
2438 4589 2812 4646 medietatem
2854 4575 3096 4646 camera;
3126 4575 3169 4641 C
3209 4575 3514 4646 firmamus
3545 4590 3717 4643 etiam
3752 4588 4124 4644 donationem
4153 4605 4328 4661 quam
4347 4589 4436 4644 vir
4464 4589 4658 4645 bonus
4694 4590 4864 4646 Leut-

1427 4681 1654 4734 ‘nestrls
1705 4680 1763 4734 et
1827 4677 2204 4735 medietatem
2267 4676 2637 4734 Cluniacensi
2713 4679 3090 4734 monasterio.

1416 4761 1605 4831 Quod
1659 4770 1725 4822 ut
1757 4767 1956 4825 verius
2004 4768 2277 4824 credatur
2328 4770 2386 4822 et
2441 4783 2675 4840 semper
2731 4767 3088 4837 observetur,

1438 4869 1619 4912 manu
1665 4855 1904 4929 propria
1950 4855 2315 4926 roborantes,
2347 4854 2541 4928 sigillo
2597 4859 2797 4911 nostro
2845 4855 3094 4928 sigillari

1439 4942 1852 5016 precepimus.

1517 5031 1754 5100 Signum
1823 5031 2014 5090 domui
2085 5032 2290 5091 Ottom's
2353 5033 2694 5089 inclitissimi
2750 5034 3093 5105 imperatoris

1443 5119 1696 5190 Augusti.

1514 5206 1663 5262 Data
1693 5207 1839 5262 Idib.
1874 5208 2106 5280 Aprilis,
2140 5227 2290 5267 anno
2338 5210 2652 5266 Dominicaa
2705 5210 3090 5267 incarnationi

1440 5293 1572 5362 999,
1604 5293 1728 5350 ind.
1779 5312 1880 5363 xu,
1927 5313 2076 5354 anno
2121 5300 2273 5356 tertii
2325 5299 2552 5356 Ottonis
2604 5300 2758 5372 regis
2808 5301 2894 5365 14,
2944 5299 3088 5373 imp.

1438 5383 1474 5438 3
1498 5384 1650 5454 Aug.
1679 5382 1873 5441 Romae
1901 5385 2162 5444 feliciter.

1436 5561 1773 5637 Praeceptum
1799 5563 2013 5638 Rodulﬁ
2043 5568 2187 5638 regis
2212 5566 2278 5621 de
2303 5565 2584 5638 Chaviuis,
2611 5565 2882 5634 Blenosco,
2906 5575 3089 5623 sancto

1891 5636 2172 5694 Victores!
2201 5637 2333 5691 aliis
2363 5636 2632 5706 capellis..

2075 5725 2266 5792 (Anno
2295 5722 2448 5794 997.)

1506 5827 1572 5886 In
1600 5827 1842 5888 nomine
1889 5829 2101 5884 sanctae
2147 5830 2204 5884 et
2243 5826 2556 5884 individua:
2601 5825 2928 5902 Trinitatis,
2972 5830 3079 5888 Ito-

3203 4678 3414 4734 baldus
3445 4678 3514 4732 de
3547 4677 3824 4732 Blenosco
3856 4676 3989 4731 fecit
4016 4693 4030 4743 ;
4065 4676 4166 4732 sed
4215 4681 4273 4732 et
4322 4675 4482 4731 illam
4532 4677 4603 4732 de
4635 4676 4864 4749 capella

3203 4767 3389 4823 sancti
3414 4766 3685 4830 Victoris,
3719 4781 3844 4836 quae
3898 4769 3988 4821 est
4015 4763 4074 4820 in
4106 4765 4420 4838 Absgogia,
4473 4765 4560 4820 vel
4613 4766 4694 4821 de
4733 4765 4864 4820 aliis

3201 4856 3377 4912 rebus
3432 4872 3560 4927 qua:
3609 4852 3873 4909 Altaldus
3929 4852 4015 4908 vel
4077 4853 4173 4909 alii
4225 4855 4296 4910 ad
4358 4854 4706 4926 praedictam
4768 4871 4861 4910 ca-

3201 4944 3413 5016 pellam
3437 4943 3732 4998 tradentes
3763 4941 4037 4997 Cluniaco
4051 4942 4483 5014 delegaverunt.
4517 4946 4635 4996 Has
4659 4943 4864 5016 itaque

3201 5050 3292 5088 res
3314 5049 3448 5087 cum
3478 5030 3736 5102 capellis,
3762 5029 4069 5100 mancipiis
4101 5031 4408 5102 utriusque
4440 5032 4862 5096 sexus,vineis,

3201 5121 3407 5193 pratis,
3458 5119 3648 5190 aquis,
3696 5117 4068 5185 molendinis,
4119 5117 4304 5186 silvis,
4355 5120 4509 5174 casis
4563 5119 4750 5174 cultis
4812 5124 4866 5174 et

3200 5208 3457 5274 incultis,
3483 5213 3658 5279 atque
3685 5207 3960 5262 omnibus
3990 5224 4117 5279 quae
4145 5207 4217 5262 ad
4249 5224 4348 5262 eas
4391 5208 4686 5280 pertinere
4721 5226 4865 5280 pro-

3199 5300 3432 5363 bantur,
3463 5296 3548 5351 vel
3574 5295 3846 5368 przedicto
3898 5296 4251 5352 monasterio
4301 5297 4663 5367 acquirendo.
4695 5302 4860 5360 sunt,

3198 5405 3300 5461 per
3330 5391 3589 5442 nostram
3620 5383 4054 5439 concessionem
4099 5384 4429 5441 ﬁrmamus.
4483 5386 4864 5458 Scripturam

3199 5492 3433 5548 quoque
3479 5473 3642 5528 illam
3686 5489 3863 5544 quam
3907 5472 4092 5527 Berno
4139 5474 4452 5546 episcopus
4500 5475 4867 5546 supradictis

3199 5562 3504 5621 monachis
3559 5563 3630 5618 de
3687 5577 3890 5617 eorum
3946 5561 4190 5617 decimis
4263 5562 4418 5626 fecit,
4479 5567 4671 5616 ratam
4737 5580 4867 5619 esse

3198 5669 3528 5719 censemus,
3591 5652 3671 5705 ita
3719 5653 3785 5703 ut
3842 5647 3987 5704 nihil
4040 5650 4110 5704 de
4155 5650 4400 5706 decimis
4450 5668 4578 5722 quis
4630 5651 4712 5705 ad
4766 5667 4865 5706 eas

3198 5741 3523 5813 antiquitus
3555 5737 3980 5812 pertinuerunt,
3997 5754 4100 5810 per
4120 5737 4301 5794 ullam
4329 5744 4619 5794 recentem
4651 5746 4864 5796 aucto-

3199 5831 3425 5888 ritatcm
3446 5827 3786 5891 subtrahere
3808 5826 4082 5903 cuiquam
4098 5825 4424 5886 liceat.Haec
4442 5833 4638 5887 autem
4655 5830 4866 5886 omnia
