4984 6406
717 469 870 534 {OM

1921 472 2250 534 llYMNUS
2297 470 2396 530 DE
2442 469 2506 530 S.
2550 472 2912 536 ODILONE.

3961 470 4118 540 1042

715 610 936 664 nostrae
971 601 1339 661 auctoritatis
1371 610 1657 678 prsecepto
1708 606 2146 673 conﬁrmamus,
2198 609 2370 676 atque
2398 603 2454 671 Α
2482 607 2596 670 tur,
2631 623 2807 664 manu
2840 610 3041 664 nostra
3071 607 3556 677 roboravimus,ct
3571 606 3812 682 siglllari
3845 611 4110 668 fecimus.

716 696 903 769 sigilli
935 694 1117 750 nostri
1146 694 1531 767 impressione
1579 696 1996 766 consignamus
2022 713 2036 763 ;
2070 711 2368 749 successo—

717 787 887 842 ribus
921 784 1136 840 nostris
1170 784 1225 838 id
1259 789 1635 856 suggerentes
1670 801 1682 838 :
1717 784 2029 839 Matediclus
2058 786 2154 854 qui
2192 787 2369 837 trans—

715 877 828 946 fert
859 875 1138 939 ter-minos,
1173 872 1230 927 id
1253 877 1340 927 est
1371 872 1814 927 constitutiones
1849 871 2092 944 proximi
2127 871 2237 926 sui.

792 964 1028 1031 Signum
1058 961 1268 1030 Rodulfi
1296 962 1443 1028 regis
1473 962 1878 1028 gloriosissimi.

797 1050 1179 1106 Reamundus
1230 1049 1301 1104 ad
1360 1049 1546 1104 vicem
1591 1048 1805 1104 Ansusi
1864 1047 2116 1120 episcopi
2177 1062 2370 1117 recog-

719 1141 904 1196 novit.

794 1233 1009 1284 Actum
1033 1224 1328 1282 Ansavilla
1359 1243 1414 1280 x1
1443 1225 1565 1280 Kal.
1599 1225 1760 1290 Julii,
1787 1225 2100 1281 indictione
2132 1239 2371 1291 III,anno

719 1320 755 1372 9
789 1321 1070 1390 regnante
1103 1313 1350 1370 Rodulfo
1373 1329 1504 1386 rege
1534 1313 1980 1386 gloriosissimo.

1504 1421 1596 1475 ΙΙΙ.

722 1515 928 1569 Charta
958 1510 1199 1582 ejusdem
1247 1511 1387 1577 regis
1431 1509 1495 1562 de
1534 1510 1592 1562 5.
1630 1508 1810 1562 Blasio
1861 1511 1920 1562 in
1971 1507 2189 1568 l'iculis,
2247 1521 2371 1559 eum

1147 1583 1399 1636 omnibus
1438 1582 1789 1650 pertinentiis
1819 1581 1952 1634 suis.

1356 1669 1540 1738 (Anno
1575 1668 1754 1738 1019.)

797 1761 861 1815 In
897 1758 1132 1814 nomine
1181 1760 1392 1810 sancta:
1441 1760 1496 1810 et
1543 1755 1854 1810 individua:
1895 1753 2214 1821 Trinitatis,
2259 1753 2368 1807 Ro-

716 1865 949 1905 nunrus
981 1847 1080 1901 Dei
1112 1845 1300 1918 gratia
1329 1861 1445 1898 rex.

794 1938 983 2010 Igitur
999 1951 1132 1990 cum
1147 1933 1327 1988 totius
1341 1933 1479 1987 ordo
1495 1931 1788 2004 religionis
1802 1948 1934 1986 secu
1944 1932 2013 1985 nd
2026 1948 2123 1986 um
2137 1932 2366 1986 deoreta
2400 1968 2446 2032 Β

714 2023 1177 2100 praecedentium
1212 2036 1437 2092 regum,
1467 2024 1676 2074 sancta:
1717 2019 2169 2074 conversationis
2216 2037 2370 2074 exor-

719 2117 893 2170 dium
921 2114 1266 2175 sumeret,et
1295 2109 1365 2163 ad
1399 2109 1882 2180 perseverandum
1907 2108 1963 2162 in
1987 2112 2368 2170 ea,sustenta-

715 2203 862 2260 cula
885 2200 1175 2256 alimonia:
1189 2198 1282 2252 his
1302 2197 1401 2269 qui
1415 2196 1738 2252 districtius
1751 2200 1924 2267 atque
1945 2195 2292 2250 familiarius
2313 2195 2371 2250 in

716 2291 827 2348 Dei
844 2289 1080 2345 servitio
1097 2305 1158 2341 se
1177 2289 1443 2340 coercent
1457 2285 1893 2354 [al.,exercent],
1909 2283 2141 2355 publica
2162 2283 2372 2355 regalis

720 2397 825 2435 res
855 2379 926 2433 ad
951 2373 1365 2432 sufficientiam
1386 2371 1806 2443 aliis,et:minus
1820 2371 1948 2426 aliis
1972 2372 2376 2427 subministra-

723 2472 907 2533 ret,et
937 2466 1018 2520 ita
1048 2481 1151 2535 per
1181 2462 1444 2518 ordinem
1469 2465 1680 2515 sanctae
1698 2460 1960 2514 Ecclesia:
1984 2465 2170 2515 status
2188 2477 2374 2531 usque

714 2559 797 2612 ad
834 2570 1092 2628 praesens
1125 2568 1226 2623 per
1253 2549 1425 2621 longa
1446 2553 1772 2620 temporum
1799 2548 2086 2603 curricula
2105 2552 2374 2603 extensus

715 2646 805 2701 sit
843 2663 856 2698 :
893 2640 1281 2696 nihilominus
1311 2637 1554 2709 dignum
1589 2640 1676 2691 est
1705 2640 1769 2690 ut
1800 2653 1924 2702 nos,
1947 2637 2042 2707 qui
2076 2636 2242 2707 quasi
2275 2653 2376 2706 per

716 2730 1083 2789 novissimos
1115 2725 1408 2798 operarios
1435 2725 1492 2778 in
1527 2725 1692 2779 vinea
1723 2724 1821 2778 Dei
1861 2723 2215 2792 laboramus,
2248 2742 2371 2780 cos-

713 2824 863 2877 dem
896 2817 1192 2888 operarios
1224 2816 1279 2868 in
1327 2813 1594 2868 exercitio
1626 2814 1814 2884 operis
1851 2813 1944 2866 Dei
1986 2813 2227 2868 deﬁcere
2259 2830 2372 2866 non

714 2912 1044 2972 sinamus;
1076 2904 1218 2976 quin
1268 2901 1484 2974 potius,
1528 2906 1592 2955 ut
1635 2901 1784 2955 vires
1833 2905 2170 2972 suppetunt,
2207 2901 2374 2955 nobis

712 3013 927 3068 usque
959 2994 1027 3048 ad
1064 3007 1318 3063 unguem
1353 2989 1666 3060 perducere
1682 2991 1993 3044 tentemus.
2017 2990 2378 3059 Quapropter

718 3087 930 3144 sciant
959 3097 1184 3145 omnes,
1218 3077 1484 3150 prasenti
1517 3081 1774 3146 tempore
1821 3077 2162 3131 decedentcs
2209 3082 2265 3130 et
2296 3077 2378 3129 fu-

712 3183 864 3232 turo
899 3170 1295 3230 succedentes,
1345 3165 1593 3236 qualiter
1638 3180 1741 3234 ego
1796 3163 2098 3231 Rodulfus,
2148 3167 2378 3235 petente

711 3270 912 3333 atque
924 3259 1228 3328 exoptante
1246 3252 1627 3308 dilcctissima
1639 3252 1882 3322 conjuge
1896 3251 2380 3306 meaIrainsanda

2549 696 2776 765 Signum
2807 697 3019 769 Rodulﬁ
3050 699 3193 768 regis
3218 699 3322 768 pii.

2551 783 2791 852 Albicer,
2823 785 3103 858 indignus
3134 785 3457 858 presbyter,
3477 784 3654 857 jussu
3695 785 3849 858 regis
3879 786 4117 858 scripsit

2479 873 2620 928 hzec.

2523 889 2620 927 830.

2548 966 2687 1016 Acta
2718 967 2856 1018 sunt
2885 963 3005 1018 haec
3035 963 3092 1017 in
3126 961 3262 1018 villa
3289 961 3591 1029 Tabernis,
3640 965 3820 1035 quam
3869 963 3980 1020 alio
4013 982 4116 1020 no-

2478 1049 2634 1104 mine
2667 1054 2899 1121 propter
2928 1051 3170 1105 fluvium
3202 1050 3421 1106 ibidem
3449 1052 3802 1107 deﬂuentem
3832 1052 3980 1109 Utba
4009 1070 4115 1125 ap-

2479 1137 2715 1209 pellant.
2748 1138 2894 1192 Data
2918 1156 3053 1193 xvm
3085 1138 3207 1194 Kal.
3235 1139 3424 1206 Febr.,
3447 1154 3602 1196 anno
3622 1138 3694 1195 ab
3716 1139 4116 1196 incarnatione

2477 1226 2708 1282 Domini
2742 1226 2899 1297 1019,
2923 1231 3200 1298 regnante
3232 1226 3478 1284 Rodulfo
3522 1229 3679 1300 rege,
3736 1231 3889 1284 anno
3948 1230 4112 1302 regni

2480 1315 2571 1370 sui
2602 1316 2690 1369 31.

2549 1403 2666 1458 Hoc
2690 1404 2887 1475 itaque
2912 1403 3340 1471 beneficiolum,
3373 1404 3431 1459 id
3454 1407 3562 1474 est,
3587 1421 3767 1477 supra
3792 1411 4113 1463 memorata

2478 1491 2922 1563 ecclesia,quam
2939 1492 3148 1546 damus
3163 1491 3441 1547 fratribus
3459 1491 3732 1549 Cluniaco
3743 1494 4112 1566 degentibus,

2471 1581 2627 1650 jacet
2655 1580 2714 1634 in
2742 1593 2890 1651 pago
2920 1583 2976 1634 et
3003 1578 3062 1632 in
3097 1578 3375 1634 comitatu
3405 1579 3756 1649 Genevense,
3800 1598 3934 1638 cum
3973 1583 4118 1641 vicis

2478 1668 2694 1728 ibidem
2725 1669 3213 1740 appendentibus.

3253 1773 3350 1832 IV.

2478 1867 2679 1922 Charta
2720 1863 3262 1989 .1-medeicomitijs'd5
3287 1865 3511 1919 ecclesia
3530 1866 3585 1920 S.
3617 1865 3868 1921 Mauritii
3895 1867 3955 1921 in
3975 1883 4118 1939 pago

3183 1952 3216 1989 a
3263 1951 3453 1989 acena.

3183 1951 3453 1990 auacena.

3098 2024 3282 2093 (Anno
3317 2023 3495 2092 1025.)

2551 2117 2614 2166 In
2639 2112 2874 2167 nomine
2922 2111 3149 2166 Domini
3183 2109 3368 2166 nostri
3397 2111 3535 2167 Jesu
3576 2110 3810 2190 Christi,
3842 2120 4120 2189 regnanto

2481 2201 2728 2256 Rodult‘o
2753 2218 2903 2256 anno
2929 2201 3016 2269 37,
3041 2198 3464 2255 incarnationis
3487 2199 3719 2257 Domini
3743 2200 3901 2270 1025,
3931 2220 3972 2259 ιι
3994 2203 4117 2259 Kal.

2480 2290 2618 2344 Nov.
2648 2288 2786 2344 luna
2816 2306 2906 2342 xx.

2552 2379 2665 2449 Ego
2693 2378 2982 2432 Amedeus
3010 2375 3164 2430 filius
3193 2374 3494 2430 Humberti
3534 2376 3787 2444 comitis,
3819 2381 3877 2433 et
3920 2378 4122 2436 Adule-

2481 2466 2616 2538 gida
2649 2483 2790 2520 uxor
2819 2482 2966 2532 mea,
3000 2464 3150 2518 hanc
3180 2463 3440 2518 chartam
3455 2463 3788 2546 donationis
3809 2466 4118 2540 fiertjussi-

2483 2572 2615 2609 mus
2646 2555 2716 2608 de
2745 2552 2985 2607 ecclesia
3015 2552 3072 2606 S.
3110 2549 3382 2617 Mauritii,
3430 2567 3556 2622 quae
3603 2555 3693 2606 est
3735 2551 3849 2608 sita
3880 2553 3936 2609 in
3969 2572 4117 2628 pago

2482 2643 2579 2714 qui
2605 2646 2840 2696 vocatur
2873 2640 3272 2699 Maltecena.et
3301 2639 3370 2693 de
3393 2639 3666 2694 omnibus
3687 2640 3857 2696 terris
3888 2660 4036 2715 quas
4057 2644 4117 2698 in

2483 2731 2750 2803 praesenti
2786 2731 3078 2794 damus,et
3105 2727 3163 2782 in
3199 2729 3392 2782 futuro
3411 2727 3602 2782 daturi
3626 2745 3832 2784 sumus
3855 2730 3925 2784 ad
3946 2731 4122 2787 hono-

2483 2836 2604 2875 rem
2655 2818 2884 2873 Domini
2930 2816 3030 2871 Dei
3081 2819 3135 2870 et
3183 2814 3450 2870 Ecclesiae
3497 2815 3592 2871 SS.
3638 2815 3788 2872 Petri
3839 2820 3896 2873 et
3932 2815 4117 2888 Pauli,

2483 2907 2812 2964 Cluniensis
2846 2902 3205 2967 monasterii,
3237 2903 3330 2957 cui
3351 2919 3599 2974 praeesse
3618 2903 3846 2960 videtur
3865 2906 4118 2966 domnus

2486 2999 2647 3066 pater
2671 2992 2855 3055 0dilo,
2887 3008 2987 3063 pro
3019 2988 3412 3061 redemptione
3456 2994 3514 3044 et
3561 2991 3752 3047 salute
3789 2993 4118 3051 animarum

2485 3078 3211 3152 nostrarum,permittente
3239 3081 3296 3132 et
3315 3077 3694 3133 conﬁrmante
3709 3079 3926 3136 domno
3948 3081 4122 3138 Male-

2487 3187 2579 3236 no,
2611 3169 2881 3240 episcopo
2910 3163 3452 3235 Gratianopolitanaa
3485 3164 3773 3232 Ecclesiae,
3801 3183 3904 3222 seu
3937 3168 4117 3224 Hum-

2484 3259 2646 3316 bcrto
2671 3257 2940 3329 episcopo
2971 3259 3028 3310 et
3055 3253 3329 3308 omnibus
3355 3251 3650 3308 canonicis
3679 3254 3944 3323 ejusdem
3979 3256 4116 3311 civi-

710 3320 888 3409 dono
919 3365 986 3402 ex
1015 3342 1379 3400 hazreditaria
1394 3358 1518 3395 mea
1531 3340 1896 3412 possessione
1918 3341 2208 3409 quoddam
2233 3355 2373 3410 prai-
2405 3320 2448 3388 α
2487 3346 2643 3413 tatis,
2677 3320 2887 3400 (fumus
2926 3341 3172 3396 Domino
3195 3339 3310 3394 Deo
3332 3356 3502 3394 omne
3524 3341 3678 3411 quod
3701 3320 3880 3414 supra
3901 3359 4117 3401 meum-

711 3438 980 3501 diolum,
1015 3435 1087 3489 ob
1110 3431 1315 3486 anima:
1347 3447 1486 3484 mea:
1531 3433 1587 3483 et
1634 3445 1812 3500 supra
1857 3433 2186 3483 memoratae
2237 3445 2370 3483 con-

701 3527 893 3604 jugis
924 3540 1062 3578 mete
1093 3519 1437 3584 remedium,
1492 3515 1751 3572 cmnobio
1796 3516 1854 3570 S.
1905 3516 2056 3570 Petri
2102 3517 2255 3604 quod
2287 3517 2372 3570 di-

712 3619 877 3674 cunt
905 3610 1248 3667 Cluniacum
1289 3610 1344 3660 et
1395 3604 1588 3660 abbati
1639 3604 1900 3673 ejusdem
1933 3603 2286 3669 monasterii,
2322 3609 2378 3659 et

713 3697 1045 3762 monachis
1081 3697 1230 3767 ejus,
1279 3696 1563 3765 praecepto
1615 3697 1671 3746 et
1711 3693 1767 3746 S.
1823 3691 2113 3746 Benedicti
2165 3692 2374 3764 regula

713 3791 914 3850 modo
946 3792 1004 3842 et
1033 3785 1307 3856 deinceps
1357 3779 1780 3845 obedientibus,
1813 3783 1870 3834 et
1905 3779 2121 3835 ibidem
2155 3781 2266 3836 Deo
2299 3781 2377 3836 fa-

715 3875 1127 3940 mulantibus,
1160 3870 1464 3927 ecclesiam
1496 3870 1554 3924 S.
1602 3867 1773 3924 Blasii
1825 3867 1883 3922 in
1915 3867 2134 3922 Viculis
2173 3872 2374 3936 totam,

715 3985 873 4028 cum
909 3962 1186 4020 omnibus
1215 3959 1429 4014 ibidem
1461 3955 2055 4028 pertinentibus,cum
2083 3957 2380 4012 montibus

715 4065 788 4116 et
816 4050 1106 4127 planitiis,
1141 4047 1320 4120 agris,
1343 4045 1546 4118 patris,
1577 4045 1831 4116 pascuis,
1881 4043 2064 4110 silvis,
2125 4044 2378 4100 decima-

717 4149 918 4206 tione,
942 4138 1126 4196 servis
1158 4140 1218 4192 et
1243 4133 1496 4199 ancillis,
1527 4137 1585 4188 et
1613 4148 1748 4187 cum
1779 4132 2053 4186 omnibus
2084 4131 2380 4188 ustensili-

714 4238 873 4296 bus,
910 4229 1061 4284 dono
1090 4241 1196 4297 ego
1223 4221 1564 4295 etpraedicta
1587 4220 1797 4290 conjux
1822 4220 2032 4274 meaad
2065 4221 2383 4291 suprascri-

716 4328 908 4396 ptum
940 4311 1386 4377 monasterium,
1419 4313 1486 4364 ut
1516 4308 1564 4363 si
1597 4324 1702 4362 nos
1734 4307 1928 4362 minus
1958 4307 2161 4362 idonee
2194 4308 2384 4378 injun-

718 4393 902 4469 ctum
935 4422 970 4460 a
997 4404 1113 4460 Deo
1135 4399 1466 4472 peregimus
1483 4395 1759 4460 ofﬁcium,
1785 4393 2175 4450 delictinostri
2205 4401 2263 4451 et
2284 4413 2383 4452 ne-

718 4491 1034 4574 gligentiae
1067 4506 1184 4545 non
1214 4503 1316 4559 pro
1349 4484 1556 4540 merito
1604 4482 1955 4554 recipiamus
1987 4483 2382 4554 dispendium,

717 4573 838 4644 sed
873 4599 979 4654 per
999 4593 1203 4634 corum
1244 4574 1535 4630 orationes
1583 4588 1732 4644 quos
1779 4574 2210 4641 sustentamus;
2245 4573 2386 4628 sub-

2485 3440 2675 3491 ratum
2705 3438 2814 3497 est,
2846 3437 2902 3487 et
2933 3430 3118 3484 beatis
3148 3426 3425 3499 apostolis
3455 3429 3582 3498 ejus
3614 3429 3777 3484 Petro
3828 3434 3884 3485 et
3915 3431 4114 3498 Paulo,

2485 3521 2809 3577 Cluniensis
2841 3516 3263 3579 monasterii,et
3279 3515 3554 3570 omnibus
3577 3517 3879 3572 monachis
3901 3518 4115 3575 ibidem

2485 3609 2870 3671 morantibus,
2922 3609 2985 3660 ut
3031 3604 3361 3659 orationum
3388 3619 3589 3658 eorum
3637 3604 3946 3678 participes
3991 3623 4120 3664 esse

2486 3698 2801 3770 possimus,
2836 3693 3005 3750 nobis
3037 3691 3381 3747 reservanda
3413 3691 3554 3747 illud
3578 3693 3863 3765 juc,quod
3879 3700 4120 3753 vocatur

2478 3789 2581 3858 jus
2612 3785 3152 3857 patronatus,atque
3174 3780 3278 3848 jus
3309 3781 3695 3850 pmsentandi
3726 3798 3831 3854 pro
3859 3783 4124 3854 nobis,“

2489 3874 2641 3930 natis
2671 3871 2887 3928 nostris
2918 3875 2974 3924 et
3019 3883 3219 3922 eorum
3250 3867 3709 3935 successoribus,
3743 3869 3885 3926 dum
3910 3869 4123 3928 nostra

2490 3963 2664 4018 fuerit
2689 3957 3025 4020 voluntatis,
3055 3960 3163 4010 etc.
3198 3953 3255 4008 Si
3290 3954 3426 4025 quis
3455 3953 3605 4010 hanc
3633 3955 4008 4014 donationem
4040 3960 4124 4015 in-

2490 4051 2746 4122 quietare
2778 4045 3040 4110 voluerit,
3072 4044 3130 4098 in
3163 4042 3296 4098 aula
3325 4041 3482 4113 regis
3524 4045 3755 4099 centum
3789 4042 3969 4102 libras
3989 4048 4122 4104 auri

2490 4140 2818 4210 componat,
2854 4138 2910 4190 et
2938 4134 3178 4204 insuper
3207 4128 3670 4186 maledictionem
3691 4131 4124 4207 Gratianopolis

2490 4224 2743 4299 episcopi
2773 4224 3050 4287 incurrat,
3085 4225 3190 4276 etc.

2561 4313 2822 4385 Sigillum
2862 4309 3144 4364 Humberti
3196 4307 3426 4374 comitis,
3482 4306 3716 4364 Ancillae
3762 4310 3957 4366 uxori;
3985 4311 4130 4383 ei“.

2491 4407 2549 4460 S.
2583 4401 2801 4458 Amedei
2825 4399 3058 4455 comitis.
3091 4397 3146 4452 S.
3179 4395 3419 4450 Adelidis
3448 4397 3638 4451 uxoris
3658 4395 3794 4467 ejus.

2566 4492 2725 4546 Hanc
2754 4485 3126 4543 donationem
3158 4485 3509 4549 fecerunt,et
3528 4481 3787 4540 chartam
3811 4483 3984 4543 istam
4006 4488 4133 4545 ﬁeri

2487 4580 2876 4653 jusserunt,et
2905 4575 2964 4630 in
2988 4572 3255 4645 presenti
3277 4571 3335 4628 in
3354 4572 3516 4628 curia
3540 4571 3692 4645 regis
3713 4573 3948 4632 ﬁrmare
3967 4592 4132 4650 roga-

718 4672 1152 4756 rpinistrantes
1181 4661 1632 4736 temporalia,ad
1682 4659 1934 4715 stadium
1968 4665 2264 4718 currentes
2294 4679 2382 4718 re-
2423 4677 2466 4742 [)
2496 4672 2720 4726 verunt.

719 4749 1125 4822 muneremur
1169 4751 1432 4809 mercede
1480 4751 1776 4822 perpetua.
1830 4749 1978 4816 Hzec,
2028 4753 2094 4804 ut
2139 4767 2173 4803 a
2219 4751 2389 4806 nobis

719 4856 888 4910 facta
919 4845 1243 4903 credantur
1271 4845 1329 4896 et
1358 4857 1393 4895 a
1421 4838 1670 4910 posteris
1692 4837 1908 4892 nostris
1930 4854 2045 4892 non
2074 4836 2393 4910 infringen-

2567 4759 2802 4826 Signum
2857 4751 3068 4821 Rodulﬁ
3116 4750 3278 4819 regis,
3334 4749 3736 4820 Ermingradis,
3787 4750 4007 4820 Odonis,
4032 4753 4139 4809 An-

2500 4848 2686 4903 celini.

1913 5053 2266 5124 HYMNUS
2321 5055 2430 5126 DE
2481 5057 2550 5125 S.
2607 5048 2977 5124 ODILONE

1932 5200 2098 5271 (Bibl.
2142 5200 2300 5257 Clun.
2343 5202 2440 5257 ubi
2475 5217 2663 5272 supra,
2704 5216 2764 5271 p.
2803 5194 2954 5264 328.)

2243 5307 2653 5328 —————J

715 5398 1083 5460 flmmediate
1134 5389 1506 5458 subsequentis
1559 5387 1782 5460 Hymni,
1827 5385 1982 5455 cujus
2034 5387 2262 5460 initium
2308 5395 2386 5441 est
2420 5381 3073 5460 :Commendagregem
3103 5371 3368 5460 Domino,
3425 5375 3637 5445 priores
3690 5389 3876 5432 versu
3921 5381 4030 5432 vos
4074 5374 4147 5432 ob

1299 5444 1314 5458 ⁸
1605 5444 1912 5527 "diruptam
1943 5459 2316 5512 membranam
2347 5460 2407 5512 in
2435 5473 2537 5512 ms.
2574 5457 2739 5510 lector
2767 5444 2871 5506 hic'
2889 5444 3256 5512 desiilerabil.]

2333 5588 2557 5628 DIVISIO.

911 5655 958 5709 Ο
994 5649 1090 5704 vir
1123 5645 1340 5714 ubique
1373 5644 1582 5701 nobilis

873 5731 1445 5804 ......spoliis:

2719 5639 2842 5701 Quo
2873 5631 2985 5686 sibi
3011 5628 3234 5702 praedas
3264 5628 3448 5685 adimi

2720 5724 2880 5780 Flent
2905 5719 3147 5792 spiritus
3179 5718 3441 5773 tartarei.
