4984 6460
1411 441 1568 505 1043
2545 444 2941 506 APPENDIX
2984 443 3086 505 AD
3130 445 3194 506 S.
3243 442 3673 505 ODlLONEM.
4661 439 4822 504 1οη

1693 574 1784 630 Tu
1813 591 1922 631 nos
1951 575 2130 632 decus
2159 573 2427 632 Ecclesia:
3080 577 3136 643 Α
3449 576 3536 631 Tu
3568 576 3784 632 nostris
3814 575 4013 631 lumen
4044 575 4364 644 mentibus,

1621 661 1830 720 Mundi
1860 663 2130 736 procellis
2158 663 2314 737 eripe
2346 682 2360 720 :
3381 664 3578 721 Sacris
3607 663 3849 720 infunde
3879 665 4149 737 precibus
4182 683 4196 722 :

1625 753 1813 818 Quem
1843 752 1985 810 dum
2015 752 2232 809 ﬂuenta
2259 755 2532 810 metuunt
3381 751 3487 818 Qui
3519 753 3686 808 etscis
3717 753 3906 809 visum
3939 769 4196 826 repares,

1624 839 1856 896 Natum
1886 839 2036 897 vires
2055 841 2398 914 reprimunt.
3380 843 3448 896 Et
3479 846 3707 897 nostras
3737 841 3885 914 pelle
3915 842 4186 898 tenebras

1697 931 1860 986 Certe
1885 929 2150 986 membra
2176 928 2459 986 debilium
3450 929 3537 984 Sit
3561 929 3717 986 Patri
3747 929 3878 986 laus
3908 931 4190 1004 ingenito,

1623 1017 1826 1076 Robur
1853 1016 2183 1075 instaurant
2211 1018 2528 1091 pristinum
3381 1019 3469 1073 Sit
3497 1019 3675 1074 decus
3707 1019 4015 1093 Unigenito
4040 1036 4053 1076 :

1625 1107 1833 1164 Manus
1859 1105 2072 1163 abluta
2107 1122 2121 1162 :
2155 1104 2433 1180 poculum
3381 1107 3467 1162 Sit
3493 1107 3801 1180 utriusque
3831 1107 4000 1182 parili

1625 1195 1788 1254 Muto
1809 1194 2002 1254 reddit
2029 1193 2349 1268 eloquium.
3386 1196 3659 1265 Majestas
3689 1211 3926 1253 summa
3958 1195 4228 1254 Flamini.
4258 1198 4466 1254 Amen.

2602 1545 2856 1620 MlSSA
2912 1545 3165 1617 BEATI
3215 1545 3606 1618 ODlLONIS

2931 1693 3058 1766 (Ubi
3083 1694 3298 1766 supra.)

2130 1971 2356 2012 ORATIO.
3096 1955 3144 2021 Β
3762 1967 4224 2009 ΡΟΒΤΟΟΜΜΙΙΝῙΟ.

1483 2051 1661 2114 Deus,
1690 2045 1794 2119 qui
1825 2045 1990 2102 beato
2021 2042 2252 2101 0diloni
2291 2059 2464 2114 super
2493 2043 2684 2116 gregis
2716 2042 2800 2098 tui
2835 2041 3048 2096 dedisti
3247 2042 3345 2106 Da,
3380 2041 4116 2113 quassumuspmnipotens
4139 2042 4402 2112 Deus,ut.
4429 2043 4827 2106 intercedente

1415 2134 1658 2208 vigilare
1685 2133 2032 2204 custodiam,
2065 2133 2142 2189 da
2170 2130 2402 2188 familiae
2433 2135 2564 2200 tuae,
2607 2147 2966 2202 quaesumus,
3001 2134 3066 2184 ut
3172 2129 3234 2183 B.
3268 2129 3507 2184 Odilone
3560 2130 3889 2184 confessore
3938 2131 4058 2198 tuo,
4110 2147 4258 2203 quos
4317 2133 4549 2205 pondus
4601 2137 4830 2210 proprii

1419 2211 1920 2296 ejusiuformetur
1940 2219 2219 2294 exemplis
2249 2221 2417 2292 cujus
2439 2223 2529 2275 est
2558 2217 2826 2275 instituta
2855 2216 3064 2273 doctri-
3172 2221 3368 2272 reatus
3399 2222 3693 2290 aggravet,
3727 2217 3976 2274 caelestis
4008 2235 4222 2274 mensa:
4254 2218 4418 2294 vigor
4448 2219 4704 2282 attollat.
4721 2226 4831 2284 Per

1420 2311 1534 2369 nis.
1559 2312 1666 2370 Per
1691 2310 2029 2368 Dominum.
3171 2305 3508 2362 Dominum.

2106 2414 2370 2455 SECRETA.
3738 2412 3922 2452 SUPER
3955 2413 4247 2455 Ρορυιυιί.

1485 2489 1759 2547 Oblatum
1801 2487 1910 2545 tibi
1957 2486 2332 2556 sacriﬁcium,
2383 2502 2744 2559 quaesumus,
2793 2482 3060 2552 Domine,
3242 2483 3326 2538 Da
3355 2499 3715 2555 quaesumus,
3747 2483 4118 2556 omnipotens
4148 2485 4435 2562 Deus,per
4456 2488 4611 2546 beati
4633 2491 4834 2551 Odilo-

1415 2579 1570 2636 beati
1600 2576 1864 2636 0dilonis
1893 2575 2264 2633 commendet
2309 2574 2513 2640 oratio,
2546 2573 2703 2646 quod
2754 2590 2860 2628 nos
2905 2572 3062 2628 etab
3172 2570 3262 2625 nis
3293 2571 3363 2626 ad
3398 2576 3453 2627 te
3500 2571 3744 2645 vestigia
3789 2573 4046 2641 tendere,
4088 2575 4258 2647 cujus
4315 2594 4422 2633 uos
4485 2580 4834 2654 magisterio

1418 2666 1868 2725 adversitatibus
1898 2664 2128 2723 muniat
2155 2668 2213 2722 et
2237 2663 2310 2719 ad
2341 2671 2614 2720 amorem
2644 2665 2816 2718 tuum
2847 2659 3063 2718 indesi-
3169 2659 3444 2732 dignatus
3475 2677 3537 2717 es
3569 2661 3819 2720 erudire.
3855 2662 3962 2718 Per
3989 2661 4328 2721 Dominum.

1419 2761 1622 2816 neuter
1651 2753 1948 2815 accendat.
1977 2753 2085 2811 Per
2111 2751 2449 2811 Dominum.

2535 3101 3095 3198 JOTSALDI
3160 3101 3702 3197 MONACHI

1893 3278 2264 3339 PLANCTUS
2303 3276 2395 3334 DE
2435 3273 2794 3333 TRANSITU
2833 3272 3065 3331 DOMNI
3103 3272 3438 3331 ODlLONIS
3475 3273 3776 3333 ABBATIS
3813 3274 4350 3335 CLUNIACENSIS.

2678 3415 2960 3491 (Biblioth.
2993 3414 3266 3485 (πηλώδη
3297 3431 3354 3488 p.
3395 3415 3544 3488 329.)

1485 3697 1572 3755 Ad
1603 3694 1778 3751 ﬂetus
1805 3703 1976 3746 voces
2001 3684 2270 3744 extendat
2297 3683 2514 3742 chorda
2533 3699 2797 3750 sonoras,
3087 3687 3131 3755 C
3166 3683 3357 3740 Jussit
3385 3683 3446 3740 iu
3477 3684 3748 3742 occiduas
3783 3685 4095 3743 morientes
4125 3686 4208 3741 ire
4235 3687 4528 3744 tenebras.

1416 3787 1650 3860 Organa
1677 3782 2021 3838 cunctorum
2048 3777 2348 3833 vertantur
2378 3777 2532 3830 sorte
2560 3772 2892 3828 modorum.
3170 3771 3380 3860 Tendit
3398 3773 3472 3828 ad
3503 3789 3776 3829 occasum
3794 3773 4080 3846 quidquid
4113 3773 4263 3830 lucis
4292 3775 4450 3848 capit
4469 3781 4695 3846 ortum,

1415 3859 1699 3948 Plangite,
1731 3885 1833 3926 vos
1854 3865 2071 3941 populi,
2101 3880 2204 3920 vos
2225 3862 2434 3936 linguae
2465 3861 2658 3918 sidera
2681 3860 2830 3930 ccsli,
3166 3859 3382 3916 Doctus
3412 3865 3468 3917 et
3497 3861 3768 3918 indoctus
3799 3862 4005 3934 aequali
4039 3867 4193 3919 sorte
4226 3865 4521 3921 recedunt.

1415 3964 1662 4022 Proruat
1687 3959 1748 4016 in
1767 3957 2037 4016 tenebras
2065 3953 2445 4028 resplendens
2475 3949 2666 4008 orbita
2696 3948 2860 4018 solis,
3165 3949 3372 4005 Divitis
3397 3956 3454 4005 et
3486 3951 3697 4007 modici
3729 3951 3984 4008 similem
4017 3968 4176 4008 mors
4201 3953 4450 4026 suscipit
4477 3956 4720 4026 umbra,

1413 4050 1697 4110 Deﬁciant
1724 4047 1892 4121 plene
1913 4043 2201 4102 radiantia
2229 4057 2449 4098 cornua
2476 4039 2650 4106 luna,
3164 4037 3422 4094 Vertitur
3450 4039 3508 4094 in
3531 4039 3782 4095 cinerem
3815 4038 4028 4096 cineris
4057 4056 4342 4114 compago
4376 4041 4572 4100 soluta
4601 4062 4616 4100 :

1407 4141 1630 4214 Lugeat
1656 4141 1715 4194 et
1739 4135 1998 4192 mundus
2019 4135 2294 4206 protenso
2325 4143 2564 4201 corpore
2594 4129 2753 4183 totus
2785 4144 2799 4182 :
3161 4126 3323 4190 Quod
3355 4126 3559 4200 nequit
3586 4127 3826 4197 absolvi,
3850 4129 4022 4184 debet
4050 4129 4338 4201 patienter
4367 4130 4594 4188 haberi.

1405 4229 1572 4288 Nunc
1594 4231 1800 4295 terras,
1834 4221 2096 4298 pelagus,
2128 4223 2381 4285 montes,
2415 4217 2710 4288 silvasque
2741 4215 2900 4272 ciebo
2934 4232 2948 4272 :
3401 4217 3672 4272 Revelatio
3699 4216 3922 4284 doloris,
3951 4225 4002 4272 et
4027 4219 4321 4275 consolatio
4350 4222 4562 4277 mortis.

1403 4314 1843 4388 Quadrupedes,
1871 4310 2131 4384 bipedes,
2161 4305 2451 4380 reptantia
2474 4309 2684 4362 cuncta
2713 4304 2975 4360 movebo.
3230 4304 3415 4375 Musa,
3448 4304 3592 4360 mihi
3623 4321 3834 4361 causas
3863 4321 4142 4378 memora,
4173 4321 4290 4379 quo
4309 4307 4505 4365 tristia
4527 4309 4766 4372 solvam

1402 4403 1760 4462 Condoleaut
1785 4401 2019 4457 Patrem
2049 4397 2420 4454 subtractum
2453 4408 2609 4450 nunc
2637 4391 2940 4449 Odilonem
3156 4391 3462 4464 Deponens
3490 4393 3780 4466 lacrymas
3809 4394 4058 4460 steriles,
4091 4400 4148 4451 et
4177 4395 4395 4468 gaudia
4423 4411 4689 4458 sumam.

1401 4491 1644 4551 Couciso
1674 4489 1910 4564 plausu,
1943 4489 2284 4560 pungautur
2311 4483 2534 4539 viscera
2562 4482 2725 4548 ﬂetu,
3153 4480 3322 4537 Odilo
3352 4497 3369 4535 ι

2711 4524 2725 4548 ,
3153 4480 3322 4537 Odilo
3352 4497 3468 4536 non
3500 4481 3773 4551 moritur,
3799 4483 3900 4538 sed
3935 4481 4141 4539 mortis
4170 4483 4376 4541 funera
4395 4485 4624 4558 spernit
4659 4507 4675 4546 :

1397 4582 1470 4638 Et
1495 4579 1672 4638 variis
1699 4578 1991 4652 lacrymas
2019 4573 2378 4650 profundant
2401 4570 2644 4628 vocibus
2673 4570 2820 4626 istas
2849 4585 2863 4625 :
3153 4567 3318 4626 Odilo
3343 4587 3460 4626 non
3492 4570 3760 4638 moritur,
3795 4571 3896 4626 sed
3927 4571 4082 4628 viam
4114 4572 4281 4628 duxit
4309 4571 4644 4634 honestam.

1397 4667 1586 4736 Odilo,
1608 4666 1778 4726 dulce
1805 4666 2006 4732 decus,
2035 4661 2263 4720 venturi
2288 4659 2475 4736 gloria
2501 4659 2664 4725 secli,
3150 4657 3318 4714 Odilo
3348 4675 3464 4714 non
3493 4659 3762 4726 moritur,
3794 4660 3894 4716 sed
3926 4660 4105 4717 vitam
4133 4666 4323 4718 morte
4347 4663 4590 4738 recepit.

1396 4755 1587 4824 Odilo,
1618 4755 1789 4812 dulce
1814 4755 2014 4823 decus,
2047 4751 2314 4808 fraternas
2343 4747 2506 4822 pacis
2534 4747 2780 4804 amicus.
3151 4747 3376 4820 Regnat
3399 4748 3460 4804 in
3489 4752 3772 4805 aeternum
3803 4749 4069 4822 gaudens
4097 4767 4160 4808 se
4182 4767 4420 4809 cernere
4447 4751 4763 4814 Christum

1395 4844 1581 4912 Odilo,
1610 4842 1780 4900 dulce
1807 4843 2010 4910 decus,
2041 4839 2387 4896 meritorum
2413 4837 2683 4908 lampade
2711 4834 2923 4892 clarus.
3149 4835 3331 4898 Quem
3363 4835 3561 4905 coluit,
3593 4836 3809 4905 docuit,
3844 4836 4128 4910 quaesivit,
4162 4838 4526 4913 glorificavit,

1395 4935 1484 4991 Tu
1513 4933 1686 4990 fessis
1703 4931 1954 5006 requies,
1987 4926 2405 5003 languentibus
2434 4941 2497 4982 es
2527 4924 2838 4994 medicina,
3145 4925 3325 4996 Cujus
3351 4924 3540 4997 gloria
3566 4941 3707 4981 crux
3737 4925 3866 4995 fuit,
3901 4931 3959 4982 et
3981 4927 4254 4986 Christus
4283 4930 4624 4988 cruciﬁxus.

1392 5019 1685 5078 Debilium
1714 5019 1979 5090 baculus,
2012 5018 2362 5075 miserorum
2395 5013 2651 5070 maxima
2676 5013 2865 5069 virtus
2897 5031 2912 5068 :
3067 5067 3110 5090 ἢ
3144 5013 3318 5086 Virgo
3350 5013 3553 5081 Maria,
3582 5019 3684 5070 tuo
3716 5020 4001 5086 quantum
4028 5017 4260 5074 servivit
4287 5018 4523 5075 honori!

1393 5067 1685 5078 -....-.-....-
1715 5067 1979 5090 ..-ν---η
2013 5067 2362 5075 ..-η----πη
2900 5067 2908 5068 κ
3200 5067 3310 5086 ηο-
3593 5067 3676 5070 ψν
3724 5067 4001 5086 τη-ηῇ
4028 5067 4259 5074 ---.-.--
4287 5067 4522 5075 ..-_---.

1393 5108 1712 5184 Splendida
1739 5125 1855 5182 quo
1883 5106 2058 5164 facies
2079 5106 2244 5172 abiit,
2275 5121 2392 5177 quo
2422 5118 2614 5159 sermo
2645 5102 2885 5158 recessit
3062 5067 3112 5133 Β
3142 5103 3222 5158 Te
3253 5101 3459 5158 mundi
3489 5103 3818 5173 Dominam,
3851 5105 4124 5162 caelorum
4154 5122 4338 5164 necne
4368 5107 4722 5181 benignam,

1387 5199 1636 5266 Aureus,
1667 5196 1961 5254 humanos
1989 5209 2345 5268 componens
2375 5191 2596 5264 optime
2625 5190 2857 5247 mores?
3139 5191 3428 5248 Omnibus
3460 5192 3519 5248 in
3550 5193 3700 5249 votis
3723 5194 3931 5262 tenuit,
3958 5193 4258 5270 prsesligit,
4291 5197 4509 5253 amavit

1389 5287 1512 5354 Quo
1542 5290 1645 5344 tua
1672 5289 1875 5344 sancta
1902 5298 2136 5350 manus,
2163 5280 2426 5354 fulgorus
2456 5276 2706 5350 denique
2735 5280 2898 5336 visus
3141 5281 3428 5350 Firmiter,
3461 5284 3636 5354 atque
3658 5281 3844 5338 Deum
3873 5281 4136 5340 recolens
4166 5283 4236 5340 de
4264 5287 4321 5340 te
4349 5289 4736 5357 generatum,

1387 5376 1510 5442 Quo
1521 5377 1682 5449 jacet
1700 5374 1763 5430 in
1789 5371 2002 5445 spatio,
2031 5369 2119 5426 vel
2145 5386 2259 5442 quo
2280 5367 2593 5440 requiescit
2618 5369 2679 5424 in
2710 5372 2878 5424 antro
2898 5369 2926 5424 ‘I
3139 5369 3391 5425 Extorsit
3410 5367 3698 5442 lacrymas
3727 5371 3865 5438 sibi,
3891 5372 4048 5443 quod
4079 5375 4182 5428 tua
4201 5377 4409 5430 sancta
4431 5374 4736 5446 mamilla,

1740 5461 1920 5529 Ratio,
1951 5457 2020 5514 ad
2042 5458 2160 5515 haec
2178 5457 2521 5528 respmadens,
2553 5459 2634 5513 ait
2655 5475 2674 5512 :
3137 5459 3322 5522 Quam
3352 5456 3602 5514 Iactasse
3633 5463 3708 5514 De

3137 5459 3322 5522 Quam
3352 5456 3602 5514 Iactasse
3633 5463 3815 5514 Deum
3847 5459 4066 5515 coelum
4100 5466 4316 5534 stupet,
4351 5462 4514 5518 orbis
4544 5464 4815 5524 adorat!

1455 5551 1675 5609 Ordine
1697 5549 1938 5604 funereo
1970 5546 2327 5604 clauduntur
2357 5545 2619 5601 membra
2647 5544 2914 5617 sepulcro
3136 5544 3228 5599 Illi
3261 5562 3437 5617 quam
3470 5545 3643 5602 fuerit
3677 5547 3770 5618 pia
3799 5546 4175 5604 circumcisio
4205 5549 4442 5617 Christi,

1386 5641 1619 5700 Fcedere
1645 5639 1944 5710 perpetuo,
1975 5634 2067 5692 lex
2095 5638 2185 5691 est
2215 5632 2559 5690 mortalibus
2584 5633 2698 5689 ista
2730 5650 2743 5689 ε
3136 5635 3270 5699 Quae
3301 5633 3515 5690 teneris
3547 5633 3828 5690 membris
3850 5635 4080 5693 inﬂuxit
4108 5637 4353 5694 vulnera
4377 5639 4572 5709 cultri,

1383 5729 1615 5786 Naturae
1645 5723 1893 5797 genitor,
1924 5740 2119 5782 rerum
2143 5721 2464 5796 plasmator
2485 5725 2544 5778 et
2571 5724 2775 5776 auctor
3137 5723 3338 5780 Testes

2623 5724 2775 5776 ictor
3137 5723 3338 5780 'l'cstes
3359 5727 3501 5780 sunt
3528 5724 3803 5795 gemitus,
3835 5724 4140 5783 oculorum
4170 5725 4397 5784 lumine
4426 5729 4544 5786 mei
4578 5746 4591 5760 ·
