4984 6400
696 476 854 536 1049

2101 475 2520 537 PIiOLEGOM
2533 475 2707 536 ENA.

3950 478 3974 536 1
3985 479 4106 538 050

686 607 911 665 noldus
941 608 1118 666 Wion
1149 611 1206 666 et
1233 607 1520 667 Antonius
1549 607 1900 666 Possevinus
1931 606 2341 674 meminerunt,
2373 609 2429 676 Α
2459 607 2560 664 sed
2593 606 2664 664 de
2694 603 2803 662 hac
2851 623 2956 680 ego
3006 622 3162 664 nunc
3203 605 3496 679 judicium
3546 622 3742 666 meum
3789 611 4103 683 suspendo.

689 702 957 771 suntque
988 701 1302 770 sequentes
1336 716 1349 754 :

762 787 848 844 De
891 787 1086 842 ofﬁcio
1136 786 1330 842 missa:
1381 785 1485 842 lib.
1521 804 1557 853 1,
1593 785 1693 858 qui
1742 784 2042 841 multoties
2087 801 2354 842 excusus.

685 892 890 950 nuper
938 880 1136 931 tamen
1168 879 1311 931 tom.
1345 874 1416 930 XI
1447 873 1719 930 Biblioth.
1755 873 1992 930 Patrum
2037 876 2125 928 est
2174 873 2356 929 inser-

687 969 814 1022 tus.

762 1053 849 1108 De
877 1051 1015 1108 Vita
1054 1055 1112 1107 Β.
1147 1050 1400 1108 Udalrici
1434 1051 1534 1106 lib.
1569 1068 1605 1118 1,
1641 1051 1740 1123 qui
1773 1051 1964 1106 editus
1994 1055 2082 1106 est
2113 1055 2252 1106 tom.
2286 1051 2359 1106 IV

686 1141 876 1199 Surii.
902 1141 983 1196 De
1014 1141 1270 1197 adventu
1292 1141 1524 1196 Domini
1553 1141 1623 1196 ad
1645 1140 1955 1196 Aribonem
1980 1139 2360 1212 archiepisco-

686 1246 842 1303 pum
879 1229 1148 1303 Mogunt.
1183 1229 1286 1284 lib.
1319 1248 1357 1284 1.

761 1323 849 1374 De
872 1317 1108 1390 jejunio
1140 1319 1398 1382 Quatuor
1429 1319 1784 1390 Temporum
1817 1316 1917 1372 lib.
1952 1335 1988 1372 1.

762 1407 851 1464 De
875 1407 1109 1480 jejunio
1145 1407 1384 1464 Sabbati
1409 1406 1510 1463 lib.
1538 1425 1578 1462 1.

763 1497 1128 1552 Sermonum
1163 1500 1286 1552 tam
1319 1497 1390 1552 ad
1424 1496 1634 1551 fratres
1665 1512 1842 1567 quam
1875 1493 2020 1550 alios
2053 1495 2152 1551 lib.
2188 1513 2224 1550 1.

763 1585 1176 1660 Epistolarum
1213 1586 1284 1641 ad
1319 1585 1580 1640 diversos
1609 1583 1709 1640 lib.
1739 1602 1776 1639 1.

771 1675 860 1730 De
891 1673 1119 1729 musica
1150 1674 1221 1729 ad
1255 1673 1613 1748 Pilegrinum
1644 1671 2045 1729 Coloniensem
2079 1671 2362 1744 archiepi-

692 1778 950 1835 scopum
999 1761 1101 1818 lib.
1137 1779 1177 1828 1,
1211 1763 1383 1834 cujus
1432 1762 1714 1836 originale
1745 1779 1805 1818 se
1833 1762 2113 1818 habuisse
2161 1760 2366 1817 scribit

691 1851 1090 1908 Trithemius.

765 1940 858 1996 De
890 1939 1304 1994 instrumentis
1335 1939 1575 1994 musicae
1607 1939 1709 1995 lib.
1743 1957 1782 1994 1.

765 2029 855 2084 De
886 2044 1164 2084 mensura
1197 2027 1578 2084 monochordi
1608 2027 1712 2083 lib.
1743 2045 1782 2082 1.

773 2117 864 2172 De
923 2115 1174 2171 historia
1227 2116 1686 2172 Alemannorum
1743 2116 1847 2170 lib.
1888 2133 1927 2183 1,
1976 2121 2148 2188 prout
2199 2114 2371 2171 refert

702 2204 1121 2261 Thrithemius
1154 2204 1213 2260 in
1247 2205 1484 2279 prologo
1507 2206 1774 2262 Chronici
1800 2207 1889 2261 sui
1912 2205 2367 2278 Hirsaugiensis,

702 2295 1039 2366 asseritque
1070 2310 1134 2349 se
1177 2311 1246 2350 ex
1289 2311 1354 2350 eo
1409 2294 1656 2366 aliisque
1713 2295 2008 2350 historicis
2066 2295 2253 2350 multa
2309 2296 2368 2349 in

702 2382 1065 2440 Chronicum
1101 2400 1277 2438 suum
1311 2383 1649 2452 inseruisse,
1676 2400 1852 2455 quam
1876 2387 2072 2438 tamen
2102 2384 2369 2438 Alcman.

701 2489 924 2529 norum
956 2472 1265 2528 historiam
1318 2473 1462 2527 mihi
1506 2472 1698 2527 videre
1749 2489 2053 2544 nunquam
2103 2472 2366 2544 contigit.

708 2561 1036 2633 Scripsisse
1068 2565 1344 2632 praaterea
1369 2562 1551 2616 fertur
1577 2560 1747 2632 plura
1772 2561 1903 2628 alia,
1930 2561 2082 2616 inter
2103 2577 2229 2632 qua:
2254 2577 2368 2615 non

710 2666 889 2706 nemo
921 2649 1243 2704 arbitratus
1293 2665 1419 2704 esse
1468 2666 1699 2721 quoque
1724 2647 1913 2704 Vitam
1957 2654 2012 2703 S.
2046 2648 2364 2720 Meginradi

712 2737 1017 2810 martyris,
1049 2738 1222 2809 cujus
1263 2754 1442 2809 supra
1473 2742 1767 2793 auctorem
1819 2737 1923 2793 feci
1975 2753 2364 2809 anonymum;

2396 1980 2444 2044 B

2468 697 2673 763 Berno,
2710 697 2864 769 quod
2912 697 3027 753 huc
3075 713 3310 769 quoque
3364 700 3626 771 spectare
3653 697 3848 756 visum
3905 704 4014 768 est,
4047 702 4106 757 S.

2469 786 2713 842 Henrico
2745 785 3081 859 imperatori
3114 786 3496 844 charissimus
3529 788 3658 858 fuit,
3681 792 3738 845 et
3769 790 3895 860 ejus
3926 790 3984 845 in
4015 806 4112 845 ex-

2469 875 2760 947 peditione
2797 875 2993 931 Italica
3014 875 3340 948 itineraque
3370 877 3630 932 Romano
3660 877 3998 935 individuus
4024 896 4115 935 co-

2362 975 2366 979 ‘
2469 979 2625 1031 mes;
2659 965 2813 1019 unde
2841 964 3080 1036 contigit
3109 969 3173 1020 ut
3200 981 3292 1020 res
3310 965 3620 1038 Augiensis
3652 967 3987 1023 monasterii
4019 985 4115 1040 op-

2469 1052 2610 1108 time
2644 1052 3086 1119 administrarit,
3112 1053 3559 1126 insignibusque
3586 1055 3904 1130 privilegiis
3926 1075 3960 1113 a
3980 1058 4117 1113 sede

2470 1141 2788 1212 apostolica
2817 1141 3140 1214 impetratis
3182 1143 3503 1214 adauxerit,
3527 1144 3585 1200 S.
3610 1144 3802 1200 Marco
3831 1145 3972 1202 item
4001 1148 4116 1202 Au-

2469 1229 2654 1304 giensi
2685 1233 2928 1302 patrono
2961 1247 3171 1286 novam
3202 1231 3507 1287 basilicam
3546 1233 3847 1301 exstruxit,
3871 1251 4117 1308 eamque

2470 1318 2798 1375 consecrari
2829 1319 2964 1375 fecit
3001 1337 3152 1376 anno
3183 1320 3396 1376 Christi
3444 1323 3582 1377 1048
3623 1322 3808 1395 pridie
3839 1323 4118 1381 solemni-

2470 1408 2609 1463 tatis
2641 1409 2698 1463 S.
2732 1408 2930 1464 Marci.

2543 1497 2644 1551 Hic
2675 1497 2869 1569 gravis
2901 1496 3075 1553 etiam
3115 1497 3316 1570 lapsus
3348 1500 3653 1556 Eckerardi
3685 1500 4118 1558 San-Gallensis

2472 1586 2849 1658 castigandus
2886 1587 3060 1653 venit,
3086 1587 3186 1659 qui
3237 1587 3440 1643 honori
3485 1605 3724 1645 suorum
3775 1589 3904 1662 plus
3953 1585 4117 1662 (equo

2473 1676 2689 1742 favens,
2724 1674 2804 1730 ait
2836 1679 3158 1730 Bernonem
3199 1681 3333 1732 ante
3372 1676 3743 1748 praelaturam
3775 1678 3836 1733 in
3865 1681 3922 1734 8.
3955 1677 4119 1734 Gallo

2475 1763 2654 1819 fuisse
2684 1763 3061 1819 monachum.
3091 1765 3202 1820 Sed
3234 1781 3367 1821 cum
3399 1766 3527 1822 sine
3556 1766 3780 1822 ratione
3811 1763 3992 1822 sohus
4011 1765 4120 1823 hoc

2475 1852 2710 1920 scribat,
2735 1868 2922 1924 neque
2954 1853 3096 1908 adeo
3133 1854 3411 1925 antiquus
3443 1855 3540 1921 sit,
3565 1872 3680 1910 non
3713 1854 3920 1926 Opinor
3946 1855 4119 1911 fidem

2476 1941 2629 2012 apud
2682 1939 2868 1996 ullum
2919 1941 3155 2009 mereri;
3188 1942 3511 2013 praesertim
3540 1959 3673 1998 cum
3723 1943 4119 2018 Hermangum

2477 2029 2990 2100 Contractum,qui
3027 2031 3350 2086 Bernonem
3374 2031 3550 2099 novit,
3575 2031 4040 2106 magistrumque
4061 2032 4121 2088 in

2477 2118 2663 2190 Augia
2693 2117 2915 2184 habuit,
2941 2122 2998 2173 et
3026 2118 3278 2174 Annales
3297 2119 3618 2193 Augienses
3639 2119 3978 2177 Germanice
4009 2120 4125 2177 elu-

2479 2207 2751 2262 cubratos
2793 2205 3229 2278 Arnoldumque
3260 2191 3529 2263 Wiohem
3575 2213 3967 2284 repugnantes
4013 2209 4123 2266 h‘a-
4191 2191 4196 2204 ’

2478 2295 2628 2360 beat,
2654 2293 2750 2365 qui
2781 2311 3050 2365 expresse
3083 2299 3373 2351 testantur
3412 2279 3748 2352 Bernonem.
3763 2279 4122 2353 Isrumiensis

2478 2381 2720 2437 cmnobii
2781 2382 3134 2437 monachum
3194 2383 3391 2438 fuisse.
3427 2382 3582 2439 Obiit
3636 2384 3874 2439 tandem
3933 2386 4120 2440 bonus

2478 2471 2682 2537 Berno,
2711 2469 2881 2525 annis
2921 2475 2978 2525 et
3023 2471 3247 2525 meritis
3295 2488 3456 2542 aeque
3505 2477 3792 2539 maturus,
3827 2489 3942 2528 non
3994 2472 4121 2528 sine

2479 2564 2633 2614 certa
2663 2575 2886 2631 magna:
2909 2557 3239 2613 sanctitatis
3261 2559 3530 2631 opinione
3556 2576 3704 2615 anno
3724 2560 3938 2616 Christi
3961 2562 4116 2628 1048,

2477 2665 2517 2702 ιι
2551 2649 2686 2703 Idus
2715 2646 2896 2715 Junii,
2923 2651 2978 2702 et
3006 2646 3064 2701 in
3095 2650 3150 2701 S.
3184 2647 3361 2703 Marci
3385 2665 3419 2704 a
3439 2665 3500 2704 se
3520 2653 3852 2705 constructa
3880 2648 4122 2713 basilica

2477 2736 2805 2792 tumulatus
2830 2740 2938 2792 est.

1841 3085 2302 3172 ΝΟΤΙΤΙΑ
2359 3086 3011 3182 LI'I'TERABIA

1388 3263 1577 3335 (Apud
1610 3261 1819 3330 Oudin,
1857 3263 2148 3319 Comment.
2177 3263 2240 3320 de
2269 3263 2635 3336 Scriptoribus
2665 3271 2717 3320 et
2742 3265 2957 3336 scriptis
2989 3264 3172 3320 ϐοείαις.
3209 3263 3279 3332 ll,
3305 3262 3457 3334 598.)

778 3626 993 3691 Berno,
1017 3621 1215 3695 Augie
1248 3621 1452 3677 Divitis
1483 3621 1682 3689 abbas,
1707 3621 1928 3676 exstitit
1957 3621 2213 3694 primum
2245 3635 2366 3676 mo.
2396 3619 2440 3688 Ο

707 3715 940 3770 nachus
979 3710 1167 3768 sancti
1215 3709 1365 3766 Galli
1396 3711 1455 3765 in
1488 3710 1819 3779 Germania,
1851 3709 2072 3766 ordinis
2117 3709 2233 3766 divi
2263 3714 2366 3766 Be-

705 3801 952 3869 nedicti,
981 3800 1082 3856 ubi
1112 3815 1246 3855 cum
1277 3799 1378 3854 diu
1410 3799 1520 3854 sub
1551 3797 1862 3871 disciplina
1890 3797 2143 3870 regulari
2171 3797 2370 3853 lauda-

705 3891 905 3948 biliter
934 3887 1269 3955 militasset,
1295 3891 1469 3959 atque
1491 3887 1758 3943 animum
1780 3886 2169 3942 scientiatum
2190 3887 2370 3943 musi-

706 3997 824 4046 ces,
841 3983 978 4035 tum
1002 3976 1536 4034 ecclesiasticarum
1577 3975 1959 4031 historiarum
1998 3974 2366 4044 excoluisset,

707 4069 906 4125 clarus
955 4065 1182 4122 meritis
1232 4065 1306 4120 ad
1357 4065 1651 4120 abbatiam
1699 4065 1896 4137 Augiae
1946 4063 2150 4120 Divitis
2192 4081 2370 4138 prope

707 4154 1122 4213 Constantiam
1144 4154 1216 4211 ad
1244 4154 1538 4220 Rhenum,
1563 4169 1716 4208 anno
1750 4153 1888 4208 1014
1917 4153 2368 4224 promotus.Quo

707 4259 846 4317 ergo
891 4249 1158 4316 tempore
1187 4242 1472 4299 Henricus
1499 4241 1549 4298 ll
1577 4245 1634 4297 et
1661 4241 1960 4297 Conradus
1991 4241 2040 4297 ΙΙ
2069 4258 2136 4298 ac
2181 4241 2368 4314 primo

707 4332 941 4390 Henrici
967 4331 1042 4388 III
1064 4331 1467 4404 quinquennio
1493 4329 1701 4386 claruit
1721 4329 1926 4396 Berno,
1946 4329 2047 4401 qui
2069 4330 2297 4386 Henrici
2321 4331 2370 4387 II

705 4420 1076 4478 coronatio-ni
1106 4437 1171 4476 se
1199 4419 1535 4475 interfuisse
1563 4419 1690 4490 ipse
1720 4418 1912 4490 inquit
1932 4435 2056 4491 cap.
2081 4421 2116 4473 2
2142 4419 2218 4475 De
2245 4421 2366 4491 qui-

706 4511 940 4566 busdam
971 4509 1131 4564 rebus
1167 4509 1238 4564 ad
1274 4510 1462 4565 missae
1508 4509 1753 4579 ofﬁcium
1797 4507 2184 4579 spectantibus.
2218 4509 2368 4573 Quid

707 4603 910 4655 autem
942 4598 1006 4654 in
1037 4601 1215 4653 cantu
1234 4595 1504 4652 Ecclesia:
1538 4594 1888 4668 prastiterit,
1913 4595 2144 4651 docebit
2166 4597 2371 4652 Ecker-

706 4684 940 4742 bardus
965 4685 1179 4742 Junior
1222 4685 1282 4740 in
1317 4684 1450 4740 Vita
1479 4684 1542 4738 B.
1578 4683 1816 4742 Notkeri
1844 4683 2095 4756 Balbuli,
2118 4701 2244 4757 cap.
2280 4687 2366 4744 10.

705 4775 1006 4833 Gerardus
1033 4775 1293 4832 Joannes
1313 4773 1560 4830 Vossius
1585 4772 1686 4832 lib.
1710 4789 1771 4840 11,
1796 4789 1922 4846 cap.
1951 4775 2038 4842 44,
2063 4788 2197 4847 pag.
2223 4762 2370 4830 mihi

705 4863 832 4931 367,
859 4863 1014 4920 falso
1043 4863 1200 4919 hunc
1231 4863 1556 4919 Bernonem
1580 4861 1718 4917 facit
1738 4861 2033 4918 Hincmari
2066 4862 2370 4919 Remensis

652 4966 655 4968 '
703 4951 1131 5024 archiepiscopi
1154 4950 1642 5023 discipulum,cui
1662 4950 1741 5005 rei
1761 4940 1977 5006 indicio
1995 4967 2124 5006 esse
2144 4951 2373 5006 videtur
2401 4986 2445 5050 Β

702 5040 959 5112 epistola
997 5040 1183 5112 ipsius
1231 5039 1531 5096 Hincmari
1582 5039 1654 5094 ad
1705 5043 1947 5095 .Eneam
1978 5039 2366 5097 Parisiensem

704 5129 1074 5201 episcopum,
1093 5145 1269 5201 quam
1301 5145 1370 5184 ex
1398 5127 1680 5184 Vaticana
1706 5124 2056 5183 bibliotheca
2081 5128 2366 5184 Baronius

704 5217 884 5273 refert
908 5217 973 5272 in
1002 5217 1346 5285 Annalibus,
1381 5217 1452 5271 ad
1503 5233 1723 5272 annum
1755 5217 1880 5286 912,
1912 5217 2131 5272 Verum
2169 5221 2364 5289 aperte

703 5304 954 5362 Vossius
983 5304 1207 5362 fallitur
1234 5311 1292 5361 et
1323 5304 1489 5367 fallit,
1525 5305 1580 5359 id
1611 5305 1769 5359 enim
1800 5304 2244 5377 intelligendum
2276 5311 2365 5360 est

702 5393 774 5449 de
805 5395 1072 5450 Bernone
1102 5393 1284 5449 altero
1345 5392 1516 5448 annis
1573 5397 1807 5448 centum
1868 5393 2115 5457 seniore,
2149 5394 2359 5449 abbate

708 5482 901 5553 primo
933 5481 1338 5538 Cluniacensis
1360 5481 1758 5553 Ecclesia},qui
1787 5498 1939 5537 anno
1966 5483 2071 5536 912
2099 5481 2362 5554 Burgun-

701 5569 857 5625 diam
891 5574 1122 5642 petens,
1145 5570 1206 5624 in
1238 5569 1500 5625 ccenobio
1529 5567 1844 5637 Balmensi,
1871 5586 1904 5624 a
1934 5585 1997 5625 se
2029 5585 2212 5639 nuper
2236 5570 2360 5625 fun-

2473 3624 2653 3689 ctum,
2680 3620 3004 3677 monastico
3025 3621 3252 3677 cucullo
3274 3621 3490 3676 ibidem
3511 3620 3807 3687 indutum,
3830 3626 4120 3679 monaste-

2477 3709 2547 3764 rii
2570 3709 2781 3766 scholae
2812 3711 3156 3782 praeposuit;
3187 3711 3259 3766 de
3289 3727 3404 3783 quo
3436 3709 3610 3766 etiam
3641 3709 3888 3784 intelligi
3911 3712 4122 3770 debent

2476 3815 2602 3870 quas
2626 3799 2986 3854 Eckerardus
3016 3799 3191 3854 habet
3212 3816 3394 3872 supra
3412 3799 3625 3854 citatus
3655 3799 3712 3854 in
3736 3799 3867 3855 Vita
3886 3801 4120 3858 Notkeri

2475 3886 2722 3954 Balbuli,
2743 3903 2868 3958 cap.
2896 3889 2979 3942 10.
3005 3888 3074 3943 Et
3095 3904 3235 3943 sane
3255 3891 3488 3960 tempus
3509 3887 3789 3944 Bernonis
3808 3889 4120 3962 Augiensis

2476 3975 2704 4031 abbatis
2724 3991 2857 4030 cum
2877 3979 3042 4031 aetate
3060 3975 3355 4031 Hincmari
3376 3976 3679 4032 Remensis
3700 3975 4121 4049 archiepiscopi

2477 4065 2721 4134 ejusque
2741 4063 3092 4136 discipulatu
3119 4067 3272 4119 stare
3298 4078 3670 4136 nequaquam
3691 4067 3900 4135 potest.
3920 4065 4124 4122 Exstat

2477 4153 2550 4207 ab
2569 4168 2636 4207 eo
2666 4151 2917 4223 scriptus
2946 4149 3178 4206 libellus
3198 4153 3274 4206 De
3301 4151 3623 4223 quibusdam
3651 4152 3812 4207 rebus
3841 4152 3912 4207 ad
3937 4155 4124 4211 missae

2476 4241 2719 4312 ofﬁci-um
2745 4241 3163 4312 pertinentibus,
3187 4240 3379 4296 editus
3409 4240 3666 4311 primum
3690 4239 3846 4296 inter
3873 4241 4120 4314 scripto-

2477 4345 2570 4384 res
2591 4329 2671 4385 De
2701 4329 2911 4384 divinis
2935 4327 3163 4395 ofﬁciis,
3187 4327 3431 4384 collatus
3460 4329 3532 4383 ad
3566 4345 3708 4384 mss.
3731 4329 3899 4385 codd.
3925 4331 4120 4386 studio

2477 4422 2533 4474 et
2553 4434 2694 4473 cura
2714 4416 3042 4473 Melchioris
3063 4417 3357 4489 Hittorpii,
3379 4417 3626 4472 Coloniae
3651 4418 3788 4472 1568
3807 4422 3864 4473 et
3885 4417 4121 4475 Parisils

2480 4507 2636 4570 1610,
2660 4523 2792 4579 pag.
2817 4506 2914 4562 661
2951 4505 3012 4562 in
3044 4505 3198 4561 folio.
3225 4505 3366 4561 Item
3396 4505 3654 4562 Venetiis
3679 4506 3924 4562 seorsim
3959 4509 4117 4576 1572,

2477 4595 2539 4650 in
2570 4597 2623 4663 8,
2646 4611 2781 4650 cum
2809 4593 2941 4650 aliis
2961 4594 3226 4666 ejusdem
3254 4594 3600 4666 argumenti.
3624 4595 3770 4650 Hinc
3798 4595 4120 4652 translatus

2479 4683 2538 4738 in
2566 4682 2978 4739 Bibliothecam
3017 4683 3250 4738 Patrum
3283 4681 3555 4739 editionis
3579 4682 3926 4740 Parisiensis
3960 4685 4118 4753 1575,

2479 4775 2636 4828 tomo
2680 4771 2771 4840 IV,
2805 4771 2912 4828 col.
2945 4773 3080 4840 572;
3131 4771 3269 4827 anni
3317 4772 3475 4837 1589,
3508 4774 3666 4827 tomo
3707 4771 3804 4838 Vl,
3834 4772 3945 4828 col.
3989 4773 4116 4841 709,

2480 4876 2634 4917 anno
2669 4861 2826 4930 1610,
2853 4860 3070 4916 ibidem
3100 4864 3261 4918 tomo
3293 4859 3358 4926 X,
3390 4875 3521 4932 pag.
3549 4860 3682 4927 697;
3714 4858 3986 4916 editionis
4015 4862 4118 4917 Co-

2479 4946 2759 5005 loniensis
2791 4950 2948 5016 1618,
2982 4948 3192 5006 saeculo
3225 4965 3326 5005 seu
3367 4952 3527 5004 torno
3554 4947 3646 5014 XI,
3679 4964 3810 5021 pag.
3841 4949 3944 5016 51;
3977 4949 4118 5006 item

2476 5036 2819 5093 Parisiensis
2871 5039 3009 5094 anni
3059 5039 3214 5106 1624,
3248 5041 3405 5094 tomo
3454 5036 3520 5104 X,
3551 5052 3684 5110 pag.
3713 5038 3848 5104 697;
3882 5038 4118 5111 Lugdu-

2474 5127 2672 5182 nensis
2730 5128 2886 5194 1677,
2920 5131 3076 5182 tomo
3118 5126 3314 5193 XVIII,
3348 5142 3478 5199 pag.
3511 5126 3601 5181 56.
3637 5126 3795 5181 Idem
3840 5126 4118 5182 ornatiori

2473 5213 2781 5269 Latinitate
2838 5214 3109 5286 expolivit
3162 5214 3353 5268 Vitam
3397 5216 3454 5273 S.
3503 5213 3754 5270 Udalrici
3806 5215 4118 5286 Augustini

2470 5302 2744 5374 episcopi,
2767 5319 2942 5374 quam
2967 5303 3146 5358 habes
3168 5304 3322 5373 apud
3345 5303 3583 5358 Surium
3606 5302 3700 5357 die
3723 5305 3751 5355 l1
3772 5302 3932 5356 Julii.
3957 5302 4116 5357 Hanc

2471 5395 2664 5445 autem
2724 5396 2856 5446 ante
2914 5391 3235 5446 Bernonem
3294 5391 3768 5462 conscripserunt
3825 5389 3922 5444 alii
3975 5391 4111 5455 duo,

2470 5493 2716 5550 quorum
2747 5478 2972 5549 primus
2996 5495 3324 5548 anonymus
3346 5497 3448 5535 seu
3471 5478 3762 5534 Gerardus
3790 5477 4107 5547 presbyter,

2467 5565 2651 5623 sancti
2683 5564 2932 5621 Udalrici
2983 5566 3337 5637 discipulus;
3386 5567 3549 5633 alter,
3591 5564 3965 5620 Gebehardus
3993 5565 4106 5615 Au-

699 5659 858 5727 dato,
890 5659 1157 5715 Odonem
1199 5659 1598 5713 Turonensem
1646 5657 1939 5724 clericum,
1973 5656 2268 5711 musicum
2300 5664 2358 5713 et
2465 5658 2750 5728 gustamus
2796 5655 3123 5727 episcopus,
3159 5656 3261 5724 qui
3311 5657 3581 5714 eumdem
3613 5666 3842 5722 quoque
3891 5647 4105 5702 vidisse

697 5748 1186 5804 archidiaconum
1216 5745 1574 5802 Turonensis
1625 5745 1890 5803 Ecclesiae
1940 5761 2092 5801 anno
2131 5745 2232 5801 901
2270 5746 2352 5802 fa-

2465 5741 2669 5816 potuit.
2705 5740 2784 5797 De
2832 5741 2924 5798 his
2969 5743 3362 5801 anterioribus
3409 5744 3489 5799 ita
3516 5736 3802 5798 Gerardus
3845 5734 4098 5788 Joannes
