4984 6448
1415 501 1563 567 1051

2599 501 2861 565 ΒΕιιΝο
2899 500 3146 563 ABBAS
3189 501 3630 566 AUGIENSIS.

4673 505 4836 570 1052

1409 639 1661 700 Vossius
1697 638 1800 696 lib.
1829 655 1891 696 III
1921 635 2003 696 De
2046 633 2340 695 historicis
2391 631 2635 704 Latinis,
2668 639 2828 709 parte
2866 652 2947 706 xv;
2982 633 3060 692 De
3089 637 3144 705 Α
3174 632 3532 708 ineleganter
3568 633 3786 710 scripta
3822 639 3969 706 erat,
4003 633 4245 696 nitidius
4293 636 4684 713 ornatiusqus
4734 654 4834 696 ex-

1413 729 1721 790 Historicis
1753 728 2166 802 praetermissis
2195 744 2318 800 cap.
2350 727 2404 792 5,
2439 743 2494 798 p.
2523 727 2647 781 764.

1487 844 1516 871 ‹‹
1540 821 1612 875 At
1640 818 1867 875 Ottonis
1897 818 1919 873 Ι
1950 821 2006 873 et
2036 817 2081 872 II
2112 815 2469 888 temporibus
2503 814 2609 870 fuit
2642 813 2689 868 is
2711 814 3062 882 (Gcrhurdus)

1414 909 1515 983 qui
1539 908 1769 982 primus
1789 907 1886 964 sed
1908 907 2038 963 rudi
2057 904 2204 978 stle
2223 901 2852 960 conscribilavitVitam
2875 904 3060 958 sancti

1415 997 1668 1056 Udalrici
1700 994 1954 1069 episcopi
1987 992 2332 1066 Augustani.
2361 993 2600 1047 zEtatem
2644 993 2879 1058 indicat,
2906 993 3061 1063 quod

1415 1104 1551 1143 cum
1581 1087 1692 1142 hoc
1737 1086 1795 1140 S.
1829 1083 2094 1141 Udalrica
2125 1085 2502 1137 conversatus
2534 1081 2726 1148 fuerit,
2759 1081 2858 1152 qui
2909 1098 3063 1136 anno

1413 1173 1628 1232 Christi
1663 1175 1766 1228 924
1805 1172 2112 1245 episcopus
2160 1171 2342 1225 factus
2391 1175 2500 1236 est,
2537 1173 2710 1242 atque
2760 1188 2911 1225 anno
2957 1171 3062 1225 973

1413 1282 1470 1321 ιν
1500 1265 1692 1320 Nonas
1729 1261 1873 1319 Julii
1917 1259 2080 1326 abiit,
2107 1260 2478 1331 episcopatus
2509 1258 2600 1314 sui
2630 1276 2783 1313 anno
2805 1261 2894 1324 50,
2926 1276 3059 1313 cum

1411 1371 1598 1410 annos
1621 1353 1688 1408 84
1713 1350 1972 1406 vixisset.
2005 1351 2087 1404 Ex
2126 1349 2233 1404 hoc
2283 1348 2564 1420 scriptore
2613 1365 2720 1403 sua
2752 1348 2806 1402 in
2839 1347 2968 1402 Vita
2999 1351 3056 1402 S.

1411 1440 1658 1498 Udalrici
1689 1440 2015 1496 hauserunt
2036 1437 2412 1493 Gebehardus
2441 1435 2750 1509 episcopus
2779 1439 3062 1510 Augustu-

1408 1547 1520 1586 nus
1551 1534 1608 1585 et
1635 1528 1831 1600 Augiaa
1870 1527 2073 1594 abbas,
2105 1526 2204 1598 qui
2250 1526 2305 1580 in
2339 1542 2406 1580 ea
2437 1524 2810 1580 elaborarunt
2839 1531 2900 1581 ut
2931 1542 3057 1597 quae

1407 1618 1624 1674 rustica
1655 1619 1908 1672 dictione
1935 1617 2006 1670 ab
2033 1631 2320 1688 anonymo
2347 1613 2510 1686 prius
2540 1631 2812 1687 expressa
2841 1619 3056 1681 essent,

1407 1731 1434 1758 «
1471 1724 1536 1764 se
1561 1707 1890 1780 elegantius
1935 1703 2288 1778 politiusque
2320 1703 2646 1775 composita
2675 1701 2870 1775 plures
2902 1703 3058 1758 oble-

1406 1800 1662 1864 ctarent;
1695 1799 1868 1868 atque
1898 1795 1979 1850 ita
2007 1797 2248 1867 egerunt
2275 1797 2341 1849 ut
2363 1793 2492 1848 fons
2526 1793 2650 1864 ipse
2682 1791 2930 1847 multum
2965 1809 3058 1846 nc-

1405 1883 1868 1959 gligeretur,imo
1888 1882 2110 1954 aliquot
2132 1881 2359 1938 smculis
2377 1882 3056 1960 nesciretur,usquedum

1402 1975 1641 2030 tandem
1689 1973 2050 2046 incognitum
2108 1971 2339 2044 reperit,
2373 1977 2546 2042 atque
2603 1970 2883 2026 litterario
2929 1971 3052 2025 orbi

1403 2062 1617 2120 obtulit
1647 2063 1874 2119 Marcus
1917 2061 2244 2128 Welserus;
2279 2076 2412 2116 nam
2449 2059 2498 2115 is
2529 2059 2753 2130 primus
2801 2057 2958 2112 illam
2993 2063 3048 2112 S.

1403 2149 1658 2208 Udalrici
1686 2149 1881 2206 Vitam
1914 2166 1945 2204 e
1974 2147 2232 2205 tenebris
2263 2147 2432 2213 eruit,
2456 2165 2523 2203 ac
2553 2146 2768 2219 publici
2794 2147 2947 2218 juris
2981 2147 3054 2202 fc-

1403 2241 1538 2296 cit.»
1563 2240 1721 2296 Idem
1751 2256 1884 2312 pag.
1917 2240 2024 2294 766
2056 2255 2068 2294 :
2099 2260 2120 2288 α
2155 2236 2414 2309 λΕᾳιιειιὶε
2445 2235 2739 2292 Dietmaro
2791 2236 2896 2290 fuit
2943 2236 3050 2292 Gc-

1402 2329 1665 2386 bhardus
1680 2330 2060 2402 Augustanus
2073 2325 2506 2401 episcopus,qui
2525 2342 2679 2381 anno
2700 2326 2835 2379 1000
2852 2325 3052 2380 sedere

1403 2417 1596 2492 coepit,
1629 2434 1695 2474 ac
1743 2416 2028 2474 novennia
2083 2414 2351 2472 Ecclesiae
2409 2415 2660 2488 przefuit.
2704 2414 2800 2470 Est
2855 2418 3050 2470 autem

1403 2507 1750 2566 Gebhardus
1806 2505 1922 2575 ille,
1955 2506 2054 2578 qui
2109 2503 2416 2562 ecclesiam
2464 2505 2523 2559 S.
2574 2504 2720 2558 Afrae
2768 2521 2802 2558 a
2852 2509 3052 2559 sancto

1405 2595 1672 2653 Udalrico
1698 2599 2076 2662 exstructam,
2101 2595 2202 2649 ubi
2223 2598 2281 2648 et
2312 2591 2542 2664 sepeliri
2565 2590 2842 2658 voluerat,
2868 2592 3053 2647 addu-

1405 2685 1516 2741 ctis
1563 2701 1630 2741 eo
1671 2689 1728 2738 S.
1753 2682 2046 2738 Benedicti
2091 2681 2416 2748 monachis,
2441 2681 2500 2734 in
2551 2679 2966 2736 monasterium
2999 2686 3056 2735 et

1407 2773 1705 2830 abbatiam
1738 2771 2036 2827 convertit.
2063 2775 2142 2827 De
2171 2770 2280 2826 hac
2323 2769 2594 2840 superius
2624 2769 2878 2824 diximus
2901 2770 3054 2840 quod

1407 2861 1608 2918 Vitam
1629 2861 1690 2916 S.
1714 2859 1986 2928 Udalrici,
2003 2876 2128 2932 quae
2156 2858 2228 2915 ab
2255 2859 2384 2930 ejus
2407 2857 2612 2930 aequali
2647 2857 2858 2912 rustice
2880 2862 3056 2930 atque

3174 726 3470 798 presserit,
3506 725 3587 781 uti
3637 731 3692 782 et
3719 744 3753 782 a
3778 727 4037 783 Bernone
4068 728 4344 800 Augiensi
4393 728 4604 785 abbate
4655 729 4834 802 paulo

3173 820 3301 886 post
3321 814 3540 870 factum
3562 816 3768 871 iterum
3793 816 4420 890 fuit.Scripsitquoque
4433 817 4834 874 BernoVitam

3170 906 3225 958 S.
3263 902 3580 975 Meginardi
3640 905 3895 978 episcopi
3954 911 4011 962 et
4064 907 4362 978 martyris,
4407 923 4585 980 quam
4646 907 4840 962 edidit

3169 991 3425 1046 Joannes
3450 992 3725 1047 Mabillon
3749 993 3970 1049 Seecula
4000 994 4073 1050 ιν
4095 995 4442 1050 Sanctorum
4465 996 4689 1052 ordinis
4711 997 4834 1052 divi

3173 1080 3460 1135 Benedicti
3497 1086 3651 1136 toma
3683 1083 3752 1152 II,
3785 1099 3916 1155 pag.
3947 1083 4018 1136 63
4049 1088 4104 1137 et
4133 1100 4298 1156 seqq.
4323 1084 4569 1140 Exstant
4592 1102 4837 1157 quoque

3171 1168 3322 1223 inter
3352 1187 3494 1225 mss.
3530 1170 3756 1226 codices
3800 1171 4233 1245 philosophicas
4279 1171 4646 1229 bibliothecae
4679 1175 4832 1229 Pau-

3170 1256 3298 1311 linae
3324 1258 3663 1330 Lipsiensis,
3690 1261 4032 1331 repositorio
4069 1260 4472 1333 philosophica
4507 1264 4557 1329 1,
4589 1263 4745 1318 serie
4776 1267 4834 1332 2,

3170 1347 3225 1399 in
3257 1347 3421 1401 libris
3464 1348 3893 1404 mathematicis
3925 1355 3979 1405 et
4015 1350 4425 1407 astronomicis
4452 1351 4511 1406 in
4542 1351 4702 1420 folio,
4735 1370 4836 1409 co-

3168 1435 3292 1490 dice
3318 1438 3387 1489 30
3416 1453 3426 1490 :
3455 1439 3718 1491 Bernonis
3751 1439 3963 1494 abbatis
3986 1439 4271 1508 Augiemis
4302 1439 4522 1496 libellus
4553 1444 4834 1498 amarius.

3169 1525 3416 1595 Ejusdem
3449 1527 3909 1597 Anh'phonarimn
3959 1532 4009 1582 cl
4058 1529 4282 1584 .‘llusira.
4325 1528 4534 1584 Codice
4563 1532 4626 1585 31
4658 1533 4838 1588 :Ber-

3167 1630 3272 1666 non
3283 1615 3326 1665 is
3357 1614 3577 1680 Musira,
3599 1617 3838 1670 Libellus
3865 1619 4134 1684 lanarius,
4160 1617 4510 1674 .llonochardi
4533 1635 4840 1687 mensura,-

3167 1701 3382 1773 quibus
3431 1703 3731 1774 opusculis
3777 1704 3833 1760 in
3879 1706 4104 1762 musica
4137 1715 4192 1762 et
4245 1712 4421 1762 cantu
4483 1706 4839 1765 excelluisse

3167 1795 3412 1856 Constat,
3441 1792 3567 1846 time
3596 1792 3938 1848 Joachimus
3976 1794 4232 1850 Fellarus
4264 1797 4322 1850 in
4359 1795 4635 1868 Catalogo
4681 1814 4835 1854 mss.

3166 1880 3434 1935 codicum
3469 1880 3827 1937 bibliotheca:
3877 1883 4130 1939 Paulina
4165 1883 4507 1957 Lipsiensis,
4535 1885 4838 1959 impresso

3165 1986 3294 2041 pag.
3320 1972 3424 2023 328
3452 1971 3618 2025 codd.
3643 1974 3712 2024 30
3740 1977 3795 2026 et
3817 1973 3878 2026 31
3909 1972 4184 2029 editionis
4217 1975 4375 2041 1686,
4402 1975 4611 2046 Lipsiae
4645 1975 4708 2030 in
4745 1977 4834 2031 16.

3160 2059 3356 2126 Agunt
3395 2059 3466 2113 de
3516 2059 3775 2115 Bernone
3825 2060 4034 2117 abbate
4081 2063 4383 2134 Augiensi,
4419 2063 4520 2135 qui
4573 2064 4837 2120 decessit

3161 2163 3314 2202 anno
3344 2148 3541 2219 gratio:
3579 2149 3734 2215 1015,
3758 2167 3834 2204 vn
3865 2150 4002 2205 ldus
4047 2149 4336 2218 Januarii,
4364 2168 4500 2207 cum
4531 2154 4836 2225 Augiense

3163 2237 3583 2291 monasterium
3634 2237 3805 2292 annis
3836 2240 3904 2292 39
3937 2239 4199 2305 rexisset,
4227 2239 4522 2296 Gerardus
4571 2242 4836 2299 Joannes

3159 2324 3404 2380 Vossius
3430 2325 3529 2379 lib.
3566 2343 3603 2380 ιι
3649 2327 3728 2382 De
3775 2327 4070 2383 historicis
4122 2328 4367 2398 Latinis,
4400 2347 4529 2402 cap.
4564 2332 4656 2397 44,
4693 2350 4833 2406 pag_

3163 2413 3305 2468 mihi
3337 2416 3461 2468 367.
3496 2415 3611 2486 Ego
3645 2415 3768 2487 ipse
3814 2417 3870 2470 in
3903 2415 4322 2489 Supplementa
4354 2417 4704 2476 Bellarmini
4755 2427 4836 2478 De

3161 2502 3546 2574 scriptoribus
3611 2505 4026 2561 ecclesiasticis
4088 2523 4242 2561 anno
4297 2507 4458 2576 1030,
4509 2525 4648 2581 pag.
4701 2512 4837 2567 327.

3163 2591 3513 2647 Guillelmus
3546 2596 3728 2648 Cavus
3763 2593 3819 2648 in
3855 2594 4108 2650 llistoria
4151 2595 4229 2650 rei
4282 2595 4581 2654 litterariae
4611 2599 4692 2655 ad
4721 2616 4838 2656 an-

3164 2698 3305 2736 num
3340 2683 3498 2749 1011,
3532 2699 3662 2754 pag.
3695 2684 3820 2738 599.
3853 2683 4139 2740 Antonius
4177 2684 4550 2754 Posscvinus,
4585 2692 4750 2744 toma
4787 2687 4834 2744 Ι.

3165 2773 3493 2843 Apparatus
3528 2772 3698 2838 sacri,
3732 2773 3904 2828 verba
3934 2773 4110 2830 Berno
4139 2774 4303 2830 abbas
4333 2778 4666 2846 Aegiensis.

2230 3199 2716 3293 NOTITIA
2778 3198 3476 3292 LITTERARIA
3543 3202 3993 3294 ALTERA

2142 3381 2497 3454 (Bernardus
2528 3378 2751 3447 Pezius,
2788 3379 3086 3435 Thesaurus
3116 3379 3336 3446 Anccd.,
3369 3384 3508 3437 tom.
3544 3380 3638 3449 IV,
3674 3381 3834 3438 Pral‘.
3870 3401 3925 3456 p.
3958 3391 4085 3453 vn.)

1476 3671 1559 3728 De
1584 3669 1706 3728 vita
1746 3672 1804 3725 et
1831 3667 2066 3740 scriptis
2115 3666 2397 3722 Bernonis
2447 3665 2676 3721 abbatis
2719 3665 3050 3738 Augiensis,
3085 3669 3128 3738 C
3167 3667 3308 3723 mini
3337 3667 3570 3733 habere,
3599 3667 3874 3738 quintum
3901 3668 4054 3724 diem
4086 3668 4454 3726 Dominicum
4489 3671 4836 3743 specialiter

1407 3775 1584 3832 quem
1607 3757 1942 3830 Bigebertus
1964 3754 2406 3812 Gemblaeensis
2428 3756 2485 3810 in
2508 3755 2752 3810 humana
2779 3760 2835 3811 ει
2866 3755 3058 3811 divina

1405 3849 1640 3906 scimttia
1675 3847 1938 3902 claruisse
1980 3845 2206 3912 scribit,
2237 3862 2408 3902 nemo
2451 3844 2784 3900 accuratius
2827 3844 3055 3917 elegan-

1407 3937 1597 3994 tiusve
1619 3935 1978 4008 egitJoanne
1999 3936 2194 4007 Egone
2213 3934 2273 3989 in
2301 3933 2447 3990 libro
2467 3933 2547 3990 De
2569 3933 2710 3989 viris
2731 3933 3056 3991 illustribus

1405 4025 1603 4099 Augize
1633 4023 1858 4092 Divitis,
1881 4028 2044 4097 parte
2078 4041 2141 4090 ιι,
2171 4040 2298 4096 cap.
2331 4026 2398 4077 27
2428 4023 2569 4095 (vide
2593 4024 2805 4095 supra).
2839 4023 2916 4079 Eo
2948 4024 3055 4078 ita-

1407 4132 1522 4189 que
1549 4113 1826 4172 lectorem
1867 4113 1967 4186 qui
2010 4113 2180 4186 plura
2228 4113 2300 4169 de
2347 4113 2629 4182 Bernone,
2662 4129 2814 4167 anno
2845 4112 3056 4168 Christi

1409 4205 1548 4260 1049
1585 4203 1883 4272 defuncto,
1916 4217 2090 4258 nosse
2133 4202 2316 4274 cupit,
2349 4201 2726 4258 remittimus.
2755 4201 2858 4256 Hic
2906 4202 3054 4256 dun-

1406 4296 1565 4350 taxat
1579 4293 1650 4348 de
1667 4293 1797 4363 ejus
1813 4290 2114 4364 opusculis
2131 4308 2287 4348 nunc
2307 4290 2566 4362 primum
2608 4289 2770 4362 prelo
2787 4289 3057 4346 commis-

1408 4379 1491 4438 sis
1539 4380 1945 4436 tractabimus.
1977 4381 2192 4436 Eorum
2249 4378 2505 4452 primum
2562 4384 2654 4436 est
2707 4378 3056 4451 inscriptum

1405 4469 1642 4526 Ariboni
1666 4468 2100 4542 archiepiscOpo
2123 4469 2485 4542 Moguntina,
2509 4469 2612 4540 qui
2640 4467 2906 4524 Ecclesiae
2937 4486 3054 4524 suae

1408 4559 1482 4614 ab
1503 4575 1658 4615 anno
1679 4558 1909 4614 circiter
1935 4559 2075 4612 1020
2094 4573 2282 4630 usque
2306 4557 2378 4613 ad
2403 4558 2534 4612 1031
2571 4557 2820 4630 praefuit,
2844 4562 2908 4611 ut
2932 4557 3054 4613 Nic.

1408 4647 1706 4705 Serrarius
1739 4647 1915 4705 tradit
1945 4647 2078 4702 Rer.
2111 4646 2464 4720 Maguntiac.
2492 4645 2593 4700 lib.
2627 4663 2683 4712 v,
2714 4662 2773 4718 p.
2793 4645 2921 4700 729.
2957 4646 3056 4701 Ar-

1408 4739 1755 4812 gumentum
1803 4735 1937 4792 libri
1986 4741 2110 4793 est:
2137 4737 2392 4807 Qualiter
2434 4735 2703 4792 Adventus
2747 4735 2970 4790 Domini
2995 4751 3056 4790 co

1407 4841 1554 4894 anno
1582 4826 1850 4894 celebrari
1893 4825 2085 4882 debeat
2112 4843 2220 4900 quo
2253 4826 2521 4881 Nativitas
2551 4825 2780 4880 Domini
2821 4824 3057 4880 seamda

1405 4917 1553 4987 [erat
1579 4915 1972 4979 evenerit.Qua
1997 4914 2070 4971 de
2100 4932 2160 4972 re
2185 4931 2301 4972 non
2332 4931 2452 4970 una
2479 4917 2604 4969 erat
2629 4917 2758 4968 tum
2789 4911 3056 4968 omnium

1411 5003 1702 5060 sententia
1731 5019 1798 5059 τι(
1821 5002 1896 5058 Ut
1937 5003 2120 5075 enim,
2150 5003 2346 5076 inquit
2387 5003 2572 5058 Berno
2623 5001 2695 5057 ad
2740 5001 3055 5058 Aribonem

1410 5107 1539 5163 cap.
1568 5092 1620 5159 1,
1651 5091 1935 5164 apertius,
1967 5093 2122 5149 unde
2167 5108 2521 5166 quaeramus,
2575 5107 2882 5165 agnoscas,
2922 5089 3058 5146 inti-

1412 5195 1666 5244 mamus,
1685 5179 1842 5250 quod
1871 5183 2068 5237 tamen
2107 5182 2234 5253 jam
2267 5181 2491 5236 dudum
2523 5184 2578 5236 te
2608 5179 2788 5236 latere
2815 5179 3062 5235 minime

1411 5265 1738 5324 credimus:
1754 5268 2216 5342 quotiescunque
2229 5269 2451 5326 Natalis
2472 5269 2697 5326 Domini
2719 5269 2777 5324 in
2801 5269 3062 5326 secunda

1412 5355 1578 5423 feria,
1599 5353 1757 5411 velut
1784 5354 1846 5410 in
1877 5357 2147 5426 praesenti
2175 5375 2352 5425 anno,
2382 5358 2656 5427 evenerit,
2689 5375 2940 5431 magnus
2969 5375 3062 5414 cr-

1411 5463 1511 5503 ror
1539 5459 1644 5518 per
1670 5443 1961 5500 Ecclesiae
2003 5445 2104 5500 Dei
2135 5463 2198 5502 se
2241 5446 2516 5513 infundit,
2549 5445 2680 5504 aliis
2711 5447 3060 5504 dicentibus

1413 5553 1528 5592 non
1552 5532 1764 5588 debere
1783 5531 1916 5604 plus
1939 5551 2114 5605 quam
2135 5538 2388 5606 quatuor
2407 5533 2532 5589 dies
2561 5535 2894 5592 Dominicas
2923 5553 3058 5593 cum

1410 5625 1542 5700 ipsa
1571 5619 1974 5680 sacratissima
2003 5621 2319 5678 Dominicas
2341 5621 2670 5679 Nativitatis
2693 5624 2890 5697 vigilia
2910 5625 3058 5681 cele-

1412 5713 1598 5792 brari;
1649 5709 1782 5769 aliis
1831 5727 1963 5768 vero
1994 5728 2024 5769 e
2055 5711 2292 5786 regione
2339 5711 2823 5769 contendentibus
2871 5715 3060 5787 magis

1415 5805 1681 5878 oportere
1701 5804 1954 5874 quatuor
1971 5801 2176 5877 plenas
2195 5801 2596 5860 hebdomadas
2609 5801 2936 5858 Adventum
2955 5803 3064 5859 Do-

3163 3756 3373 3828 vigilia:
3405 3755 3634 3811 Domini
3661 3755 3997 3812 dedicantes
4030 3776 4043 3813 :
4079 3757 4310 3815 nullum
4339 3758 4526 3827 aliud,
4559 3765 4632 3815 ut
4659 3761 4830 3818 inve-

3163 3846 3380 3916 stigare
3407 3844 3726 3916 potuimus,
3749 3845 4105 3904 defensionis
4134 3865 4254 3902 suae
4281 3853 4714 3920 argumentum
4743 3851 4838 3907 vel

3165 3934 3452 3990 rationem
3482 3933 3782 4001 habentes,
3813 3934 3926 3990 nisi
3959 3940 4024 3991 ut
4047 3935 4148 3991 illa
4175 3940 4433 4008 quatuor
4461 3938 4838 4012 afficia,quze

3167 4023 3225 4078 in
3257 4021 3699 4079 nocturnalibus
3728 4023 4170 4096 Antiphonariis
4201 4025 4604 4094 inveniuntur,
4637 4029 4728 4084 vel
4763 4029 4844 4085 le-

3165 4111 3388 4168 ctiones
3407 4116 3744 4167 sanctorum
3763 4111 4211 4184 Evangeliorum
4230 4131 4334 4170 nec
4353 4131 4468 4171 non
4489 4119 4550 4171 et
4562 4118 4840 4188 Apostoii

3165 4199 3396 4274 plenius
3435 4199 3890 4272 adimpleantur.
3915 4225 3944 4250 ››
3969 4203 4154 4258 Berno
4203 4203 4384 4275 priori
4430 4205 4746 4262 sententia
4777 4206 4838 4263 in

3165 4289 3275 4345 hac
3293 4289 3575 4361 opusculo
3593 4289 3832 4358 accedit,
3849 4307 4097 4362 eamque
4113 4293 4465 4348 auctoritate
4477 4292 4842 4352 celebrium-

3166 4394 3280 4450 que
3326 4376 3714 4434 Ecclesiarum
3761 4380 4186 4436 consuetudine
4215 4382 4546 4437 conﬁrmat.
4580 4383 4840 4457 Egregia

3165 4471 3306 4522 sunt
3333 4483 3399 4523 ea
3429 4467 3647 4539 quibus
3686 4467 3892 4538 capitis
3917 4469 4158 4526 secundi
4191 4469 4658 4542 disputationem
4689 4489 4838 4529 eon—

3165 4554 3351 4611 cludit
3384 4570 3397 4609 :
3425 4577 3453 4606 «
3475 4555 3641 4611 Hunc
3674 4573 3916 4624 morem,
3943 4557 4154 4629 inquit,
4177 4563 4294 4614 tota
4325 4575 4492 4630 pene,
4515 4563 4586 4614 ut
4616 4560 4836 4628 fertur,

3165 4644 3435 4701 observat
3465 4644 3649 4700 Gallia
3679 4660 3745 4700 ac
3791 4645 3919 4716 ipsa
3959 4645 4162 4703 civitas
4208 4647 4492 4716 Romana,
4519 4651 4834 4719 quondam

3167 4735 3372 4789 mundi
3413 4734 3674 4802 domina,
3706 4739 3773 4791 ut
3819 4752 3924 4808 per
3969 4735 4381 4794 veracissimos
4423 4737 4735 4810 relaturos,
4765 4759 4836 4798 ac

3167 4824 3452 4896 praecipue
3483 4829 3694 4880 sanctae
3724 4825 4142 4881 recordationis
4172 4825 4565 4884 Adalboldum
4595 4829 4836 4901 episeo-

3166 4930 3328 4985 pum,
3361 4912 3463 4986 qui
3495 4912 3730 4985 scriptis
3775 4913 3992 4970 nostris
4040 4913 4334 4986 pulsatus,
4369 4917 4562 4972 Roma:
4592 4918 4837 4990 positus

3168 5002 3276 5058 hoc
3323 5001 3647 5074 requisivit,
3681 5001 4026 5069 didicimus,
4049 5005 4322 5075 quamvis
4367 5009 4590 5077 postea,
4629 5009 4837 5065 nescio

3169 5108 3286 5163 qua
3315 5091 3388 5146 de
3412 5107 3610 5147 causa.
3642 5089 3813 5147 aliter
3855 5097 4112 5164 agerent,
4139 5093 4475 5150 Placentina
4503 5099 4736 5162 tamen,
4773 5103 4840 5153 ut

3168 5179 3292 5252 ipse
3323 5197 3428 5253 ego
3459 5180 3663 5236 eodem
3695 5180 3755 5235 in
3785 5185 4045 5254 tempore
4071 5187 4130 5238 et
4160 5183 4452 5239 audiendo
4481 5188 4540 5239 et
4569 5185 4838 5242 videndo

3168 5269 3430 5342 cognovi,
3453 5269 3702 5340 aliisque
3732 5269 3907 5326 Italia
3937 5269 4272 5327 civitatibus
4296 5273 4552 5344 antiquae
4583 5272 4840 5331 institu-

3167 5357 3344 5415 tionis
3366 5357 3627 5432 regulam
3655 5358 4043 5414 servantibus.
4069 5360 4179 5416 Sed
4204 5363 4261 5416 et
4280 5361 4464 5418 abbas
4483 5360 4836 5435 Herigerus,

3167 5447 3257 5502 vir
3285 5464 3402 5502 non
3429 5464 3616 5519 parvae
3642 5445 4007 5503 auctoritatis
4034 5448 4250 5504 nostris
4275 5449 4668 5522 temporibus,
4693 5469 4839 5524 pro-

3168 5537 3362 5608 prium
3394 5552 3572 5608 super
3601 5534 3710 5591 hac
3743 5552 3800 5590 re
3831 5534 4094 5592 libellum
4121 5538 4470 5610 composuit,
4503 5538 4565 5594 in
4595 5556 4746 5611 quo,
4773 5549 4840 5598 ut

3167 5629 3440 5682 asserunt
3459 5625 3560 5696 qui
3580 5623 3747 5679 illum
3769 5624 4055 5696 legerunt,
4071 5626 4433 5697 probabilius
4453 5632 4836 5699 argumentis

3167 5731 3267 5771 eos
3287 5713 3578 5770 convincit
3593 5717 3794 5769 contra
3811 5715 4046 5770 Patrum
4067 5715 4340 5774 instituta
4354 5733 4545 5790 agere,
4561 5718 4670 5788 qui
4693 5719 4839 5791 plus

3169 5820 3349 5876 quam
3371 5807 3623 5877 quatuor
3641 5802 3975 5862 Dominicas
4003 5804 4128 5862 dies
4146 5806 4444 5864 Adventus
4465 5806 4710 5864 Domini
4733 5825 4842 5867 oe-
