4984 6396
738 441 902 503 1053

2143 433 2751 500 PROLEGOMENA.

3983 434 4141 501 1051

732 576 974 635 lebrare
1021 574 1403 633 contendunt.
1440 596 1462 625 ι
1515 572 1873 630 Adalbolbus
1929 571 2023 627 hic
2066 588 2100 627 a
2136 572 2392 627 Bernone
2419 570 2476 638 Α
2505 573 2720 629 nianaa:
2755 594 2785 624 «
2808 572 2887 629 De
2908 571 3126 629 incerto
3157 576 3354 629 autem
3376 571 3602 646 jejunio
3622 573 3879 639 Quatuor
3896 578 4139 650 Tempo-

733 668 1025 724 laudatus
1055 665 1183 722 sine
1213 665 1391 721 dubio
1424 663 1667 720 celebris
1697 662 1796 718 ille
1817 661 2125 733 episcopus
2144 660 2392 731 Ultraje—

734 756 970 814 ctensis
985 760 1094 824 est,
1115 754 1285 825 cujus
1303 752 1649 826 opusculum
1672 756 1749 806 De
1769 750 2155 807 crassitudine
2171 749 2395 822 sphera:

734 850 894 902 tom.
930 844 1028 912 Ill,
1061 846 1224 916 parte
1270 859 1332 910 ιι,
1366 841 1660 898 edidimus
1689 842 1985 910 (Patrolog.
2019 844 2060 894 t.
2093 838 2392 905 CXXXIX).

733 935 929 991 Porro
945 931 1205 1006 Herigeri
1230 930 1457 988 abbatis
1489 929 1833 986 Laubiensis
1865 930 1935 985 de
1965 927 2235 1001 praesenti
2267 944 2396 982 con-
2424 979 2429 982 .

735 1022 1035 1079 troversia
1063 1018 1323 1087 libellus,
1354 1036 1388 1074 a
1417 1018 1578 1073 nullo
1618 1019 1773 1090 quod
1806 1017 2061 1073 sciamus
2090 1016 2396 1087 hucusque

736 1112 1134 1177 memoratus,
1150 1108 1382 1180 penitus
1399 1107 1681 1163 excidisse
1699 1106 1940 1161 videtur.
1961 1103 2240 1160 Bernonis
2262 1121 2399 1175 opu-

736 1199 985 1259 sculum
1008 1196 1275 1270 sequitur
1302 1197 1634 1267 Rescriptum
1665 1194 1935 1251 Aribonis
1956 1192 2395 1264 archiepiscopi,

734 1291 807 1347 in
844 1304 964 1361 quo
995 1288 1128 1344 bene
1153 1294 1205 1342 et
1229 1285 1523 1357 artiﬁciose
1565 1286 1822 1351 inventis,
1852 1285 2049 1355 optime
2101 1282 2392 1354 dispositis,

733 1378 990 1453 facunde
1008 1377 1251 1441 elocutis,
1284 1378 1339 1429 et
1362 1381 1630 1446 postremo
1657 1373 1823 1444 ﬁrma
1862 1373 2127 1427 memoria
2149 1386 2396 1442 pronun-

739 1469 931 1533 tiatis,
964 1482 1034 1522 ex
1062 1466 1251 1521 animo
1278 1467 1425 1537 favet
1451 1463 1715 1518 Bernonis
1745 1462 2085 1529 tractatibus,
2118 1464 2172 1515 et
2215 1461 2265 1513 si
2292 1475 2400 1531 qua

738 1558 855 1613 illa
886 1561 963 1612 est
987 1554 1339 1627 pontiﬁcatus
1377 1552 1591 1607 tantilli
1637 1551 1948 1617 auctoritas,
1982 1550 2119 1621 ejus,
2148 1550 2289 1603 sicut
2314 1564 2401 1603 ro-

737 1647 924 1716 gavit,
951 1658 1182 1700 manum
1209 1643 1288 1698 eis
1312 1643 1561 1713 imponit.
1584 1639 1781 1695 Prodit
1808 1637 2157 1711 opusculum
2188 1654 2256 1693 ex
2283 1653 2395 1691 ms.

739 1734 886 1791 cod.
913 1731 1114 1805 inclyti
1144 1729 1481 1787 monasterii
1503 1730 1561 1785 S.
1584 1726 1999 1784 Emmerammi
2022 1726 2401 1782 Ratisbonen-

739 1822 837 1879 eis
858 1821 919 1876 in
942 1822 1414 1892 4,sexcentorum
1444 1817 1929 1874 annorum.ldem
1958 1815 2214 1871 vidimus
2234 1815 2293 1870 in
2316 1831 2400 1870 ec-

2502 678 2632 717 rum
2681 662 2832 717 hanc
2881 661 3291 718 certitudinem
3341 662 3658 719 statuimus
3692 666 3762 719 ut
3796 664 3847 720 si
3875 664 4141 723 Kalendas

2501 749 2690 806 Martii
2716 750 2773 805 in
2800 755 3005 822 quarta
3037 750 3178 806 feria
3214 750 3332 806 sive
3380 755 3552 807 antea
3593 751 3906 821 evenerint,
3938 754 4141 810 eadem

2502 839 2865 895 hebdomade
2883 840 3178 911 jejunium
3210 841 3550 896 celebretur.
3564 841 3621 896 Si
3647 844 3842 897 autem
3872 842 4142 899 Kalendas

2505 928 2693 983 Martii
2714 928 2771 982 in
2791 929 3055 1000 quintam
3086 929 3291 985 feriam
3319 933 3420 985 aut
3448 934 3671 986 sextam
3703 935 3804 986 aut
3822 932 4142 990 Sabbatum

2504 1016 2937 1086 distenduntur,
2953 1018 3010 1072 in
3031 1023 3369 1090 sequentem
3397 1018 3825 1076 hebdomadam
3846 1021 4144 1093 jejunium

2504 1106 2821 1162 differatur.
2847 1105 3033 1162 Simili
3066 1122 3297 1179 quoque
3321 1109 3495 1163 modo
3524 1110 3573 1165 si
3606 1109 3873 1165 Kalendae
3902 1110 4060 1167 Junii
4084 1112 4144 1168 in

2505 1199 2771 1266 quartam
2806 1195 3006 1251 feriam
3030 1201 3131 1251 aut
3150 1200 3317 1252 antea
3347 1197 3660 1265 evenerint,
3675 1198 3735 1252 in
3754 1198 4146 1273 subsequente

2503 1283 2869 1339 hebdomade
2902 1284 3196 1356 jejunium
3243 1285 3581 1342 celebretur.
3615 1287 3682 1341 Et
3708 1287 3759 1342 si
3784 1287 3842 1342 in
3874 1287 4143 1360 quintam

2505 1372 2708 1428 feriam
2741 1376 2842 1428 aut
2872 1377 3093 1429 sextam
3125 1377 3226 1430 aut
3268 1374 3587 1430 Sabbatum
3636 1375 3960 1449 contigerit,
3984 1379 4143 1450 jeju-

2506 1461 2669 1516 nium
2699 1462 2758 1516 in
2789 1462 3018 1517 tertiam
3068 1462 3497 1519 hebdomadam
3546 1467 3889 1521 reservetur.
3918 1466 3989 1521 Et
4031 1466 4143 1523 hoc

2507 1551 2807 1605 sciendum
2826 1553 2914 1606 est
2933 1552 3087 1622 quod
3104 1551 3153 1606 si
3176 1553 3408 1623 quando
3423 1552 3717 1624 jejunium
3740 1554 3958 1610 mensis
3978 1554 4142 1611 Junii

2506 1638 2564 1693 in
2585 1639 2781 1712 vigilia
2803 1638 3166 1697 Pentecostes
3189 1640 3511 1696 secundum
3529 1641 3863 1714 praedictam
3880 1643 4142 1715 regulam

2507 1727 2775 1795 evenerit,
2829 1745 2945 1783 non
3002 1728 3082 1784 ibi
3132 1728 3545 1785 celebrandum
3604 1730 3733 1797 erit,
3764 1731 3865 1786 sed
3909 1731 3971 1787 in
4017 1730 4149 1804 ipsa

2506 1816 2874 1873 hebdomade
2927 1816 3173 1873 solemni
3205 1817 3590 1883 Pentecostes,
3623 1839 3653 1867 »
3677 1822 3785 1874 etc.
3817 1821 3951 1885 Qum
3981 1819 4148 1892 ipsis-

738 1909 945 1967 clesim
963 1907 1313 1965 cathedralis
1328 1906 1718 1979 Frisingensis
1749 1904 2125 1961 membraneo
2154 1902 2399 2002 volumi-
2433 1936 2480 2002 Β
2512 1905 2664 1961 sima
2687 1905 2968 2002 Bernonis
2989 1906 3175 1961 nostri
3194 1906 3304 1962 hac
3323 1906 3394 1961 de
3412 1923 3475 1962 re
3495 1906 3758 2002 doctrina
3776 1910 3865 1964 est
3881 1911 4001 1965 toto
4030 1909 4149 1965 fere

736 2015 848 2065 ne,
866 1998 1040 2069 cujus
1057 1996 1422 2053 characteres
1453 1998 1680 2050 atatem
1704 1993 1979 2050 Bernonis
2003 1991 2236 2064 assequi
2254 1992 2405 2047 vide-

735 2087 990 2145 bantur.

824 2174 1092 2230 Alterum
1124 2173 1407 2229 Bernonis
1437 2171 1665 2228 abbatis
1686 2170 2056 2243 opusculum,
2074 2170 2226 2242 quod
2250 2185 2405 2225 nunc

2512 1993 2814 2065 opusculo,
2839 1995 3159 2066 prmsertim
3182 2011 3308 2068 cap.
3335 1995 3386 2062 4,
3412 1996 3565 2067 quod
3586 1992 3734 2052 vide.
3758 1995 3875 2052 Hoc
3895 2013 4149 2069 opuscu-

2510 2081 2633 2139 lum
2665 2100 2731 2138 ex
2761 2086 3091 2154 pervetusto
3129 2082 3324 2140 codice
3368 2085 3744 2141 membraneo
3789 2085 4147 2142 celeberrimi

2512 2172 2849 2227 monasterii
2884 2171 3403 2228 Benedictoburani
3434 2173 3724 2245 excepi,in
3755 2173 4047 2230 calamum
4070 2174 4151 2229 di-

2511 2264 2702 2315 ctante
2761 2260 3158 2317 eruditissimo
3215 2265 3270 2316 et
3314 2261 3672 2317 amicissimo
3727 2262 3893 2317 Patre
3946 2260 4147 2319 Carolo

739 2264 934 2338 primi
953 2261 1081 2319 luce
1107 2263 1416 2327 donamus,
1432 2259 1845 2316 inscribiturin
1865 2275 1998 2314 mox
2015 2258 2187 2314 citato
2209 2258 2404 2314 codice

740 2351 958 2410 Sancti
990 2348 1515 2406 Emmerammensi
1550 2365 1562 2402 :
1596 2349 1754 2405 Ratio
1810 2348 2081 2419 generalis
2135 2347 2201 2402 de
2242 2348 2404 2403 initio

738 2442 1021 2498 adventus
1051 2440 1274 2495 Domini
1299 2436 1590 2494 secundum
1630 2438 2005 2492 auctoritatem
2053 2436 2260 2490 Hilarii
2285 2437 2403 2507 epi-

739 2532 932 2602 scopi,
954 2527 1187 2585 tametsi
1205 2543 1377 2584 nemo
1396 2530 1655 2582 veterum
1688 2524 2141 2581 recentiorumve
2160 2522 2402 2595 scripto-

739 2635 893 2675 rum
925 2618 1036 2674 sub
1051 2617 1161 2673 hoc
1177 2615 1347 2672 titulo
1378 2615 1547 2671 istius
1574 2608 2176 2669 commentatiunculae
2190 2612 2403 2667 Berno-

739 2706 948 2763 nianaa
980 2704 1332 2762 meminerit.
1366 2705 1563 2760 Tenue
1606 2702 1843 2775 quidem
1896 2701 2005 2755 hoc
2052 2700 2401 2773 opusculum

734 2799 864 2864 est,
899 2795 1022 2863 sed,
1054 2798 1121 2851 ut
1166 2809 1492 2868 speramus,
1540 2791 1682 2848 viris
1735 2788 2000 2855 eruditis,
2045 2789 2275 2845 duabus
2333 2788 2403 2846 de

735 2884 955 2943 causis
985 2882 1408 2957 gratissimum.
1443 2881 1635 2937 Primo
1672 2880 1831 2936 enim
1879 2878 2130 2951 excerpit
2183 2877 2401 2934 librum

732 2969 1736 3049 0/ﬁciorumS.Hilarii,gloriosi
1762 2968 2043 3025 Ecclesia
2072 2967 2335 3023 auctoris
2348 2973 2404 3023 et

730 3063 1019 3123 doctoris
1037 3060 1266 3130 eximii,
1282 3059 1340 3115 id
1363 3063 1453 3116 est
1472 3058 1729 3131 episcopi
1748 3055 1907 3113 illius
1928 3054 2289 3112 celeberrimi
2310 3054 2399 3110 Pi-

729 3150 1273 3221 ctaviensis,cujus
1296 3152 1489 3205 tamen
1520 3146 1652 3202 libri
1686 3145 1849 3202 nulla
1874 3144 2027 3217 apud
2051 3144 2400 3218 scriptorum
2507 3146 2584 3201 De
2612 3146 2989 3201 instrumentis
3016 3148 3244 3204 musicae
3272 3148 3367 3203 lib.
3400 3149 3445 3209 Ι.
3478 3149 3648 3219 cujus
3678 3147 3911 3204 initium
3935 3167 3950 3205 :
3972 3151 4149 3206 Musi-

727 3239 1287 3300 ecclesiasticorum
1309 3235 1771 3294 nomenclatores
1802 3232 2083 3291 memoria
2112 3238 2395 3306 superest.
2437 3297 2471 3306 _
2507 3248 2627 3288 eam
2672 3250 2783 3289 non
2827 3250 2939 3295 esse
2985 3241 3211 3291 contem.
3244 3232 3311 3290 Et
3371 3238 3446 3292 De
3486 3252 3741 3292 mensura
3796 3238 4149 3295 monochordi

726 3297 974 3391 beinde
990 3327 1163 3402 paulo
1181 3330 1315 3384 ante
1328 3327 1502 3383 finem
1521 3297 2399 3382 novamnobisAurelianensem
2429 3297 2472 3365 (ἶ
2510 3322 2606 3377 lib.
2637 3325 2687 3391 ι,
2720 3322 2889 3394 cujus
2934 3321 3163 3379 nullum
3209 3323 3510 3380 exordium
3539 3324 3760 3381 recitat.
3794 3322 3873 3381 Ex
3902 3324 3993 3382 his
4025 3326 4146 3405 pri-

722 3418 1062 3493 :gnodum,
1085 3418 1147 3473 in
1178 3433 1295 3489 qua
1324 3416 1396 3472 de
1423 3414 1682 3489 legitimo
1708 3414 2033 3470 Adventum
2065 3411 2291 3468 Domini
2312 3411 2399 3467 in-
2508 3425 2636 3467 mos
2679 3410 2828 3468 duos
2877 3410 3103 3468 libellos
3134 3415 3191 3468 et
3218 3411 3492 3469 ultimum
3524 3429 3709 3469 unum
3751 3428 3992 3486 prorsus
4016 3430 4146 3471 esse

726 3504 1006 3565 choandi
1039 3504 1155 3560 ritu
1185 3507 1379 3560 actum
1412 3505 1509 3569 sit,
1539 3500 1805 3567 recludit,
1838 3501 2008 3572 cujus
2038 3497 2216 3565 nulla,
2243 3497 2397 3569 quod
2506 3498 2779 3572 idemque
2809 3516 2956 3572 opus
2975 3499 3346 3558 vehementer
3373 3501 3659 3575 suspicor.
3690 3502 3854 3558 Certe
3881 3502 4147 3575 Sigeber-

2504 3590 2601 3643 tus
2632 3588 3068 3646 Gemblacensis
3097 3588 3177 3645 De
3208 3591 3593 3663 scriptoribus
3622 3590 3826 3648 eccles.
3860 3608 3986 3665 cap.
4019 3592 4144 3662 156,

2511 2346 2973 2416 Meicbelbeckio,
3007 2349 3100 2404 cui
3132 2349 3333 2405 multis
3364 2348 3551 2405 titulis
3574 2342 3579 2345 ⁷
3600 2353 3799 2405 noster
3848 2351 4147 2407 Thesaurus

2511 2436 2824 2493 obstrictus
2856 2442 2966 2494 est.
3006 2437 3163 2493 Idem
3195 2442 3395 2509 postea
3422 2438 3595 2493 etiam
3624 2437 3816 2494 inveni
3845 2438 3906 2493 in
3951 2438 4149 2496 codice

2510 2523 2829 2597 imperialis
2862 2526 3196 2582 monasterii
3229 2526 3297 2582 ad
3332 2527 3389 2583 S.
3418 2527 3937 2594 Emmerammum,
3968 2544 4149 2600 supra

2511 2612 2785 2678 citato,ex
2816 2630 2929 2686 quo
2959 2613 3399 2687 prologum,qui
3421 2614 3481 2670 in
3505 2614 3699 2671 codice
3730 2615 4146 2673 Benedictobu-

2510 2718 2651 2757 rano
2683 2702 3142 2768 desiderabatur,
3174 2702 3456 2775 supplevi.

2580 2789 3242 2848 JohannesTrithemius
3255 2792 3332 2849 De
3345 2791 4149 2865 scriptoribusecclesiasticis

2510 2893 2637 2950 cap.
2670 2877 2764 2934 3H
2801 2879 2914 2934 tria
2944 2880 3189 2936 Bernoni
3215 2894 3390 2952 Opera
3417 2879 3623 2937 tribuit
3650 2881 3863 2954 quibus
3885 2881 4149 2939 musicen

2509 2965 2837 3036 illustrarit,
2895 2967 3163 3024 videlicet
3217 2969 3282 3025 de
3334 2970 3537 3026 Musica
3589 2987 3684 3027 seu
3743 2971 3901 3027 Tonis
3950 2971 4047 3027 lib.
4077 2971 4146 3040 II,

2510 3071 2757 3128 quorum
2790 3056 3017 3128 primus
3048 3056 3288 3129 incipiat
3314 3074 3326 3113 :
3353 3058 3547 3115 Omnis
3565 3061 3742 3128 igitur
3758 3060 4028 3131 regularis
4045 3060 4146 3120 H0.

724 3593 1027 3667 equidem
1048 3593 1252 3661 sciam,
1276 3592 1428 3665 apud
1452 3590 1829 3649 conciliorum
1852 3592 1908 3645 et
1919 3588 2272 3661 synodorum
2286 3586 2399 3642 col-

723 3687 998 3743 lectores
1024 3683 1245 3739 mentio
1264 3681 1547 3753 injicitur.
1578 3679 1733 3735 Adeo
1761 3677 1906 3734 nihil
1939 3676 2105 3733 facile
2128 3678 2395 3747 antiquo-

723 3790 883 3832 rum
916 3775 1429 3829 monumentorum
1463 3768 1857 3842 spernendum
1887 3771 1994 3823 est.

818 3861 1049 3935 Dialogi
1079 3866 1164 3918 De
1192 3865 1464 3932 Quatuor
1506 3862 1853 3930 Temporum
1884 3856 2164 3930 jejuniis,
2195 3858 2330 3918 etc.,
2361 3870 2397 3909 a

721 3957 1013 4012 Bernone
1052 3949 1291 4006 Ariboni
1333 3946 1765 4020 archiepiscopo
1797 3944 2163 4017 Moguntiaco
2194 3942 2393 4010 dicati,

720 4043 1165 4115 argumentum
1180 4038 1274 4094 his
1291 4036 1482 4093 verbis
1513 4035 1851 4109 Sigebertus
1882 4031 2316 4090 Gemblacensis
2332 4030 2391 4086 in

719 4131 896 4189 libro
924 4128 1005 4185 De
1055 4126 1439 4199 scriptoribus
1482 4123 1711 4191 eccles.,
1744 4139 1870 4195 cap.
1903 4122 2026 4189 456,
2056 4120 2393 4193 complexus

718 4224 833 4280 est
866 4237 881 4275 :
915 4241 943 4268 ‹‹
977 4218 1088 4275 Sed
1116 4233 1231 4272 non
1264 4214 1598 4289 prraeteribo
1629 4212 1780 4285 quod
1814 4210 2049 4281 scripsit
2069 4209 2298 4281 (Berno)
2321 4209 2392 4264 de

711 4307 985 4386 jejuniis
1015 4308 1275 4373 Quatuor
1304 4302 1766 4376 Temporum,de
1781 4300 2010 4386 quibus
2029 4297 2390 4386 celebrandis

718 4384 834 4459 est
875 4397 1031 4452 inter
1082 4394 1302 4451 multos
1358 4389 1741 4455 dissonantia,
1772 4388 1913 4443 dum
1944 4385 2040 4441 alii
2068 4384 2389 4440 secundum

715 4484 1271 4547 considerationem
1301 4487 1655 4553 temporum,
1676 4477 1749 4533 ad
1770 4474 2065 4549 jejunium
2092 4476 2309 4545 quartae
2331 4476 2390 4528 et

715 4579 920 4636 sexta
948 4573 1104 4629 feriae
1135 4570 1434 4644 accipiunt
1460 4568 1585 4623 dies
1626 4563 1944 4631 Februarii,
1976 4563 2065 4617 vel
2111 4561 2266 4630 Maii,
2298 4560 2387 4616 vel

2505 3677 2586 3731 ita
2605 3678 2676 3733 de
2696 3678 2946 3734 inventis
2964 3678 3206 3735 musicis
3228 3680 3507 3736 Bernonis
3535 3679 3813 3753 loquitur,
3830 3684 3895 3736 ut
3921 3697 3990 3737 ex
4018 3682 4147 3753 ejus

2501 3766 2693 3822 verbis
2726 3767 2858 3839 quis
2880 3783 3028 3840 aegre
3059 3767 3228 3840 plura
3256 3770 3519 3840 ejusdem
3543 3770 3615 3825 de
3634 3768 3728 3825 his
3757 3769 4040 3842 opuscula
4058 3787 4149 3826 ex-

2502 3854 2711 3909 tundat
2742 3871 2756 3910 :
2792 3875 2820 3904 «
2852 3856 3129 3912 Praetereo
3170 3872 3258 3920 ea.
3290 3856 3485 3928 inquit
3527 3856 3883 3930 Sigebertus,
3913 3874 4040 3929 qua
4071 3858 4149 3925 de,

2501 3941 2761 3997 humana
2816 3942 3058 3997 scientia
3107 3943 3359 4014 scripsit,
3392 3944 3449 3997 in
3500 3944 3713 4015 quibus
3763 3942 3980 3999 eminet
4032 3944 4142 4000 hoc

2502 4029 2655 4101 quod
2675 4030 2732 4084 in
2753 4034 2873 4086 arte
2897 4030 3122 4086 musica
3151 4030 3494 4103 praepollens
3525 4031 3596 4086 de
3625 4029 3842 4102 regulis
3873 4031 4145 4103 sympho-

2501 4117 2731 4173 niarum
2772 4122 2830 4173 et
2878 4122 3147 4175 tonorum
3195 4119 3452 4191 scripsit,
3496 4122 3554 4173 et
3597 4118 3749 4191 quod
3794 4118 3853 4174 in
3902 4135 4143 4176 mensu-

2500 4205 2681 4260 rando
2762 4205 3151 4262 monochordo
3205 4205 3360 4261 ultra
3446 4204 3707 4279 regulam
3777 4206 3977 4275 Boetii,
4036 4209 4138 4264 sed

2498 4310 2741 4349 assensu
2773 4294 3016 4350 minoris
3046 4294 3239 4350 Boetio
3283 4293 3566 4350 Guidonis
3610 4295 3923 4367 supposuit
3952 4313 4137 4353 unum

2496 4385 2702 4438 tonum
2732 4382 3377 4455 tetrachordohypaton,
3412 4386 3486 4447 et,
3520 4386 3722 4438 contra
3780 4399 3954 4439 usum
4013 4400 4136 4440 ma-

2489 4470 2709 4541 jorum,
2743 4470 2801 4525 in
2830 4470 2955 4542 ipso
2997 4470 3573 4543 tetrachordohypato
3622 4470 3867 4526 inseruit
3917 4470 4137 4529 utiliter

2496 4575 2936 4632 synemmenon.
2973 4581 3000 4609 »
3031 4560 3143 4615 Nec
3192 4558 3307 4614 nisi
3358 4559 3430 4614 de
3468 4575 3584 4614 uno
3613 4559 3684 4615 de
3715 4560 3941 4616 musica
3964 4577 4135 4632 opere

714 4662 1198 4739 Septembris,et
1218 4659 1471 4716 Sabbato
1501 4657 1561 4712 in
1592 4654 1871 4711 Kalendis
1893 4651 2264 4725 proveniente
2279 4654 2388 4704 ter-
2414 4666 2464 4731 D
2497 4647 2776 4739 Sermonis
2833 4648 2957 4739 agit
3001 4650 3340 4739 Anon‘ymus
3393 4645 3749 4739 Mellicensis‘
3794 4647 3866 4739 de
3922 4647 4131 4739 script.

713 4756 971 4817 minant
1012 4751 1350 4825 jejunium;
1398 4747 1495 4804 alii
1552 4761 1686 4801 vero
1744 4743 1870 4799 sine
1922 4739 2382 4796 consideratione

708 4855 1071 4918 temporum
1118 4857 1235 4896 non
1277 4839 1551 4910 jejunant
1579 4832 1695 4889 nisi
1728 4835 1937 4904 quarta
1967 4833 2025 4883 et
2054 4831 2215 4918 sexta
2242 4826 2386 4918 feria

696 4914 944 5014 jejunii
975 4947 1113 4988 cum
1141 4929 1269 5003 ipso
1316 4926 1568 5014 Sabbato
1600 4916 2262 5014 in-MartioavelJunio,
2293 4914 2383 5014 vel

705 5004 969 5086 batobri
991 5017 1349 5093 proveniant.
1365 5015 1440 5069 Et’
1463 5012 1639 5069 talem
1653 5006 1962 5082 jejunandi
1984 5004 2161 5060 ritum
2185 5005 2380 5093 aucto-

704 5114 921 5175 rizant
978 5092 1170 5175 multi,
1207 5110 1264 5162 et
1322 5102 1570 5158 maxime
1623 5099 1937 5162 Teutones,
1966 5094 2061 5149 his
2103 5092 2380 5148 Bernonis

703 5200 991 5275 scriptis.
1027 5221 1055 5248 »
1086 5198 1264 5253 Porro
1312 5191 1452 5265 quid
1496 5189 1673 5245 ‘Aribo
1713 5184 1958 5275 Bernoni
1994 5183 2065 5239 ad
2096 5181 2203 5237 hoc
2234 5196 2378 5251 opu-

703 5273 963 5354 sculum
978 5303 1083 5361 pro
1095 5299 1256 5341 more
1268 5277 1649 5351 rescripserit,
1671 5273 1875 5330 nullibi
1894 5273 2198 5342 hucusque
2215 5284 2375 5340 repe-

702 5384 941 5441 rimus.
976 5376 1221 5432 Gratum
1248 5374 1443 5426 tamen
1470 5367 1527 5421 id
1556 5363 1832 5420 habuisse
1863 5361 2007 5416 satis
2047 5361 2274 5415 constat
2308 5373 2375 5411 ex

700 5465 974 5530 concilio
1000 5454 1560 5532 Salegunstadiensi,
1594 5469 1746 5509 anno
1774 5452 1911 5505 1022
1939 5449 1999 5503 in
2052 5462 2229 5503 causa
2283 5445 2369 5499 di-

696 5555 987 5630 sciplinze
1025 5544 1429 5609 ecclesiasticae
1462 5544 1534 5599 ab
1563 5541 1812 5597 Aribonc
1860 5537 2171 5630 celebrato,
2201 5535 2369 5630 cujus

692 5624 1050 5719 capitulum
1082 5635 1410 5693 secundum
1438 5630 1532 5688 his
1560 5630 1749 5686 verbis
1781 5624 2369 5719 conceptumnlegitur

690 5711 860 5799 tor-11.
893 5729 971 5787 Vl
1001 5722 1246 5792 Concil.,
1279 5726 1441 5793 parte
1499 5738 1538 5789 ι,
1594 5719 1700 5775 col.
1761 5719 1865 5775 828
1920 5714 2055 5770 edit.
2117 5711 2365 5769 Hardui-

2494 4736 2708 4792 Eccles.
2742 4753 2868 4808 cap.
2900 4737 2990 4802 81,
3020 4735 3119 4791 ubi
3162 4735 3261 4806 huj
3279 4734 3510 4791 usmodi
3558 4734 3787 4792 abbatis
3830 4736 4136 4810 Augiensis

2491 4826 2745 4899 elogium
2774 4806 2951 4881 texit:
2986 4846 3015 4875 «
3048 4825 3232 4881 Berno
3266 4823 3552 4889 musicus,
3584 4822 3673 4877 vir
3727 4822 3861 4895 pius
3919 4806 3986 4880 ac
4031 4806 4133 4881 do-

2493 4919 2642 4982 ctus,
2676 4914 2734 4969 in
2765 4913 3117 4969 monasterio
3155 4911 3458 4968 Prumensi
3490 4912 3599 4967 sub
3642 4911 3967 4967 monastica
3995 4927 4132 4983 pro-

2491 5002 2742 5058 fessione
2772 5001 2990 5073 deguit,
3025 5017 3198 5073 quem
3248 5000 3623 5072 postmodum
3673 4999 3955 5055 Henricus
3993 4999 4132 5057 Pius

2492 5092 2808 5163 imperator
2851 5090 3118 5145 abbatem
3152 5089 3349 5161 Augiaa
3381 5088 3700 5144 constituit.
3733 5088 3841 5152 Qui
3896 5092 4129 5161 gratan-

2488 5184 2575 5235 ter
2624 5183 2896 5251 acceptus
2952 5196 2986 5233 a
3039 5177 3314 5233 fratribus
3370 5177 3668 5249 dispersos
3727 5176 4041 5250 recollegit,
4074 5182 4131 5234 et

2486 5286 2519 5324 a
2568 5269 2873 5338 Lamperto
2929 5265 3354 5321 Constantiensi
3412 5265 3684 5337 episcopo
3733 5270 4125 5333 consecratus,

2485 5372 2700 5429 magna
2745 5354 2995 5427 insignis
3039 5354 3251 5425 pietate
3278 5370 3343 5408 ae
3392 5353 3638 5410 scientia
3684 5354 3912 5425 praefuit
3957 5354 4129 5408 annis

2482 5443 2894 5517 quadraginta.
2928 5442 3032 5499 Hic
3081 5440 3319 5514 scripsit
3367 5440 3585 5497 librum
3639 5442 3718 5496 De
3762 5438 4129 5495 institutione

2480 5533 2821 5600 missarum,
2854 5535 2910 5587 et
2940 5532 3021 5587 De
3056 5530 3282 5586 musica
3308 5546 3457 5602 opus
3490 5527 4055 5602 praestantissimum.
4092 5548 4122 5575 »

2477 5628 2563 5679 Ita
2594 5618 2947 5676 Mellicensis
2998 5622 3355 5689 Anonymus,
3388 5616 3556 5689 plura
3605 5616 3675 5670 de
3724 5612 3944 5668 musica
3986 5611 4127 5683 Ber.

2475 5711 2645 5772 nonis
2709 5725 2885 5782 opera
2955 5707 3257 5780 ignorans.
3324 5705 3435 5761 Sed
3494 5704 3610 5759 sive
3662 5698 3794 5754 libri
3850 5699 3925 5750 De
3983 5711 4116 5750 ωα-
