4984 6458
1421 491 1570 556 1058

2492 483 2879 547 BERNONIS
2921 479 3253 544 ABBATIS
3292 483 3728 547 AUGIENSIS.

4666 490 4821 552 1056

1415 628 1536 691 sica
1567 644 1672 686 seu
1700 618 1860 685 tonis
1887 625 1947 682 et
1967 620 2042 681 de
2088 615 2480 680 monochordo
2528 616 2679 676 inter
2705 633 2768 675 se
2796 613 3057 674 distincti
3088 615 3144 686 Α,
3241 615 3457 674 Verum
3490 617 3610 676 haec
3632 619 3706 676 de
3727 619 4008 696 Theogeri
4031 620 4255 680 Musica
4283 639 4400 682 non
4423 622 4540 682 nisi
4561 624 4822 685 incidon.

1416 722 1558 788 sint,
1589 722 1658 777 ut
1679 715 1810 773 vult
1855 712 2242 779 Trithemius,
2276 711 2395 768 sive
2421 725 2564 779 non,
2591 723 2740 780 opus
2777 707 3060 764 Bernonis

1417 815 1498 868 De
1525 807 1684 866 tonis
1719 807 1907 864 exstat
1949 801 2010 859 in
2053 800 2246 857 codice
2274 797 2608 865 Mellioensi,
2639 798 2870 868 signato
2901 813 3059 852 nunc

1416 899 1507 957 lit.
1532 898 1601 965 N,
1632 909 1798 953 num.
1832 895 1888 958 3,
1923 907 2039 947 non
2068 889 2180 946 nisi
2212 887 2423 945 seculo
2452 903 2545 954 xv,
2567 890 2626 942 et
2653 886 2892 956 quidem
2922 902 3058 957 per-

1417 1000 1598 1059 quam
1627 981 1910 1057 ﬂagitiose
1941 983 2193 1036 exarato.
2226 977 2483 1034 Alterum
2523 975 2787 1046 ejusdem
2820 973 3056 1029 Tonarii

1415 1073 1748 1146 exemplum
1777 1073 2040 1127 servatur
2065 1067 2123 1122 in
2155 1066 2351 1123 codice
2394 1064 2770 1120 membraneo
2802 1065 3056 1136 'I‘cgern-

1415 1162 1606 1222 seensi
1633 1160 2085 1234 quingentorum
2116 1154 2346 1211 circiter
2374 1170 2686 1210 annorum.
2717 1153 2900 1223 Cujus
2931 1169 3056 1207 mo-

1415 1250 1654 1310 nasterii
1674 1253 1894 1308 veteres
1913 1244 2431 1318 prasstantissimos
2455 1241 2636 1298 libros
2662 1242 2803 1297 dum
2833 1245 3059 1296 excute-

1413 1353 1629 1406 romus,
1661 1337 1974 1395 incidimus
1998 1335 2176 1390 etiam
2206 1333 2266 1388 in
2297 1332 2457 1390 aliud
2485 1331 2793 1404 egregium
2813 1331 2890 1386 De
2919 1346 3056 1386 mu-

1410 1431 1534 1488 sica
1557 1442 1707 1502 opus
1735 1424 2017 1498 Theogeri
2049 1439 2152 1481 seu
2196 1420 2446 1493 Dietgeri
2479 1435 2510 1474 e
2542 1419 2758 1476 nostris
2799 1419 3055 1492 episcopi

1410 1515 1792 1582 Metensis,de
1808 1530 1927 1586 quo
1956 1514 2297 1583 Anonymus
2323 1507 2673 1564 Mellicensis
2697 1507 2775 1563 De
2803 1507 3056 1579 Scripto-

1409 1605 1570 1668 rlbus
1589 1605 1776 1661 ecclvs
1822 1621 1948 1673 (ιειιη
1981 1601 2114 1656 109:
2151 1621 2179 1650 α
2200 1598 2502 1670 Dietgerus
2531 1596 2736 1664 abbas,
2768 1613 2802 1651 a
2833 1597 3056 1652 Latinis

1407 1695 1768 1768 Theogorus,
1801 1709 1836 1746 a
1861 1687 2242 1748 Theotunicis
2289 1685 2647 1758 quibusdam
2695 1685 3054 1741 Theokarius

1409 1783 1623 1849 dictus,
1637 1775 2170 1837 dominiWilhelmi
2193 1774 2424 1832 abbatis
2437 1773 2917 1846 (Hirsaugiensis)
2934 1774 3051 1844 pri-

1409 1867 1868 1942 modiseipulus.
1885 1865 2165 1922 deindein
2178 1862 2532 1919 monasterio
2544 1863 2603 1917 S.
2619 1861 2848 1934 Georgii
2873 1863 3054 1918 abbas

1409 1959 1714 2024 tertius,ac
1726 1956 1964 2014 tandem
1982 1951 2259 2051 Metensis
2275 1951 2606 2051 episcopus,
2631 1949 3056 2051 aliquantisper
3084 1985 3130 2051 B

1409 2047 1818 2105 administrate
1849 2041 2140 2116 episcOpio
2171 2038 2437 2111 sepultus
2466 2042 2555 2094 est
2574 2038 2634 2094 in
2657 2037 2950 2094 Cluniaco.
2985 2040 3054 2094 Et

1408 2136 1514 2194 hic
1535 2151 1770 2208 quoque
1813 2135 2128 2190 tractatum
2160 2144 2345 2185 unum
2371 2131 2449 2184 De
2481 2126 2707 2182 musica
2737 2126 2960 2194 scribit,
2991 2127 3052 2184 in

1409 2242 1527 2298 quo
1554 2224 1630 2282 de
1647 2223 1778 2295 ejus
1808 2219 2136 2276 inventione
2161 2223 2218 2274 et
2243 2216 2504 2272 numeris
2535 2232 2598 2270 ac
2631 2216 3050 2288 propositioni.

1406 2313 1518 2373 bus
1537 2312 1714 2385 juxta
1757 2309 2154 2368 arithmeticos
2196 2305 2446 2362 breviter
2475 2304 2738 2376 quidem,
2773 2305 2873 2359 sed
2906 2305 3051 2360 satis

1405 2400 1702 2462 subtiliter
1722 2399 1865 2472 agit.
1896 2420 1925 2448 ι)
1957 2397 2074 2453 Nec
2102 2411 2224 2451 rem
2267 2393 2467 2449 lectori
2512 2397 2712 2448 nostro
2759 2391 3050 2464 ingratam

1404 2507 1511 2550 nos
1539 2489 1794 2548 facturos
1823 2501 2152 2560 speramus,
2185 2482 2235 2539 si
2266 2481 2698 2554 integrum,qui
2733 2481 2920 2536 brevis
2939 2486 3048 2544 est,

1403 2577 1786 2653 Theogeriani
1818 2574 2014 2650 operis
2058 2571 2367 2646 prologum
2397 2571 2507 2626 hoc
2536 2570 2659 2626 loco
2690 2569 3048 2626 dederimus.

1403 2669 1486 2728 En
1511 2685 1650 2726 eum
1677 2665 1859 2739 igitur
1885 2681 1956 2720 ex
1985 2661 2183 2718 codice
2207 2659 2632 2732 Tegernseensi
2669 2676 2683 2714 :

1680 2753 1898 2823 Incipit
1929 2751 2164 2809 Musica
2193 2749 2488 2820 Thcogeri
2515 2747 2782 2817 episcopi.

1481 2865 1512 2900 «
1522 2843 1876 2917 Pythagoras
1888 2837 2436 2914 pbilosophusapud
2451 2836 2677 2893 Gracos
2691 2836 2916 2908 primus
2929 2855 3052 2892 mu-

1407 2933 1540 2996 sica
1560 2931 1712 2990 artis
1733 2932 1992 3002 repertor
2019 2925 2200 2984 fuisse
2230 2923 2482 2999 legitur:
2507 2923 2826 2980 translator
2853 2930 3050 2981 autem

1405 3021 1696 3082 mser-itur
1718 3017 1956 3076 Boetius
1983 3031 2193 3090 genere
2219 3018 2280 3070 et
2309 3011 2550 3070 scientia
2577 3011 2962 3079 clarissimus,
2994 3019 3052 3070 et

1407 3110 1670 3184 ejusdem
1699 3107 1845 3165 artis
1869 3105 2190 3162 secundum
2222 3117 2603 3158 numerorum
2645 3103 3048 3175 proportiones

1403 3199 1712 3274 indagator
1753 3193 2272 3268 profundissimus.
2307 3189 2495 3248 Guido
2542 3206 2674 3246 vero
2724 3191 3048 3246 monachus

1401 3287 1624 3348 exstitit
1650 3300 1860 3342 vocum
1905 3281 2288 3355 investigator
2314 3278 2820 3352 diligentissimus.
2850 3280 3049 3336 Exstat

3171 709 3259 762 ter
3287 713 3744 766 commemorata
3772 711 3892 766 sint
3919 713 4226 769 occasione
4268 714 4507 770 Tonarii
4539 715 4824 773 Bernonis

3165 795 3495 866 Augiensis,
3532 799 3703 868 cujus
3750 801 3966 871 operis,
3997 817 4134 856 cum
4181 802 4476 859 veteribus
4527 804 4738 875 figuris
4768 812 4824 860 et

3167 885 3487 956 peregrinis
3537 885 3863 944 litterarum
3909 905 3974 944 ac
4017 896 4289 946 notarum
4335 892 4636 960 ductibus,
4670 910 4822 966 quos

3167 974 3510 1045 typographi
3546 976 3725 1030 nostri
3774 977 4076 1048 aegerrime
4106 977 4433 1045 imitentur,
4466 980 4821 1037 distinctum

3166 1068 3223 1116 et
3255 1064 3475 1134 pictum
3509 1064 3604 1131 sit,
3637 1081 3750 1120 non
3781 1065 3892 1121 nisi
3922 1066 4228 1139 prologum
4270 1067 4366 1123 hic
4411 1068 4584 1125 edere
4626 1069 4823 1126 visum

3166 1151 3296 1208 fuit.

3235 1239 3495 1297 Joannes
3525 1241 3886 1300 Trithemius
3915 1244 4092 1300 etiam
4123 1244 4406 1302 Bernonis
4433 1245 4654 1302 librum
4686 1247 4824 1321 Epi-

3165 1329 3449 1384 stolarum
3483 1330 3554 1386 ad
3581 1331 3839 1387 diversos
3871 1331 4095 1400 laudat,
4125 1350 4304 1406 quem
4333 1335 4578 1407 quidam
4609 1336 4827 1392 amico~

3166 1434 3296 1473 rum
3320 1425 3653 1476 nostrorum
3688 1422 4024 1493 nuperrime
4052 1422 4110 1478 in
4143 1423 4462 1496 percelebri
4492 1424 4823 1482 Germania

3165 1506 3515 1563 bibliotheca
3545 1508 3779 1564 detexit.

3236 1596 3426 1667 Magni
3461 1596 3742 1652 momenti
3773 1602 3913 1654 sunt
3941 1599 4200 1671 epistola
4233 1602 4538 1669 Bernonis,
4569 1619 4824 1676 praser~

3164 1683 3269 1739 tim
3303 1702 3546 1740 numero
3579 1686 3909 1750 undecima,
3945 1688 4044 1744 ubi
4091 1705 4320 1746 errores
4375 1690 4624 1749 Joannis
4683 1696 4825 1750 Cas-

3164 1772 3308 1828 siani
3331 1774 3484 1829 circa
3516 1773 3760 1831 liberum
3795 1776 4104 1832 arbitrium
4130 1795 4196 1834 ex
4219 1777 4565 1837 Cassiodoro
4595 1787 4658 1836 et
4678 1781 4828 1838 Pro-

3163 1878 3330 1932 spero
3374 1862 3490 1917 lato
3533 1863 3786 1934 exponit,
3819 1870 3876 1919 et
3906 1888 3934 1916 κ
3967 1866 4334 1936 Cassianum,
4365 1869 4562 1927 virum
4590 1869 4728 1927 licet
4765 1887 4828 1928 tu

3165 1949 3294 2005 aliis
3327 1951 3731 2022 probatum,in
3763 1953 3871 2009 bac
3903 1960 4066 2027 parte
4089 1957 4224 2027 jure
4253 1956 4607 2030 culpatum»
4633 1959 4829 2017 fuisse

3161 2038 3477 2094 concludit.
3513 2039 3583 2095 Ut
3614 2041 3757 2096 adeo
3806 2040 3942 2097 hinc
3993 2043 4159 2099 facile
4207 2044 4452 2119 colligas
4495 2048 4829 2107 monachos

3161 2129 3504 2183 auctoritate
3536 2129 3798 2184 Cassiani
3832 2147 3946 2186 non
3981 2148 4168 2204 usque
4200 2149 4267 2189 eo
4294 2140 4486 2192 motos
4517 2137 4724 2205 fuisse,
4759 2145 4832 2194 ut

3159 2233 3228 2271 ex
3247 2217 3376 2286 ejus
3399 2216 3849 2286 Collationibus,
3865 2237 4015 2291 quas
4032 2226 4312 2294 perpetuo
4335 2223 4394 2279 in
4419 2225 4700 2283 manibus
4722 2226 4832 2283 ha-

3161 2304 3396 2371 bebant,
3431 2322 3547 2360 una
3575 2322 3709 2361 cum
3767 2324 3920 2362 sanae
3952 2308 4229 2366 doctrina:
4261 2310 4410 2367 lacte
4437 2312 4618 2369 etiam
4649 2314 4826 2372 Pela-

3159 2392 3363 2466 gianos
3409 2399 3511 2450 aut
3559 2395 4056 2468 Semipelagianos
4097 2414 4324 2454 errores
4363 2399 4537 2474 vulgo
4567 2401 4826 2460 imbibe-

3161 2486 3309 2548 rent,
3337 2482 3493 2552 quod
3528 2499 3713 2554 nuper
3737 2483 3842 2551 vir,
3873 2483 4022 2540 alias
4067 2486 4482 2546 celeberrimus
4509 2489 4604 2547 J0.
4635 2491 4826 2548 Fran-

3159 2571 3349 2625 ciscus
3371 2570 3667 2637 Buddeus,
3689 2573 3745 2626 in
3762 2573 4072 2628 Academia
4093 2577 4319 2632 Ienensi
4351 2577 4556 2634 doctor
4586 2579 4824 2636 theolo-

3159 2660 3287 2732 giaz,
3321 2659 3378 2714 in
3413 2660 3888 2717 lnstitutionibus
3945 2662 4276 2737 Theologiaa
4323 2665 4677 2740 Dogmatice
4712 2669 4823 2727 lib.

3161 2765 3244 2814 ιιι,
3277 2765 3328 2804 c.
3359 2752 3414 2814 2,
3448 2765 3561 2803 non
3594 2748 3719 2804 sine
3749 2755 4089 2806 sanctorum
4133 2752 4194 2808 in
4235 2753 4495 2812 Ecclesia
4523 2757 4827 2814 catholica

3158 2837 3416 2892 virorum
3447 2854 3513 2892 ac
3544 2838 3904 2910 integrorum
3931 2840 4208 2896 ordinum
4239 2840 4458 2914 injuria
4485 2847 4824 2902 contendit.

3158 2924 3339 2993 Quale
3363 2926 3520 2981 enim
3537 2929 3626 2981 est
3646 2924 3822 2982 illud:
3853 2946 3874 2974 ι
3895 2927 4201 2984 Factumid
4214 2930 4608 3003 cumprimis»
4630 2934 4822 3002 (scili-

3157 3013 3898 3088 cetulPelagianierrores
3910 3017 4107 3074 indies
4122 3015 4824 3091 latiuuﬁcrntﬁcum

3157 3102 3479 3159 sarculoxm
3501 3102 3846 3159 Franciscus
3862 3108 4035 3176 atque
4053 3105 4396 3164 Dominicus
4413 3125 4596 3167 novos
4613 3127 4825 3168 mona-

3157 3192 3400 3248 chorum
3432 3191 3688 3256 ordines,
3723 3193 3824 3264 qui
3857 3209 4132 3266 magnam
4163 3195 4438 3270 deinceps
4468 3197 4530 3254 in
4554 3199 4827 3259 Ecclesia

3157 3280 3422 3337 Romana
3451 3280 3846 3338 celebritatem
3890 3283 4186 3340 consecuti
4219 3287 4378 3352 sunt,
4408 3284 4823 3346 instituerent.

1400 3381 1604 3439 autem
1627 3371 2084 3432 Monoohordum
2115 3349 2296 3442 hujus
2322 3349 2466 3424 artis
2495 3371 2913 3441 argumentum
2935 3368 3046 3424 evi-
3075 3349 3120 3418 Ο
3154 3369 3455 3425 Dominico
3485 3369 3642 3425 enim
3677 3369 3992 3427 Cassianus
4024 3371 4274 3429 maxime
4287 3390 4349 3430 se
4361 3374 4826 3447 probavit;hine

1400 3461 2021 3534 dentisaimummaius
2039 3458 2218 3516 etiam
2247 3457 2552 3514 institutor
2579 3457 2806 3529 primus
2835 3456 3049 3514 dicitur

1400 3552 1777 3630 supradictus
1795 3550 2128 3608 Graecorum
2148 3544 2592 3620 philosophus.»
2615 3544 2822 3618 Incipit
2849 3545 3043 3619 Opus:

1401 3639 1867 3704 Mmchardum
1909 3646 2109 3694 autem
2136 3639 2221 3690 est
2254 3633 2536 3691 musicum
2576 3635 3048 3700 instrumentum,

1402 3730 1558 3806 quod
1576 3725 1942 3785 naturaliter
1953 3729 2010 3780 et
2021 3723 2380 3800 sufﬁcienter
2403 3723 2728 3797 antiquitus
2749 3724 3048 3779 constabat

1405 3825 1536 3881 octo
1561 3816 1816 3885 chordis,
1846 3818 1956 3871 etc.

3157 3461 3233 3525 et,
3249 3461 3315 3512 ut
3343 3458 3470 3528 ejus
3496 3456 3710 3529 placita
3730 3457 3996 3514 certatim
4017 3457 4077 3514 in
4098 3462 4476 3520 monasteriis
4494 3466 4823 3522 resuscita-

3157 3551 3378 3612 rentur,
3391 3546 3598 3611 etl‘ecit,
3608 3568 3636 3595 »
3647 3550 3756 3604 etc.
3773 3546 3935 3603 Dolet
3946 3547 4132 3605 amice
4147 3548 4205 3605 in
4218 3566 4279 3606 re
4290 3550 4822 3612 litterariaistaex—

3156 3633 3556 3691 cidissclVide
3572 3635 3947 3692 Edmundum
3981 3636 4470 3706 Martene,virum
4499 3641 4728 3714 pietate
4757 3662 4823 3702 ac

3157 3723 3484 3780 eruditione
3531 3723 3840 3790 celebrem,
3875 3725 3934 3780 in
3973 3728 4404 3785 Commentario
4431 3727 4496 3786 in
4527 3729 4826 3805 Regulam

3157 3813 3216 3869 S.
3254 3811 3572 3880 Benedicti,
3599 3828 3732 3884 pag.
3769 3814 3836 3868 10
3865 3816 3922 3869 et
3951 3816 4039 3870 24.

2533 4123 3676 4292 BERNONIS

2714 4407 3499 4540 LIBELLUS

1783 4681 1789 4688 -
1875 4640 1980 4702 DE
2023 4635 2485 4710 QUIBUSDAM
2531 4633 2789 4696 REBUS
2832 4633 2936 4694 AD
2981 4633 3243 4695 MISSE
3281 4631 3656 4696 OFFICIUM
3697 4633 4334 4697 PERTINENTIBUS

2442 4791 2728 4864 (Biblioth.
2759 4795 2864 4848 vet.
2895 4793 3050 4849 Patr.
3082 4795 3226 4848 tom.
3257 4789 3458 4860 XVIII,
3487 4805 3622 4865 pag.
3651 4789 3766 4862 56.)

2897 4949 3311 4965 ___

1937 5053 2167 5111 CAPUT
2206 5049 2520 5110 PRIMUM.

1405 5146 1667 5220 Qualiter
1685 5147 1903 5220 priscis
1928 5144 2326 5220 apostolormn
2353 5139 2712 5209 temporibus
2742 5139 3055 5196 missarum

1436 5215 1443 5268 ζ
1685 5215 1704 5220 ’
1901 5215 2224 5273 celebritas
2260 5221 2556 5287 ageretur.

1483 5322 1665 5396 Igitur
1692 5321 1751 5378 in
1783 5321 2016 5377 exordio
2064 5319 2360 5378 nascentis
2397 5316 2666 5375 Ecclesia;
2697 5333 2812 5373 non
2841 5332 2907 5372 eo
2939 5332 3055 5388 quo

1411 5428 1570 5472 nunc
1591 5409 1765 5466 modo
1775 5407 1858 5466 vel
1877 5409 2077 5466 ordine
2093 5426 2263 5466 sacra
2272 5407 2718 5464 celebrabantur
2737 5405 3054 5460 missarum

1413 5499 1717 5568 solemnia,
1749 5502 1896 5554 teste
1942 5499 2116 5554 etiam
2169 5496 2512 5553 beatissimo
2563 5493 2838 5565 Gregorio
2882 5509 3054 5565 papa,

1413 5591 1512 5664 qui
1545 5589 1696 5646 inter
1723 5585 1910 5642 multa
1937 5603 2065 5658 qua
2093 5583 2399 5642 constituit
2435 5581 2622 5652 utilia,
2653 5597 2785 5636 cum
2817 5581 2877 5636 in
2909 5581 3056 5636 cele-

1412 5679 1674 5742 bratione
1701 5673 2040 5742 missarum,
2063 5677 2194 5730 tum
2223 5669 2401 5726 etiam
2431 5669 2492 5726 in
2523 5668 2681 5726 vario
2713 5668 3060 5725 ecclesiasti-

1416 5740 1618 5829 earum
1647 5778 1848 5826 rerum
1886 5777 2008 5819 usu
2025 5740 2106 5823 ad
2135 5755 2566 5816 conﬁciendum
2591 5772 2804 5828 corpus
2833 5761 2890 5812 et
2919 5774 3059 5812 san-

3083 5051 3130 5117 D
3161 5047 3400 5122 guinem
3429 5048 3665 5116 Christi,
3697 5049 4021 5106 orationem
4053 5049 4420 5108 Dominicam
4441 5049 4581 5108 fecit
4613 5053 4833 5111 decan-

3161 5137 3455 5206 tari,sicut
3469 5138 3542 5194 de
3555 5155 3622 5194 eo
3640 5138 3926 5211 scriptum
3946 5142 4035 5195 est
4048 5157 4063 5194 :
4078 5139 4412 5196 Orationem
4445 5140 4828 5202 Dominicam

3163 5243 3298 5282 mox
3327 5229 3462 5298 post
3489 5241 3772 5282 canonem
3803 5244 3980 5300 super
4017 5226 4272 5284 hostiam
4303 5228 4537 5285 censuit
4563 5231 4830 5288 recitari.

3162 5315 3242 5370 De
3258 5314 3368 5370 hoc
3384 5318 3442 5370 et
3457 5313 3527 5369 de
3543 5313 3674 5370 aliis
3685 5331 3820 5370 cum
3839 5315 4126 5388 quosdam
4159 5329 4532 5373 murmurare
4553 5320 4831 5388 sentiret,

3163 5403 3446 5475 pissimus
3469 5401 3636 5458 Pater
3656 5403 3810 5458 inter
3835 5403 3951 5460 alia
3981 5421 4096 5460 non
4122 5403 4474 5478 dedignatus
4494 5411 4588 5464 est
4619 5408 4836 5480 hujus-

3165 5493 3322 5548 modi
3351 5491 3636 5547 rationem
3665 5492 3926 5560 reddere,
3959 5493 4158 5548 dicens
4191 5509 4204 5548 :
4239 5493 4577 5551 Orationem
4618 5496 4834 5554 Domi-

3165 5581 3356 5637 nicam
3387 5581 3603 5636 idcirco
3635 5597 3768 5636 mox
3798 5586 3929 5654 post
3954 5597 4184 5654 precem
4217 5582 4492 5651 dicimus,
4519 5586 4668 5658 quia
4697 5605 4835 5644 mos

3165 5668 3563 5742 apostolorum
3589 5668 3698 5723 fuit
3713 5673 3779 5724 ut
3793 5669 3864 5726 ad
3877 5670 4068 5743 ipsam
4094 5670 4468 5728 solummodo
4494 5673 4836 5732 orationem

3168 5757 3482 5814 oblationis
3509 5756 3761 5814 hostiam
3792 5763 4219 5818 consecrarent.
4256 5761 4322 5816 Et
4351 5761 4516 5820 valde
4547 5763 4702 5822 mihi
4741 5766 4836 5822 in-
