3886 6424
276 500 431 563 1039

1358 494 1753 557 BERNONIS
1797 495 2129 559 ABBATIS
2172 497 2616 561 AUGIENSIS.

3548 499 3719 561 1060

275 634 374 690 illo
402 630 804 705 capitulo.8ed
822 646 957 686 cum
979 634 1248 686 sanctum
1268 629 1610 700 Gregorium
1634 646 1928 702 nusquam
1957 633 2013 702 Α
2043 630 2217 704 paulo
2248 636 2379 704 post
2410 648 2424 686 :
2459 631 2623 688 Sicut
2653 631 2833 704 igitur
2876 631 3189 700 orationes,
3214 632 3298 689 ita
3346 636 3406 688 et
3451 631 3716 706 hymnos

274 723 544 795 legamus
572 721 768 793 ipsum
801 719 1086 792 hymnum
1111 718 1677 785 interdixisse,liceat
1692 723 1927 776 nostros

275 828 511 883 quoque
540 814 718 865 testes
748 809 988 865 idoneos
1020 808 1530 879 introducere,quo
1551 824 1753 863 eorum
1777 808 1931 864 testi-

273 899 473 956 monio
503 898 689 971 possit
710 896 963 969 probari,
981 884 1463 968 utrumnamjure
1493 897 1703 952 debeat
1722 896 1932 953 decan-

274 988 411 1044 tari.
442 987 590 1043 Nam
619 1002 755 1041 cum
795 986 1083 1058 scriptum
1119 985 1194 1041 sit
1228 1004 1241 1040 :
1275 987 1337 1040 In
1386 1001 1483 1041 ore
1525 986 1776 1041 duorum
1826 990 1929 1041 aut

274 1076 456 1133 trium
514 1075 753 1132 testium
804 1078 921 1130 stat
969 1091 1143 1130 omne
1190 1074 1435 1129 verbum
1494 1073 1709 1146 (Matth.
1742 1074 1924 1143 xvui),

276 1166 441 1238 pfius
466 1166 759 1237 proferam
791 1163 962 1231 duos,
986 1162 1196 1219 deinde
1222 1160 1462 1219 multos.
1486 1161 1749 1234 Denique
1770 1161 1930 1217 Tele-

277 1254 533 1328 sphorus
560 1269 734 1325 papa,
766 1269 802 1308 a
830 1251 1001 1307 beato
1032 1252 1197 1308 Petro
1227 1256 1487 1317 octavus,
1520 1250 1825 1306 constituit
1863 1254 1929 1305 ut

275 1348 413 1402 ante
441 1340 795 1400 sacriﬁcium
826 1340 1083 1414 hymnus
1123 1339 1416 1397 diceretur
1463 1339 1784 1411 angelicus,
1817 1338 1927 1395 hoc

274 1437 405 1489 est:
439 1432 634 1490 Gloria
678 1431 739 1486 in
793 1430 1036 1486 excelsi:
1082 1433 1221 1487 Deo.
1245 1429 1506 1495 Qualiter
1552 1429 1682 1500 ejus
1721 1428 1929 1483 debeat

271 1522 427 1579 credi
454 1519 1075 1587 testimonio,tcstatur
1100 1518 1445 1590 martyrium
1469 1517 1622 1590 quod
1647 1516 1929 1572 sustinuit

271 1628 374 1683 pro
408 1610 675 1666 Domino.
711 1608 789 1663 De
818 1607 1171 1680 Symmacho
1203 1623 1436 1679 quoque
1478 1623 1629 1678 papa
1666 1606 1749 1661 ita
1778 1606 1925 1678 legi-

273 1716 442 1755 mus:
463 1698 565 1753 llic
595 1697 904 1773 constituit
936 1701 998 1750 ut
1030 1695 1199 1769 omni
1222 1695 1316 1751 die
1333 1695 1639 1750 Dominica
1657 1694 1744 1749 vel
1769 1699 1928 1749 nata-

270 1789 415 1864 litiis
433 1789 753 1858 martyrum
773 1784 978 1841 Gloria
994 1786 1052 1840 in
1073 1786 1314 1841 excelsi:
1334 1784 1589 1857 hymnus
1611 1785 1919 1839 diceretur.

270 1879 449 1950 Cujus
480 1874 812 1933 sanctitatis
842 1873 925 1929 vir
941 1872 1051 1930 iste
1082 1874 1276 1939 fuerit,
1298 1873 1369 1928 de
1392 1873 1563 1929 bonis
1585 1874 1713 1945 ejus
1736 1872 1922 1944 operi-

269 1968 383 2023 bus
413 1981 541 2038 quae
562 1963 716 2030 fecit,
731 1979 798 2018 ex
824 1961 971 2017 libro
992 1960 1365 2034 Dialogorum
1386 1961 1577 2034 legere
1593 1960 1923 2017 volentibus

269 2056 415 2113 satis
461 2053 729 2126 liquebit.
762 2051 870 2107 Ubi
913 2051 1120 2107 beatus
1172 2067 1322 2124 papa
1372 2051 1687 2123 Gregorius
1730 2054 1929 2106 narrat

275 2143 435 2217 quod
464 2142 705 2216 quidam
735 2140 1086 2196 Paschasius
1108 2145 1323 2196 sanctze
1354 2140 1628 2195 Romanae
1659 2137 1927 2194 Ecclesiae

271 2233 717 2298 diaconus,cum
750 2230 894 2286 tanti
923 2229 1113 2285 meriti
1146 2229 1303 2301 apud
1333 2229 1519 2285 Deum
1542 2232 1695 2285 esset
1718 2232 1783 2282 ut
1803 2228 1929 2299 qui-

274 2324 411 2379 dam
461 2319 1041 2386 dmmoniacus,tacta
1063 2319 1191 2389 ejus
1224 2322 1354 2391 post
1401 2322 1649 2374 mortem
1680 2316 1929 2375 dalnati-

280 2429 368 2478 ca,
392 2428 426 2467 a
452 2411 711 2466 daemone
740 2409 818 2464 sit
846 2406 1131 2463 liberatus
1167 2425 1181 2464 :
1214 2411 1408 2463 tamen
1442 2407 1582 2478 quia
1609 2407 1754 2462 tanti
1786 2423 1928 2478 pon-

263 2500 439 2558 tiﬁcis
468 2497 819 2555 ordinationi
854 2495 1089 2564 restitit,
1123 2497 1362 2553 cuidam
1394 2484 1679 2567 religioso
1711 2495 1835 2551 viro
1866 2494 1925 2550 in

263 2586 620 2662 purgatoriis
646 2586 837 2659 poenis
867 2586 1250 2653 constitutus,
1282 2602 1399 2640 non
1451 2601 1556 2656 per
1604 2583 1923 2651 somnium,

264 2679 365 2734 sed
399 2674 707 2733 visibilitcr
733 2674 1105 2747 apparuit,ac
1125 2691 1230 2745 pro
1254 2690 1369 2745 qua
1406 2672 1580 2746 culpa
1608 2672 1729 2729 haec
1760 2676 1923 2745 pate-

264 2770 427 2822 retur
456 2763 731 2820 innotuit.
766 2763 909 2817 Ecce
941 2762 1013 2817 de
1060 2762 1170 2818 hoc
1220 2761 1439 2833 hymno
1495 2760 1760 2835 angelico
1806 2762 1921 2817 duo

263 2859 442 2910 testes
474 2852 692 2908 inventi
727 2856 864 2908 sunt
896 2850 1110 2917 idonei,
1145 2850 1245 2922 qui
1293 2867 1327 2905 a
1376 2850 1631 2917 nemine,
1660 2855 1725 2905 ut
1757 2856 1916 2921 puto,

264 2945 517 3015 possunt
545 2939 929 3005 rel‘ellLQuod
962 2938 1011 2995 si
1038 2939 1230 2994 adhuc
1262 2939 1472 2995 tertius
1493 2939 1918 3011 qumriturmon

257 3032 386 3103 jam
418 3029 732 3096 unius,sed
762 3026 1063 3101 sexaginta
1103 3028 1513 3100 episcoporum
1564 3028 1622 3082 in
1656 3027 1917 3084 medium

264 3120 488 3194 prefcro
506 3118 930 3189 testimonium,
944 3117 1046 3189 qui
1071 3118 1129 3171 in
1147 3122 1356 3188 quarto
1376 3116 1652 3174 Toletano
1674 3116 1917 3173 concilio

262 3211 400 3283 (Tol.
432 3225 582 3266 conc.
606 3225 666 3277 ιι,
693 3225 821 3281 pag.
852 3208 1002 3278 730),
1035 3205 1094 3261 in
1126 3207 1362 3262 nomine
1394 3205 1625 3262 Domini
1668 3222 1915 3278 congre-

263 3298 403 3372 gati,
434 3302 554 3353 tam
587 3314 764 3370 super
793 3296 904 3352 hoc
948 3312 1127 3368 quam
1173 3312 1351 3368 super
1398 3295 1529 3351 aliis
1570 3294 1914 3367 hujusmodi

1955 2008 2002 2074 Β

2040 720 2098 777 in
2131 720 2366 777 laudem
2397 720 2497 776 Dei
2528 722 2906 793 compositos,
2940 720 3140 777 nullus
3170 724 3515 777 nostrorum
3551 720 3719 783 ulte-7

2040 810 2163 864 rius
2188 808 2498 882 improbet,
2533 811 2635 866 sed
2685 810 2811 882 pari
2860 810 3033 867 modo
3083 808 3273 868 Gallia
3303 807 3387 884 [in
3433 809 3715 883 Gallicis]

2038 897 2437 971 Hispaniaque
2467 898 2778 966 celebrent,
2810 899 3049 972 sintque
3086 898 3715 956 excommunicatione

2038 985 2330 1059 plectendi
2378 987 2480 1059 qui
2537 988 2747 1061 bymos
2789 987 3027 1059 rejieere
3075 987 3293 1044 fuerint
3341 987 3499 1044 ausi.
3534 988 3719 1045 Unde

2038 1080 2279 1132 sanctus
2310 1077 2482 1132 Pater
2512 1076 2859 1132 Benedictus
2886 1077 3059 1148 jubet
3106 1093 3212 1132 nos
3259 1077 3590 1133 monachos
3621 1078 3706 1133 ad

2038 1181 2243 1221 omnes
2272 1164 2570 1237 regulares
2587 1183 2797 1222 cursus
2828 1165 3123 1222 celebrare
3152 1166 3405 1238 hymnos
3426 1183 3582 1238 quos
3603 1166 3715 1224 ille

2036 1259 2203 1308 vocat
2230 1253 2667 1310 Ambrosianos.
2697 1254 2785 1310 Ad
2818 1254 2940 1311 haec
2988 1256 3178 1326 potest
3219 1253 3435 1328 aliquis
3480 1256 3712 1323 dicere,

2036 1345 2177 1397 tunc
2209 1342 2492 1414 temporis
2519 1341 2715 1398 Gallos
2737 1347 2793 1398 et
2818 1342 3109 1415 Hispanos
3139 1342 3200 1399 in
3223 1344 3544 1401 missarum
3570 1362 3717 1401 sua-

2037 1446 2170 1485 rum
2188 1430 2521 1487 celebritate
2534 1431 2798 1488 nondum
2810 1431 3092 1489 habuisse
3102 1449 3278 1489 usum
3293 1438 3507 1489 sancta:
3522 1432 3680 1490 Rom
3692 1477 3707 1491 .

2037 1514 2323 1571 Ecclesiae.
2358 1516 2521 1582 Quod
2553 1520 2611 1572 et
2642 1534 2748 1573 nos
2782 1534 2897 1572 non
2931 1534 3235 1591 negamus.
3272 1514 3549 1575 Testatur
3588 1520 3711 1576 hoc

2037 1604 2218 1659 abbas
2242 1603 2713 1673 Hilduvinus,vir
2741 1605 2800 1661 in
2833 1606 3031 1662 divina
3060 1605 3186 1679 lege
3208 1608 3473 1680 apprime
3496 1610 3710 1665 erudi-

2035 1692 2219 1759 tus,in
2246 1710 2313 1749 ea
2333 1694 2580 1765 epistola
2599 1711 2777 1767 quam
2798 1694 2870 1751 ad
2886 1693 3245 1751 Ludovicum
3280 1696 3709 1768 imperatorem

2035 1780 2247 1837 direxit
2276 1799 2380 1855 pro
2411 1783 2684 1854 passione
2712 1789 3052 1840 sanctorum
3085 1788 3409 1857 martyrum
3430 1785 3711 1859 Dionysii

2035 1874 2093 1925 et
2118 1871 2411 1926 sociorum
2430 1872 2578 1943 ejus,
2598 1872 2697 1929 ubi
2725 1872 2878 1929 inter
2897 1873 3012 1929 alia
3043 1890 3172 1946 quae
3212 1890 3330 1930 suae
3369 1875 3709 1932 narrationi

2034 1958 2381 2016 videbantur
2401 1976 2661 2033 congrua
2688 1960 2811 2017 hmo
2842 1961 3055 2033 adjecit
3079 1980 3093 2019 :
3122 1961 3226 2019 Cui
3268 1962 3579 2036 astipulari
3613 1965 3711 2021 vi-

2038 2047 2250 2103 dentur
2278 2049 2680 2120 antiquissimi
2729 2054 2786 2107 et
2829 2050 3013 2107 nimia
3041 2055 3329 2111 vetustate
3359 2069 3507 2125 pene
3548 2070 3711 2111 eon-

2038 2137 2258 2208 sumpti
2290 2137 2565 2194 missales
2595 2138 2752 2206 libri,
2783 2138 3150 2196 continentes
3182 2140 3375 2197 missa;
3425 2142 3706 2200 ordinem

2038 2242 2198 2281 more
2230 2225 2469 2295 Gallico,
2497 2226 2597 2299 qui
2649 2227 2721 2283 ab
2758 2226 2926 2283 initio
2976 2233 3219 2302 receptae
3269 2228 3405 2286 fidei
3455 2246 3606 2289 usus
3638 2232 3705 2288 in

2036 2313 2144 2370 hac
2176 2316 2521 2373 occidentali
2551 2315 2725 2390 plaga
2752 2321 2841 2373 est
2883 2316 3142 2387 habitus,
3174 2334 3481 2392 usquequo
3526 2325 3710 2378 teno-

2036 2420 2181 2474 rem,
2214 2422 2328 2477 quo
2360 2422 2518 2462 nunc
2550 2405 2752 2475 utitur,
2787 2406 3118 2463 Romanum
3149 2409 3429 2482 suscepit.
3465 2409 3529 2466 In
3560 2428 3705 2468 nos-

2033 2493 2108 2549 tri
2163 2511 2397 2567 quoque
2447 2495 2789 2551 monasterii
2838 2495 3071 2552 archivo
3130 2496 3380 2553 habetur
3435 2498 3704 2558 Missalis

2034 2582 2205 2655 longe
2237 2583 2405 2639 aliter
2428 2584 2736 2641 ordinatus
2767 2600 2946 2656 quam
2980 2585 3254 2642 Romanae
3303 2586 3575 2644 Ecclesiae
3631 2607 3700 2646 se

2033 2672 2245 2728 habeat
2275 2690 2440 2729 usus.
2474 2673 2541 2730 Et
2565 2674 2721 2745 quod
2754 2673 2824 2728 iis
2858 2674 3135 2731 omnibus
3183 2677 3378 2748 majus
3424 2681 3515 2733 est
3551 2694 3698 2734 cum

2032 2779 2151 2817 una
2196 2762 2273 2818 sit
2321 2762 2488 2828 ﬁdes,
2523 2779 2659 2819 cum
2690 2779 2870 2835 super
2920 2763 3241 2820 missarum
3273 2763 3699 2838 celebratione,

2031 2850 2354 2908 Galliarum
2376 2851 2643 2908 Ecclesiae
2666 2870 2701 2907 a
2722 2852 2986 2908 Romana
3006 2852 3342 2909 discordant
3358 2856 3696 2927 Augustino

2030 2939 2368 3010 requirenti,
2404 2940 2719 3012 Gregorius
2750 2941 3053 3012 respondit
3086 2959 3098 2996 :
3132 2941 3299 2997 Novit
3346 2941 3697 3002 fraternitas

2028 3032 2130 3083 tua
2176 3028 2452 3084 Romanae
2496 3028 2761 3085 Ecclesiae
2803 3029 3314 3098 consuetudinem,
3347 3031 3408 3087 in
3457 3049 3575 3105 qua
3628 3051 3697 3091 se

2027 3116 2297 3172 meminit
2324 3116 2668 3174 enutritum.
2699 3118 2809 3173 Sed
2844 3116 2987 3174 mihi
3018 3118 3210 3191 placet
3249 3122 3314 3175 ut
3332 3120 3452 3175 sive
3483 3120 3543 3175 in
3573 3122 3696 3179 R0-

2026 3222 2220 3272 mana,
2254 3204 2375 3262 sive
2424 3207 2483 3261 in
2534 3206 2793 3279 qualibet
2838 3207 3095 3263 Ecclesia
3142 3206 3363 3280 aliquid
3407 3208 3694 3267 invenisti

2025 3294 2178 3367 quod
2211 3293 2345 3366 plus
2376 3296 2761 3367 omnipotenti
2797 3295 2913 3351 Deo
2944 3296 3131 3369 possit
3161 3297 3406 3370 placere,
3433 3298 3693 3356 sollicite

262 3388 500 3461 hymnis
532 3386 1057 3461 promulgaverunt
1078 3386 1377 3440 decretum
1402 3373 1528 3456 cap.
1552 3388 1635 3440 12.
1658 3383 1739 3439 De
1756 3383 1919 3454 hym-
1948 3374 1992 3442 C
2028 3382 2232 3453 eligas,
2251 3389 2308 3439 et
2337 3383 2657 3455 Anglorum
2689 3384 2979 3452 Ecclesiae,
3003 3402 3130 3457 quae
3159 3386 3353 3442 adhuc
3384 3404 3535 3443 nova
3573 3394 3695 3460 est,

263 3478 377 3545 nis,
412 3477 714 3548 inquiunt,
747 3475 926 3531 etiam
957 3473 1237 3529 canendis
1265 3477 1322 3528 et
1352 3472 1668 3528 Salvatoris
1697 3476 1753 3526 et
1782 3488 1918 3543 apo-

260 3565 546 3621 stolorum
576 3564 867 3619 habemus
897 3562 1254 3633 exemplum.
1290 3561 1437 3616 Nam
1468 3566 1526 3617 et
1568 3561 1693 3633 ipse
1725 3559 1920 3615 Domi-

263 3671 376 3709 nus
403 3653 688 3725 hymnum
720 3651 937 3706 dixisse
971 3650 1333 3722 perhibetur,
1365 3649 1636 3705 Matthaeo
1676 3665 1920 3722 evange-

263 3742 400 3797 lista
428 3744 680 3796 testante
716 3757 728 3795 :
760 3744 829 3795 Et
860 3745 1070 3809 hymno
1096 3738 1549 3808 dicto,c.rierunt
1583 3739 1644 3795 iu
1674 3744 1925 3794 utentem

265 3829 484 3887 Oliveti
514 3832 739 3896 (Matth.
773 3828 930 3897 xxv).
958 3827 1021 3882 Et
1054 3825 1272 3883 Paulus
1302 3826 1604 3899 apostolus
1636 3827 1705 3882 ad
1738 3826 1927 3899 Ephe-

264 3920 384 3976 sios
409 3917 780 3990 subscripsit,
805 3916 1006 3972 dicens
1041 3933 1054 3972 :
1089 3917 1419 3985 Implemini
1445 3917 1674 3988 Spiritu
1704 3924 1925 3987 sancto,

264 4014 554 4084 loquente:
575 4006 988 4076 cobismetipsis
1008 4007 1069 4062 in
1088 4007 1328 4076 psalmis
1348 4016 1403 4064 et
1418 4008 1649 4078 hymnis
1667 4014 1723 4063 ct
1744 4006 1930 4063 conti.

262 4102 344 4160 ci:
358 4097 756 4170 spiritualibu:
773 4098 996 4170 (Ephes.
1007 4099 1082 4165 v).
1104 4096 1172 4152 Et
1192 4096 1332 4168 quia
1348 4096 1664 4153 cernebant
1680 4093 1928 4151 nonnul-

265 4191 354 4248 los
382 4189 442 4244 in
456 4186 716 4243 Ecclesia
733 4203 834 4243 eos
857 4185 1106 4258 hymnos
1133 4186 1541 4258 spernere,qui
1566 4184 1827 4241 humano
1846 4184 1930 4239 in.

266 4277 798 4354 geniovidebantur
822 4275 881 4331 in
904 4274 1141 4332 laudem
1179 4274 1579 4348 apostolorum
1611 4278 1669 4330 et
1699 4278 1924 4345 marty-

265 4384 398 4424 rum
433 4364 765 4437 triumphos
789 4362 1095 4435 compositi
1139 4363 1686 4432 esse,vehementer
1717 4377 1927 4434 argue-

263 4456 409 4512 bant
435 4470 535 4512 eos
553 4453 897 4525 bujusmodi
920 4452 1402 4521 verbis,dicentes
1428 4470 1440 4509 :
1459 4452 1763 4524 Respuent
1784 4455 1842 4505 et
1857 4448 1927 4504 il-

264 4544 391 4601 lum
409 4560 546 4617 ergo
570 4544 641 4599 ab
665 4542 1005 4598 hominibus
1031 4542 1630 4614 compositum,quem
1665 4540 1929 4613 quotidie

265 4633 498 4708 publico
512 4631 1057 4706 privatoqueofﬁcio
1078 4630 1137 4685 in
1153 4631 1268 4686 ﬁne
1282 4630 1547 4687 omnium
1564 4629 1926 4702 psalmorum

2029 3472 2099 3527 ad
2136 3472 2311 3527 fidem
2342 3472 2713 3529 institutione
2744 3474 3056 3547 praecipua,
3081 3490 3209 3546 quae
3244 3474 3313 3531 de
3344 3475 3550 3532 multis
3591 3478 3699 3534 Ec-

2030 3559 2225 3616 clesiis
2254 3560 2526 3633 colligere
2554 3562 2820 3634 potuisti,
2852 3562 3151 3619 infundas.
3193 3563 3319 3619 Non
3368 3565 3527 3622 enim
3582 3584 3695 3639 pro

2032 3649 2176 3706 locis
2206 3666 2320 3717 res,
2352 3652 2454 3707 sed
2506 3668 2607 3722 pro
2640 3652 2811 3708 bonis
2859 3652 3035 3709 rebus
3067 3651 3194 3709 loca
3224 3655 3479 3710 amanda
3521 3661 3692 3712 sunt.

2032 3743 2114 3796 Ex
2142 3739 2394 3815 singulis
2423 3757 2559 3813 ergo
2588 3740 2925 3813 quibusque
2953 3741 3236 3810 ecclesiis,
3256 3744 3530 3815 quaepia,
3558 3761 3695 3817 quae

2035 3827 2458 3900 religiosaque:
2491 3832 2646 3883 recta
2664 3832 2807 3884 sunt
2826 3827 3091 3901 eligas,et
3117 3826 3238 3884 haec
3259 3831 3430 3900 quasi
3452 3831 3696 3890 vasculo

2034 3916 2277 3974 collecta
2302 3918 2456 3989 apud
2482 3916 2805 3988 Anglorum
2837 3921 3063 3973 mentes
3110 3917 3170 3972 in
3200 3920 3697 3978 consuetudinem

2034 4010 2245 4062 vertas.
2270 4006 2371 4061 His
2402 4006 2546 4063 satis
2578 4005 2931 4061 instruimur
2960 4004 3241 4077 exemplis
3266 4005 3348 4061 nil
3379 4024 3487 4064 nos
3507 4008 3696 4066 delin-

2037 4112 2236 4169 quere,
2269 4095 2319 4151 si
2368 4111 2456 4161 ea,
2490 4112 2617 4167 quas
2674 4112 2744 4152 ex
2788 4094 3133 4151 auctoritate
3187 4096 3554 4168 pontiﬁcum,
3588 4101 3696 4172 qui

2037 4184 2208 4241 illum
2233 4187 2504 4241 sanctum
2535 4184 2725 4240 virum
2758 4188 3023 4257 tempore
3049 4190 3498 4257 praecesserunt,
3518 4187 3700 4243 insti-

2037 4278 2166 4330 tuta
2187 4274 2640 4346 suscepimus,et
2654 4272 2741 4329 vel
2764 4290 2834 4329 ex
2853 4273 3288 4331 Gallicanarum
3309 4274 3695 4334 ecclesiarum

2038 4363 2602 4436 autHispanicarum
2636 4380 2747 4419 usu
2778 4363 3363 4430 mutuavimus,ﬁdeli
3386 4363 3694 4422 devotione

2038 4469 2363 4521 servamus,
2382 4452 2683 4509 imitantes
2714 4451 2901 4524 ipsius
2931 4450 3257 4508 beatissimi
3286 4468 3451 4525 papa:
3481 4454 3694 4526 praedi-

2038 4542 2285 4598 candam
2317 4539 2733 4597 humilitatem.
2767 4540 2875 4604 Qui
2921 4557 3055 4596 cum
3105 4540 3630 4613 reprehenderetur
3656 4561 3696 4598 a

2036 4629 2392 4701 quibusdam
2424 4629 2581 4701 quod
2621 4628 2872 4685 aliarum
2902 4627 3283 4685 ecclesiarum
3332 4646 3556 4688 morem
3599 4649 3693 4688 se-

265 4720 973 4787 dicimus:Gloria,honor
987 4719 1158 4777 Palri
1172 4719 1391 4777 etFilio
1404 4718 1927 4811 etSpiritui‘sancto
1955 4743 2004 4811 ι)
2037 4723 2333 4791 queretur,
2368 4717 2523 4811 inter
2551 4717 2667 4774 alia
2697 4717 2933 4786 fatetur,
2965 4718 3209 4811 dicens:
3244 4718 3304 4774 Si
3359 4719 3501 4811 quid
3554 4720 3692 4776 boni

263 4812 324 4869 in
352 4813 566 4870 saecula
594 4811 1163 4869 saeculorum/tmen.
1195 4809 1302 4864 Pro
1333 4826 1448 4881 quo
1477 4825 1583 4865 nos
1605 4806 1875 4865 canimus
1907 4824 1920 4864 :

263 4902 464 4960 Gloria
484 4902 655 4959 Patri
667 4909 724 4957 et
745 4900 892 4958 Filio
906 4905 963 4956 el
982 4899 1439 4970 Spirituimnclo
1455 4915 1632 4971 usque
1652 4899 1707 4954 in
1728 4900 1918 4969 linem.

264 4992 333 5048 Et
362 4990 647 5064 posthaec
678 4990 959 5045 inferunt.
1012 4988 1159 5045 Nam
1190 4992 1251 5044 et
1301 4987 1397 5043 ille
1440 4987 1697 5061 hymnus
1744 5003 1920 5059 quem

265 5085 402 5136 nato
433 5079 493 5134 in
514 5094 689 5134 carne
719 5076 948 5134 Christo
976 5077 1172 5149 angeli
1220 5077 1559 5133 cecinerunt
1585 5095 1598 5133 :
1623 5077 1813 5133 Gloria
1861 5078 1922 5132 in

263 5167 492 5225 excelsis
515 5167 695 5235 Deo,et
713 5168 773 5221 in
792 5174 941 5221 terra
955 5183 1069 5239 pax
1087 5167 1402 5223 hominibus
1423 5168 1580 5223 bona?
1598 5166 1919 5232 voluntatis,

266 5254 569 5329 angelicus
590 5258 698 5311 est.
734 5252 980 5325 Reliqua
1008 5272 1135 5327 quae
1168 5256 1247 5311 ibi
1279 5260 1610 5329 sequuntur
1648 5254 1919 5312 ecclesia-

265 5345 397 5404 stici
424 5345 689 5400 doctores
720 5349 1197 5415 composuerunt.
1231 5345 1379 5418 Ergo
1401 5362 1507 5403 nec
1532 5344 1645 5417 ipsi
1667 5346 1726 5401 in
1747 5336 1922 5401 eccle-

265 5435 373 5493 siis
403 5432 650 5491 canendi
680 5436 839 5501 sunt,
854 5432 993 5504 quia
1024 5433 1083 5487 in
1114 5439 1455 5491 sanctarum
1479 5435 1919 5507 Scripturarum

265 5525 410 5584 locis
459 5539 575 5581 non
622 5521 1018 5578 inveniuntur.
1051 5520 1496 5595 Componuntur
1552 5523 1747 5581 missae
1799 5524 1919 5580 sive

266 5633 488 5692 preces,
520 5612 610 5670 vel
658 5610 954 5669 orationes
1012 5612 1134 5667 sive
1193 5613 1755 5684 commendationes,
1814 5630 1919 5671 seu

267 5720 480 5764 manus
501 5701 1001 5776 impositiones,ex
1031 5701 1246 5775 quibus
1270 5704 1320 5758 si
1351 5700 1516 5758 nulla
1535 5701 1922 5759 decantautur

265 5796 327 5867 in
356 5793 636 5865 Ecclesia,
667 5795 876 5851 vacant
907 5790 1098 5852 ofﬁcia
1145 5790 1343 5854 omnia
1386 5787 1800 5851 ecclesiastica.
1849 5792 1920 5849 Et

2033 4808 2120 4864 vel
2174 4807 2303 4880 ipsa
2348 4806 2619 4864 videlicet
2664 4806 3332 4880 Constantinopolitana,
3372 4805 3462 4864 vel
3512 4808 3694 4868 altera

2034 4896 2292 4954 Ecclesia
2323 4896 2519 4965 habet,
2544 4912 2650 4969 ego
2681 4900 2738 4952 et
2766 4896 3025 4953 minores
3054 4912 3218 4954 meos
3248 4912 3397 4968 quos
3426 4896 3498 4953 ab
3521 4896 3693 4954 illici-

2033 4986 2112 5041 tis
2140 4985 2463 5057 prohibebo
2496 4985 2556 5041 in
2588 4985 2740 5042 bono
2770 4984 2990 5041 imitari
3020 4989 3263 5058 paratus
3291 4985 3693 5044 sum.Stultus

2030 5079 2121 5132 est
2149 5075 2307 5130 enim
2340 5073 2440 5146 qui
2472 5073 2533 5131 in
2575 5091 2640 5130 eo
2673 5090 2736 5131 se
2783 5075 3047 5148 primum
3098 5074 3396 5132 existimat
3444 5077 3511 5131 ut
3539 5075 3693 5132 bona

2031 5180 2158 5236 quae
2204 5163 2413 5221 viderit
2470 5164 2695 5221 discere
2750 5167 3112 5220 contemnat.
3145 5164 3294 5220 Nam
3342 5163 3394 5219 si
3448 5163 3601 5233 ideo,
3625 5168 3692 5222 ut

2030 5270 2183 5327 saepe
2200 5253 2620 5321 dictum,illum
2637 5253 2971 5328 angelicum
2995 5252 3285 5326 hymnum
3307 5252 3694 5325 prohibemur

2031 5343 2092 5398 in
2123 5344 2345 5401 festivis
2365 5343 2575 5401 diebus
2599 5360 2807 5401 canere
2842 5360 2909 5399 eo
2935 5343 3092 5414 quod
3129 5341 3531 5399 Romanorum
3562 5358 3689 5415 pre-

2030 5432 2249 5506 sbyteri
2297 5450 2413 5491 non
2467 5434 2659 5491 solent
2706 5449 2843 5489 eum
2876 5448 3121 5499 canere,
3154 5447 3476 5505 possumus
3512 5431 3692 5490 simili

2030 5524 2203 5579 modo
2250 5527 2383 5596 post
2434 5522 2819 5597 Evangelium
2848 5519 3197 5595 symbolum
3236 5520 3503 5592 reticere,
3535 5519 3690 5594 quod

2031 5612 2279 5671 Romani
2335 5628 2524 5684 usque
2583 5613 2656 5669 ad
2702 5610 2824 5670 haec
2881 5616 3150 5684 tempora
3201 5609 3345 5669 diva:
3395 5609 3690 5667 memoria

2031 5701 2257 5758 Henrici
2292 5702 2669 5776 imperatoris
2700 5701 2862 5759 nullo
2895 5700 3069 5758 modo
3100 5699 3458 5757 cecinerunt.
3479 5699 3592 5757 Sed
3616 5716 3689 5757 an
3724 5772 3727 5773 ν

2031 5792 2234 5849 eodem
2265 5792 2604 5867 interrogati
2635 5809 2738 5852 cur
2770 5792 2849 5849 ita
2881 5793 3140 5867 agerent,
3174 5805 3266 5849 me
3296 5804 3495 5849 coram
3547 5788 3690 5869 888i:
