4984 6394
697 468 838 531 1061

2005 466 2105 526 DE
2150 462 2454 529 OFFICIO
2503 464 2784 529 MISSZE.
2854 514 2863 523 ,

3932 471 4091 534 ’1062

700 604 905 659 stente.
937 597 1132 654 audivi
1158 613 1258 653 eos
1276 593 1618 670 hujnsmodi
1637 613 1982 670 responsum
2000 599 2345 668 reddere,vi-
2371 602 2423 668 Α
2458 604 2588 672 post
2634 604 2894 657 octavam
2942 606 3332 669 Pentecostes,
3360 598 3490 659 aliis
3519 619 3549 658 e
3580 604 3810 676 regione
3857 610 4095 661 conten-

704 688 1083 760 delicet,quod
1116 687 1381 742 Romana
1407 685 1663 741 Ecclesia
1691 702 1807 740 non
1838 686 2045 743 fuisset
2074 687 2339 759 aliquan-

705 779 773 834 do
803 776 922 833 ulla
949 775 1240 831 haereseos
1272 774 1406 829 faece
1438 774 1779 843 infecta,sed
1802 776 2125 831 secundum
2157 777 2339 831 sancti

706 867 850 923 Petri
881 864 1208 920 doctrinam
1235 862 1296 917 in
1327 861 1619 919 soliditate
1649 862 1941 919 catholicae
1968 865 2102 919 fidei
2123 881 2344 937 perma-

706 957 862 1011 neret
886 953 1235 1008 inconcussa
1265 968 1279 1007 :
1312 956 1368 1008 et
1397 951 1528 1007 ideo
1573 952 1763 1024 magis
1810 951 1903 1008 his
1948 954 2361 1010 necessarium

707 1059 829 1100 esse
859 1040 1000 1097 illud
1029 1039 1360 1114 symbolum
1393 1040 1606 1113 saepius
1637 1041 1923 1096 cantando
1955 1041 2342 1114 frequentare,

708 1132 801 1204 qui
831 1129 1144 1203 aliquando
1175 1128 1295 1184 ulla
1324 1128 1530 1184 haeresi
1581 1133 1895 1202 potuerunt
1943 1131 2244 1188 maculari.
2276 1134 2348 1188 At

707 1219 971 1277 dominus
994 1219 1317 1291 imperator
1346 1236 1462 1274 non
1492 1222 1663 1275 antea
1692 1219 1863 1276 desiit
1884 1214 2060 1292 quam
2083 1222 2347 1278 omnium

709 1325 986 1364 consensu
1016 1308 1076 1362 id
1104 1307 1341 1363 domino
1372 1307 1675 1363 Benedicto
1698 1308 2013 1381 apostolico
2034 1312 2344 1383 persuasit,

711 1401 769 1452 ut
796 1397 865 1452 ad
886 1395 1181 1469 publicam
1202 1397 1444 1452 missam
1459 1395 1604 1451 illud
1624 1397 2129 1454 decantarent.Sed
2150 1404 2346 1455 utrum

708 1484 850 1541 hanc
875 1485 1360 1541 consuetudinem
1393 1490 1621 1540 servent
1666 1485 1857 1541 adhuc
1907 1488 2197 1544 affirmare
2234 1506 2348 1545 non

710 1573 1016 1646 possimus,
1069 1572 1211 1645 quia
1261 1577 1482 1628 certum
1545 1589 1658 1629 non
1713 1579 1997 1630 tenemus.
2049 1576 2123 1630 Eo
2172 1578 2348 1633 etiam

711 1663 873 1718 modo
904 1666 1154 1735 possunt
1182 1662 1354 1734 objici
1389 1660 1573 1717 multa
1604 1678 1729 1734 qua:
1760 1668 1889 1736 post
1923 1665 2104 1720 sancti
2138 1665 2348 1738 Grego-

712 1750 776 1805 rii
824 1755 1088 1823 tempora
1137 1766 1315 1806 causa
1357 1750 1580 1806 decoris
1630 1751 1900 1806 videntur
1944 1754 2195 1809 adducta
2225 1754 2349 1825 [al.,

711 1838 971 1910 adjecta],
1023 1854 1163 1894 cum
1209 1856 1241 1893 a
1272 1838 1562 1894 contrario
1611 1837 1921 1895 Psalmista
1968 1841 2166 1896 dicat:
2201 1842 2349 1915 Adji-

2447 688 2743 757 dentibus,
2777 690 2834 745 in
2867 690 2975 746 hac
3006 690 3392 759 solemnitate,
3415 691 3555 764 quia
3580 692 3829 765 Spiritus
3860 698 4096 749 sanctus

2451 795 2628 850 super
2655 777 2947 851 apostolos
2978 778 3036 835 in
3068 779 3286 853 linguis
3316 779 3504 854 igneis
3529 781 3939 854 aj‘paruit,non
3964 780 4097 854 plus

2452 884 2627 939 quam
2661 873 2883 941 septem
2916 868 3039 923 dies
3070 868 3278 925 debere
3304 869 3551 942 expendi
3574 864 3745 940 juxta
3774 870 3925 925 dona
3946 870 4099 941 ejus-

2453 956 2585 1011 dem
2618 956 2871 1028 Spiritus
2898 956 3105 1012 sancti.
3138 958 3248 1013 Sed
3280 958 3351 1014 ad
3384 958 3533 1013 hanc
3562 958 3723 1014 litem
3746 958 3897 1014 inter
3915 961 4099 1014 utras-

2454 1059 2564 1116 que
2592 1048 2785 1117 partes
2814 1044 3221 1114 dirimendam,
3254 1045 3382 1118 ipso
3420 1050 3621 1102 sancto
3666 1045 3889 1120 Spiritu
3932 1047 4098 1119 adju-

2453 1133 3031 1202 vante,ostendamus
3046 1134 3139 1190 cui
3156 1134 3302 1206 parti
3321 1135 3529 1191 merito
3549 1135 3736 1192 favere
3757 1136 4096 1193 debeamus.

2454 1220 2600 1276 Nam
2633 1239 2765 1278 cum
2796 1226 2852 1278 S.
2885 1212 3251 1296 Augustinus.
3274 1223 3474 1280 doctor
3501 1225 3770 1298 egregius
3790 1225 3862 1282 de
3886 1241 4102 1281 sermo-

2454 1327 2529 1366 ne
2560 1310 2793 1366 Domini
2824 1311 2881 1366 in
2914 1317 3110 1367 monte
3140 1311 3338 1367 habito
3369 1312 3715 1385 disputaret,
3747 1317 3803 1369 et
3833 1313 4098 1386 singulas

2453 1398 2846 1456 beatitudines
2876 1405 3097 1473 septem
3129 1400 3298 1457 donis
3328 1400 3575 1472 Spiritus
3596 1400 3780 1457 sancti
3802 1418 4099 1475 compara-

2457 1492 2545 1544 ret
2576 1504 2590 1543 :
2626 1505 2761 1543 nam
2793 1489 2983 1560 prima
3014 1489 3311 1545 beatitudo
3343 1489 3555 1560 incepit
3589 1506 3602 1545 :
3637 1492 3790 1546 Beati
3832 1506 4100 1562 pauperes

2456 1578 2677 1648 spiritu,
2708 1580 2969 1650 quoniam
3000 1578 3239 1648 ipsorum
3268 1585 3343 1633 est
3374 1594 3597 1649 regnum
3618 1578 3873 1634 caelorum
3895 1578 4093 1649 (Matth.

2458 1666 2535 1736 ν),
2571 1682 2704 1719 cum
2736 1665 2805 1720 ad
2841 1670 3101 1721 octavam
3132 1665 3475 1738 perveniret,
3508 1665 3588 1722 ita
3616 1665 3815 1722 intulit
3844 1682 3858 1721 :
3892 1665 4103 1722 Octava

2459 1757 2741 1827 tanquam
2771 1754 2843 1809 ad
2875 1754 3049 1825 caput
3080 1754 3246 1823 redit,
3281 1754 3417 1825 quia
3466 1759 3941 1810 consummatum
3973 1769 4101 1828 per-

2459 1842 2794 1915 fectumque
2822 1841 3077 1896 ostendit
3102 1845 3158 1897 et
3187 1841 3619 1914 probat.Itaque
3645 1841 3702 1897 in
3729 1842 3921 1915 prima
3939 1848 3996 1898 et
4013 1858 4104 1899 oc-

709 1929 846 1983 ciam
871 1942 1032 1998 super
1059 1944 1277 1984 omnem
1308 1926 1523 1982 laudem
1563 1930 1714 1982 tuam
1747 1929 1920 2000 (Psal.
1955 1929 2103 2001 Lxx).
2140 1931 2208 1986 Et
2240 1932 2351 1985 mi-
2380 1965 2429 2030 Β
2460 1934 2591 1985 tava
2620 1930 2990 1986 nominatum
3019 1934 3107 1985 est
3136 1946 3381 2004 regnum
3411 1929 3860 1986 ccclorum.Cum
3892 1930 4104 1987 dicitur

710 2031 832 2070 rum
861 2015 1025 2071 valde
1049 2015 1285 2071 videtur
1315 2032 1448 2070 cum
1477 2020 1633 2071 certa
1659 2016 1734 2071 sit
1763 2016 1983 2074 ratione
2011 2018 2349 2089 discretum,

710 2103 842 2174 quid
872 2103 979 2159 soli
1005 2102 1182 2159 liceat
1231 2104 1523 2176 episcopo,
1558 2121 1673 2159 non
1723 2110 1918 2160 autem
1968 2107 2303 2180 presbytero
2337 2126 2350 2165 :

706 2189 982 2260 videlicet,
1018 2196 1089 2249 ut
1120 2192 1190 2249 ad
1224 2193 1563 2265 episcopum
1597 2194 1922 2266 pertineant
1959 2195 2355 2253 ordinationes

707 2280 1072 2350 clericorum,
1105 2280 1495 2337 dedicationes
1543 2282 1938 2352 ecclesiarum,
1972 2285 2121 2339 sacri
2170 2286 2355 2341 chris-

711 2371 874 2426 matis
897 2370 1215 2441 confectio,
1249 2371 1321 2425 ad
1354 2371 1614 2426 dandum
1645 2371 1925 2442 Spiritum
1974 2372 2354 2445 paracletum,

712 2476 868 2515 sacra
900 2458 1210 2531 impositio
1261 2475 1566 2525 manuum,
1599 2457 1739 2530 quid
1790 2458 1945 2514 aliud
1996 2477 2123 2516 esse
2174 2462 2359 2533 possit

712 2547 767 2602 in
819 2545 1209 2603 sacramentis
1257 2546 1467 2602 divinis
1516 2548 1670 2619 quod
1720 2565 1833 2602 non
1884 2549 1962 2603 sit
2006 2551 2358 2622 presbyteris

714 2652 1015 2692 commune
1044 2652 1187 2691 cum
1233 2635 1541 2708 episcopis,
1577 2636 1863 2708 praecipue
1912 2653 2042 2692 cum
2095 2637 2151 2693 id
2203 2641 2358 2711 quod

714 2724 1268 2780 excellentissimum
1299 2727 1386 2780 est
1417 2724 1475 2778 in
1507 2724 1779 2780 omnibus
1810 2727 2361 2796 sacramentis,san-

716 2817 867 2869 ctum
897 2813 1172 2869 videlicet
1203 2830 1413 2884 corpus
1453 2818 1508 2868 et
1557 2813 1897 2884 sanguinem
1950 2814 2184 2883 Christi,
2217 2833 2358 2889 quo-

717 2900 849 2956 tidie
876 2901 1028 2957 sicut
1080 2900 1357 2973 episcopi,
1392 2901 1473 2956 ita
1523 2906 1581 2956 et
1629 2906 1967 2958 consecrent
2016 2905 2360 2976 presbyteri,

716 2976 816 3045 nec
845 2990 1111 3046 sanctius
1137 2990 1213 3045 sit
1240 2989 1474 3044 illorum
1507 3007 1682 3062 quam
1716 2990 1981 3046 istorum.
2016 2992 2177 3047 Unde
2226 3010 2359 3049 san-

717 3081 841 3134 ctus
896 3077 1291 3150 Hieronymus
1359 3077 1498 3134 dicit
1553 3079 1623 3133 de
1681 3079 1890 3135 iisdem
1958 3081 2357 3153 presbyteris:

712 3165 779 3220 Hi
807 3183 1061 3240 namque
1092 3165 1152 3221 in
1180 3166 1580 3222 benedictione
1606 3183 1738 3222 cum
1790 3168 2076 3240 episcopis
2124 3186 2360 3225 consor-

712 3256 798 3309 tes
830 3258 969 3311 sunt
1000 3253 1421 3326 mysteriorum
1455 3270 1519 3309 ac
1552 3253 1715 3310 nulla
1745 3254 1803 3310 in
1836 3257 2192 3314 conficiendo
2237 3276 2359 3314 cor-

2464 2023 2658 2075 autem
2684 2037 2696 2074 :
2721 2018 2858 2084 Quis
2885 2034 2992 2073 nos
3023 2018 3317 2090 separabit
3348 2035 3381 2073 a
3411 2018 3733 2076 charitate?
3760 2018 4106 2075 tribulatio?

2463 2125 2536 2165 an
2568 2107 2837 2180 angustia
2851 2107 2879 2162 ‘I
2905 2124 2979 2162 an
3008 2107 3334 2179 persecutio
3346 2106 3376 2162 ?
3392 2124 3465 2163 an
3493 2107 3675 2163 fames
3689 2107 3718 2163 ?
3733 2125 3807 2164 an
3830 2108 4065 2166 nuditas
4079 2108 4108 2163 ?

2464 2213 2537 2250 an
2571 2195 2941 2268 periculum?
2971 2212 3043 2250 an
3075 2195 3339 2268 gladius;
3376 2197 3524 2252 Rom.
3549 2196 3669 2269 vm)
3704 2200 3925 2270 septem
3969 2199 4110 2253 sunt

2466 2300 2600 2356 ergo
2632 2301 2758 2356 qua:
2788 2283 3097 2356 perficiunt
3120 2300 3133 2338 :
3159 2300 3295 2338 nam
3326 2288 3524 2340 octava
3553 2283 3850 2354 clarificat,
3863 2288 3921 2342 et
3950 2285 4105 2357 quod

2466 2374 2783 2445 perfectum
2814 2377 2901 2427 est
2931 2372 3289 2428 demonstrat
3319 2375 3383 2426 ut
3412 2389 3513 2444 per
3541 2371 3647 2428 hos
3674 2372 3892 2445 gradus
3929 2373 4107 2446 perfi-

2467 2462 2697 2517 ciantur
2723 2464 2780 2516 et
2816 2460 3028 2527 caeteri,
3058 2462 3338 2532 tanquam
3371 2479 3404 2515 a
3433 2461 3620 2533 capite
3662 2478 3896 2518 rursum
3943 2477 4105 2517 exor-

2470 2549 2912 2605 diens.Videtur
2934 2566 3069 2622 ergo
3101 2549 3243 2604 mihi
3271 2549 3445 2604 etiam
3478 2549 3829 2622 septiformis
3850 2549 4108 2621 operatio

2468 2637 2722 2710 Spiritus
2752 2637 2959 2704 sancti,
2992 2638 3062 2692 de
3094 2654 3209 2708 qua
3241 2636 3422 2692 Isaias
3452 2637 3712 2709 loquitur
3739 2640 3865 2708 (Isa.
3889 2638 3994 2710 x1),
4014 2637 4109 2692 his

2468 2725 2749 2798 gradibus
2768 2725 3189 2796 sententiisque
3206 2726 3615 2798 congruere.Et
3631 2729 3761 2798 post
3777 2725 4108 2798 aliquanta:

2469 2813 2596 2868 Haec
2627 2818 2828 2869 octava
2856 2813 3294 2885 sententiaque:
3315 2813 3383 2868 ad
3410 2818 3581 2886 caput
3601 2814 3750 2869 redit
3769 2814 4114 2887 perfectum-

2469 2918 2580 2973 que
2612 2901 2909 2957 hominem
2937 2900 3506 2974 declarat,signiticat
3526 2902 3768 2958 fortasse
3787 2907 3844 2958 et
3863 2902 4113 2958 circum-

2469 2989 2748 3046 cisionem
2781 2994 2981 3045 octava
3010 2989 3102 3043 die
3144 2988 3204 3044 in
3254 2989 3445 3044 Veteri
3494 2990 3886 3059 Testamento,
3919 2995 3977 3046 et
4004 2989 4112 3046 Do-

2470 3078 2612 3134 mini
2644 3077 3124 3133 resurrectionem
3156 3082 3286 3149 post
3312 3078 3768 3150 Sabbatum,qui
3794 3082 3883 3133 est
3915 3077 4115 3150 utique

2466 3171 2705 3223 ‘octavus
2738 3167 2862 3222 dies
2892 3167 3163 3238 idemque
3186 3166 3415 3238 primus
3437 3166 3645 3233 dies,et
3666 3166 4114 3222 celebrationem

2470 3260 2803 3312 octavarum
2834 3255 3110 3311 feriarum
3142 3272 3287 3327 quas
3319 3254 3377 3311 in
3410 3255 3839 3327 regeneratione
3866 3254 3996 3310 novi
4017 3254 4119 3311 ho-

715 3357 848 3414 pore
901 3342 1124 3400 Christi
1176 3359 1242 3398 ac
1288 3343 1575 3416 sanguine
1621 3344 1776 3399 inter
1815 3360 1917 3401 vos
1959 3349 2018 3400 et
2060 3347 2363 3420 episcopos
2391 3328 2433 3394 Ο
2473 3345 2648 3400 minis
2680 3343 3041 3401 celebramus
3073 3347 3131 3399 et
3161 3360 3401 3400 numero
3423 3344 3549 3416 ipso
3572 3344 4114 3400 Pentecostes.Nam

713 3431 997 3488 credenda
1026 3431 1312 3487 distantia
1343 3431 1598 3504 est.quia
1617 3436 1674 3488 et
1693 3432 2108 3490 eucharistiam
2135 3436 2361 3509 pridem

711 3534 811 3591 per
830 3521 1210 3594 presbyteros
1240 3520 1629 3588 benedictam,
1664 3521 1713 3577 si
1741 3523 2065 3579 necessitas
2087 3526 2358 3598 exegerit,

710 3608 967 3680 accipere
1016 3609 1252 3665 debent.
1287 3608 1356 3663 Et
1403 3612 1535 3682 post
1582 3627 1767 3682 pauca
1801 3628 1813 3666 :
1848 3611 1993 3666 Nam
2044 3612 2092 3668 si
2124 3614 2256 3687 quis
2287 3614 2357 3670 ad

711 3694 983 3767 injuriam
1018 3701 1269 3765 revocat,
1304 3700 1369 3751 ut
1399 3700 1560 3768 putet
1590 3713 1706 3752 non
1739 3698 1945 3754 debere
1990 3716 2054 3756 se
2102 3701 2361 3775 accipere

708 3784 1125 3845 eucharistiam
1159 3802 1337 3857 quam
1370 3784 1672 3857 presbyter
1700 3786 2074 3853 benedicit,is
2106 3790 2360 3861 profecto

708 3887 1013 3942 perversus
1045 3876 1137 3929 est
1173 3890 1185 3928 :
1217 3872 1461 3928 credens
1492 3873 1672 3929 Deum
1705 3874 1819 3930 duo
1851 3891 2092 3949 corpora
2120 3877 2359 3935 habuis-

708 3977 790 4027 se,
822 3979 1009 4018 unum
1040 3960 1421 4035 majus,aliud
1454 3961 1686 4030 minus;
1722 3965 1875 4036 quod
1898 3965 2206 4039 episcopus
2229 3984 2363 4023 con-

709 4050 828 4106 ﬂcit
852 4054 1072 4124 majus,
1107 4051 1262 4123 quod
1298 4051 1620 4124 presbyteri
1655 4052 1884 4124 minus;
1913 4054 2012 4127 qui
2061 4054 2359 4113 Christum

709 4137 787 4195 ita
814 4140 1044 4209 dividit,
1075 4140 1190 4196 Deo
1246 4140 1526 4211 injuriam
1574 4140 1729 4196 facit.
1762 4142 1949 4213 Super
1996 4142 2115 4199 haec
2164 4144 2362 4201 omnia

708 4242 840 4282 cum
869 4228 930 4283 in
964 4227 1156 4300 capite
1189 4227 1325 4283 libri
1352 4227 1868 4301 missalis,quando
1898 4230 2219 4303 presbyteri
2250 4233 2359 4289 Ro-

707 4316 865 4371 mani
898 4317 1085 4373 Gloria
1118 4318 1177 4372 in
1207 4317 1435 4373 excelsis
1474 4321 1587 4373 Deo
1635 4334 1841 4374 canere
1889 4324 1946 4375 et
1991 4336 2106 4376 non
2154 4337 2360 4379 canere

708 4402 953 4474 soleant,
986 4404 1242 4477 legimus
1291 4403 1661 4461 solummodo
1705 4405 2166 4478 prmtitulatum:
2219 4426 2358 4465 nus-

708 4508 883 4564 quam
918 4498 1120 4550 autem
1154 4493 1240 4549 vel
1273 4510 1306 4548 a
1336 4494 1504 4549 beato
1535 4510 1685 4566 papa
1715 4494 2007 4566 Gregorio,
2040 4496 2129 4552 vel
2165 4497 2359 4570 aliquo

705 4585 1046 4637 sanctorum
1098 4582 1337 4637 Patrum
1389 4582 1560 4638 nobis
1602 4583 1976 4639 interdictum
2020 4588 2185 4657 puto,
2215 4587 2358 4658 quin

2469 3433 2795 3507 septenario
2818 3449 3061 3489 numero
3080 3434 3294 3505 septies
3310 3432 3838 3505 multiplicato,quo
3857 3431 4009 3487 fiunt
4028 3431 4112 3499 59,

2470 3522 2636 3596 quasi
2685 3527 2921 3579 octavus
2967 3522 3220 3588 additur,
3254 3526 3317 3577 ut
3345 3523 3417 3577 50
3447 3521 3869 3594 compleantur,
3900 3524 3958 3576 et
3987 3523 4115 3576 tan-

2470 3629 2648 3684 quam
2666 3613 2935 3668 redeatur
2950 3612 3020 3667 ad
3043 3614 3240 3685 caput,
3265 3627 3380 3683 quo
3403 3610 3495 3666 die
3518 3609 3736 3666 missus
3756 3614 3844 3666 est
3862 3608 4114 3681 Spiritus

2470 3705 2731 3769 sanctus,
2775 3718 2889 3773 quo
2940 3701 3000 3755 in
3051 3716 3297 3773 regnum
3345 3698 3622 3755 cmlorum
3672 3698 4028 3764 inducimur,
4061 3701 4118 3753 et

2469 3788 2869 3845 hzereditatem
2900 3788 3303 3860 accipimus,et
3324 3788 3777 3857 consolamur,et
3796 3787 4114 3860 pascimur,

2470 3883 2527 3934 et
2557 3877 3019 3934 misericordiam
3069 3876 3505 3948 consequimur,
3546 3880 3603 3931 et
3649 3875 4026 3940 muadamur,
4059 3877 4117 3930 et

2469 3964 2865 4039 paciﬁcamur,
2899 3970 3073 4036 atque
3105 3965 3186 4020 ita
3214 3964 3454 4035 perfecti
3503 3979 3705 4019 omnes
3752 3963 4114 4020 extrinsecus

2469 4054 2661 4111 illatas
2692 4052 2989 4110 molestias
3020 4070 3124 4126 pro
3145 4053 3384 4108 veritate
3403 4054 3460 4108 et
3471 4050 3706 4123 justitia
3727 4050 4110 4107 sustinemus.

2469 4144 2547 4199 Ex
2571 4142 2665 4199 his
2691 4143 2749 4198 S.
2781 4141 3093 4216 Augustini
3121 4140 3313 4198 verbis
3357 4140 3578 4213 liquido
3626 4143 3817 4213 potest
3863 4138 4113 4211 intelligi

2470 4230 2610 4303 quid
2639 4230 2710 4286 de
2740 4230 2956 4287 octavis
2987 4230 3349 4285 Pentecostes
3388 4226 3573 4300 possit
3618 4225 3843 4282 sentiri.
3874 4227 3985 4284 Sed
4018 4227 4113 4281 in-

2468 4320 2639 4376 terim
2669 4319 2757 4375 vel
2788 4319 3036 4375 breviter
3055 4319 3127 4374 de
3147 4320 3510 4373 sacramento
3534 4316 3717 4372 nostri
3740 4315 4113 4391 baptismatis

2468 4408 2686 4481 aliquid
2717 4407 3048 4480 loquamur,
3081 4405 3236 4478 quod
3277 4406 3337 4461 in
3385 4404 3833 4462 similitudinem
3883 4403 4111 4476 mortis,

2468 4496 2802 4571 sepulturas,
2836 4494 3278 4552 resurrectionis
3308 4494 3523 4550 Christi
3562 4494 3804 4567 regitur,
3835 4493 4112 4567 Apostolo

2467 4590 2614 4643 teste
2644 4586 2745 4657 qui
2777 4585 2857 4640 ait
2890 4602 2903 4640 :
2938 4586 3261 4657 Quicunque
3292 4583 3558 4655 baptizati
3591 4599 3781 4638 sumus
3810 4584 3870 4638 in
3899 4583 4114 4640 Christo

705 4669 864 4723 omni
885 4669 981 4725 die
1002 4669 1308 4727 Dominica
1331 4670 1419 4726 vel
1441 4671 1500 4725 in
1525 4676 1859 4729 sanctorum
1887 4673 2166 4730 natalitiis
2186 4675 2358 4731 liceat
2387 4694 2433 4759 D
2465 4676 2608 4742 Iesu,
2642 4676 2702 4730 in
2733 4680 2903 4747 morte
2935 4675 3105 4745 ipsius
3135 4673 3396 4744 baptizati
3420 4672 3949 4744 sumus.Consepulti
3967 4673 4114 4727 enim

704 4756 873 4813 nobis
904 4774 1060 4831 saepe
1091 4759 1314 4815 dictum
1341 4759 1627 4833 hymnum
1650 4777 1854 4818 canere
1877 4763 1946 4818 ad
1973 4768 2355 4835 augmentum
2387 4756 2419 4759 ﬁ
2464 4781 2653 4821 sumus
2680 4780 2805 4820 cum
2836 4763 2932 4819 illo
2958 4779 3060 4834 per
3091 4762 3417 4834 baptismum
3442 4762 3502 4816 in
3522 4768 3832 4828 mortem,ut
3851 4760 4112 4833 quomodo

704 4842 899 4902 laudis
930 4846 1162 4905 divinae.

1348 4937 1578 4994 CAPUT
1626 4938 1721 4995 ΙΙΙ.

1188 5026 1265 5082 De
1291 5031 1482 5082 octava
1522 5032 1881 5086 Pentecostes.

774 5111 877 5168 His
908 5111 997 5168 ita
1030 5117 1326 5187 utcunque
1353 5115 1618 5188 digestis,
1651 5133 1767 5173 non
1818 5116 2086 5176 absimile
2134 5121 2362 5178 videtur

698 5197 751 5253 si
780 5200 928 5271 quid
956 5201 1036 5279 de
1065 5203 1282 5260 octavis
1310 5203 1683 5261 Pentecostes
1710 5205 2191 5279 loquamur.Nam
2217 5210 2357 5266 dum

697 5286 895 5344 adhuc
928 5290 1088 5361 apud
1111 5290 1304 5349 Gallos
1329 5307 1519 5349 essem
1542 5294 2043 5363 constitutus,non
2068 5296 2356 5354 modicam

698 5390 877 5446 super
906 5376 1022 5432 hac
1053 5393 1115 5433 re
1145 5380 1529 5450 qumstionem
1579 5383 1817 5455 cognovi
1865 5389 2122 5441 exortam
2154 5385 2213 5441 in
2242 5385 2358 5443 illis

696 5462 1067 5536 regionibus,
1128 5465 1259 5522 aliis
1316 5469 1749 5527 afﬁrmantibus
1813 5472 1968 5544 quod
2028 5473 2105 5528 sit
2161 5475 2356 5529 Domi-

695 5551 842 5608 nicm
873 5553 1212 5611 Nativitatis
1242 5572 1308 5612 ac
1338 5556 1821 5627 Resurrectionis,
1849 5560 1930 5617 ita
1954 5564 2243 5633 oporteret
2273 5580 2359 5619 ce-

691 5636 926 5700 labrare
959 5645 1018 5697 et
1048 5647 1282 5708 octavas
1315 5645 1701 5716 Pentecostes,
1733 5648 2021 5724 praecipue
2070 5666 2203 5706 cum
2243 5668 2352 5708 saa-

689 5727 831 5811 pius
864 5731 926 5788 in
950 5730 1172 5790 nostris
1195 5732 1543 5794 officialibus
1567 5733 1732 5796 libris
1753 5738 2037 5815 scriptum
2064 5737 2351 5815 legamus,

2467 4853 2712 4908 surrexit
2741 4850 2981 4907 Christus
3007 4866 3042 4904 a
3070 4850 3298 4905 mortuis
3323 4864 3426 4920 per
3450 4849 3686 4920 gloriam
3714 4850 3917 4919 Patris,
3954 4851 4031 4904 ita
4061 4852 4115 4905 et

2470 4957 2566 4998 nos
2597 4942 2657 4996 in
2686 4940 2925 4996 novitate
2953 4940 3080 4996 vita
3109 4938 3464 4994 ambulemus.
3495 4937 3559 4993 Si
3583 4940 3732 4994 enim
3758 4938 4116 5009 complantati

2467 5032 2604 5101 facti
2629 5045 2815 5084 sumus
2841 5027 3199 5084 similitudini
3225 5029 3419 5083 mortis
3448 5027 3585 5099 ejus,
3607 5027 3775 5082 simul
3793 5034 3845 5082 et
3872 5042 4114 5083 resurre-

2468 5119 2667 5174 ctionis
2694 5120 2900 5173 erimus
2928 5119 3100 5186 (Rom.
3136 5115 3236 5188 vx),
3269 5120 3325 5171 et
3354 5120 3582 5172 caetera.
3615 5113 3778 5171 Unde
3825 5119 3881 5170 et
3905 5115 4113 5171 beatus

2469 5223 2621 5279 papa
2650 5207 2763 5261 Leo
2797 5223 2809 5261 :
2844 5206 2908 5261 In
2939 5204 3331 5278 baptismatis,
3364 5204 3573 5277 inquit,
3606 5202 3807 5277 regula
3855 5207 3913 5259 et
3955 5219 4113 5259 mors

2466 5295 2777 5352 intervenit
2806 5294 3206 5351 interfection'e
3234 5293 3453 5367 peccati
3475 5312 3488 5352 :
3510 5292 3870 5367 sepulturam
3894 5291 4111 5348 tridua-

2468 5401 2605 5439 nam
2636 5383 2900 5439 imitatur
2929 5382 3229 5454 dimersio,
3260 5387 3317 5441 et
3345 5383 3417 5439 ab
3451 5382 3620 5456 aquis
3651 5380 4110 5448 elevatio,resur-

2465 5472 2655 5545 gentis
2687 5472 2873 5528 instar
2900 5475 2989 5528 est
3010 5471 3080 5528 de
3104 5470 3560 5544 sepulcro,Unde
3581 5468 3902 5527 rectissime
3922 5465 4112 5522 sancti

2464 5561 2663 5617 Patres
2675 5560 3306 5634 duotantumlegitima
3319 5559 3659 5632 temporaad
3672 5553 4108 5627 baptizandum,

2462 5650 2513 5706 si
2546 5649 2709 5707 nulla
2729 5649 3046 5706 necessitas
3069 5646 3826 5718 intervenit,constituerunt
3849 5658 3862 5695 :
3885 5638 4108 5695 Sabba-

2463 5744 2588 5798 tum
2619 5739 2883 5800 videlicet
2907 5737 3139 5799 Pascha
3161 5742 3217 5795 et
3238 5736 3553 5794 Sabbatum
3581 5723 4105 5791 Pentecostesouaa
