4984 6438
1141 498 1288 560 1063

2214 493 2600 556 BERNONIS
2645 491 2970 554 ABBATIS
3015 490 3454 553 AUGIENSIS.

4389 479 4549 548 1064

1134 637 1383 702 utraque
1416 647 1520 704 per
1549 634 1676 686 octo
1708 630 1833 687 dies
1862 629 2243 685 celebrantur.
2272 625 2473 682 Merito
2504 641 2777 697 consepe-
2807 627 2861 693 Α
2894 625 2950 680 in
2984 624 3362 690 Lectionario,
3396 639 3570 697 quem
3602 622 3819 681 librum
3847 623 4088 681 Comitis
4116 621 4545 697 appellavit,sic

1135 721 1362 776 liuntur
1390 719 1618 775 Christo
1650 718 1921 791 baptizati
1969 717 2025 772 in
2059 717 2330 772 Sabbato.
2365 719 2430 770 ut
2475 731 2610 770 cum
2655 714 2781 785 ipso

1133 809 1366 865 valeant
1397 821 1700 882 resurgere
1730 809 1821 864 die
1855 806 2172 864 Dominico.
2195 804 2538 859 Sicutenim
2569 803 2782 858 Subba-

1135 905 1264 956 tum
1296 897 1557 970 requiem
1585 895 2027 961 animarum,sic
2050 893 2396 950 Dominibus
2419 892 2671 964 dics,qui
2695 896 2783 947 est

1133 987 1362 1062 primus
1389 991 1447 1042 et
1477 989 1730 1052 octavus,
1755 983 2044 1056 signiﬁcat
2066 981 2549 1038 resurrectionem
2582 996 2783 1051 corpo-

1135 1095 1288 1134 rum.
1321 1073 1382 1136 Si
1403 1075 1567 1132 enim
1597 1073 1736 1130 certi
1783 1072 1970 1144 gratia
2018 1071 2278 1144 mysterii
2329 1087 2432 1142 per
2477 1074 2606 1124 octo
2655 1069 2779 1123 dies

1133 1170 1330 1222 noster
1352 1163 1681 1236 baptismus
1719 1161 1947 1232 colitur,
1980 1161 2061 1216 ita
2109 1165 2172 1214 ut
2219 1165 2418 1214 octava
2463 1159 2556 1213 die
2604 1157 2778 1212 vesti-

1120 1247 1328 1310 menta
1357 1254 1658 1310 mutentur
1679 1250 2240 1322 baptizatorum,cur
2268 1265 2384 1303 non
2419 1247 2608 1318 magis
2630 1246 2777 1301 cele-

1115 1324 1333 1400 bratur
1360 1358 1464 1414 per
1491 1345 1620 1396 octo
1650 1338 1776 1394 dies
1801 1339 2131 1410 baptismus
2153 1333 2549 1410 apostolorum
2566 1335 2594 1390 ?
2615 1335 2777 1399 Quod

1123 1431 1280 1488 enim
1311 1427 1554 1503 apostoli
1592 1444 1694 1501 per
1723 1428 2039 1483 adventum
2065 1425 2318 1498 Spiritus
2349 1424 2557 1490 sancti,
2587 1423 2686 1495 qui
2717 1423 2776 1479 in

1123 1520 1260 1593 igne
1289 1516 1585 1593 apparuit,
1617 1515 1892 1588 baptizati
1926 1520 2066 1570 sunt
2087 1515 2145 1569 in
2169 1515 2261 1569 die
2285 1518 2486 1569 sancto
2511 1513 2776 1568 Penteco-

1121 1614 1262 1677 stes,
1291 1611 1544 1664 testatur
1587 1606 1647 1660 in
1700 1603 2006 1676 Evangelia
2051 1602 2310 1658 Joannes
2359 1602 2638 1672 Baptista,
2674 1601 2775 1673 qui

1121 1697 1552 1755 conﬂuentibus
1583 1694 1651 1749 ad
1686 1710 1746 1748 se
1778 1693 1965 1748 turbis
1995 1692 2078 1747 ait
2111 1708 2123 1745 :
2160 1695 2269 1761 Ego
2299 1691 2517 1762 quidem
2558 1707 2646 1745 vos
2675 1691 2774 1744 ba-

1118 1790 1268 1861 ptiw
1299 1788 1360 1841 in
1390 1801 1530 1858 aqua
1561 1784 1960 1854 pmu'tcntiam.
1992 1782 2106 1850 Qui
2153 1789 2332 1835 autem
2379 1788 2497 1850 post
2539 1795 2625 1834 me
2653 1796 2776 1833 vcn-

1125 1884 1282 1932 turus
1305 1878 1402 1943 est,
1433 1874 1632 1946 fortior
1661 1887 1746 1926 me
1791 1879 1888 1936 est,
1920 1871 2078 1941 cujus
2123 1885 2234 1924 non
2280 1885 2399 1923 sum
2430 1868 2629 1936 dignus
2659 1869 2770 1922 cai-

1121 1967 1402 2024 ceamenta
1425 1969 1664 2034 portare.
1697 1960 1818 2031 Ipse
1847 1977 1936 2015 vos
1987 1958 2282 2030 baptisabit
2311 1960 2370 2012 in
2397 1960 2609 2029 Spiritu
2640 1974 2772 2012 san-

1119 2062 1204 2110 cto
1225 2060 1282 2110 et
1311 2053 1438 2124 igne
1460 2049 1663 2118 (Matth.
1696 2047 1799 2118 ιιι).
1830 2047 1900 2103 Et
1924 2046 2049 2118 ipse
2099 2047 2378 2102 Dominus
2429 2046 2498 2101 ad
2541 2050 2772 2117 aposto-

1121 2137 1212 2200 los
1243 2139 1322 2196 ait
1354 2157 1368 2195 :
1398 2137 1634 2196 Joannes
1663 2135 1881 2210 quidem
1919 2137 2220 2207 baptizavit
2261 2152 2424 2206 aqua,
2457 2152 2546 2190 vos
2591 2144 2773 2188 autem

1123 2225 1550 2302 baptizabimini
1576 2225 1786 2299 Spiritu
1813 2233 1997 2280 sancto
2027 2241 2134 2280 non
2163 2229 2284 2296 post
2313 2225 2509 2279 multos
2541 2223 2632 2279 hos
2658 2223 2771 2278 dies

1116 2325 1260 2390 (Act.
1294 2321 1356 2386 ι).
1391 2313 1470 2373 De
1501 2332 1614 2388 qua
1645 2313 1879 2386 quidem
1909 2317 2120 2368 octavae
2154 2311 2518 2368 Pentecostcs
2559 2311 2770 2367 solem-

1119 2407 1300 2465 nitate
1329 2404 1470 2461 dicit
1497 2403 1735 2476 quidam
1773 2403 1975 2459 doctor
2024 2401 2253 2474 egregie
2300 2417 2312 2454 :
2367 2402 2616 2456 Octavus
2645 2399 2770 2454 dies

1117 2502 1224 2564 est,
1255 2496 1354 2568 qui
1385 2499 1442 2550 et
1472 2493 1720 2566 primus,
1745 2492 2068 2547 secundum
2104 2491 2350 2544 formam
2373 2494 2500 2544 octo
2524 2489 2769 2544 beatitu-

1120 2585 1348 2642 dinum.
1374 2581 1569 2639 Prima
1595 2580 1896 2636 beatitudo
1928 2578 2072 2634 dicit
2105 2596 2118 2633 :
2153 2577 2311 2633 Beati
2345 2593 2628 2650 pauperes
2650 2576 2767 2648 spi-

1121 2671 1545 2745 ritu,quoniam
1573 2670 1835 2741 ipsorum
1867 2672 1957 2722 est
1976 2683 2222 2737 regnum
2247 2665 2523 2721 cmlorum
2549 2666 2764 2737 (Matth.

1121 2764 1200 2835 v).
1232 2761 1449 2817 Octava
1478 2759 1558 2812 ita
1591 2775 1604 2812 :
1641 2756 1795 2813 Beati
1827 2755 1926 2827 qui
1959 2755 2421 2827 persecutionem
2467 2754 2770 2826 patiuntur

1122 2853 1360 2924 propter
1381 2844 1980 2919 justitiam,quoniam
2008 2843 2270 2915 ipsorum
2293 2848 2378 2898 est
2400 2859 2640 2914 regnum
2664 2861 2768 2898 cm-

1123 2939 1315 2996 lorum
1343 2935 1648 3010 (lbid.).Ad
1682 2938 2048 3004 regeneratos
2097 2931 2390 3004 pertinent
2421 2931 2505 2986 ha:
2537 2937 2764 2986 senten-

1124 3028 1238 3096 tia,
1272 3031 1337 3083 ut
1366 3026 1466 3097 qui
1500 3038 1783 3097 pauperes
1816 3027 1954 3076 sunt
1986 3021 2044 3075 in
2094 3019 2202 3075 hac
2249 3020 2366 3074 vita
2411 3027 2644 3092 propter
2674 3039 2765 3075 re-

1121 3133 1304 3192 gnum
1337 3113 1825 3183 cmlorum,usque
1856 3109 1927 3166 ad
1960 3110 2134 3164 ﬁnem
2167 3109 2293 3163 vita:
2334 3115 2764 3180 perseverantes

1120 3207 1258 3275 sint,
1284 3208 1348 3261 ut
1376 3201 1661 3276 accipiant
1687 3216 1933 3273 regnum
1956 3215 2060 3272 pro
2083 3215 2198 3271 quo
2219 3198 2314 3254 hic
2337 3197 2761 3254 laboraverunt.

1120 3295 1454 3368 Baptismus
1482 3308 1615 3347 vero
1643 3289 2088 3362 neophytorum,
2121 3287 2390 3360 quamvis
2421 3286 2477 3342 in
2510 3287 2762 3343 Sabbato

2891 713 3192 769 Dominica
3222 715 3428 786 quinta
3471 718 3607 770 ante
3651 713 4024 770 Nativitatem
4072 713 4332 781 Domini,
4367 728 4547 784 quam

2890 803 3222 859 Amalarius
3245 804 3724 875 pra-perationem
3742 802 4029 859 Dominici
4043 803 4348 859 Adventus
4366 802 4549 857 nomi-

2893 891 3067 946 navit.
3120 893 3334 947 Deinde
3382 892 3688 948 Dominica
3733 897 3945 964 quarta
3990 898 4124 948 ante
4169 890 4548 948 Nativitatem

2890 979 3143 1048 Domini,
3177 981 3480 1036 Dominica
3504 982 3675 1037 tertia
3714 988 3850 1036 ante
3881 982 4254 1038 Nativitatem
4287 979 4549 1047 Domini,

2890 1069 3194 1125 Dominica
3225 1071 3483 1125 secunda
3513 1075 3646 1127 ante
3675 1071 4049 1127 Nativitatem
4081 1068 4339 1136 Domini,
4357 1070 4548 1125 Domi-

2889 1157 3019 1213 nica
3039 1159 3228 1230 prima
3243 1163 3375 1214 ante
3394 1159 3762 1215 Nativitatem
3784 1160 4107 1227 Domini,ut
4127 1175 4410 1216 converso
4429 1175 4546 1214 mo-

2888 1247 2961 1301 do
2992 1265 3118 1319 qua:
3153 1248 3306 1318 apud
3341 1247 3756 1322 Hieronymum
3790 1249 4008 1304 dicitur
4034 1249 4226 1322 prima
4248 1248 4337 1303 vel
4359 1247 4547 1321 proxi-

2888 1353 2983 1390 ma
3013 1341 3147 1391 ante
3181 1337 3550 1392 Nativitatem
3583 1335 3996 1410 Domini,apud
4019 1337 4370 1410 Gregorium
4393 1336 4550 1391 dica-

2885 1427 2983 1479 tur
3012 1424 3312 1480 Dominica
3342 1430 3552 1497 quarta
3582 1426 3654 1481 de
3693 1426 3960 1482 Adventu
4011 1425 4264 1493 Domini,
4299 1442 4422 1482 non
4457 1425 4548 1480 in-

2885 1513 3384 1583 convenienter,ut
3413 1531 3560 1582 reor,
3577 1519 3812 1586 propter
3842 1514 4102 1587 quinque
4129 1514 4312 1586 hujus
4343 1513 4550 1570 saeculi

2885 1601 3169 1666 aetates,in
3202 1603 3419 1673 quibus
3451 1601 3759 1658 hominum
3787 1620 3974 1674 genus
4006 1604 4115 1660 sub
4141 1605 4290 1676 jugo
4322 1602 4558 1659 diaboli

2884 1691 3177 1761 captivum
3209 1691 3538 1756 tenebatur,
3569 1709 3878 1764 quousque
3917 1709 3986 1748 ex
4017 1692 4247 1748 intactae
4277 1691 4547 1764 Virginis

2884 1783 3045 1833 utero
3077 1780 3370 1834 nascendo
3402 1781 3459 1834 in
3491 1796 3664 1836 carne
3697 1787 4021 1853 appareret,
4053 1782 4152 1854 qui
4186 1780 4388 1838 carnis
4423 1797 4549 1852 pce-

2883 1871 3009 1920 cata
3043 1883 3143 1936 per
3168 1866 3259 1920 sui
3305 1867 3565 1939 corporis
3617 1867 3873 1923 hostiam
3921 1867 4178 1925 aboleret
4214 1872 4274 1924 et
4301 1866 4544 1923 initium

2882 1960 3052 2010 sextae
3085 1957 3384 2027 sequentis
3414 1955 3599 2012 aetatis
3631 1958 4024 2014 sanctiﬁcaret
4053 1975 4068 2016 :
4100 1957 4188 2014 vel
4217 1956 4363 2031 quia
4393 1957 4544 2012 inte-

2882 2044 2999 2098 rior
3031 2050 3228 2100 noster
3258 2044 3432 2099 homo
3465 2061 3568 2118 per
3597 2047 3856 2118 quinque
3888 2063 4099 2104 sensus
4125 2047 4399 2120 corporis
4425 2063 4547 2102 cor-

2883 2133 3193 2204 rumpitur,
3231 2134 3309 2187 ita
3337 2139 3402 2189 ut
3433 2134 3492 2190 in
3526 2134 3695 2191 nobis
3726 2151 3885 2191 mors
3915 2135 4377 2208 operetur,sicut
4408 2152 4544 2209 pro-

2882 2221 3055 2293 pheta
3085 2222 3225 2277 dicit
3252 2241 3264 2278 :
3299 2223 3554 2278 Introivit
3580 2239 3724 2278 mors
3748 2240 3848 2295 per
3872 2225 4142 2295 fenestras
4183 2228 4539 2294 vesti-Mler.

2879 2312 2955 2378 ix)
2980 2329 2991 2377 ;
3021 2316 3311 2382 quatenus
3341 2311 3400 2366 in
3431 2311 3524 2366 his
3573 2313 3835 2385 quinque
3884 2311 4358 2371 hebdomadibus
4397 2313 4541 2371 hos-

2881 2401 3090 2472 pitium
3141 2401 3354 2455 mentis
3402 2399 3482 2454 illi
3537 2402 3656 2473 regi
3701 2407 3895 2456 nostro
3945 2407 4324 2476 praeparetur,
4354 2420 4540 2476 quem

2883 2489 3222 2560 prophetica
3250 2488 3416 2544 lectio
3449 2488 3508 2544 in
3533 2488 3661 2562 ipsa
3681 2489 4051 2546 hebdomade
4069 2491 4277 2563 quinta
4301 2491 4400 2547 his
4421 2509 4546 2548 ver-

2880 2577 2970 2633 bis
3005 2580 3345 2649 pronuntiat
3388 2583 3698 2634 venturum
3735 2595 3748 2634 :
3780 2581 3911 2635 Ecce
3956 2580 4073 2636 dies
4121 2582 4372 2646 veniunt,
4403 2581 4546 2637 dicit

2876 2669 3156 2734 Dominus,
3188 2675 3239 2722 et
3266 2667 3535 2722 suscitabo
3567 2668 3737 2723 David
3764 2684 3988 2738 germen
4009 2669 4248 2741 justum,
4268 2677 4546 2741 etrcgna-

2878 2757 2957 2810 bit
2987 2771 3104 2820 rex,
3136 2763 3187 2812 et
3213 2759 3429 2828 sapiens
3458 2758 3585 2822 erit,
3617 2765 3669 2812 et
3695 2758 3863 2828 faciet
3877 2758 4158 2829 judicium
4183 2763 4236 2815 et
4253 2759 4546 2832 justitiam

2877 2847 2936 2900 in
2967 2853 3112 2900 terra
3143 2846 3274 2911 (Jer.
3307 2848 3488 2912 XXIII).
3521 2845 3970 2911 Quaternarium
4015 2864 4148 2903 vero
4193 2864 4541 2916 numerum,

2877 2950 3073 3006 quem,
3108 2939 3172 2988 ut
3203 2951 3382 3006 supra
3414 2935 3632 2990 notavit
3662 2939 3902 2990 sanctus
3929 2936 4264 3008 Gregorius,
4297 2937 4358 2993 in
4396 2955 4546 3010 qua-

2875 3027 3007 3077 tuor
3037 3021 3356 3078 Dominicis
3387 3023 3458 3077 de
3500 3023 3763 3078 Adventu
3811 3023 4044 3079 Domini
4074 3025 4280 3082 diebus
4311 3029 4542 3098 possit,

2873 3111 2973 3165 tali
3025 3110 3319 3166 celebrant
3367 3117 3754 3178 sacramento,
3787 3117 3850 3167 ut
3897 3112 4092 3180 homo,
4127 3114 4227 3187 qui
4276 3121 4544 3188 quatuor

2874 3201 3142 3255 consistit
3171 3199 3497 3265 elementis,
3525 3219 3628 3273 per
3666 3206 3922 3274 quatuor
3968 3201 4372 3260 hebdomadas
4405 3207 4541 3277 ejus

2873 3293 3164 3360 exspectet
3193 3289 3540 3355 Adventum,
3572 3306 3744 3362 quem
3772 3307 3875 3362 per
3913 3295 4031 3346 tres
4079 3291 4317 3349 ordines
4346 3291 4542 3350 libro-

1117 3362 1420 3458 agatur,ad
1442 3379 1610 3436 illum
1636 3379 1996 3452 baptismum
2029 3377 2281 3450 pertinet
2311 3393 2482 3448 quem
2519 3375 2767 3448 apostoli
2797 3362 2841 3431 C
2881 3394 3034 3442 rum,
3067 3378 3210 3448 legis
3243 3377 3481 3444 scilicet,
3515 3379 3955 3452 prophetarum,
3982 3380 4348 3452 psalmorum
4391 3384 4539 3444 olim

1117 3474 1466 3546 acceperunt
1496 3469 1556 3524 in
1585 3467 1682 3523 die
1711 3472 1911 3523 sancto
1944 3466 2334 3540 Pentecostes,
2368 3465 2537 3536 cujus
2569 3470 2768 3521 octava

1117 3565 1206 3617 est
1235 3560 1361 3615 dies
1391 3555 1699 3614 Dominica
1717 3570 2172 3627 sequens,quam
2195 3551 2450 3608 solemus
2476 3552 2767 3626 appellare

1119 3651 1354 3706 octavas
1397 3646 1786 3702 Pentecostes.
1819 3644 1889 3698 Et
1936 3641 2146 3697 iterum
2196 3644 2328 3713 post
2381 3639 2623 3715 aliqua:
2658 3642 2763 3699 Ce-

1119 3735 1382 3792 lebratur
1411 3749 1515 3808 per
1544 3735 1768 3804 septem
1801 3729 1926 3786 dies
1948 3747 2093 3801 opus
2115 3729 2470 3802 septiformis
2490 3730 2763 3802 Spiritus,

1123 3829 1180 3881 et
1209 3827 1410 3882 octava
1438 3821 1532 3878 die
1581 3818 2008 3876 consummatio
2038 3823 2093 3874 et
2118 3818 2432 3876 declaratio
2463 3823 2520 3876 et
2548 3819 2766 3892 gloriﬁ-

1121 3911 1271 3968 catio
1301 3911 1564 3984 ejusdem
1597 3908 1807 3982 aperis.
1840 3908 2001 3974 Quod
2032 3907 2080 3963 si
2110 3908 2191 3963 ita
2220 3912 2328 3974 est,
2362 3909 2568 3963 merito
2607 3925 2764 3966 eam-

1119 3998 1252 4058 dem
1283 3997 1761 4075 gloriﬁcationem
1793 3997 1850 4052 in
1882 3995 2098 4053 nostris
2139 3997 2350 4052 officiis
2381 3995 2579 4051 recolit
2609 4002 2764 4052 octa-

1117 4109 1190 4147 va
1219 4090 1366 4158 dies,
1397 4105 1525 4162 qua)
1555 4088 1708 4144 redit
1753 4087 1823 4143 ad
1869 4090 2066 4158 caput,
2101 4103 2228 4158 quae
2273 4089 2330 4141 et
2377 4085 2570 4157 prima
2615 4085 2761 4142 dies.

1117 4179 1319 4254 Itaque
1381 4179 1532 4236 sicut
1593 4176 2018 4234 celebravimus
2084 4175 2454 4247 majestatcm
2511 4173 2763 4246 Spiritus

1117 4269 1302 4326 sancti
1334 4269 1392 4324 in
1425 4268 1784 4332 Pentecoste,
1815 4264 2177 4320 celebremus
2221 4267 2276 4319 et
2307 4264 2364 4318 in
2392 4263 2610 4319 octavis
2640 4264 2763 4335 eju-

1119 4358 1283 4416 sdem
1341 4355 1690 4420 festivitatis,
1731 4358 2022 4426 quatenus
2078 4351 2403 4426 saepissime
2459 4351 2764 4409 recolendo

1117 4447 1245 4520 ejus
1273 4446 1446 4513 dona,
1479 4444 1755 4517 dignetur
1793 4441 2049 4498 charitas
2096 4443 2223 4512 ejus
2253 4457 2314 4497 se
2346 4441 2645 4514 profusius
2675 4440 2764 4496 in-

1119 4535 1362 4592 fundere
1391 4533 1668 4591 cordibus
1700 4530 2024 4586 nostris.Ex
2043 4529 2137 4586 his
2157 4529 2433 4586 omnibus
2456 4531 2768 4586 manifesta

1118 4624 1264 4682 ratio
1293 4625 1450 4698 patet
1481 4621 1636 4695 quod
1667 4621 1727 4676 hi
1759 4617 1856 4692 qui
1891 4623 2154 4675 octavam
2204 4617 2570 4675 Pentecostes
2617 4618 2763 4675 cele-

2876 3467 3256 3540 promissum,
3289 3472 3347 3523 et
3403 3484 3504 3539 per
3559 3473 3856 3540 quartum,
3907 3468 3966 3523 id
4021 3474 4129 3539 est,
4171 3470 4539 3545 principium

2875 3554 3191 3627 Evangelii,
3225 3555 3430 3627 angelo
3462 3561 3672 3611 sancta:
3695 3555 3886 3612 Maria:
3909 3572 4142 3630 semper
4162 3558 4378 3633 virgini
4403 3579 4542 3618 con-

2875 3649 3109 3717 ceptum
3141 3662 3205 3700 ac
3238 3645 3556 3702 nativitatis
3586 3647 3716 3717 ejus
3745 3646 4012 3704 ordinem
4042 3651 4426 3722 narrante,ad
4452 3671 4538 3709 sa-

2875 3732 3055 3789 lutem
3075 3733 3316 3789 humani
3334 3734 3564 3806 generis
3586 3735 3909 3791 certissime
3931 3736 4129 3793 sciunt
4147 3736 4288 3795 huic
4309 3743 4537 3799 mundo

2875 3823 3388 3895 presentatumEt
3417 3839 3489 3879 ne
3518 3822 3750 3878 tantilla
3780 3824 4082 3896 parvitatis
4110 3839 4254 3882 mea
4287 3833 4535 3888 attesta-

2873 3912 2974 3978 tio,
3008 3928 3181 3984 quam
3218 3929 3285 3968 ex
3317 3911 3566 3968 aliorum
3597 3912 3785 3986 magis
3819 3929 3998 3986 quam
4027 3929 4095 3970 ex
4126 3916 4370 3989 propria
4401 3936 4536 3991 pro-

2872 3999 2980 4056 tuli
3029 4001 3337 4067 sententia,
3384 4000 3650 4056 videatur
3699 4001 4188 4074 parvipendenda,
4230 4007 4531 4078 majorum

2871 4089 3028 4144 dicta
3060 4093 3351 4160 ponantur
3377 4087 3435 4144 in
3469 4088 3755 4160 medio,ut
3781 4088 3870 4148 vel
3897 4106 3966 4148 ex
3995 4091 4088 4148 his
4117 4091 4350 4165 liquido
4379 4113 4534 4153 com-

2873 4178 3151 4251 probetur
3179 4193 3427 4250 quorum
3461 4193 3604 4233 usus
3635 4177 3845 4234 rectior
3873 4179 4177 4236 habeatur.
4199 4181 4298 4237 Ait
4321 4201 4535 4259 nempe

2871 4265 3201 4322 Amalarius
3231 4265 3558 4321 divinorum
3586 4266 3911 4323 ofﬁciorum
3935 4274 4229 4325 scrutator
4255 4287 4378 4330 non
4407 4293 4536 4330 con-

2873 4355 3226 4412 temnendus
3251 4372 3263 4410 :
3289 4357 3352 4409 In
3376 4353 3633 4427 antiquis
3665 4354 3832 4413 libris
3861 4356 4190 4413 Missalium
4223 4374 4282 4415 et
4316 4361 4538 4419 Lectio-

2874 4444 3171 4500 nariorum
3207 4445 3492 4516 reperitur
3537 4443 3822 4516 scriptum
3856 4463 3870 4501 :
3903 4445 4276 4504 hebdomade
4325 4453 4540 4522 quinta

2873 4538 3007 4588 ante
3037 4531 3405 4590 Nativitatem
3439 4532 3695 4590 Domini.
3728 4534 3994 4590 Totidem
4043 4536 4204 4592 enim
4253 4536 4542 4597 lectiones

2874 4620 3160 4678 habemus
3194 4621 3252 4676 in
3278 4621 3725 4690 Lectionario,et
3746 4623 3988 4680 totidem
4006 4624 4326 4698 Evangelia
4348 4647 4387 4686 a
4405 4635 4547 4687 tem-

1115 4711 1292 4770 Lrant
1319 4713 1534 4769 rectius
1563 4713 1746 4784 agunt
1776 4724 1954 4781 quam
1976 4707 2076 4780 qui
2099 4707 2208 4763 hoc
2233 4724 2402 4780 agere
2425 4707 2766 4780 nolunt.lgi-
2794 4727 2842 4794 Ι)
2873 4727 3009 4784 pore
3040 4715 3360 4767 memorato
3391 4727 3494 4783 per
3523 4710 3647 4767 dies
3673 4710 4010 4770 Dominicos
4049 4730 4240 4786 usque
4270 4717 4350 4772 ad
4385 4718 4545 4774 Nati-

1116 4803 1214 4859 tur
1233 4800 1566 4875 justissime
1594 4805 1651 4855 et
1680 4798 2005 4854 rectissime
2036 4813 2072 4853 a
2100 4802 2302 4852 sancta
2333 4800 2516 4852 matre
2563 4797 2764 4854 catho-

1115 4887 1230 4950 lica
1274 4889 1531 4948 Ecclesia
1585 4893 1707 4944 toto
1763 4887 1900 4943 orbe
1949 4891 2239 4943 terrarum
2293 4885 2507 4943 diffusa
2554 4891 2765 4942 octava

1116 4975 1484 5038 Pentecostes
1510 4977 1851 5034 solemnitas
1880 4975 2225 5044 celebratur,
2250 4979 2560 5032 veneratur
2589 4979 2645 5031 et
2675 4992 2766 5031 co—

1116 5065 1349 5122 litur.Si
1376 5066 1510 5140 quis
1542 5083 1672 5121 vero
1701 5064 1838 5121 huic
1860 5081 2013 5122 sanae
2035 5064 2371 5120 difﬁnitioni
2395 5065 2763 5133 contradicit,

1120 5154 1385 5226 ejusdem
1416 5155 1622 5212 matris
1669 5153 1932 5210 Ecclesia:
1980 5153 2268 5210 unitatem
2315 5153 2546 5210 scindit.
2581 5155 2766 5210 Finito

1121 5241 1360 5298 tandem
1389 5259 1476 5311 eo,
1510 5242 1665 5316 quod
1696 5242 1980 5300 hactenus
2025 5242 2355 5311 utebamur,
2383 5260 2671 5312 sermone,
2705 5243 2772 5300 li-

1121 5331 1222 5389 bet
1250 5329 1424 5386 aliam
1456 5331 1739 5387 rationem
1770 5331 2064 5387 inchoare.

1760 5427 1992 5486 CAPUT
2035 5427 2130 5484 ιν.

1640 5507 1714 5564 De
1741 5507 1982 5566 Adventu
2011 5509 2249 5564 Domini.

1193 5597 1497 5660 Dominica
1524 5596 1716 5672 prima
1756 5597 1826 5653 de
1872 5597 2137 5652 Adventu
2185 5595 2434 5666 Domini,
2467 5599 2772 5657 Dominica

1123 5688 1399 5757 secunda,
1429 5685 1736 5746 Dominica
1783 5686 1973 5755 tertia,
2023 5683 2325 5742 Dominica
2367 5693 2594 5760 quarta,
2641 5705 2771 5761 qua

1125 5777 1388 5858 proxima
1416 5779 1505 5837 est
1534 5777 1670 5836 ante
1709 5773 2082 5834 Nativitatem
2129 5769 2382 5835 Domini.
2410 5773 2592 5832 Aliter
2638 5793 2770 5833 vero

2873 4799 3108 4856 vitatem
3162 4797 3414 4855 Domini.
3447 4799 3908 4871 Antiphonarius
3955 4800 4132 4858 habet
4178 4803 4298 4858 tria
4348 4807 4546 4863 ofﬁcia

2875 4889 3110 4954 diurna,
3139 4891 3198 4944 et
3227 4891 3502 4959 quartum
3535 4887 3594 4943 in
3624 4888 3718 4944 die
3748 4887 4052 4946 Dominica
4080 4889 4186 4963 qui
4211 4899 4394 4950 vacat
4414 4901 4544 4968 post

2875 4976 3150 5033 lectiones
3183 4976 3523 5045 duodecim;
3556 4981 3842 5033 nocturna
3870 4994 4004 5035 vero
4031 4984 4312 5052 quatuor,
4338 4989 4408 5038 ut
4442 5002 4536 5039 su-

2876 5065 3072 5138 perius
3102 5065 3242 5135 dixi,
3276 5082 3379 5137 per
3425 5065 3549 5122 dies
3579 5063 3936 5123 Dominicos.
3967 5068 4187 5124 Auctor
4233 5069 4542 5128 Lectiona-

2876 5153 2947 5209 rii
2977 5155 3187 5210 excitat
3209 5153 3380 5208 fidem
3403 5158 3664 5210 nostram
3685 5154 3760 5210 ad
3782 5154 4156 5213 recolendum
4177 5161 4424 5216 Domini
4451 5179 4539 5216 no-

2877 5242 2983 5299 stri
3011 5243 3152 5299 Jesu
3183 5241 3398 5298 Christi
3418 5243 3645 5299 venturi
3667 5242 3728 5300 in
3749 5245 4040 5302 mundum
4059 5246 4420 5318 proconium
4443 5267 4541 5323 per

2877 5332 3138 5406 quinque
3169 5336 3366 5390 aetates
3395 5332 3624 5390 mundi.
3655 5334 3871 5389 Auctor
3900 5333 4156 5393 Missalis
4187 5335 4294 5410 qui
4346 5339 4542 5395 nomi-

2876 5425 3050 5478 natur
3098 5419 3470 5493 Gregorialis,
3503 5425 3561 5476 et
3607 5419 4038 5492 Antiphonarii,
4074 5439 4186 5481 nos
4231 5427 4438 5499 tangit
4484 5430 4546 5482 ut

2877 5509 3204 5567 recolamus
3230 5509 3601 5566 Nativitatem
3630 5509 3861 5565 Domini
3901 5508 4255 5569 celebratam
4283 5529 4400 5586 per
4429 5520 4546 5571 tius

2877 5599 3110 5655 ordines
3134 5596 3669 5664 librorum,scilicet
3688 5596 4288 5672 lcgis,prophetamm
4307 5605 4374 5658 et
4395 5603 4546 5677 psal-

2879 5704 3146 5755 morum;
3179 5701 3401 5745 necnon
3433 5690 3491 5742 et
3512 5702 3616 5760 per
3636 5691 3936 5760 quartum,
3961 5686 4022 5744 id
4041 5692 4153 5762 est,
4172 5689 4547 5767 principium

2881 5773 3196 5851 Evangelii,
3237 5774 3295 5833 in
3353 5793 3469 5854 quo
3528 5779 3800 5834 narratur
3855 5775 4088 5837 Gabriel
4144 5778 4552 5859 archangelus
