4984 6398
721 461 868 523 1069

2017 457 2119 522 DE
2163 460 2466 524 OFFIClO
2510 459 2794 525 MISS/E.

3947 473 4107 536 1070

711 593 938 667 peccatis
976 591 1169 663 populi
1208 591 1316 657 sui,
1350 593 1416 646 ut
1459 590 1611 647 sicut
1655 592 1715 647 in
1760 592 2069 666 Evangelio
2113 610 2348 666 corpore
2376 599 2430 664 Α
2462 594 2550 651 vel
2573 613 2674 666 per
2690 602 2941 668 quatuor
2962 599 3540 658 hebdomadas.Nam
3563 602 3726 657 ﬁnita
3744 601 4110 661 hebdomade

714 682 1027 746 inﬁrmum,
1056 679 1140 734 ita
1178 678 1274 733 hic
1305 683 1471 734 sanet
1499 679 1786 736 Dominus
1817 681 2100 753 populum
2146 682 2203 737 in
2236 683 2356 737 ani-

712 787 804 825 ma
854 767 1219 840 languidum.
1270 767 1434 823 Unde
1490 768 1774 840 scriptum
1824 774 1914 825 est
1947 786 1960 823 :
1993 771 2058 825 Et
2109 770 2354 841 placatus

708 862 876 931 factus
904 864 982 912 est
1006 857 1271 911 Dominus
1311 856 1375 911 de
1413 857 1779 927 malignitate,
1813 874 1975 929 quam
2002 858 2146 913 dicit
2174 860 2355 929 facere

705 946 896 1019 populo
942 959 1041 999 suo
1069 945 1260 1012 (Exod.
1293 947 1492 1012 xxxn).
1527 946 1596 1000 Et
1626 946 1682 999 in
1710 962 1879 1001 versu
1912 964 1924 1001 :
1966 948 2123 1001 Dixit
2165 949 2356 1002 Domi--

710 1051 805 1089 nus
833 1033 902 1089 ad
928 1032 1141 1104 Moysen
1165 1050 1184 1087 :
1204 1034 1472 1088 Invenisti
1511 1035 1749 1103 gratiam
1794 1035 1851 1087 in
1896 1043 2181 1105 conspectu
2210 1050 2348 1104 ineo,

708 1131 755 1180 et
792 1124 896 1177 scio
944 1129 991 1177 te
1028 1135 1152 1192 prae
1196 1122 1452 1177 omnibus
1482 1122 1677 1189 (Exod.
1709 1123 1929 1193 xxxm).
1961 1122 2056 1178 Sic
2104 1127 2349 1195 uterque

708 1209 951 1283 populus
978 1208 1120 1264 Novi
1152 1226 1218 1265 ac
1244 1210 1471 1265 Veteris
1496 1210 1853 1266 Testamenti
1886 1214 2123 1266 curatus
2153 1211 2350 1266 divina

708 1301 1117 1355 commemorat
1144 1298 1447 1364 beneﬁcia,
1479 1297 1561 1352 ita
1590 1315 1806 1355 canens
1845 1315 1978 1354 cum
2010 1298 2299 1371 Propheta
2329 1315 2343 1354 :

706 1391 774 1445 De
801 1391 979 1460 fructu
1018 1403 1245 1458 operum
1295 1394 1534 1453 tuorum,
1559 1388 1801 1454 Domine,
1831 1388 2128 1443 satiabitur
2175 1392 2343 1454 terra,

706 1485 761 1534 ut
785 1477 974 1532 educas
997 1492 1201 1547 panem
1229 1474 1295 1530 de
1317 1483 1482 1543 terra,
1515 1484 1568 1531 et
1603 1478 1789 1531 vinum
1821 1477 2063 1546 laetiﬁcet
2107 1491 2199 1531 cor
2244 1477 2342 1531 ho-

704 1567 863 1621 minis
891 1565 1061 1635 (Psal.
1093 1566 1237 1632 cm).
1263 1565 1461 1630 Terra,
1491 1581 1617 1636 quae
1647 1563 1707 1619 in
1741 1565 1929 1636 primo
1961 1564 2197 1619 homine
2225 1580 2344 1619 ma-

707 1654 907 1709 ledicta
933 1653 1139 1725 spinas
1168 1656 1227 1707 et
1258 1650 1507 1708 tribulos
1543 1653 1910 1725 germinavit,
1944 1669 2097 1707 nunc
2127 1651 2343 1707 ccclesti

701 1742 877 1798 imbre
906 1741 1148 1814 perfusa
1190 1758 1255 1796 ac
1287 1742 1572 1796 bonorum
1603 1758 1843 1814 operum
1884 1743 2074 1797 fructu
2109 1741 2339 1823 satiata,

698 1831 853 1886 illum
884 1846 1095 1903 panem
1129 1830 1399 1901 producit
1420 1829 1521 1900 qui
1551 1831 1622 1885 de
1653 1830 1797 1885 coelo
1822 1829 2146 1895 descendit,
2170 1830 2341 1899 cujus

2466 699 2592 754 qua:
2615 690 2799 756 vacat,
2824 686 2881 741 in
2910 687 3151 743 introitu
3186 689 3379 745 missae
3407 692 3609 745 cantor
3633 706 3835 762 pacem
3864 707 3897 745 a
3921 690 4111 747 Domi-

2464 788 2537 826 no
2570 778 2734 844 rogat
2764 778 2827 829 ut
2856 777 3150 848 prophetae
3189 779 3318 848 ejus
3370 777 3569 834 ﬁdeles
3616 778 4006 834 inveniantur.
4040 779 4112 835 Et

2462 862 2833 931 responsoria
2873 864 3159 937 propheta
3202 865 3379 921 David
3405 885 3418 922 :
3448 868 3695 923 Lanatus
3723 884 3844 922 sum
3874 867 4108 939 (inquit)

2462 948 2519 1001 in
2549 949 2634 1002 his
2663 966 2788 1020 qua
2813 951 2960 1007 dicta
2999 962 3127 1009 sunt
3168 956 3313 1010 mihi
3338 974 3358 1009 :
3390 957 3450 1010 in
3479 955 3699 1011 domum
3747 957 3972 1014 Domini
4002 957 4108 1011 ibi-

2457 1051 2579 1090 mus
2611 1037 2779 1108 (Psal.
2813 1040 2964 1110 cxxx)
2992 1058 3005 1096 :
3036 1046 3093 1097 et
3140 1042 3198 1097 in
3230 1060 3401 1099 versu
3435 1061 3448 1099 :
3480 1046 3604 1099 Fiat
3638 1060 3757 1115 pax
3799 1046 3861 1100 in
3907 1046 4108 1102 virtute

2458 1127 2554 1177 tua
2584 1124 2789 1195 (lbid.).
2826 1127 2889 1182 ln
2921 1130 3228 1201 Evangelio
3260 1132 3399 1187 facit
3428 1131 3714 1187 Dominus
3744 1133 4104 1190 mentionem

2456 1213 2750 1283 prophetae
2782 1215 3018 1288 Moysis,
3044 1219 3241 1275 dicens
3271 1237 3284 1274 :
3315 1224 3499 1291 Super
3526 1220 3863 1276 cathedram
3884 1221 4103 1295 Moysis

2456 1301 2733 1357 sederunt
2759 1305 2971 1360 Scriba:
3003 1311 3061 1362 et
3098 1308 3372 1363 Pharisaei
3396 1308 3602 1380 (Matth.
3623 1308 3804 1381 χχιιι).
3837 1313 4100 1382 Sequens

2455 1388 2748 1447 offerenda
2778 1393 2858 1447 ita
2882 1392 3083 1466 incipit
3115 1413 3128 1451 :
3156 1396 3531 1468 Sanctiﬁcavit
3558 1397 3758 1470 Moyses
3786 1400 3964 1455 altare
3989 1401 4097 1455 Do-

2452 1476 2622 1541 mino,
2661 1480 2717 1531 et
2764 1478 2992 1549 primus
3041 1498 3244 1537 versus
3279 1499 3292 1537 :
3328 1485 3555 1540 Locutus
3596 1492 3675 1540 est
3717 1487 3982 1541 Dominus
4026 1485 4099 1541 ad

2452 1565 2716 1634 Moysen;
2746 1569 3040 1624 secundus
3069 1586 3274 1627 versus
3300 1587 3313 1627 :
3339 1571 3528 1628 Oravit
3552 1571 3752 1645 Moyses
3780 1575 4093 1629 Dominum.

2451 1649 2522 1704 Et
2535 1650 2591 1706 in
2607 1656 3015 1712 communione
3026 1657 3293 1714 hortatur
3304 1676 3409 1716 nos
3422 1660 3735 1717 Psalmista
3754 1678 3888 1717 cum
3902 1662 4099 1735 Moyse

2450 1738 2650 1795 tollere
2680 1741 2923 1810 hostias,
2950 1750 3006 1800 et
3035 1745 3275 1804 introire
3306 1749 3366 1804 in
3391 1749 3541 1805 atria
3569 1749 3825 1820 Domini,
3858 1750 4099 1806 adorare

2450 1829 2763 1885 Dominum
2788 1832 2845 1887 in
2867 1833 3002 1889 aula
3022 1840 3223 1891 sancta
3243 1837 3371 1908 ejus
3393 1838 3565 1906 (Psal.
3584 1839 3808 1908 xcv).Et
3824 1839 3963 1911 quia
3980 1838 4097 1895 Deo

696 1924 859 1991 gustu
880 1919 1181 1975 reﬁcimur
1201 1923 1256 1975 et
1273 1918 1391 1973 vini
1418 1918 1626 1989 poculo
1646 1919 1704 1974 in
1729 1919 2004 1991 mysterio
2029 1918 2335 1990 sanguinis
2366 1960 2412 2025 Β
2450 1932 2553 1971 nec
2571 1917 2630 1972 in
2651 1920 2956 1989 sacriﬁcio,
2974 1940 3077 1978 nec
3095 1924 3154 1979 in
3171 1925 3463 1982 oblatione
3480 1926 3804 1983 hostiarum
3822 1926 3950 1983 sine
3966 1928 4096 1998 ejus

697 2009 746 2025 nl
806 2007 893 2025 οι·
1007 2011 1017 2025 ι
1296 2010 1307 2025 ι
1356 2006 1425 2025 ,ἰᾷ
1500 2024 1523 2025 ,,
1587 2007 1624 2025 1'
1671 2008 1681 2018 ⁸
1844 2006 1882 2025 κ’
1936 2024 1939 2025 ,
1992 2006 2208 2025 ',_,j',
2252 2006 2293 2025 ll,
2446 2003 2717 2025 -J.‘--1A,!,
2803 2008 2815 2025 I
3501 2015 3510 2025 ι
3622 2019 3631 2025 .
3677 2016 3687 2025 .
3788 2017 3799 2025 .
3902 2015 3914 2025 ι
3968 2020 3978 2025 -
4056 2015 4070 2025 ι

695 2007 896 2065 Christi
928 2011 1225 2080 potamur,
1251 2010 1316 2062 ut
1346 2006 1537 2062 oleum
1570 2007 1775 2062 divinae
1808 2006 2218 2062 misericordiae
2249 2006 2331 2061 fa-

695 2097 832 2151 ciem
861 2094 1159 2151 interioris
1185 2094 1441 2150 hominis
1471 2094 1753 2151 exhilaret
1782 2100 1839 2151 et
1867 2095 2035 2167 panis
2065 2095 2331 2165 ejusdem

697 2201 786 2239 cor
811 2184 1065 2240 hominis
1095 2184 1421 2240 conﬁrmet.
1448 2184 1534 2238 Illi
1564 2184 1873 2257 Evangelio
1896 2184 1993 2239 ubi
2016 2184 2331 2238 Dominum

695 2271 1054 2345 legisperitus
1082 2272 1158 2327 de
1198 2272 1472 2327 mandato
1510 2272 1847 2343 interrogat,
1882 2276 1938 2327 et
1966 2271 2063 2327 ille
2093 2288 2332 2343 respon—

699 2361 831 2416 dens
879 2361 1066 2416 dixit:
1103 2361 1317 2428 Diliges
1361 2363 1663 2415 Dominum
1698 2363 1866 2416 Deum
1918 2365 2072 2415 tuum
2115 2376 2184 2415 ex
2228 2367 2331 2415 toto

698 2448 844 2504 corde
869 2457 978 2514 tuo,
1008 2453 1062 2504 et
1090 2465 1165 2504 ea:
1185 2456 1292 2504 tota
1322 2451 1511 2505 anima
1539 2452 1655 2514 tua,
1676 2452 1728 2503 et
1756 2466 1825 2504 ea:
1853 2451 2102 2504 omnibus
2124 2449 2333 2503 viribus

700 2539 819 2603 tuis,
850 2546 898 2593 ct
923 2553 992 2593 ex
1019 2539 1177 2593 omni
1218 2545 1397 2592 mente
1427 2545 1540 2602 tua,
1571 2546 1624 2592 et
1642 2540 1957 2609 proximum
1985 2543 2144 2591 tuum
2189 2539 2333 2591 sicut

699 2634 745 2679 tc
771 2629 941 2697 ipsum
975 2627 1195 2698 (Matth.
1228 2626 1398 2695 xxn);
1431 2630 1488 2681 et
1530 2626 1934 2681 Samaritanus
1971 2629 2135 2681 curnt
2164 2624 2330 2680 illum

696 2713 1075 2780 vulneratum,
1098 2719 1159 2769 et
1189 2714 1507 2769 stabulario
1527 2714 1627 2769 dat
1645 2718 1699 2769 et
1722 2713 2007 2785 promittit
2029 2714 2330 2784 praemium

695 2804 834 2870 (Luc.
856 2807 933 2872 ιι),
959 2803 1237 2876 congruit
1266 2802 1384 2856 hazc
1407 2803 1591 2858 oratio
1613 2803 1681 2858 ad
1707 2802 2018 2857 Dominum
2044 2820 2056 2856 :
2084 2803 2333 2872 Omnipo-

695 2895 801 2946 tens
826 2895 1152 2964 sempiterne
1182 2893 1337 2957 Deus,
1370 2891 1441 2946 da
1470 2891 1625 2946 nobis
1654 2890 1800 2961 ﬁdei,
1824 2893 1937 2962 spei
1965 2899 2014 2945 et
2043 2891 2331 2946 chariiatis

694 2990 1054 3051 augmentum,
1084 2988 1137 3037 et
1167 2984 1228 3035 ut
1256 2996 1568 3035 mereamur
1597 2983 1812 3050 assequi
1851 2980 1990 3051 quod
2032 2981 2327 3051 promittis,

691 3071 775 3138 fac
800 3086 895 3125 nos
931 3086 1120 3125 amare
1175 3068 1315 3142 quod
1359 3070 1639 3140 praecipis.
1675 3068 1801 3123 Haec
1833 3073 1890 3122 et
1941 3068 2055 3123 alia
2086 3084 2211 3139 quae
2243 3066 2329 3121 vel

695 3159 1096 3229 pretermissa,
1119 3156 1209 3213 vel
1237 3158 1392 3213 dicta
1420 3161 1576 3224 sunt,
1599 3157 1685 3213 vel
1713 3175 1838 3229 quae
1865 3157 2054 3212 adhuc
2085 3160 2327 3224 restant,

691 3246 736 3300 si
765 3245 1024 3319 diligenti
1056 3264 1201 3302 cura
1231 3246 1628 3315 observentur,
1657 3246 1924 3301 concordi
1960 3248 2071 3301 ﬁne
2098 3249 2325 3301 conclu-

2443 2003 2729 2075 adjutorio
2763 2008 2986 2079 placere
3008 2029 3467 2084 possumus,nec
3499 2015 3557 2069 in
3583 2016 3729 2071 atria
3750 2017 3879 2087 ejus
3900 2015 4097 2071 introi-

2414 2102 2521 2161 ‘re,
2551 2110 2654 2149 nec
2680 2095 2738 2150 in
2762 2097 2896 2153 aula
2917 2100 3045 2171 ejus
3071 2101 3311 2158 adorare
3331 2104 3713 2170 eum,merito
3736 2104 4005 2160 sacerdos
4024 2121 4094 2161 ex

2441 2197 2550 2236 sua
2568 2187 2625 2237 et
2647 2189 2845 2240 nostra
2864 2203 2999 2242 voce
3025 2188 3230 2257 Deum,
3244 2191 3608 2261 deprecatur,
3628 2192 3857 2248 dicens:
3875 2194 4096 2261 Dirigat

2439 2269 2601 2326 corda
2622 2281 2827 2342 nostra,
2853 2278 3101 2342 Domine,
3116 2294 3440 2351 quasumus,
3454 2287 3567 2338 tua?
3585 2283 3958 2337 miserationis
3974 2297 4093 2352 0pc-

2440 2361 2601 2425 ratio,
2635 2363 2768 2431 quia
2796 2363 2901 2417 tibi
2925 2367 3044 2420 sine
3064 2367 3156 2437 [te]
3178 2368 3396 2438 placere
3424 2384 3533 2425 non
3567 2385 3874 2441 possumus.
3896 2371 3961 2424 In
3993 2386 4084 2425 se-

2441 2449 2641 2517 quenti
2663 2449 2963 2507 Dominica
2985 2451 3041 2508 in
3065 2454 3307 2510 introitu
3327 2455 3664 2512 consolatur
3688 2474 3794 2513 nos
3816 2457 3961 2529 ipse,
3987 2457 4080 2512 di-

2440 2551 2575 2590 cens
2589 2552 2602 2590 :
2617 2536 2778 2592 Salus
2788 2541 2978 2610 populi
2995 2558 3087 2612 ego
3102 2559 3243 2607 sum,
3258 2547 3314 2598 et
3333 2548 3555 2600 caztera.
3571 2544 3733 2601 Unde
3752 2549 3809 2600 et
3824 2544 3883 2599 in
3901 2545 4083 2600 Evan-

2441 2621 2590 2694 gelio
2605 2642 2717 2680 non
2733 2625 2922 2683 solum
2936 2634 3104 2685 sanat
3120 2631 3502 2705 paralyticum
3518 2649 3692 2705 quem
3706 2634 3755 2689 ei
3767 2634 4084 2689 oﬁ‘erebant

2431 2711 2724 2780 jacentem
2744 2714 2801 2770 in
2819 2715 3192 2783 lecto,verum
3215 2721 3391 2776 etiam
3409 2721 3654 2777 dimittit
3670 2722 4086 2794 peccata,sicut

2439 2799 2628 2856 eidem
2650 2802 2820 2858 dicit:
2841 2807 3079 2877 Con/ide,
3101 2809 3230 2877 fiiti,
3258 2811 3615 2865 remittuntur
3633 2812 3737 2867 tibi
3750 2818 3969 2883 peccata
3990 2819 4085 2865 tua

2439 2890 2654 2960 (Matth.
2677 2893 2772 2962 Ix).
2790 2893 2949 2950 Unde
2974 2900 3029 2950 et
3051 2896 3255 2952 merito
3278 2914 3385 2954 nos
3408 2898 3721 2956 Dominum
3743 2900 3804 2954 in
3826 2900 4085 2956 oratione

2439 2978 2630 3034 missae
2664 2998 2957 3053 rogamus,
2983 2988 3048 3039 ut
3076 2986 3445 3059 omnipotens
3472 2991 3529 3042 et
3557 2989 3891 3045 misericors
3929 2989 4084 3044 Deus

2439 3066 2708 3124 universa
2739 3070 2905 3125 nobis
2927 3072 3294 3129 adversantia
3322 3075 3670 3148 propitiatus
3709 3074 3995 3144 excludat,
4017 3080 4084 3131 ut

2438 3155 2590 3210 sicut
2609 3157 2960 3230 paralyticus
2977 3177 3044 3216 ex
3066 3162 3438 3219 miseratione
3454 3164 3553 3219 Dei
3573 3163 3754 3220 libero
3770 3180 3976 3237 gressu
3997 3164 4082 3218 in-

2435 3245 2693 3313 cedebat,
2710 3247 2866 3302 ita-et
2890 3265 2993 3303 nos
3017 3253 3207 3306 mente
3227 3254 3283 3305 et
3304 3267 3542 3324 corpore
3561 3251 3812 3325 expediti
3834 3268 3961 3323 quae
3978 3252 4079 3307 Dei

691 3315 918 3401 duntur,
945 3335 994 3390 si
1016 3340 1221 3391 tamen
1244 3333 1389 3389 illud
1411 3333 1687 3412 ofﬁcium,
1710 3334 1992 3389 Exsultate
2020 3334 2144 3399 Deo,
2168 3331 2327 3388 nullo
2358 3315 2402 3386 α
2440 3337 2578 3388 sunt
2606 3332 2804 3389 liberis
2835 3337 3127 3394 mentibus
3152 3315 3558 3411 exsequamur.
3584 3315 3653 3395 Et
3674 3340 3815 3412 quia
3838 3315 4080 3412 Aposto-

689 3423 910 3478 canitur
938 3423 1033 3480 die
1058 3422 1383 3479 Dominico.
1420 3423 1566 3477 Nam
1608 3439 1741 3478 cum
1771 3427 1988 3478 craterae
2019 3422 2328 3477 Dominicae

691 3526 811 3582 quae
840 3517 971 3583 post
990 3511 1224 3584 jejunis
1251 3515 1477 3579 vacant,
1496 3510 1772 3567 lectiones
1799 3516 1856 3566 et
1884 3509 2195 3582 Evangelia
2226 3509 2328 3564 ha-

690 3598 855 3655 beant
893 3601 1237 3668 constituta,
1266 3604 1322 3655 et
1352 3599 1473 3654 haee
1504 3599 1825 3667 Dominica,
1852 3615 1979 3670 qua:
2010 3598 2104 3652 hic
2144 3601 2325 3661 vacat,

688 3686 763 3741 ita
790 3705 902 3744 non
933 3688 1169 3755 habeat,
1195 3689 1330 3759 jure
1368 3686 1511 3743 illud
1555 3688 1811 3743 ofﬁcium
1846 3685 2328 3759 praetermittitur,

689 3777 750 3828 ut
788 3775 846 3832 in
898 3776 1127 3832 caeteris
1185 3776 1493 3832 concordia
1549 3780 1891 3831 reservetur.
1925 3775 1981 3829 Si
2015 3774 2151 3846 quis
2196 3791 2329 3830 vero

687 3863 880 3934 objicit
911 3882 1017 3921 cur
1047 3863 1309 3921 ofﬁcium
1340 3869 1561 3937 quartae
1597 3863 1750 3919 feriae
1796 3880 1911 3918 non
1942 3863 2037 3918 hic
2063 3862 2331 3917 similiter

686 3954 966 4021 cantetur,
991 3952 1146 4009 sicut
1166 3951 1227 4006 in
1251 3951 1517 4006 Adventu
1540 3950 1769 4005 Domini
1791 3955 1847 4005 et
1868 3949 1925 4004 in
1953 3950 2331 4021 Quadragesi-

687 4054 798 4106 ma,
815 4041 1245 4113 respondemus
1265 4040 1400 4111 quia
1423 4056 1555 4095 cum
1581 4043 1832 4111 quatuor
1859 4038 2236 4093 hebdomadas
2270 4038 2328 4092 in

687 4125 987 4184 Dominico
1008 4130 1275 4184 Adventu
1305 4133 1437 4184 ante
1468 4127 1668 4184 Natale
1704 4127 1932 4183 Domini
1964 4127 2082 4183 sint
2107 4143 2330 4198 praeno-

690 4217 835 4283 tatea,
859 4221 915 4271 et
944 4216 1005 4272 in
1037 4217 1499 4289 Quadragesima
1526 4234 1629 4289 per
1654 4214 1916 4288 singulos
1947 4215 2070 4270 dies
2100 4215 2331 4287 singula

689 4303 803 4358 sint
822 4304 1016 4361 ofﬁcia
1037 4306 1376 4373 constituta,
1394 4309 1459 4360 ut
1478 4305 1538 4359 in
1560 4305 1821 4360 Adventu
1849 4302 2078 4359 Domini
2101 4307 2327 4375 quarta,

687 4395 741 4444 et
766 4392 824 4446 in
846 4393 1313 4467 Quadragesima
1338 4393 1595 4449 secunda
1624 4391 1926 4448 Dominica
1953 4395 2177 4459 vacent,
2210 4407 2329 4446 me-

688 4479 793 4536 rito
823 4481 897 4536 ab
927 4481 1339 4538 ecclesiasticis
1366 4480 1507 4536 viris
1550 4484 1639 4537 est
1669 4480 2051 4536 constitutum
2082 4477 2333 4550 qualiter

686 4566 765 4621 illi
796 4569 911 4625 duo
942 4570 1071 4626 dies
1101 4569 1517 4642 supplerentur
1546 4586 1648 4642 per
1671 4568 1863 4624 ofﬁcia
1884 4571 2226 4638 quartarum
2257 4568 2332 4621 fe-

2437 3419 2530 3475 lus
2553 3423 2838 3492 quosdam
2862 3424 2933 3479 de
2954 3426 3167 3483 Scribis
3188 3428 3406 3484 sciebat
3435 3428 3589 3483 intra
3609 3445 3672 3485 se
3692 3428 3910 3485 dixisse
3934 3444 3946 3484 :
3974 3428 4079 3484 Hic

2437 3509 2826 3583 blasphemat,
2861 3512 2918 3569 in
2951 3514 3201 3586 epistula
3239 3534 3347 3572 sua
3396 3518 3807 3591 praemonebat,
3831 3516 4029 3573 dicens
4061 3533 4075 3573 :

2440 3597 2677 3670 Propter
2696 3601 2849 3671 quod
2878 3600 3185 3674 loquimini
3203 3606 3506 3662 veritatem
3526 3607 3933 3679 unusquisque
3943 3622 4081 3661 cum

2440 3687 2701 3758 proximo
2722 3694 2915 3756 suo,et
2934 3691 3112 3748 nolite
3133 3692 3324 3749 locum
3344 3694 3480 3751 dare
3503 3694 3732 3751 diabolo
3745 3695 3957 3767 (Ephes.
3981 3698 4082 3764 ιν),

2438 3775 2655 3831 Deinde
2675 3779 2926 3835 occurrit
2955 3779 3053 3836 illa
3071 3780 3393 3849 Dominica,
3412 3782 3512 3838 ubi
3534 3782 3678 3839 illud
3703 3783 4081 3857 Evangelium

2438 3861 2672 3935 legitur,
2696 3865 2754 3920 in
2777 3883 2892 3938 quo
2915 3867 3154 3939 quidam
3177 3870 3248 3925 ad
3281 3872 3515 3942 nuptias
3538 3871 3640 3925 ﬁlii
3670 3871 3822 3944 regis
3852 3870 4081 3927 invitati

2438 3951 2817 4023 neglexerunt
2844 3956 3057 4023 venire,
3082 3958 3234 4013 sicut
3261 3959 3546 4032 scriptum
3576 3963 3701 4016 est:
3726 3960 3795 4015 Et
3813 3960 4083 4015 abierunt

2438 4039 2587 4097 alius
2613 4041 2671 4096 in
2692 4042 2888 4099 villam
2920 4061 3110 4112 suam,
3136 4046 3288 4103 alius
3308 4048 3378 4102 ad
3406 4047 3857 4120 negotiationem
3877 4064 4077 4115 suam;

2438 4127 2647 4200 reliqui
2677 4146 2810 4185 vero
2858 4135 3171 4188 tenuerunt
3214 4150 3409 4190 servos
3446 4136 3595 4206 ejus,
3621 4139 3677 4190 et
3724 4134 4082 4191 contumelia

2437 4215 2672 4271 affectos
2729 4218 3086 4275 occiderunt.
3130 4223 3291 4287 Quod
3346 4239 3452 4278 nos
3509 4239 3829 4295 praecavere
3878 4223 4080 4279 volens

2435 4304 2769 4375 Apostolus,
2785 4305 2842 4359 in
2862 4306 3120 4378 Epistola
3137 4326 3244 4365 sua
3260 4309 3758 4377 admonet,dicens
3773 4328 3786 4366 :
3804 4312 3983 4367 Nolite
3998 4313 4082 4366 in-

2435 4392 2643 4447 ebriari
2668 4395 2814 4459 vino,
2838 4395 2897 4448 in
2926 4412 3029 4466 quo
3055 4404 3135 4452 est
3156 4398 3404 4464 luxuria,
3426 4399 3518 4455 sed
3540 4400 3851 4471 implemini
3868 4399 4083 4471 Spiritu

2436 4488 2619 4536 sancto
2641 4482 2852 4553 (Ephes.
2871 4487 2949 4550 v).
2974 4483 3078 4538 Ubi
3105 4485 3280 4541 etiam
3306 4486 3458 4542 inter
3476 4487 3933 4555 discumbentes,
3960 4504 4079 4555 rex,

2435 4568 2639 4625 videns
2667 4569 2963 4626 hominem
2996 4588 3110 4627 non
3133 4573 3410 4629 vestitum
3431 4578 3592 4631 veste
3614 4573 3882 4646 nuptiali,
3901 4574 4086 4646 jussit

686 4654 938 4747 riarum.
957 4660 1032 4713 At
1071 4676 1221 4747 vero,
1251 4659 1420 4714 ﬁnita
1464 4657 1830 4713 Pentecostes
1861 4656 2244 4747 hebdomade,
2276 4658 2333 4710 et
2359 4680 2408 4747 Β
2439 4672 2573 4712 eum
2599 4656 2795 4747 ligatis
2817 4658 3091 4747 manibus
3117 4665 3173 4716 et
3192 4660 3439 4733 pedibus
3469 4661 3702 4718 mittere
3730 4662 3790 4716 in
3814 4663 4085 4720 tenebras

683 4746 945 4814 sequenti
993 4746 1300 4801 Dominico.
1356 4762 1482 4817 quae
1523 4748 1706 4811 vacat,
1736 4760 1849 4799 non
1890 4744 2016 4815 jam
2073 4740 2331 4797 ofﬁcium

683 4835 898 4899 quarta:
922 4832 1081 4888 feriae
1107 4834 1408 4906 repetitur,
1423 4833 1523 4889 sed
1547 4832 1800 4904 Spiritus
1821 4831 2051 4887 Domini
2073 4830 2328 4897 canitur;

680 4914 759 4971 ita
779 4922 834 4973 et
858 4920 1026 4975 ﬁnito
1050 4922 1284 4993 septimi
1318 4921 1539 4977 mensis
1558 4920 1780 4992 jejunio
1811 4937 1926 4975 non
1952 4919 2330 4991 repetendum

682 5011 820 5073 puto
850 5014 1076 5079 quarta:
1124 5011 1277 5075 feriae
1311 5010 1592 5078 ofﬁcium,
1626 5011 1725 5064 sed
1760 5008 1968 5081 magis,
2002 5009 2046 5063 si
2098 5023 2333 5062 necesse

683 5091 852 5150 fuerit
874 5095 1117 5168 aliquod
1140 5098 1399 5153 ofﬁcium
1421 5098 1848 5154 observandum
1871 5102 1928 5152 et
1950 5113 2064 5151 non
2084 5096 2335 5151 occurrit

683 5179 878 5253 aliqua
910 5185 1197 5242 festivitas
1232 5190 1589 5257 sanctorum,
1622 5186 1835 5241 rectius
1875 5184 2084 5256 prioris
2114 5184 2333 5239 hebdo-

683 5272 866 5327 madas
896 5273 1182 5345 ofﬁcium,
1210 5274 1362 5330 sicut
1392 5273 1539 5330 solet
1567 5275 1689 5329 ﬁeri
1723 5274 1781 5329 in
1809 5272 2129 5330 Galliarum
2161 5271 2338 5328 eccle-

683 5358 805 5426 siis,
838 5361 1148 5434 repetitur,
1192 5379 1370 5435 quam
1426 5363 1735 5419 concordia
1781 5360 2224 5433 Evangeliorum
2282 5364 2339 5416 et

682 5446 1014 5505 ofﬁciorum
1056 5450 1392 5522 dissipetur.
1423 5451 1538 5507 Nec
1580 5451 1723 5506 satis
1765 5450 1965 5505 mirari
1998 5465 2147 5524 queo
2195 5449 2335 5520 quid

681 5551 867 5593 causae
896 5538 1151 5595 obsistat
1178 5554 1285 5593 cur
1310 5556 1425 5595 non
1456 5539 1629 5596 liceat
1652 5557 1837 5596 unum
1868 5538 2150 5603 ofﬁcium,
2173 5538 2222 5592 si
2252 5538 2336 5593 ita

678 5625 956 5691 evenerit,
982 5626 1206 5683 cantari
1239 5643 1340 5699 per
1359 5628 1528 5697 duas,
1552 5627 1707 5684 sicut
1735 5635 1792 5683 et
1816 5644 1993 5683 unam
2025 5626 2333 5683 historiam

679 5728 810 5775 cum
843 5715 974 5776 suis
1007 5715 1418 5790 responsoriis,
1450 5715 1540 5771 vel
1578 5734 1679 5788 per
1708 5717 1876 5789 duas,
1908 5714 1996 5774 vel
2045 5732 2148 5791 per
2192 5718 2332 5799 tres,

2440 4746 2769 4816 exteriores,
2794 4746 2892 4801 ubi
2924 4747 3032 4803 erit
3058 4748 3228 4805 ﬂetus
3258 4753 3315 4804 et
3344 4750 3558 4805 stridor
3586 4749 3850 4806 dentium
3872 4751 4080 4820 (Matth.

2438 4834 2763 4905 χχιι).ουοά
2783 4836 3016 4892 intuens
3034 4837 3285 4909 populus
3302 4838 3588 4909 paenitens
3607 4856 3621 4894 :
3637 4842 3815 4910 Super
3825 4840 4081 4910 ﬂumina,

2439 4922 2652 4995 inquit,
2674 4924 2968 4996 Babylonis
2997 4925 3234 4980 sedimus
3263 4934 3313 4981 et
3340 4927 3745 4996 ﬂevimusaium
3772 4927 4084 4984 recordare-

2440 5028 2568 5065 mur
2588 5015 2687 5077 tui,
2712 5013 2863 5067 Sion.
2882 5014 2947 5067 Et
2967 5020 3169 5069 cantor
3190 5013 3389 5070 volens
3414 5015 3650 5071 Justum
3668 5016 3936 5071 Judicem
3962 5015 4083 5088 pla-

2441 5116 2572 5155 care
2591 5104 2650 5154 et
2673 5100 3017 5157 benevolum
3042 5103 3300 5168 reddere,
3322 5102 3661 5175 hujusmodi
3683 5104 3875 5160 verbis
3904 5105 4084 5160 conﬁ-

2440 5188 2613 5242 tendo
2629 5188 2829 5259 incipit
2845 5206 3050 5246 canere
3070 5209 3083 5246 :
3104 5191 3300 5246 Omnia
3315 5207 3441 5263 qua?
3453 5194 3635 5263 fecisti
3647 5194 3824 5260 nobis,
3839 5194 4083 5258 Domine,

2444 5277 2506 5330 in
2534 5292 2656 5332 vero
2670 5277 2883 5348 judicio
2909 5281 3109 5349 fecisti,
3125 5281 3255 5350 quia
3278 5284 3624 5352 peccavimus
3655 5282 3759 5337 tibi
3776 5285 3801 5350 (
3806 5283 3942 5349 Dan.
3974 5282 4084 5351 ιιι),

2443 5368 2496 5420 et
2520 5369 2743 5420 cetera.
2764 5366 2828 5421 In
2846 5367 3213 5438 responsorio
3228 5369 3352 5439 jam
3374 5369 3642 5442 aspirans
3665 5370 3733 5426 ad
3758 5369 4085 5425 convivium

2444 5453 2540 5507 Dei
2574 5453 2654 5508 ita
2685 5453 2842 5509 canit
2864 5472 2877 5509 :
2903 5456 3061 5510 Oculi
3090 5458 3336 5511 omnium
3356 5459 3415 5512 in
3438 5462 3489 5514 te
3505 5462 3744 5530 sperant,
3768 5458 4011 5520 Domine,
4034 5463 4086 5510 et

2442 5549 2503 5596 tu
2521 5541 2619 5596 das
2650 5542 2766 5597 illis
2804 5559 2978 5598 escam
3010 5546 3069 5598 in
3098 5551 3332 5616 tempore
3361 5554 3658 5617 opportuno
3679 5546 3851 5617 (Psal.
3874 5542 4078 5612 cxuv).

2444 5628 2681 5701 Propter
2708 5628 2830 5686 haec
2851 5631 3047 5686 omnia
3074 5636 3240 5705 rogat
3262 5634 3530 5692 sacerdos
3550 5634 3711 5706 pium
3725 5630 4081 5701 judicem,ut

2443 5717 2712 5775 ﬁdelibus
2734 5718 2858 5778 suis
2879 5718 3161 5793 largiatur
3181 5720 3603 5793 indulgentiam
3624 5717 3887 5793 placatus
3906 5717 3963 5767 et
3978 5725 4081 5791 pa,
