4984 6472
1119 482 1267 563 ιὀπι
1323 520 1329 525 -

2195 493 2579 554 BEIlNONlS
2627 491 2958 553 ABBATIS
3010 493 3448 554 AUGlENSlS.

4372 491 4529 555 {0'72

1117 651 1264 702 cem,
1298 635 1365 688 ut
1395 629 1613 704 pariter
1642 628 1716 684 ab
1747 628 2019 684 omnibus
2052 628 2407 682 mandentur
2435 626 2671 681 offensis
2703 629 2759 680 et
2789 627 2840 692 Α
2871 628 3040 680 Israel
3063 627 3220 693 (Ibid.
3241 641 3270 680 ι.
3297 627 3456 681 Unde
3489 628 3760 683 sacerdos
3804 627 4165 684 confidenter
4210 626 4528 683 Dominum

1119 739 1326 780 secura
1341 721 1452 777 sibi
1472 723 1663 775 mente
1680 718 2022 774 deserviant.
2046 717 2109 770 Et
2132 718 2186 770 in
2211 716 2619 770 communione
2634 715 2758 784 jam

1120 812 1376 886 quadam
1411 826 1514 882 spe
1539 825 1605 864 ex
1634 807 1826 863 divino
1861 823 2094 860 munere
2123 805 2407 876 Propheta
2441 806 2757 869 animatus,

1120 919 1190 957 ex
1221 916 1470 974 persona
1495 897 1750 953 fidelium
1779 894 1932 951 canit
1969 895 2134 949 laetus
2160 913 2172 949 :
2199 898 2468 949 Memento
2499 896 2647 948 verbi
2680 895 2764 947 tui

1121 1008 1274 1048 servo
1303 997 1411 1058 tuo,
1439 989 1678 1053 Domine,
1713 989 1770 1040 in
1809 1001 1909 1056 quo
1939 984 2080 1038 mihi
2107 1001 2251 1054 spem
2294 983 2508 1048 dedisti,
2535 984 2650 1036 hxrc
2679 997 2765 1034 mc

1121 1081 1396 1137 consolata
1423 1085 1499 1133 est
1523 1079 1581 1132 in
1612 1075 1922 1130 humilitate
1943 1090 2057 1126 mea
2085 1073 2250 1139 (Psal.
2276 1075 2489 1138 cxvm).
2517 1071 2762 1125 Concor-

1123 1170 1219 1226 dia
1249 1171 1400 1225 inter
1427 1166 1729 1222 lectionem
1761 1161 2149 1235 evangelicum
2181 1165 2235 1215 et
2263 1160 2661 1232 apostolicam,
2688 1161 2765 1212 of-

1121 1258 1417 1316 ferendam
1447 1259 1502 1312 et
1533 1255 1774 1310 missam
1807 1252 1864 1306 in
1896 1269 1961 1306 ea
1983 1269 2106 1323 quae
2140 1249 2522 1321 subsequitur
2552 1249 2767 1302 hebdo-

1118 1347 1307 1416 mada,
1341 1347 1399 1401 in
1430 1343 1736 1418 propatulo
1767 1347 1874 1398 est.
1899 1341 2041 1396 Nam
2071 1340 2126 1394 in
2151 1338 2458 1408 Evangelio
2484 1339 2765 1392 Dominus

1116 1437 1417 1492 inﬁrmum
1451 1433 1635 1506 reguli
1667 1431 1852 1486 tilium
1886 1435 2053 1484 sanat
2084 1430 2257 1498 (toan.
2283 1433 2358 1495 v),
2388 1433 2440 1482 et
2475 1427 2766 1481 otferenda

1116 1530 1313 1583 narrat
1341 1525 1412 1580 de
1443 1524 1609 1578 beato
1639 1522 1748 1578 Job
1781 1519 2030 1591 qualiter
2061 1525 2230 1572 Satan
2265 1535 2296 1571 a
2329 1516 2571 1571 Domino
2605 1516 2767 1587 petiit

1117 1619 1182 1671 ut
1201 1616 1450 1670 tentaret
1470 1629 1603 1666 eum
1628 1613 1702 1676 et,
1727 1610 1864 1664 data
1887 1610 1936 1662 ei
1968 1612 2250 1679 potestate
2287 1607 2342 1659 in
2379 1606 2680 1658 facultates
2714 1609 2767 1657 ct

1119 1705 1179 1758 in
1197 1717 1432 1758 carnem
1451 1701 1599 1772 ejus,
1616 1697 1869 1770 perdidit
1886 1713 2116 1750 omnem
2140 1696 2532 1750 substantiam
2559 1695 2767 1765 ipsius,

1119 1797 1178 1849 et
1203 1791 1375 1861 ﬁlios,
1391 1805 1622 1844 carnem
1652 1803 1882 1858 quoque
1905 1787 2032 1856 ejus
2056 1785 2208 1855 gravi
2237 1783 2429 1838 ulcere
2451 1783 2769 1836 vulm-ravit

1118 1882 1355 1952 (Job.1).
1380 1879 1464 1934 Ad
1499 1877 1890 1932 resistendum
1924 1873 2260 1944 hujusmodi
2297 1873 2546 1936 insidiis,
2581 1872 2769 1926 horta-

1117 1975 1218 2026 tur
1241 1985 1348 2024 nos
1373 1965 1709 2038 Apostolus,
1733 1961 1996 2034 exemplo
2024 1961 2172 2015 beati
2202 1961 2332 2024 Job,
2365 1961 2673 2015 conl'ortari
2711 1961 2763 2014 in

1120 2055 1369 2114 Domino
1420 2058 1478 2110 et
1526 2052 1583 2108 in
1617 2052 1874 2126 potentia
1921 2050 2151 2106 virtutis
2184 2053 2312 2121 ejus
2346 2064 2358 2102 :
2396 2050 2607 2104 lnduite
2656 2068 2764 2116 ros,

1120 2145 1336 2218 inquit,
1363 2151 1703 2199 armaturam
1730 2143 1846 2206 Dci,
1870 2149 1926 2195 ut
1953 2142 2167 2212 possitis
2185 2146 2328 2193 stare
2350 2141 2603 2192 adrersus
2636 2141 2765 2192 insi-

1119 2235 1240 2292 dias
1259 2233 1471 2290 diaboli
1491 2231 1703 2304 (Ephes.
1727 2234 1804 2299 v),
1830 2234 1884 2285 et
1910 2234 2134 2298 cmtera,
2162 2246 2344 2300 usque
2373 2229 2443 2281 ad
2481 2229 2650 2281 linem
2686 2227 2760 2281 le-

1118 2323 1349 2380 ctionis.
1382 2322 1450 2377 Et
1487 2319 1546 2375 in
1595 2317 1900 2392 Evangelio
1959 2319 2207 2388 legiruth
2241 2337 2252 2372 :
2291 2319 2426 2384 Quia
2479 2326 2763 2388 postquam

1115 2413 1362 2482 cognovit
1387 2419 1564 2483 pater,
1587 2411 1716 2481 quia
1747 2409 1845 2463 illa
1876 2409 2008 2463 hora
2048 2417 2270 2461 sanatus
2300 2415 2375 2460 est
2401 2423 2540 2476 puer
2571 2409 2626 2460 in
2661 2424 2764 2476 qua

1115 2503 1259 2557 dixit
1287 2503 1340 2557 ei
1367 2504 1526 2558 Jesus
1556 2517 1575 2554 :
1605 2499 1786 2554 Filius
1817 2505 1942 2551 tuus
1992 2498 2141 2562 ririt,
2175 2496 2404 2549 credidit
2449 2498 2562 2566 ipse
2591 2501 2640 2549 ct
2671 2497 2765 2548 do-

1113 2598 1235 2636 mus
1264 2583 1380 2652 ejus
1426 2581 1858 2648 tota(.loan.1v).
1881 2577 2102 2631 Domus
2133 2578 2259 2644 ejus
2295 2575 2638 2646 intelligitur
2683 2579 2764 2628 fa-

1117 2669 1282 2724 milia
1302 2671 1451 2741 ejus.
1475 2669 1584 2723 Pro
1617 2685 1734 2739 qua
1764 2665 2004 2730 familia,
2030 2665 2086 2718 id
2119 2670 2224 2728 est,
2250 2663 2505 2718 Ecclesia
2537 2665 2604 2717 de
2637 2681 2768 2735 gen-

1117 2757 1330 2814 tilitate
1351 2756 1612 2824 collecta,
1634 2759 1798 2826 rogat
1821 2754 2086 2808 sacerdos
2112 2753 2165 2806 hi
2176 2772 2201 2805 ς
2229 2754 2417 2807 verbis
2442 2770 2453 2805 :
2475 2755 2765 2808 Familiam

1120 2855 1296 2914 tuam,
1338 2860 1673 2916 qucesumus,
1711 2845 1958 2908 Domine,
1988 2844 2243 2896 continua
2290 2845 2493 2913 pietate
2534 2845 2762 2908 custodi,

1119 2943 1182 2991 ut
1211 2953 1243 2990 a
1271 2936 1481 2990 cunctis
1510 2933 1930 3000 adversitatibus
1969 2940 2016 2986 te
2056 2941 2362 3002 protegente
2391 2935 2460 2986 sit
2489 2934 2683 2997 libera,
2719 2943 2768 2987 et

1121 3026 1184 3080 in
1209 3025 1363 3080 bonis
1393 3023 1602 3078 actibus
1627 3029 1715 3077 tuo
1739 3023 1954 3075 nomini
1975 3023 2047 3075 sit
2073 3021 2274 3075 devota.
2301 3021 2359 3075 In
2397 3022 2766 3092 responsorio

1121 3112 1410 3186 Propheta
1429 3110 1864 3182 beneﬁciajusti
1883 3108 2107 3164 Judiris
2132 3114 2589 3181 potestatemque
2613 3128 2766 3164 corn-

1116 3204 1422 3270 memorat,
1469 3200 1668 3255 dicens
1693 3216 1705 3253 :
1729 3201 1975 3265 Domine,
2011 3201 2284 3268 refugium
2299 3202 2476 3269 factus
2500 3216 2554 3252 es
2586 3202 2761 3254 nobis.

1119 3291 1284 3362 (Psal.
1318 3289 1564 3359 LXXXIX),
1597 3294 1728 3356 etc.,
1762 3305 1948 3360 usque
1997 3288 2068 3342 ad
2121 3288 2292 3341 tinem
2349 3289 2762 3359 subsequentis

1113 3395 1336 3436 versus.
1370 3379 1534 3434 Unde
1563 3383 1619 3433 et
1649 3382 1853 3433 cantor
1895 3377 1955 3432 in
1995 3377 2231 3430 introitu
2266 3378 2577 3431 confitetur
2605 3379 2759 3449 (quod
2791 3362 2834 3431 C

1115 3469 1174 3524 in
1201 3468 1502 3524 voluntate
1531 3467 1761 3522 Domini
1796 3466 2066 3520 universa
2094 3466 2211 3519 sint
2233 3467 2440 3537 posita,
2464 3473 2519 3521 et
2543 3485 2655 3522 non
2689 3469 2763 3522 sit

1117 3558 1217 3630 qui
1245 3557 1433 3628 possit
1461 3555 1732 3610 resistere
1761 3555 1892 3624 ejus
1920 3553 2224 3610 voluntati.
2256 3555 2316 3608 In
2354 3557 2761 3612 communione

1118 3661 1354 3716 quoque
1381 3643 1671 3714 Propheta
1705 3657 1772 3696 ex
1820 3658 2069 3712 persona
2116 3642 2264 3696 beati
2293 3643 2404 3697 Job
2434 3644 2516 3698 vel
2550 3652 2760 3700 sancta:

1118 3731 1412 3797 Ecclesiae,
1436 3729 1798 3786 multimodis
1823 3731 2323 3802 persecutionibus
2347 3734 2610 3799 subdita),
2638 3741 2763 3790 orat

1119 3821 1191 3878 ad
1215 3819 1550 3886 Dominum,
1575 3820 1809 3874 dicens:
1847 3824 1907 3874 In
1939 3821 2173 3875 salutari
2209 3829 2296 3875 tuo
2328 3825 2512 3876 anima
2545 3841 2680 3890 mea,
2714 3833 2764 3878 et

1119 3914 1180 3968 in
1209 3910 1368 3966 verbo
1399 3917 1490 3965 tuo
1519 3910 2146 3981 supersperari,quando
2166 3913 2336 3981 facies
2355 3910 2418 3966 de
2435 3929 2764 3983 persequen-

1115 4001 1261 4056 tibus
1289 4015 1375 4055 me
1409 3999 1706 4072 judicium.
1739 4000 1928 4072 Iniqui
1949 4002 2214 4070 persecuti
2265 4009 2391 4056 sunt
2436 4019 2536 4064 me,
2561 4002 2761 4072 adjura

1112 4106 1220 4156 me,
1253 4089 1477 4144 Domine
1503 4091 1643 4144 Deus
1685 4103 1833 4143 meus
1863 4089 2033 4157 (Psal.
2059 4090 2273 4150 cxvml.
2298 4091 2458 4144 Nunc
2498 4097 2763 4163 superest

1112 4181 1343 4233 tantum
1375 4180 1440 4230 ut
1470 4176 1736 4231 dicamus
1766 4177 1837 4230 de
1867 4175 2169 4230 Dominica
2201 4177 2477 4248 vigesima
2508 4179 2762 4232 secunda

1113 4270 1247 4340 post
1265 4271 1496 4322 octavas
1529 4265 1892 4320 Pentecostes
1925 4282 2100 4336 quam
2124 4266 2583 4320 convenientiam
2619 4267 2759 4320 illud

1115 4353 1373 4411 officium
1399 4358 1584 4410 totum
1608 4371 1742 4408 cum
1763 4353 2076 4425 Evangelia
2100 4353 2329 4419 habeat,
2357 4355 2414 4408 in
2439 4372 2553 4426 quo
2578 4356 2760 4412 intro-

1115 4443 1354 4500 ducitur
1381 4459 1632 4516 persona
1674 4442 1850 4514 regis,
1884 4443 1982 4514 qui
2017 4442 2192 4497 voluit
2221 4444 2504 4498 rationem
2552 4461 2764 4516 ponere

1115 4547 1249 4587 cum
1274 4530 1454 4587 servis
1479 4529 1736 4586 suis.Cui
1757 4547 1889 4584 cum
1909 4529 2139 4585 oblatus
2156 4537 2308 4586 esset
2324 4533 2549 4586 debitor
2563 4535 2761 4588 decem

1113 4619 1366 4676 millium
1388 4619 1766 4685 talentorum,
1791 4636 1894 4674 nec
1917 4619 2157 4674 haberet
2180 4621 2332 4675 unde
2357 4622 2640 4688 redderet,
2662 4623 2766 4677 mi-

1113 4712 1305 4764 sertus
1335 4709 1483 4799 ejus,
1507 4707 1814 4799 dimisit‘ei
1842 4708 2124 4799 debitum.
2146 4710 2250 4799 Sed
2286 4710 2422 4782 quia
2452 4709 2546 4763 ille
2580 4710 2764 4766 noluit
2796 4731 2840 4799 Β

1117 4797 1375 4852 misereri
1395 4795 1654 4853 conservi
1673 4796 1788 4862 sui,
1803 4796 1985 4852 iratus
2003 4796 2305 4864 Dominus,
2323 4799 2582 4854 debitum
2609 4802 2758 4871 quod

1113 4884 1358 4954 dimisit,
1383 4885 1609 4958 repetit,
1629 4884 1986 4957 tradiditque
2017 4902 2148 4940 eum
2185 4887 2520 4954 tortoribus,
2544 4891 2760 4960 quoad-

1114 4991 1300 5046 usque
1327 4975 1596 5030 redderet
1647 4973 1982 5031 universum
2030 4975 2293 5030 debitum
2337 4978 2754 5041 (Matth.xvml.

1114 5063 1234 5126 Quo
1261 5063 1380 5117 haec
1410 5063 1687 5136 parabole
1732 5065 1954 5131 tendat,
1987 5064 2272 5119 Dominus
2306 5067 2610 5121 manifeste
2660 5069 2757 5122 dc-

1115 5153 1363 5220 nuntiat,
1381 5153 1577 5208 dicens
1599 5171 1612 5206 :
1632 5153 1723 5208 Sic
1736 5161 1788 5206 et
1807 5153 1969 5207 Pater
1987 5170 2136 5208 meus
2157 5155 2387 5209 caelestis
2401 5157 2564 5226 faciet
2589 5157 2754 5221 vobis,

2870 720 3052 784 rogat,
3074 715 3274 769 dicens
3300 734 3312 770 :
3339 717 3476 770 Deus
3509 719 3783 787 refugium
3805 721 4051 770 nostrum
4081 725 4132 772 ct
4153 718 4331 771 virtus
4352 717 4530 783 (Ps‘ttl.

2869 804 3222 866 x1.v\,adc.sto
3242 807 3349 874 piis
3379 806 3634 860 Ecclesim
3655 815 3768 862 ture
3788 805 4056 878 precibus,
4072 814 4266 861 auctor
4285 808 4404 878 ipse
4424 807 4533 877 pie-

2870 895 3015 953 tatis,
3041 901 3088 946 ct
3112 901 3316 962 praesta
3341 894 3557 963 utquod
3578 894 3703 963 ﬁdel
3711 896 3813 948 iter
3828 896 4065 966 petimus
4087 896 4393 964 efﬁcaciter
4409 909 4532 948 con-

2870 996 3176 1050 sequamur.
3201 981 3362 1034 'l‘unc
3395 982 3546 1034 enim
3578 981 3823 1036 tideliter
3855 982 4131 1054 petimus,
4158 982 4204 1037 si
4230 982 4533 1037 conservis

2875 1069 3089 1122 nostris
3119 1069 3315 1122 debita
3345 1069 3768 1136 dimiserimus,
3805 1075 3867 1124 ut
3898 1076 3952 1125 et
3985 1087 4090 1125 nos
4122 1087 4156 1126 α
4185 1069 4408 1126 nostris
4444 1071 4534 1126 de-

2875 1158 3010 1211 bitis
3044 1174 3145 1228 per
3177 1157 3486 1212 Dominum
3521 1158 3740 1213 absolvi
3771 1158 4090 1215 valeamus.
4125 1159 4270 1214 Nam
4303 1164 4364 1214 et
4393 1176 4534 1232 apo-

2874 1245 3080 1300 stolica
3107 1246 3272 1301 lectio
3299 1247 3368 1301 de
3391 1249 3751 1302 observanda
3782 1248 4046 1303 fraternae
4075 1247 4380 1303 charitatis
4407 1249 4536 1303 uni-

2876 1340 2988 1388 tate
3017 1335 3159 1389 satis
3194 1353 3296 1388 nos
3326 1337 3617 1403 admonet,
3652 1337 3791 1390 dum
3826 1336 4138 1408 Apostolus
4170 1337 4444 1408 scipsum
4481 1339 4534 1392 ia

2874 1424 3200 1494 exemplum
3237 1442 3459 1496 ponens
3493 1425 3640 1479 inter
3661 1431 3866 1481 cmtera
3888 1426 3970 1481 sic
3992 1427 4164 1482 dicit:
4196 1429 4360 1482 Tcstis
4387 1430 4537 1482 enim

2875 1515 3013 1566 mihi
3041 1523 3117 1567 est
3150 1515 3285 1567 Deus
3317 1515 3579 1584 quomodo
3605 1518 3823 1585 cupiam
3870 1532 3957 1569 vos
3999 1531 4182 1570 omnes
4212 1518 4273 1569 in
4305 1518 4537 1571 visceri-

2879 1605 2973 1655 bus
3004 1605 3131 1656 Jcsu
3168 1605 3394 1657 (‘hristi.
3421 1603 3482 1656 Et
3513 1603 3610 1656 hoc
3639 1620 3750 1667 oro,
3785 1613 3844 1657 ut
3873 1605 4114 1658 charitas
4143 1612 4324 1659 vestra
4356 1607 4538 1675 magis

2876 1708 2939 1744 ac
2969 1694 3143 1756 magis
3175 1692 3410 1745 abundet
3442 1693 3498 1746 in
3529 1695 3758 1746 scientia
3789 1702 3839 1747 et
3865 1695 3920 1747 in
3945 1695 4096 1748 omni
4123 1709 4310 1759 sensu,
4331 1702 4400 1749 ut
4419 1711 4541 1765 pro-

2880 1781 3010 1833 betis
3040 1784 3270 1850 potiora,
3295 1789 3351 1834 ut
3398 1784 3516 1834 sitis
3546 1783 3770 1846 sinceri,
3802 1791 3851 1835 ct
3881 1785 4002 1836 sine
4032 1782 4229 1853 offsusa
4277 1785 4338 1836 in
4391 1783 4536 1837 diem

2879 1870 3099 1932 Christi,
3135 1872 3326 1939 repleti
3353 1874 3535 1939 fructu
3559 1871 3800 1940 justiti}?
3825 1887 3924 1940 per
3948 1872 4130 1925 Iesum
4157 1870 4450 1927 Christum
4484 1873 4539 1925 in

2876 1960 3109 2024 gloriam
3139 1967 3188 2013 ct
3221 1959 3435 2012 laudem
3466 1960 3563 2013 Dei
3591 1960 3857 2030 (Philipp.
3883 1959 3944 2029 ι).
3969 1961 4154 2025 Quam
4183 1959 4536 2015 charitatem

2876 2048 3246 2101 commendat
3279 2049 3738 2118 responsorium,
3773 2048 3974 2102 dicens
4005 2065 4018 2102 :
4051 2049 4181 2104 Ecce
4228 2065 4406 2120 quam
4454 2051 4540 2104 bo-

2873 2153 3027 2199 num,
3059 2144 3108 2190 cl
3141 2155 3302 2207 quam
3344 2137 3672 2205 jucundum,
3707 2137 3956 2191 habitare
3996 2138 4199 2206 fratres
4245 2139 4312 2191 in
4363 2154 4541 2193 mium

2875 2227 3042 2292 (l’sal.
3077 2241 3258 2279 CLXXII
3293 2268 3303 2278 .
3335 2225 3391 2278 In
3445 2226 3756 2288 olferenda,
3789 2225 3958 2280 beata
4003 2224 4230 2292 Esther,
4263 2225 4538 2281 Ecclesia

2874 2318 3076 2383 typum
3111 2330 3335 2382 gerens,
3371 2313 3685 2368 Dominum
3733 2319 3897 2385 rogat
3937 2313 4226 2368 recordari
4260 2316 4358 2369 sui
4391 2321 4451 2371 et
4481 2320 4540 2369 ut

2877 2403 2971 2454 det
3004 2418 3329 2455 sermonem
3366 2409 3584 2456 rectum
3634 2403 3692 2456 in
3747 2419 3811 2456 os
3841 2403 3991 2472 ejus.
4023 2403 4078 2456 Si
4129 2403 4292 2458 enim
4343 2410 4538 2459 rectus

2876 2508 3067 2544 sermo
3101 2491 3154 2544 in
3189 2508 3286 2545 ore
3321 2497 3518 2545 nostro
3550 2492 3830 2555 sonuerit,
3851 2490 4122 2546 videlicet
4153 2497 4397 2563 peccata
4431 2510 4536 2547 no-

2876 2585 2994 2633 stra
3025 2580 3375 2642 conliteudo,
3403 2581 3754 2651 pmnitendo,
3782 2580 4062 2651 proximis
4090 2579 4313 2636 nostris
4337 2582 4541 2636 debita

2877 2668 3453 2731 remittendo,statim
3481 2670 3537 2722 in
3563 2670 3975 2724 communione
3997 2667 4096 2723 illa
4115 2669 4187 2724 ad
4210 2686 4321 2725 nos
4338 2670 4540 2726 divina

2875 2757 3149 2826 dirigitur
3178 2758 3488 2828 promissio
3514 2775 3525 2812 :
3563 2760 3689 2812 Dico
3722 2758 3886 2821 vobis,
3918 2757 4186 2824 gaudium
4212 2767 4292 2813 est
4319 2760 4540 2827 angelis

2873 2847 2973 2900 Dei
3001 2863 3166 2916 super
3195 2863 3302 2899 uno
3352 2855 3628 2917 peccatore
3668 2848 4046 2916 pwnitentiam
4093 2855 4288 2914 agente
4319 2847 4534 2918 (Matth.

2876 2940 3008 3001 xvi).
3036 2934 3111 2987 De
3146 2935 3421 2988 vicesima
3452 2939 3646 2988 autem
3682 2934 3854 2989 tertia
3899 2933 4220 2999 Dominica,
4243 2936 4536 3005 quoniam

2873 3023 3110 3076 tractavi
3144 3023 3198 3076 in
3228 3024 3480 3093 quadam
3515 3021 3761 3094 epistola
3790 3039 3970 3094 quam
3994 3023 4064 3078 ad
4095 3022 4422 3079 Aribonetn
4456 3040 4542 3080 ab

2875 3111 3309 3182 chiepiscopum
3339 3113 3408 3166 de
3439 3112 3700 3166 Adventu
3734 3111 3964 3166 Domini
4009 3113 4340 3183 composui,
4374 3129 4538 3169 nunc

2874 3200 3092 3270 aliquid
3122 3202 3310 3254 dicere
3343 3200 3713 3272 supersedeo.

3511 3288 3745 3344 CAPUT
3788 3287 3880 3344 Vl.

2947 3379 3102 3434 Inter
3132 3379 3250 3433 lnrc
3282 3395 3394 3434 non
3426 3378 3609 3433 otiose
3639 3378 4002 3448 querendum
4037 3383 4179 3450 puto
4200 3395 4309 3434 cur
4326 3385 4548 3437 auctor

2871 3469 3192 3522 officiorum
3228 3468 3632 3521 tantummodo
3678 3466 3882 3537 viginti
3933 3468 4046 3522 tria
4091 3467 4244 3523 inter
4293 3475 4542 3526 octavas

2872 3557 3236 3612 Pentecostes
3256 3561 3311 3610 et
3338 3557 3664 3610 Adventum
3685 3555 4246 3622 Domini,ordinator
4263 3573 4410 3613 vero
4441 3561 4545 3615 ιο.

2870 3646 3134 3700 ctionarii
3158 3645 3357 3716 viginti
3383 3644 3644 3715 quinque
3669 3643 3950 3699 lectiones
3973 3645 4252 3716 posuerit,
4267 3649 4544 3720 exceptis

2870 3735 2962 3788 his
2992 3751 3117 3804 quae
3153 3735 3208 3787 in
3242 3740 3442 3786 octava
3471 3733 3838 3788 Pentecostcs
3883 3738 3938 3789 et
3979 3732 4288 3788 Dominica
4317 3736 4544 3806 quinta

2871 3829 3003 3877 ante
3027 3823 3393 3876 Nativitatem
3422 3821 3668 3888 Domini,
3694 3826 3752 3876 et
3781 3821 3839 3875 in
3864 3827 4066 3876 sancta
4096 3822 4389 3879 Trinitate
4423 3824 4541 3897 legi

2870 3910 3075 3966 solent.
3102 3913 3235 3976 Quae
3269 3911 3315 3965 si
3349 3910 3550 3981 viginti
3582 3910 3844 3981 quinque
3868 3911 4188 3977 adduntur,
4211 3928 4400 3968 xxv-1n
4435 3932 4544 3969 nu-

2871 4016 3068 4054 merus
3089 3999 3462 4069 adimpletur.
3479 4000 3582 4062 Qui
3609 4000 3799 4053 ofﬁcia
3817 3999 4125 4066 ordinavit,
4148 4001 4542 4058 embolisma-

2870 4088 2952 4142 les
2978 4107 3159 4142 annos
3193 4088 3249 4141 in
3274 4087 3722 4142 decennovenali
3745 4088 3904 4160 cyclo
3928 4089 4196 4154 attendit,
4221 4089 4279 4144 in
4309 4091 4542 4162 quibus

2871 4178 3092 4232 Pascha
3125 4176 3348 4232 tardius
3379 4176 3525 4231 solet
3567 4193 3891 4243 occurrere,
3923 4181 3979 4232 et
4010 4177 4273 4233 breviora
4301 4185 4545 4253 tempo—

2872 4284 2998 4320 rum
3035 4266 3223 4338 spatia
3253 4266 3402 4319 inter
3431 4270 3660 4320 octavas
3701 4270 4071 4321 Pentecostes
4102 4270 4158 4321 et
4197 4267 4542 4325 Adventum

2872 4356 3099 4410 Domini
3133 4357 3447 4415 coniicere;
3484 4354 3628 4407 alter
3655 4371 3785 4409 vero
3817 4371 4182 4416 communes,
4219 4355 4279 4410 in
4313 4359 4545 4428 quibus

2871 4446 3073 4498 eadem
3104 4443 3399 4497 Paschalis
3431 4443 3713 4496 festivitas
3747 4442 4036 4498 maturius
4058 4445 4366 4500 consuevit
4402 4465 4548 4520 pro-

2871 4533 3087 4588 venire.
3113 4533 3386 4586 Dicamus
3418 4532 3526 4585 sub
3549 4531 4085 4604 exemplo,quando
4135 4531 4392 4589 ultimus
4421 4541 4546 4591 ter-

2874 4623 3070 4676 minus
3095 4621 3385 4694 paschalis
3411 4637 3506 4675 xtv
3537 4620 3811 4675 Kalendis
3843 4621 3996 4686 Maii,
4029 4625 4087 4675 et
4116 4620 4242 4693 ipse
4274 4621 4547 4680 Pascha-

2874 4711 2946 4765 lis
2979 4712 3101 4765 dies
3125 4711 3370 4781 septimo
3405 4709 3692 4764 Kalendas
3713 4710 3976 4780 ejusdem
4007 4709 4228 4765 mensis
4247 4715 4546 4780 occurrit,

2873 4801 2972 4871 qui
2991 4799 3300 4869 diligenter
3319 4804 3656 4870 computare
3674 4799 3940 4866 voluerit,
3959 4815 4074 4854 non
4099 4798 4232 4871 plus
4252 4816 4448 4871 quam
4463 4805 4548 4857 vi-

2870 4890 3014 4960 ginti
3041 4893 3155 4942 tres
3179 4887 3576 4942 hebdomadas
3599 4887 3672 4942 ab
3693 4886 3906 4942 Octava
3937 4887 4307 4943 Pentecostes
4339 4906 4547 4963 usque

2869 4978 2936 5032 ad
2963 4977 3286 5031 Adventum
3313 4975 3539 5030 Domini
3572 4977 3829 5032 invenire
3859 4977 4089 5046 poterit.
4113 4977 4184 5031 Et
4211 4977 4294 5032 ita
4315 4980 4548 5037 accidit

2869 5072 2932 5121 ut
2952 5068 3016 5121 of
3016 5067 3046 5118 Ω
3057 5067 3234 5135 cium,
3253 5067 3478 5120 Domine
3501 5067 3558 5119 in
3581 5070 3695 5130 tua,
3717 5067 4046 5122 necessario
4069 5066 4280 5122 debeat
4300 5069 4546 5126 cantari

2868 5157 2924 5210 in
2960 5156 3088 5228 ipsa
3110 5161 3318 5210 octava:
3341 5155 3706 5210 Pentecostes
3727 5155 4374 5218 hebdomada.0uando
4394 5174 4543 5214 vero

1111 5241 1160 5295 si
1187 5257 1291 5296 non
1324 5243 1646 5296 remiserilis
1683 5241 2052 5310 unusquisque
2091 5243 2260 5311 fratri
2287 5259 2381 5298 suo
2411 5244 2475 5298 de
2503 5245 2758 5300 cordibus

1109 5332 1302 5386 vestris
1331 5329 1538 5402 (lbid.).
1567 5327 1754 5389 Quam
1785 5329 2134 5384 sententiam
2167 5331 2446 5402 Propheta
2481 5335 2756 5404 pertime-

1108 5433 1301 5486 scens,
1333 5418 1393 5471 in
1426 5415 1670 5471 introitu
1703 5414 1916 5470 clamat
1947 5417 2015 5470 ad
2062 5419 2388 5476 Dominum.
2421 5421 2621 5478 dicens
2649 5440 2662 5478 :
2696 5423 2758 5478 Si

1109 5507 1429 5578 iniquitates
1474 5502 1856 5571 observaveris,
1893 5504 2138 5573 Domine,
2175 5512 2421 5578 Domine,
2452 5514 2573 5583 quis
2596 5514 2755 5568 susti-

1111 5593 1264 5648 nebit
1283 5590 1452 5659 (Psal.
1475 5589 1699 5662 cxxnx)?
1719 5591 1786 5647 Et
1813 5593 2091 5663 quoniam
2124 5596 2344 5650 sciebat
2367 5613 2498 5651 eum
2521 5599 2752 5669 justum

1107 5677 1368 5754 judieem
1409 5695 1557 5751 esse,
1591 5679 1696 5738 hac
1725 5698 1859 5739 voce
1907 5683 2179 5738 studebat
2226 5700 2360 5738 eum
2409 5685 2754 5743 benevolum

1102 5763 1372 5832 ‘rcddere.
1405 5771 1569 5843 Quia,
1600 5771 1809 5845 inquit,
1839 5772 1985 5846 apud
2027 5777 2079 5828 te
2123 5773 2442 5846 propitiatio
2490 5784 2585 5845 est,
2617 5777 2754 5833 Deus

2866 5245 3153 5299 terminus
3177 5243 3346 5315 primi
3368 5243 3594 5298 Pascha}
3614 5243 3958 5300 duodecimo
3972 5243 4266 5300 Kalendas
4283 5247 4544 5318 Aprilis,

2866 5335 3061 5406 ipsum
3079 5349 3211 5387 vero
3229 5337 3496 5388 sanctum
3519 5333 3741 5388 Pascha
3761 5333 3960 5388 statim
3978 5333 4036 5388 in
4057 5332 4542 5396 crastinum.hoc

2864 5430 2953 5480 est
2977 5441 3016 5478 ιι
3052 5422 3337 5478 Kalendas
3362 5421 3578 5492 Aprilis
3609 5422 3820 5490 evenit,
3845 5428 3986 5478 tunc
4026 5422 4098 5479 ab
4133 5427 4343 5478 octava
4375 5425 4544 5482 Pen-

2864 5516 3112 5568 tecostes
3131 5527 3314 5582 usque
3336 5511 3406 5564 ad
3437 5511 3761 5566 Adventum
3789 5511 4388 5584 Domini,completur
4417 5531 4542 5569 nu-

2861 5618 3062 5656 merus
3086 5599 3291 5673 viginti
3323 5603 3451 5654 octo
3477 5598 4000 5668 hebdomadarum,
4018 5601 4192 5672 juxta
4209 5609 4542 5674 computa-

2863 5690 3080 5747 tionem
3101 5687 3465 5756 Lectionarii,
3481 5688 3698 5764 dignus
3713 5689 3967 5763 profecto
3986 5705 4293 5757 numerus,
4309 5692 4420 5769 qui
4447 5694 4544 5750 in-

2862 5781 2951 5841 ter
2979 5779 3086 5834 has
3117 5777 3517 5835 solemnitates
3545 5778 3794 5853 Spiritus
3827 5779 4014 5836 sancti
4044 5783 4101 5838 et
4133 5778 4376 5838 Domini
4403 5785 4542 5842 Ad-
