4984 6386
690 450 846 513 1078

1999 454 2101 517 DE
2145 452 2453 518 OFFICIO
2497 454 2781 519 MISSzE.

3931 461 4093 531 107‘

685 589 896 644 ventus
927 579 1161 643 medius
1185 581 1581 658 incedat,quia
1612 601 1724 643 non
1757 581 1947 643 solum
1960 585 2131 659 juxta
2152 585 2330 659 hujus
2358 590 2415 659 Α
2443 588 2809 662 temporibus
2840 588 2996 648 anni.
3026 567 3134 649 ver
3162 598 3253 652 est
3274 590 3587 652 humidum
3627 601 3684 654 et
3730 594 4004 669 calidum,
4034 599 4092 661 et

687 677 893 733 mundi
943 674 1262 748 sapientes,
1296 692 1361 731 eo
1409 676 1563 747 quod
1616 676 1879 747 partibus
1908 676 2032 733 suis
2063 677 2343 733 consistat

686 759 978 839 perfectus
1008 781 1138 821 esse
1167 764 1757 836 dignoscitur,verum
1789 766 1962 821 etiam
1996 765 2182 837 magis
2205 784 2341 838 pro—

684 860 811 928 pter
840 858 1282 910 sacramentum
1309 853 1667 926 septiformis
1698 854 1894 925 gratia:
1916 859 1971 910 et
2000 854 2340 927 evangelica:

685 943 1141 1000 doctrinae.Nam
1173 941 1500 1014 septenario
1527 946 1733 1014 quater
1762 942 1937 998 ducto
1967 944 2023 997 in
2052 943 2198 997 hanc
2222 961 2344 1015 per-

685 1031 950 1090 fectionis
982 1047 1283 1087 summam
1306 1031 1676 1095 excrescit,ut
1707 1031 1859 1086 sicut
1892 1030 2158 1086 senarius
2193 1032 2343 1088 infra

685 1120 1017 1186 denarium,
1048 1120 1128 1175 ita
1157 1123 1213 1176 et
1244 1120 1353 1175 iste
1396 1118 1549 1173 infra
1593 1119 1996 1176 centenarium
2030 1137 2340 1176 numerum

686 1212 976 1285 perfectus
1008 1207 1528 1274 inveniatur.Quod
1559 1208 1816 1279 prudens
1839 1208 2152 1264 calculator
2174 1209 2340 1264 facile

683 1300 1008 1372 intelligere
1039 1296 1306 1369 quibit,si
1339 1296 1593 1368 partium
1615 1297 1742 1367 ejus
1763 1297 2079 1353 divisiones
2101 1297 2344 1370 diligen-

683 1395 770 1446 ter
796 1390 855 1444 in
887 1404 1077 1444 unum
1100 1383 1503 1458 eolligit.Nulli
1523 1401 1657 1440 vero
1680 1386 1925 1440 dubium
1950 1387 2089 1457 quin
2115 1392 2338 1457 septem

684 1481 754 1536 ad
787 1477 1073 1551 Spiritum
1101 1477 1393 1541 sanctum,
1429 1478 1680 1546 quatuor
1720 1490 1853 1529 vero
1886 1475 2215 1546 pertineant
2265 1476 2337 1529 ad

686 1566 1062 1640 Evangelium
1090 1583 1104 1633 ;
1129 1563 1267 1635 quia
1285 1580 1385 1635 per
1401 1562 1799 1635 septiformem
1817 1562 2065 1635 gratiam
2088 1562 2337 1635 Spiritus

685 1655 867 1714 sancti
896 1654 1253 1728 praedicatur
1283 1652 1657 1725 Evangelium
1706 1669 1807 1723 per
1854 1656 2106 1725 quatuor
2136 1652 2336 1724 plagas

687 1745 910 1802 mundi.
940 1743 998 1797 Si
1030 1741 1167 1813 quis
1200 1758 1332 1797 vero
1364 1740 1721 1795 contentiose
1751 1744 1996 1796 conatus
2044 1741 2218 1796 fuerit
2248 1758 2334 1795 re-

684 1830 1230 1907 prehendere,quod
1262 1829 1324 1884 in
1353 1829 1644 1901 praedictis
1666 1830 1874 1885 ofﬁciis
1898 1847 2010 1886 non
2032 1846 2194 1901 (eque
2218 1845 2337 1885 om-

2453 677 2513 732 in
2543 694 2608 733 eo
2640 678 2885 735 facimus
2918 698 3101 737 unum
3124 683 3420 755 jejunium
3441 689 3502 739 ut
3518 684 3869 743 elementum
3890 688 4095 747 humo-

2452 765 2533 821 ris
2565 767 2622 822 in
2653 767 2821 823 nobis
2850 769 3267 842 castigetur,ne
3297 774 3624 830 consentiat
3654 775 3809 832 falsae
3842 776 4095 849 pulchri-

2452 855 2634 910 tucini
2666 856 2924 912 veris.Ex
2954 858 3196 915 humore
3228 860 3382 916 enim
3406 866 3463 917 et
3483 863 3671 919 calore
3692 865 3953 922 nascitur
3973 864 4100 939 pul-

2452 942 2717 1000 chritudo
2750 949 2932 1000 terrm.
2963 948 3150 1003 XEstas
3199 949 3354 1004 sicca
3402 955 3490 1006 est
3535 956 3591 1007 et
3641 952 3848 1021 calida,
3880 954 3938 1010 in
3980 973 4097 1028 qua

2450 1032 2699 1088 alterum
2723 1034 3016 1103 jejunium
3050 1037 3297 1093 facimus
3315 1042 3378 1094 ut
3396 1040 3714 1114 castigetur
3739 1043 4095 1102 elementum

2451 1121 2660 1177 caloris
2693 1122 2751 1177 in
2784 1124 3048 1191 nobis,ne
3080 1128 3688 1186 consentiatincendio
3709 1133 4096 1190 carnali.Ter-

2450 1210 2599 1266 tium
2632 1214 2699 1266 ﬁt
2720 1213 3014 1283 jejunium
3064 1214 3122 1269 in
3167 1220 3471 1277 autumno.
3504 1220 3605 1291 qui
3633 1225 3722 1276 est
3750 1220 3998 1294 frigidus
4036 1227 4094 1280 et

2449 1300 2659 1365 siccus,
2694 1318 2763 1355 ne
2794 1300 2987 1373 aliquo
3017 1301 3295 1375 languore
3325 1305 3504 1361 animi
3537 1324 3869 1366 arescamus
3889 1327 3956 1367 ac
3986 1311 4095 1368 de-

2450 1389 2785 1456 ﬂuamus,et
2814 1389 3180 1446 inveniamur
3204 1392 3331 1449 sine
3353 1394 3700 1468 pinguedine
3719 1396 3827 1454 olei
3848 1397 3906 1455 in
3927 1404 4092 1455 aeter-

2449 1494 2522 1531 no
2575 1478 2948 1534 tabernaculo
2999 1495 3011 1534 :
3063 1480 3278 1536 etenim
3330 1482 3427 1539 illo
3474 1489 3730 1557 tempore
3774 1505 4089 1563 congrega-

2448 1582 2581 1620 mus
2630 1583 2747 1637 quo
2798 1566 3063 1622 fruamur
3108 1567 3166 1623 in
3213 1569 3428 1627 futuro.
3480 1573 3760 1637 Quartum
3792 1577 4089 1648 jejunium

2446 1655 2510 1708 ﬁt
2540 1655 2596 1708 in
2627 1654 2836 1720 hieme,
2869 1673 2995 1726 quae
3046 1662 3135 1711 est
3180 1658 3390 1731 frigida
3420 1665 3476 1716 et
3504 1662 3771 1733 humida,
3804 1681 3875 1719 ne
3906 1681 4089 1722 mem-

2444 1744 2550 1798 bra
2581 1748 2779 1799 nostra
2799 1744 2956 1799 ﬂuxu
2983 1750 3157 1818 atque
3178 1746 3317 1801 luxu
3346 1748 3643 1806 solvantur
3660 1751 3722 1807 in
3745 1769 4093 1812 commessa-

2445 1830 2704 1887 tionibus
2761 1837 2817 1887 et
2874 1833 3290 1904 potationibus,
3339 1842 3397 1891 et
3445 1856 3550 1910 per
3594 1839 3703 1895 hoc
3763 1842 4093 1915 negligatur

686 1925 779 1979 nia
808 1922 1090 1979 omnibus
1121 1936 1189 1976 ex
1219 1922 1338 1973 toto
1369 1918 2080 1990 convcniant,hujusmodi
2104 1935 2337 1989 respon.
2367 1956 2413 2020 Β
2445 1936 2609 1975 amor
2637 1921 2757 1975 Dei.
2787 1922 2859 1976 At
2888 1922 3025 1993 quia
3050 1925 3309 1988 Quatuor
3338 1928 3601 1997 tempora
3651 1946 3939 1986 annorum
3984 1948 4091 1988 nos

684 2030 811 2069 sum
843 2029 876 2067 a
908 2007 1310 2081 B.Augustino
1342 2006 1622 2078 percipiat
1646 2024 1657 2061 :
1680 2006 1803 2062 Non
1827 2023 1967 2061 sane
1987 2006 2183 2061 omnia
2205 2024 2331 2077 quae

2443 2007 2771 2079 impediunt
2823 2010 2894 2064 ad
2955 2028 3216 2067 amorem
3269 2013 3359 2079 [ab
3408 2017 3624 2088 amore]
3672 2017 3796 2085 Dei,
3843 2023 4093 2090 quatuor

684 2106 843 2176 gesta
869 2102 1211 2163 narrantur,
1245 2094 1465 2166 aliquid
1496 2094 1671 2149 etiam
1704 2094 2032 2165 signiﬁcare
2072 2095 2332 2166 putanda
2432 2097 2661 2167 jejunia
2693 2098 3081 2170 facimus,per
3097 2099 3331 2172 singula
3353 2119 3597 2176 quaeque
3628 2109 3892 2180 tempora
3913 2125 4087 2163 suum

685 2194 836 2257 sunt,
868 2189 971 2244 sed
1003 2189 1246 2259 propter
1274 2182 1377 2239 illa
1407 2200 1533 2254 quae
1577 2182 1797 2255 aliquid
1847 2184 2199 2254 signiﬁcant,
2228 2184 2330 2238 ad-

683 2281 919 2335 duntur.
950 2274 1089 2331 Solo
1122 2272 1275 2328 enim
1308 2289 1535 2327 vomere
1570 2276 1721 2327 terra
1752 2271 2174 2342 proscinditur;
2228 2272 2327 2326 sed

685 2372 747 2422 ut
774 2367 879 2422 hoc
910 2363 1038 2421 ﬁeri
1069 2360 1258 2427 possit
1286 2360 1461 2415 etiam
1489 2363 1692 2414 caetera
1712 2359 1886 2414 aratri
1909 2360 2171 2414 membra
2192 2362 2330 2415 sunt

683 2453 1106 2511 necessaria.Et
1134 2449 1245 2505 soli
1277 2448 1435 2504 nervi
1458 2448 1519 2502 in
1539 2447 1778 2503 citharis
1794 2452 1969 2518 atque
1989 2447 2327 2518 hujusmodi

680 2544 825 2599 vasis
856 2540 1105 2598 musicis
1137 2542 1411 2611 aptantur
1459 2537 1529 2591 ad
1579 2540 1836 2601 cantum,
1883 2536 1982 2590 sed
2034 2540 2096 2590 ut
2143 2536 2326 2608 aptari

680 2632 899 2704 possint
928 2631 1140 2685 insunt
1162 2630 1217 2682 et
1238 2630 1443 2681 caetera
1466 2623 1524 2679 in
1541 2623 1922 2695 compagibus
1952 2640 2322 2695 organorum,

681 2738 803 2793 qua:
833 2737 949 2776 non
981 2715 1396 2791 percutiuntur
1414 2731 1448 2769 a
1469 2712 1941 2778 canentibus,sed
1962 2729 2028 2766 ea
2049 2730 2175 2783 qua:
2199 2730 2323 2784 per-

680 2826 851 2865 cussa
877 2809 1179 2871 resonant,
1213 2803 1306 2859 his
1334 2801 1867 2858 connectuntur.lta
1899 2800 1958 2855 in
1988 2801 2326 2873 prophetica

682 2896 920 2954 historia
949 2896 1231 2951 dicuntur
1247 2890 1422 2948 etiam
1440 2889 1635 2961 aliqua
1657 2906 1780 2960 quae
1802 2888 1944 2943 nihil
1967 2889 2322 2961 significant,

685 2986 780 3041 sed
812 2983 1173 3057 quibusdam
1206 2979 1539 3036 adhaereant
1568 2994 1694 3048 quae
1726 2977 2057 3049 signiﬁcant
2084 2981 2141 3032 et
2182 2994 2321 3049 quo-

684 3073 989 3130 dammodo
1020 3070 1370 3143 religantur.

1306 3163 1535 3220 CAPUT
1574 3162 1695 3219 VII.

1026 3250 1104 3304 De
1134 3246 1351 3318 jejunio
1389 3251 1622 3317 quatuor
1658 3250 1976 3315 temporum.

2430 2186 2749 2256 jejunium,
2782 2189 3242 2260 unumquodque
3280 2207 3384 2262 pro
3434 2209 3541 2248 suo
3588 2198 3869 2267 tempore.
3902 2196 4089 2253 Simili

2440 2274 2609 2329 modo
2640 2274 2853 2329 diurna
2884 2276 3174 2331 curricula
3202 2282 3453 2349 quatuor
3499 2298 3606 2337 nos
3659 2282 3985 2355 impediunt
4012 2286 4087 2341 ab

2437 2378 2636 2416 amore
2666 2362 2886 2417 scilicet
2906 2363 3634 2436 cmlestium,matutinum,
3668 2371 4079 2439 meridianum,

2434 2451 2852 2522 vespertinum,
2886 2458 3258 2509 nocturnum.
3296 2454 3400 2510 Per
3447 2456 3567 2513 haec
3606 2460 3782 2515 etiam
3825 2460 4089 2532 quotidie

2436 2539 2507 2593 ab
2569 2556 2763 2594 amore
2819 2544 3164 2596 aaternorum
3212 2543 3545 2601 retrahitur.
3615 2548 3680 2602 In
3729 2565 4082 2621 unoquoque

2436 2631 2553 2683 tres
2577 2628 2701 2683 dies
2723 2629 3034 2694 sunt.Quia
3054 2633 3515 2703 unumquodque
3534 2638 3765 2708 tempus
3786 2641 3900 2692 tres
3924 2654 4088 2694 men-

2435 2733 2529 2771 ses
2560 2716 2752 2784 habet,
2785 2734 2888 2787 pro
2923 2734 3272 2790 unoquoque
3302 2738 3502 2778 mense
3533 2723 3751 2796 singuli
3787 2726 3913 2782 dies
3933 2727 4084 2798 jeju-

2436 2804 2532 2859 nio
2565 2810 2998 2861 consecrantur.
3031 2809 3104 2861 At
3131 2825 3261 2864 vero
3293 2810 3433 2880 quia
3462 2813 3807 2883 quotidiana
3851 2819 4085 2887 peccata

2435 2898 2771 2965 aggravant,
2808 2911 2920 2949 non
2954 2896 3171 2950 sufﬁcit
3201 2914 3385 2953 unum
3409 2899 3705 2970 jejunium
3738 2919 3841 2974 per
3869 2920 4083 2961 unum-

2434 2982 2711 3065 quodque
2744 2986 2855 3037 tem
2864 3000 3067 3054 pus,ac
3080 3000 3183 3056 per
3199 2984 3307 3040 hoc
3328 2988 3835 3063 quadragesimale
3855 2994 4086 3065 tempus

2434 3060 2790 3137 inducimus,
2823 3087 2939 3142 quo
2973 3072 3313 3143 quotidiana
3342 3060 3583 3147 peccata
3608 3060 4082 3152 afﬂiganturjﬂa-

2434 3158 2567 3213 dem
2594 3174 2724 3214 vero
2755 3161 3012 3226 Quatuor
3041 3164 3370 3233 temporum
3393 3164 3622 3235 jejunia
3650 3165 3744 3223 his
3768 3166 3974 3225 diebus
3998 3184 4091 3226 so-

2435 3245 2559 3301 lent
2597 3245 2893 3315 celebrari,
2927 3248 3146 3304 scilicet
3195 3254 3402 3322 quarta
3453 3252 3615 3321 feria,
3674 3258 3837 3310 sexta
3859 3260 3916 3311 et
3940 3257 4083 3313 Sab-

752 3331 1060 3395 Terminos
1087 3317 1259 3392 rectae
1290 3333 1421 3389 ﬁdei
1455 3336 1786 3403 sanctasque
1816 3332 2087 3388 doctrinae
2119 3349 2323 3403 posue-
2357 3317 2398 3389 (ἶ
2437 3334 2593 3389 bato.
2629 3335 2759 3389 Ideo
2788 3342 3014 3406 quarta,
3050 3336 3187 3407 quia
3212 3317 3394 3392 .ludaai
3427 3338 3486 3393 in
3518 3355 3586 3395 ea
3601 3317 3867 3398 fecerunt
3898 3343 4085 3400 consi-

686 3432 816 3483 runt
831 3427 903 3483 ab
921 3426 1094 3483 initio
1110 3425 1310 3481 Patres
1338 3421 1779 3493 catholici,quos
1800 3422 2037 3477 omnino
2068 3422 2228 3476 nefas
2246 3424 2333 3476 est

684 3513 1151 3589 transgrediﬁed
1175 3517 1233 3568 et
1252 3510 1447 3567 multa:
1462 3509 1911 3566 consuetudines
1932 3509 2330 3566 ecclesiasticae

686 3603 1063 3661 inveniuntur
1087 3619 1123 3659 a
1142 3599 1360 3657 sanctis
1389 3598 1656 3655 Patrihus
1682 3598 1829 3654 infra
1855 3599 2144 3654 canonica:
2166 3614 2332 3670 regu-

688 3691 749 3747 lae
767 3694 1048 3749 terminos
1067 3688 1580 3754 constitutae,sicut
1600 3691 1738 3742 sunt
1759 3688 2055 3742 Adventus
2081 3686 2333 3751 Domini,

686 3780 1146 3854 Septuagesima,
1203 3776 1593 3849 Sexagesima,
1636 3776 2151 3848 Quinquagesima,
2184 3778 2335 3843 Qua-

690 3869 1037 3942 dragesima,
1070 3865 1282 3922 litania
1326 3864 1533 3935 major,
1585 3863 1709 3919 dies
1761 3864 2150 3935 Rogationum
2202 3868 2338 3919 ante

688 3956 1100 4013 Ascensionem
1122 3951 1582 4023 Domini,vigiliac
1597 3952 1984 4024 quorumdam
2002 3957 2336 4008 sanctorum

688 4061 792 4101 nec
813 4062 928 4101 non
946 4048 1006 4100 et
1021 4043 1145 4098 haec
1172 4042 1301 4113 ipsa
1329 4043 1587 4106 Quatuor
1610 4045 1936 4112 temporum
1958 4042 2338 4113 jejunia,quaa

676 4150 803 4204 prae
831 4132 1110 4188 manibus
1140 4130 1447 4197 habentur,
1463 4129 1691 4200 aliaque
1708 4129 1982 4200 perplura
1996 4146 2121 4201 quae
2144 4130 2342 4185 omnia

688 4223 817 4293 jure
838 4224 1120 4294 perpetuo
1149 4219 1373 4290 absque
1396 4218 1514 4273 ulla
1534 4218 1995 4289 transgressione
2013 4218 2180 4273 nobis
2204 4222 2343 4274 sunt

695 4309 1055 4366 observanda
1085 4325 1151 4364 ac
1184 4325 1287 4379 pro
1318 4307 1444 4380 lege
1472 4305 1973 4371 tenenda,dicente
2003 4310 2201 4362 sancto
2231 4309 2342 4363 Au-

697 4398 927 4470 gustino
944 4398 1020 4455 ad
1042 4395 1399 4453 Casuladum
1430 4395 1830 4466 presbyterum
1848 4395 1918 4449 de
1940 4395 2167 4465 jejunio
2199 4396 2340 4450 Sab-

699 4486 813 4540 bati
847 4503 860 4542 :
895 4487 960 4541 In
991 4486 1085 4543 his
1114 4486 1277 4542 enim
1306 4485 1501 4551 rebus,
1525 4484 1596 4538 de
1623 4484 1837 4554 quibus
1870 4482 2014 4537 nihil
2047 4489 2201 4539 certa
2233 4489 2343 4539 sta-

2439 3421 2583 3477 lium
2618 3426 2682 3477 ut
2712 3422 3036 3478 occiderent
3062 3424 3394 3494 Christum;
3428 3432 3607 3496 sexta,
3627 3429 3903 3500 quoniam
3932 3430 4085 3487 occi-

2441 3511 2652 3566 derunt
2668 3528 2801 3566 eum
2818 3530 2831 3579 ;
2855 3512 3202 3579 Sabbato,ex
3221 3514 3564 3571 auctoritate
3577 3521 3790 3574 sancta:
3810 3519 4083 3577 Romanas

2442 3598 2729 3666 Ecclesiae,
2760 3600 3130 3656 concluditur
3172 3602 3489 3673 jejunium,
3522 3609 3756 3678 propter
3789 3606 4086 3664 tristitiam

2445 3687 2842 3759 apostolorum
2875 3705 3052 3760 quam
3103 3690 3173 3744 de
3222 3694 3407 3747 morte
3455 3692 3638 3748 nostri
3687 3694 4089 3770 Redemptoris

2444 3777 2799 3845 habuerunt,
2823 3777 2974 3833 sicut
3003 3778 3377 3836 Innocentius
3396 3798 3548 3854 papa
3577 3781 3637 3837 in
3668 3782 3793 3839 suis
3821 3783 4088 3843 Decreta-

2445 3864 2602 3921 libus
2632 3869 2845 3920 narrat.
2866 3865 3139 3933 Sabbato,
3173 3866 3772 3940 inquit,jejunandum
3795 3887 3922 3927 esse
3943 3871 4091 3928 ratio

2447 3953 2886 4009 evidentissima
2914 3954 3444 4011 demonstrat.Nam
3465 3956 3513 4011 si
3535 3958 3690 4013 diem
3720 3957 4090 4015 Dominicum

2447 4043 2520 4097 ob
2545 4040 2932 4096 venerabilem
2966 4042 3448 4097 resurrectionem
3479 4043 3709 4098 Domini
3738 4045 3921 4101 nostri
3952 4046 4091 4103 Jesu

2449 4128 2664 4184 Christi
2694 4145 2806 4183 non
2840 4128 3030 4184 solum
3078 4131 3135 4183 in
3185 4129 3408 4186 Pascha
3446 4131 3828 4201 celebramus,
3856 4150 4091 4189 verum-

2449 4217 2623 4273 etiam
2671 4233 2772 4288 per
2811 4216 3073 4289 singulos
3104 4217 3352 4273 circulos
3377 4216 3874 4276 hebdomadarum
3905 4221 4093 4294 ipsius

2449 4305 2562 4361 diei
2593 4304 2906 4375 imaginem
2934 4305 3397 4377 frequentamus,
3431 4323 3497 4362 ac
3525 4306 3576 4363 si
3606 4312 3767 4364 sexta
3798 4309 3941 4365 feria
3960 4326 4091 4381 pro-

2450 4398 2580 4467 pter
2607 4392 2937 4466 passionem
2970 4393 3199 4449 Domiui
3222 4395 3920 4466 jejunamus,~Sabbatum
3944 4415 4093 4471 pras-

2452 4482 2773 4538 termittcre
2804 4499 2917 4537 non
2950 4482 3249 4550 debemus,
3283 4483 3382 4555 qui
3412 4484 3564 4539 inter
3588 4483 3888 4541 tristitiam
3919 4490 4096 4558 atque

698 4574 809 4629 tuit
837 4574 1140 4646 Scriptura
1169 4573 1388 4639 divina,
1413 4589 1541 4629 mos
1571 4571 1768 4643 p0puli
1804 4572 1904 4626 Dei
1943 4571 2028 4627 vel
2078 4572 2346 4627 instituta
2452 4571 2712 4626 laetitiam
2759 4571 3039 4642 temporis
3088 4569 3247 4625 illius
3296 4571 3580 4628 inclusus.
3635 4572 3699 4629 In
3748 4590 3864 4645 quo
3920 4573 4096 4630 etiam

700 4662 987 4734 Majorum
1017 4680 1121 4735 pro
1151 4662 1277 4734 lege
1309 4661 1559 4717 tenenda
1587 4666 1746 4717 sunt.
1770 4660 2004 4715 Accedit
2032 4660 2206 4716 etiam
2238 4660 2345 4716 hoc
2375 4684 2423 4748 ι)
2455 4659 2707 4714 Sabbato
2739 4658 3096 4748 consecratio
3118 4659 3391 4748 ordinum
3413 4659 3938 4717 ecclesiasticorum
3959 4661 4101 4720 cele-

674 4751 851 4822 -quod
873 4750 1023 4806 nihil
1044 4750 1173 4807 sine
1189 4752 1414 4806 ratione
1444 4749 1506 4806 in
1536 4748 1947 4805 ecclesiasticis
1979 4748 2346 4805 consuetudi-
2378 4746 2387 4748 ’
2455 4748 2679 4813 bratur,
2704 4763 2940 4801 causam
2983 4746 3155 4801 ctiam
3190 4747 3452 4817 ejusdem
3484 4749 3935 4806 consecrationis
3966 4766 4099 4807 san-

680 4838 871 4896 .nibus
899 4857 937 4895 a
965 4839 1185 4896 sanctis
1215 4838 1486 4895 Patribus
1522 4838 1908 4893 constitutum
1960 4837 2260 4909 reperitur,
2297 4837 2347 4893 si
2455 4839 2545 4890 cto
2594 4833 2916 4907 Augustino
2964 4834 3187 4890 dicente
3234 4835 3306 4890 ad
3354 4835 3703 4893 Januarium
3752 4838 4100 4907 Sabbatum,

702 4943 878 4983 causa
905 4926 1215 4999 diligenter
1240 4926 1577 4998 inquiritur.
1613 4925 1685 4981 Ut
1706 4942 1773 4980 ex
1818 4929 2077 4981 veterum
2109 4942 2174 4981 ac
2205 4943 2348 4997 prm-
2457 4922 3154 4995 inquit,commendatum
3187 4927 3274 4979 est
3303 4923 3479 4995 priori
3505 4923 3718 4997 p0pulo
3747 4924 3807 4980 in
3839 4926 3954 4982 otio
3984 4942 4107 4983 cor-

702 5013 866 5087 cipue
890 5017 1077 5072 sancti
1125 5014 1437 5089 Augustini
1470 5014 1838 5071 sermonibus
1865 5012 2110 5085 intelligi
2140 5018 2348 5085 potest,
2461 5011 2735 5085 poraliter
2765 5011 3270 5079 celebrandum,ut
3301 5012 3490 5085 ﬁgura
3514 5017 3668 5069 esset
3696 5014 4107 5071 sanctiﬁcatio-

680 5104 1099 5160 .necessarium
1127 5108 1218 5160 est
1249 5107 1459 5161 nostra;
1481 5102 1745 5175 religioni
1768 5101 2071 5157 annuatim
2094 5102 2355 5166 Quatuor
2462 5102 2554 5156 nis
2586 5099 2644 5155 in
2677 5100 2875 5170 requie
2906 5099 3160 5171 Spiritus
3190 5101 3395 5156 sancti.
3423 5102 3725 5174 Nusquam
3757 5102 3914 5160 enim
3966 5103 4109 5176 legi-

699 5190 923 5261 jeiunia
952 5190 1418 5249 celebrare.Nam
1439 5192 1700 5255 Quatuor
1728 5190 2088 5263 temporibus
2110 5190 2357 5247 volvitur
2464 5206 2598 5245 mus
2626 5189 2686 5243 in
2719 5187 2927 5243 Genesi
2956 5188 3475 5245 sanctiﬁcationem
3510 5207 3612 5262 per
3640 5208 3844 5247 omnes
3888 5191 4110 5265 priores

709 5294 895 5335 annus
929 5297 943 5335 :
976 5279 1143 5346 Vere,
1174 5285 1395 5347 testate,
1439 5284 1742 5345 autumno,
1792 5279 2001 5335 hieme.
2037 5279 2165 5335 Haec
2196 5282 2345 5346 Qua—
2456 5279 2599 5343 dies,
2629 5277 2728 5333 sed
2760 5277 2830 5332 de
2862 5275 2983 5331 solo
3012 5277 3261 5333 Sabbato
3293 5278 3512 5334 dictum
3554 5284 3642 5335 est
3674 5295 3688 5335 :
3736 5281 4112 5352 Sanctiﬁcavit

710 5370 839 5421 tuor
866 5372 1130 5439 tempora
1161 5368 1350 5424 solent
1380 5386 1484 5423 nos
1508 5385 1609 5439 per
1627 5368 2048 5423 delectamenta
2070 5385 2176 5423 sua
2200 5386 2352 5424 revo-
2457 5369 2598 5423 Deus
2627 5366 2771 5421 diem
2798 5366 3092 5435 septimum
3137 5366 3289 5435 (Gen.
3344 5368 3425 5440 ιι).
3475 5366 3622 5432 Quia
3668 5384 3804 5441 ergo
3852 5368 4109 5425 charitas

711 5470 837 5510 care
866 5456 938 5511 ab
970 5472 1170 5513 amore
1198 5456 1640 5519 Creatoris.Qua
1669 5457 1740 5511 de
1762 5473 1821 5511 re
1842 5456 2243 5526 jujunandum
2266 5461 2355 5512 est
2462 5456 2558 5512 Dci
2588 5455 2802 5509 dilfusa
2831 5453 2999 5509 estin
3023 5454 3297 5511 cordibus
3313 5456 3530 5511 nostris
3559 5473 3660 5529 per
3675 5455 3949 5529 Spiritum
3972 5470 4109 5509 san-

710 5542 771 5597 in
800 5560 1155 5616 unoquoque
1190 5548 1464 5617 tempore,
1498 5549 1563 5599 ut
1589 5544 1951 5615 castigentur
1983 5548 2179 5599 nostra
2211 5562 2354 5615 qua-
2465 5542 2751 5614 ctum,qui
2783 5543 2956 5597 datus
2988 5548 3076 5597 est
3108 5543 3275 5600 nobis
3306 5545 3478 5613 (Rom.
3514 5547 3590 5613 v),
3625 5539 4112 5635 ideosanctillca-

712 5636 841 5687 tuor
865 5631 1176 5699 elementa,
1210 5649 1280 5687 ne
1307 5631 1706 5704 subripiantur
1728 5650 1761 5688 a
1784 5632 2159 5687 delectatione
2193 5650 2358 5689 mun-
2465 5634 2543 5689 tio
2577 5634 2632 5687 in
2667 5630 2912 5701 septimo
2945 5631 3037 5686 die
3068 5635 3522 5687 commemorata
3568 5634 3675 5697 est,
3721 5628 3818 5685 ubi
3875 5628 4109 5695 requies

712 5720 791 5775 di.
823 5721 957 5793 Ipsa
985 5726 1242 5793 quatuor
1271 5720 1556 5777 elementa
1585 5721 1894 5791 conjuncta
1926 5724 2062 5775 sunt
2103 5723 2361 5787 Quatuor
2467 5719 2934 5777 commandatur.
2969 5719 3134 5775 Nunc
3181 5720 3251 5774 de
3297 5719 3641 5774 lectionibus
3687 5715 4002 5769 videamus.
4037 5708 4108 5763 In
