4984 6458
1468 450 1627 534 ton

2551 476 2940 540 RERNONIS
2981 473 3311 541 ABBATIS
3354 475 3795 545 AUGIENSIS.

4727 475 4890 544 1076

1469 607 1684 683 quarta
1712 608 1858 667 feria
1885 610 2013 667 dum
2037 608 2311 668 lectiones
2360 609 2650 683 leguntur,
2704 615 2766 667 ut
2808 611 2864 666 hi
2899 613 2998 684 qui
3049 613 3105 667 in
3135 611 3192 680 Α
3219 613 3536 669 Sabbatum
3569 619 3776 686 quarto
3805 613 4086 670 NOII'JS.Si
4119 629 4187 670 ex
4218 611 4312 670 his
4339 613 4590 688 singulis
4611 615 4890 672 terminis

1466 701 1724 758 Sabbato
1743 705 1884 756 sunt
1904 701 2301 767 consecrandi,
2320 703 2388 756 ad
2399 706 2744 757 moneantur
2770 705 2835 756 ut
2856 702 3120 757 notitiam

1472 788 1622 863 legis
1637 794 1693 846 et
1706 790 2122 862 prophetarum
2146 791 2548 863 habeant,qum
2567 790 2816 845 maxime
2841 791 2896 845 in
2916 799 3123 862 quarta

1470 883 1637 935 aetate
1697 878 1989 951 vigebant.
2045 880 2212 934 Sexta
2255 879 2395 934 feria
2446 897 2559 933 una
2607 884 2836 934 tantum
2888 879 3117 951 legitur,

1470 967 1612 1040 quia
1632 965 1722 1023 lex
1751 972 1806 1024 et
1836 967 2136 1041 prophetia
2163 967 2222 1022 in
2254 985 2370 1022 uno
2401 966 2706 1036 Evangelio
2731 969 3120 1040 recapitulan-

1472 1059 1591 1125 tur,
1621 1057 1774 1130 quod
1805 1074 1959 1112 nunc
1981 1057 2037 1112 in
2067 1061 2226 1112 sexta
2249 1057 2450 1111 mundi
2485 1062 2648 1112 a-tate
2683 1059 3032 1130 ριιίιιιίἱσειιιιι·
3054 1076 3119 1112 ac

1471 1145 1790 1220 legitur.De
1822 1146 2125 1201 duodecim
2155 1145 2658 1217 lectionibus,qu:e
2694 1146 3124 1218 prretitulantur

1473 1235 1532 1292 in
1563 1235 1709 1291 libro
1735 1239 2262 1302 Sacramentorum,
2295 1235 2388 1289 die
2420 1236 2680 1303 Sabbati,
2711 1237 2792 1290 sic
2825 1235 2882 1290 in
2915 1235 3122 1290 litteris

1468 1325 1705 1381 Patrum
1737 1324 2024 1397 reperitur
2052 1325 2334 1396 scriptum
2371 1341 2383 1378 :
2419 1325 2526 1379 Sex
2560 1324 2846 1379 lectiones
2879 1326 2950 1378 ab
2973 1327 3118 1379 anti-

1469 1415 1603 1487 quis
1634 1413 1911 1470 Romanis
1942 1414 2133 1469 Graece
2162 1417 2219 1468 et
2245 1413 2446 1468 Latine
2478 1413 2838 1483 legebantur.
2864 1415 2968 1477 Qui
2997 1433 3121 1468 mos

1469 1503 1624 1575 apud
1649 1501 2214 1574 Constantinopolim
2246 1502 2417 1556 hodie
2449 1520 2681 1574 quoque
2713 1509 2977 1557 servatur
3001 1515 3122 1574 pro:

1470 1597 1598 1665 pter
1624 1593 1772 1646 duas
1799 1608 2008 1646 causas
2043 1610 2055 1646 :
2091 1608 2288 1655 unam,
2322 1592 2460 1663 quia
2493 1593 2730 1647 aderant
2759 1592 2956 1657 Grreci,
2991 1593 3119 1663 qui-

1467 1681 1584 1736 bus
1613 1679 1909 1752 incognita
1929 1684 2052 1735 erat
2075 1680 2280 1735 Latina
2303 1679 2886 1752 lingua,aderantquc
2911 1681 3118 1747 Latini,

1471 1769 1687 1842 quibus
1719 1769 2016 1840 incognita
2043 1773 2165 1824 erat
2194 1773 2419 1835 Graeca;
2453 1769 2692 1824 alteram
2728 1787 3120 1841 quoque,pro-

1472 1863 1602 1932 pter
1651 1858 2097 1914 unanimitatem
2153 1857 2458 1929 utriusque
2516 1857 2736 1928 populi.
2807 1859 3117 1913 Duodecim

3231 701 3493 757 adhibita
3522 704 3955 774 computatione
3984 703 4055 759 ad
4088 702 4371 760 terminos
4401 704 4764 776 Septembris
4791 723 4895 778 per

3230 792 3671 862 quatuordecim
3736 792 4135 848 hebdomadas
4186 794 4373 849 aciem
4444 799 4600 848 recte
4656 793 4893 866 dirigis,

3230 878 3450 950 liquido
3483 881 3828 952 porvidehis,
3863 881 3920 936 in
3971 888 4179 953 quarto
4229 899 4334 938 seu
4384 883 4636 954 septimo
4688 899 4899 939 mense

3230 973 3469 1038 quartas
3503 971 3673 1023 ferias
3695 969 3867 1039 juxta
3892 971 3982 1024 sui
4016 971 4402 1042 quantitatem
4437 971 4564 1026 suis
4615 971 4899 1028 Sabbatis

3233 1056 3426 1110 minus
3459 1058 3923 1130 deesse,excepto
3957 1059 4548 1131 Septembri,quando
4578 1061 4706 1132 ipse
4739 1061 4894 1116 inci-

3231 1145 3314 1214 pit
3347 1145 3485 1198 feria
3507 1145 3950 1216 quinta,Juuius
3972 1145 4456 1217 quarta,Martius
4473 1145 4805 1212 tertia.0ua
4831 1164 4901 1202 ex

3231 1251 3291 1286 re
3324 1235 3406 1287 sic
3432 1236 3676 1299 eveniat,
3704 1236 3972 1306 prudenti
4008 1235 4346 1290 calculatori
4386 1235 4456 1290 ad
4485 1235 4894 1307 indagandum

3232 1339 3601 1392 nequaquam
3626 1325 3735 1377 erit
3759 1323 4100 1378 diflicilc.Ex
4127 1323 4219 1378 bis
4237 1324 4512 1379 omnibus
4536 1324 4685 1379 ratio
4713 1326 4907 1379 mani-

3232 1410 3377 1464 festa
3408 1412 3596 1474 docet,
3630 1411 3858 1466 firmius
3889 1428 3952 1466 ac
3985 1411 4254 1467 stabilius
4292 1429 4420 1468 esse
4451 1417 4905 1484 argumentum,

3230 1500 3380 1569 quod
3400 1517 3465 1554 ex
3480 1499 3914 1554 hebdomadam
3927 1519 3979 1554 ιιι
3997 1518 4239 1555 numero
4252 1499 4562 1556 collectum
4579 1518 4896 1574 nunquam

3232 1593 3416 1651 nutat,
3452 1605 3628 1658 quam
3661 1589 3813 1659 quod
3848 1605 3915 1642 ex
3947 1589 4220 1644 feriarum
4247 1589 4720 1645 consideratione
4742 1607 4906 1646 com-

3233 1675 3477 1747 pilatum
3511 1677 3826 1747 aliquando
3859 1675 4106 1732 vacillat.
4146 1678 4222 1732 De
4254 1693 4454 1734 mense
4485 1694 4622 1733 vero
4670 1679 4910 1735 decimo

3232 1765 3372 1818 nihil
3405 1765 3561 1820 aliud
3600 1765 3910 1819 dicendum
3960 1770 4070 1830 est,
4104 1766 4214 1822 nisi
4267 1771 4332 1822 ut
4381 1767 4718 1839 proximum
4770 1774 4908 1823 ante

3230 1855 3594 1908 Nativitatem
3631 1855 3856 1908 Domini
3908 1872 4140 1927 semper
4171 1856 4513 1912 observetur
4550 1857 4906 1925 Sabbatum,

1372 2009 1384 2022 δ
1472 1946 1750 2003 lectiones
1779 1947 2058 2001 dicuntur
2089 1950 2320 2018 pr0pter
2357 1945 2662 2000 duodecim
2711 1945 2972 2012 lectores,
3008 1965 3117 2001 non
3149 1983 3198 2049 B
3229 1949 3464 2014 excepto
3497 1944 3730 2014 quando
3761 1943 3958 2014 vigilia
3988 1944 4240 1999 evenerit
4272 1944 4331 1999 in
4363 1950 4526 2000 sexta
4569 1945 4741 2002 feria.
4774 1949 4913 2003 Scio

1474 2039 1712 2109 propter
1771 2036 2079 2090 duodecim
2143 2035 2565 2090 sententiarum
2630 2035 2956 2090 varietates.
3016 2042 3122 2092 Sex

1475 2123 1753 2181 lectiones
1802 2128 1940 2180 sunt
1988 2123 2393 2179 tantummodo
2442 2123 2500 2176 in
2543 2123 2869 2178 sententiis.
2924 2125 3120 2196 Neque

1475 2213 1635 2271 enim
1684 2212 1734 2269 si
1780 2213 2101 2286 dixerimus
2149 2215 2351 2276 Amen,
2381 2229 2602 2276 verum,
2637 2218 2942 2284 propterea
2974 2215 3122 2268 duas

1470 2302 1743 2358 veritates
1772 2301 2095 2375 intelligere
2125 2303 2426 2367 debemus,
2460 2302 2559 2356 sed
2594 2303 2910 2356 unam.Sed
2937 2303 3007 2358 de
3029 2303 3120 2357 his

1468 2392 1752 2448 hactenus
1790 2409 1946 2448 nunc
1993 2392 2065 2447 ad
2112 2391 2474 2464 propositum
2509 2391 2835 2446 redeamus.
2869 2391 3119 2454 Quaestio

1468 2485 1591 2549 tua,
1624 2481 1672 2537 si
1721 2481 1828 2536 rite
1878 2480 2168 2547 recordor,
2201 2479 2336 2534 talis
2394 2483 2537 2546 erat,
2579 2484 2644 2534 ut
2692 2479 2840 2534 scire
2890 2486 3119 2550 optares

1469 2573 1810 2628 utrumnam
1841 2569 2041 2625 statim
2073 2569 2131 2622 in
2166 2567 2352 2640 primo
2375 2567 2630 2622 Sabbato
2650 2567 2838 2622 Martii
2873 2569 2948 2622 sit
2970 2570 3118 2638 jeju-

1458 2660 1754 2725 nandum,
1786 2657 2017 2714 etiamsi
2062 2657 2217 2712 idem
2265 2657 2488 2711 mensis
2535 2655 2758 2726 quinta,
2810 2662 2971 2710 sexta
3020 2665 3119 2712 aut

1471 2747 1724 2820 septima
1764 2746 1906 2802 feria
1952 2744 2215 2816 incipiat,
2242 2761 2314 2799 an
2347 2744 2418 2798 ad
2449 2743 2605 2798 aliud
2638 2744 2956 2799 Sabbatum
2989 2763 3114 2816 pro-

1471 2842 1601 2910 pter
1627 2837 1898 2907 quartam
1930 2833 2135 2890 feriam
2167 2833 2243 2888 sit
2271 2833 2674 2888 differendum.
2709 2834 2792 2888 Ad
2825 2834 2978 2904 quod
3012 2835 3113 2888 tibi

1470 2941 1542 2982 ex
1597 2923 2022 2981 consuetudine
2082 2925 2292 2977 sancta:
2341 2920 2626 2986 Ecclesiae,
2669 2939 2796 2993 quae
2845 2939 2946 2993 pro
2994 2940 3113 2977 ma-

1467 3013 1630 3069 xima
1676 3011 2017 3068 auctoritate
2067 3011 2317 3066 tenenda
2358 3015 2466 3077 est,
2518 3010 2840 3082 respondeo
2893 3029 2905 3066 :
2957 3013 3111 3083 quod

1467 3102 1691 3174 absque
1752 3099 1873 3157 ulla
1918 3099 2300 3170 refragatione
2330 3114 2562 3170 semper
2597 3099 2858 3168 ejusdem
2893 3101 3111 3154 mensis

1465 3194 1677 3264 quarta
1706 3189 1846 3246 feria
1879 3189 2086 3245 debeat
2129 3187 2447 3260 exspectari
2497 3189 2774 3258 quoniam
2824 3189 2978 3243 idem
3019 3191 3108 3258 je-

1462 3279 1716 3349 iunium,
1749 3278 1903 3352 quod
1931 3281 2142 3351 quarta
2171 3277 2314 3332 feria
2344 3276 2643 3348 incipitur,
2677 3277 2928 3331 Sabbato
2979 3277 3109 3331 fini-

3232 2050 3322 2086 mc
3355 2051 3454 2103 pro
3487 2039 3642 2087 certo
3677 2034 3756 2087 ita
3785 2033 4022 2099 dixisse,
4055 2038 4114 2088 et
4145 2051 4323 2106 quam
4354 2051 4559 2090 verum
4593 2036 4676 2091 sit
4718 2037 4908 2092 etiam

3230 2121 3287 2174 in
3322 2121 3426 2175 hac
3459 2139 3538 2186 rc,
3571 2122 3642 2174 de.
3669 2139 3784 2192 qua
3823 2139 4079 2193 prazseus
4135 2127 4418 2178 tractatus
4466 2122 4760 2193 habetur,
4791 2142 4915 2196 qua

3230 2214 3426 2282 potero
3459 2210 3733 2265 brevitate
3765 2227 3832 2265 ex
3863 2211 4057 2275 dictis,
4082 2212 4366 2282 majorem
4399 2213 4624 2268 curabo
4651 2213 4912 2270 demon-

3230 2298 3626 2368 strarc.lgitur
3655 2299 3988 2354 Amalarius
4015 2299 4348 2355 divinorum
4376 2300 4719 2358 ofﬁciorum
4747 2305 4918 2359 inda-

3229 2392 3395 2458 gator
3424 2386 3866 2454 solertissimus,
3899 2389 4070 2458 cujus
4101 2389 4258 2443 dicta
4286 2389 4721 2446 catholicorum
4753 2393 4904 2447 viro.

3229 2492 3356 2529 rum
3393 2477 3698 2531 sententiis
3717 2476 3942 2547 fulgent
3960 2477 4433 2542 munita,cumde
4457 2479 4675 2534 iisdem
4699 2479 4910 2552 dispu-

3225 2568 3374 2618 taret
3397 2564 3660 2634 jejuniis,
3696 2563 3777 2619 sic
3811 2565 3962 2620 inter
3991 2565 4102 2622 alia
4135 2566 4277 2622 dicit
4308 2584 4321 2622 :
4357 2567 4538 2623 Primi
4582 2569 4906 2640 apostolici

3226 2669 3458 2724 semper
3483 2653 3539 2707 in
3575 2653 3874 2708 Decembri
3911 2671 4132 2723 mense,
4166 2655 4225 2710 in
4275 2672 4392 2728 quo
4439 2655 4740 2714 Nativitas
4793 2665 4904 2714 Do-

3228 2741 3368 2795 mini
3403 2742 3582 2795 nostri
3615 2741 3751 2797 Jesu
3786 2742 3998 2797 Christi
4042 2742 4392 2812 celebratur,
4417 2747 4906 2803 consecrationes

3225 2832 3856 2903 ministrabant,usque
3891 2833 3962 2887 ad
3991 2833 4496 2907 Simplicium,qui
4529 2835 4644 2891 fuit
4669 2853 4706 2892 a
4730 2839 4906 2894 beato

3225 2919 3388 2976 Petro
3419 2921 3907 2992 quadragesimus
3938 2924 4285 2996 nonus.lpse
4317 2923 4545 2996 primus
4574 2941 4899 2983 consecra-

3219 3009 3303 3063 vit
3330 3009 3387 3064 in
3424 3010 3752 3078 Februario,
3779 3011 3837 3064 ni
3872 3010 4057 3082 fallor,
4087 3011 4270 3068 ullam
4301 3013 4374 3068 ob
4405 3012 4582 3069 aliam
4617 3031 4899 3076 causam.

3222 3097 3334 3151 nisi
3368 3098 3692 3153 intimando
3733 3101 4175 3171 conjungendos
4224 3102 4618 3174 propinquius
4667 3103 4900 3162 Christi

3219 3188 3465 3258 corpori,
3500 3188 3596 3258 qui
3628 3205 3728 3258 per
3771 3205 4000 3244 sacrum
4055 3190 4400 3260 mysterium
4455 3192 4899 3263 provehuntur.

3219 3275 3340 3338 Quo
3373 3275 3534 3330 nullo
3569 3276 3738 3330 modo
3771 3278 3959 3332 satius
3991 3277 4111 3332 ﬁeri
4137 3281 4532 3350 potest,quam
4565 3280 4616 3335 si
4651 3298 4764 3353 per
4793 3300 4900 3338 eos

1462 3372 1590 3438 tur;
1617 3345 1990 3441 nequ-aquam
2022 3345 2673 3432 Februario,sed_totum
2707 3365 2914 3420 Martio
2937 3366 3114 3438 depu-
3143 3345 3187 3415 C
3226 3364 3606 3434 patriarchas,
3634 3381 3700 3418 ex
3733 3366 3950 3436 quibus
3983 3345 4250 3422 Christus
4278 3345 4452 3424 nat-us
4479 3345 4904 3441 est,generen-

1461 3459 1642 3525 tatur,
1673 3473 1742 3513 ea
1766 3455 2035 3512 videlicet
2063 3455 2285 3508 ratione
2325 3457 2392 3506 ut
2439 3452 2498 3508 in
2530 3469 2596 3507 eo
2629 3469 2826 3508 mense
2858 3454 3112 3525 primum

1457 3545 1756 3618 jejunium
1809 3546 2076 3598 nostrum
2133 3540 2376 3596 Domino
2441 3545 2829 3606 consecretur,
2889 3543 2944 3596 in
2997 3559 3112 3615 quo

1461 3629 1820 3704 principium
1849 3627 1988 3684 anni
2021 3644 2085 3683 ac
2117 3629 2244 3701 ipsa
2275 3627 2487 3684 creatio
2515 3628 2718 3682 mundi
2750 3630 3110 3702 cmpit.Unde

1460 3720 1573 3774 iste
1603 3717 1891 3774 terminus
1920 3717 2169 3772 firmiter
2195 3721 2285 3773 est
2313 3717 2729 3781 observandus,
2750 3723 2814 3773 ut
2845 3736 2946 3774 nec
2973 3727 3108 3776 ante

1459 3825 1518 3863 IV
1546 3808 1744 3863 Nonas
1774 3805 1989 3875 Martii,
2024 3821 2125 3861 nec
2155 3809 2285 3878 post
2313 3820 2369 3861 v1
2405 3806 2538 3860 Idus
2577 3807 2840 3876 ejusdem
2887 3809 3106 3865 mensis

1456 3895 1672 3970 aliquis
1699 3898 1918 3952 statuat
1937 3895 2350 3966 jejunandum,
2385 3895 2480 3949 sed
2514 3895 2570 3949 in
2599 3894 2692 3950 his
2721 3900 2941 3968 septem
2981 3898 3104 3954 dic-

1452 3986 1564 4042 bus
1613 3984 1948 4058 ubicunque
2001 3983 2258 4056 primum
2321 3983 2576 4039 evenerit
2623 3984 2893 4055 jejunare
2947 3984 3101 4042 licite

1447 4074 1685 4131 valebit.
1738 4073 1821 4130 Ex
1879 4089 1995 4146 quo
2043 4071 2200 4128 velut
2252 4070 2629 4127 intellectuali
2689 4073 2944 4143 quodam
3004 4073 3100 4128 ﬁlo

1447 4162 1784 4220 rectissima:
1817 4161 2028 4235 regula
2061 4161 2236 4229 linea,
2268 4177 2372 4233 per
2401 4159 2840 4232 quatuordecim
2881 4160 3097 4217 hebdo-

1446 4253 1653 4309 madas
1683 4252 1946 4324 usquein
1963 4251 2288 4306 secundum
2319 4249 2479 4305 Junii
2511 4249 2732 4305 mensis
2752 4249 3100 4320 Sabbatum,

1447 4341 1706 4414 itemque
1735 4340 1870 4396 inde
1903 4356 2006 4412 per
2037 4338 2180 4395 alias
2220 4337 2682 4410 quatuordecim,
2732 4339 2805 4393 ad
2856 4338 3097 4395 tertium

1447 4429 1806 4502 Septembris
1834 4429 2154 4485 Sabbatum
2191 4443 2204 4481 :
2230 4427 2369 4482 item
2392 4426 2510 4482 sive
2540 4442 2643 4497 per
2671 4425 3097 4494 tredecim,sive

1445 4532 1551 4590 per
1577 4517 2041 4591 quatuordecim,
2074 4516 2143 4570 ad
2177 4515 2320 4570 illud
2354 4514 2682 4588 proximum
2713 4518 2845 4570 ante
2875 4516 3096 4571 Nativi-

1442 4609 1623 4663 tatem
1654 4605 1884 4664 Domini
1915 4604 2338 4671 Sabbatum,ut
2366 4604 2586 4676 absque
2633 4620 2827 4658 errore
2855 4621 3094 4660 eorum-

1442 4695 1578 4751 dem
1605 4693 1992 4750 Sabbatorum
2021 4691 2258 4748 termini
2289 4691 2516 4764 possint
2555 4689 2821 4745 inveniri.
2854 4691 2937 4746 Ad
2985 4691 3091 4748 hoc
3121 4713 3170 4779 Β

1441 4783 1966 4840 demonstrandum
2007 4781 2443 4838 constituantur
2487 4779 2640 4836 feria:
2689 4784 2913 4852 septem
2953 4797 3086 4836 cum

1437 4871 1646 4929 diebus
1675 4871 1915 4928 totidem
1949 4871 2169 4928 mensis
2198 4869 2475 4936 Martii,id
2504 4874 2654 4940 est,a
2674 4873 2881 4940 quarta
2899 4872 3086 4924 Nona-

1435 4977 1568 5016 rum
1581 4978 1766 5034 usque
1783 4960 1842 5016 in
1859 4961 2172 5034 septimam
2190 4959 2460 5032 ldus,per
2479 4974 2627 5031 quos
2650 4957 2822 5030 primi
2845 4957 3082 5014 Sabbati

1433 5049 1668 5106 termini
1701 5050 1890 5108 solent
1923 5049 2158 5118 variari,
2191 5052 2249 5106 et
2289 5048 2384 5104 his
2434 5047 2711 5120 inspectis
2742 5063 2834 5102 res
2863 5046 2994 5120 ipsa
3023 5064 3084 5103 se

1431 5138 1604 5198 nobis
1633 5139 1951 5214 aperiat.Ut
1979 5140 2137 5195 enim
2170 5140 2242 5194 ab
2274 5137 2482 5193 ultimo
2525 5135 2896 5208 incipiamus,
2931 5137 3078 5191 Mar-

1431 5226 1550 5284 tius
1581 5235 1680 5286 ant
1709 5229 1916 5302 quinta
1944 5227 2086 5283 feria
2115 5225 2402 5298 incipit,et
2429 5226 2744 5282 Sabbatum
2778 5225 2836 5280 in
2859 5242 2973 5297 quo
2995 5230 3084 5282 est

1417 5317 1814 5390 jejunandum
1862 5319 2024 5371 sexto
2057 5314 2197 5370 ldus
2226 5314 2504 5380 occurrit;
2535 5319 2635 5368 aut
2668 5315 2886 5369 mensis
2917 5318 3078 5369 sexta

1424 5406 1587 5474 feria,
1619 5406 1939 5462 Sabbatum
1989 5421 2123 5460 vero
2172 5403 2420 5476 septimo
2463 5403 2626 5470 ldus;
2663 5408 2764 5458 aut
2811 5403 2906 5458 ille
2937 5404 3076 5458 feria

1425 5492 1864 5567 septima,istud
1897 5509 2030 5548 vero
2056 5499 2256 5548 octavo
2287 5491 2454 5558 Idus;
2488 5496 2589 5546 aut
2618 5491 2838 5546 mensis
2861 5493 3070 5564 prima,

3221 3453 3502 3518 tur.Quod
3528 3453 3890 3525 impossibile
3921 3459 4009 3510 est
4040 3456 4366 3513 secundum
4398 3473 4900 3525 carnem,secun-

3221 3540 3360 3596 dum
3394 3541 3664 3611 spiritum
3697 3543 3940 3613 dignum
3993 3548 4050 3598 et
4099 3543 4316 3616 habile,
4349 3545 4459 3601 hoc
4507 3551 4618 3614 est,
4671 3553 4746 3604 ut
4793 3568 4905 3622 per

3219 3629 3724 3702 interpretationes
3740 3633 4042 3687 nominum
4059 3634 4529 3704 patriarcharum
4555 3646 4904 3695 nascantur

3217 3725 3430 3783 mente,
3465 3720 3562 3790 qui
3596 3720 3944 3791 genealogia:
3975 3721 4187 3777 Christi
4221 3722 4493 3778 videntur
4521 3723 4900 3784 familiarius

3215 3807 3482 3862 adscisci.
3519 3808 3582 3862 Et
3611 3808 3751 3879 quia
3782 3809 4169 3882 incongruum
4203 3817 4312 3876 est,
4345 3812 4500 3868 sicut
4547 3814 4896 3887 unicuique

3212 3895 3569 3965 generatioui
3597 3896 3915 3968 singularis
3935 3897 4304 3955 hebdomada
4325 3901 4761 3972 deputatur,ita
4785 3923 4898 3978 per

3211 3998 3689 4054 unamquamque
3719 3983 4146 4041 hebdomadam
4189 3990 4690 4046 consecrationem
4727 3993 4892 4048 cele-

3209 4069 3386 4140 brari,
3417 4088 3593 4126 causa
3622 4074 3962 4144 congruenti
4017 4090 4120 4146 per
4162 4075 4398 4147 singula
4427 4080 4719 4149 tempora,
4748 4098 4886 4153 qua:

3207 4159 3513 4214 convenire
3555 4166 3801 4231 possunt
3830 4163 4147 4218 virtutibus
4181 4169 4239 4218 et
4278 4163 4885 4238 interpretationibus

3206 4247 3691 4317 patriarcharum,
3725 4250 3826 4321 qui
3879 4251 3935 4304 in
3978 4251 4241 4308 articulis
4287 4253 4644 4328 genealogis:
4693 4262 4882 4330 positi

3205 4340 3361 4402 sunt,
3392 4338 3746 4393 consecratio
3778 4337 4106 4396 celebratur
4125 4341 4590 4414 spiritualis.Per
4613 4350 4744 4403 tres
4766 4354 4886 4405 tes-

3204 4425 3582 4481 seradecades
3599 4427 4060 4493 annualesﬁunt
4077 4429 4458 4487 hebdomadas
4472 4433 4888 4508 quadraginta

3202 4513 3466 4570 duae.Tot
3492 4517 3895 4586 generationes
3925 4519 4254 4574 secundum
4278 4519 4622 4577 Matthaaum
4647 4523 4884 4582 Christi

3201 4607 3341 4657 sunt
3371 4620 3502 4658 cum
3534 4603 3684 4675 ipso,
3719 4610 3805 4660 tot
3829 4607 3988 4661 enim
4021 4607 4400 4664 hebdomade:
4447 4609 4872 4680 inveniuntur,

3200 4707 3234 4746 a
3265 4692 3452 4763 primo
3483 4694 3736 4749 Sabbato
3768 4695 3936 4766 primi
3970 4697 4190 4752 mensis
4222 4715 4411 4770 usque
4456 4699 4530 4754 ad
4577 4709 4880 4772 quartum

3198 4781 3512 4836 Sabbatum
3527 4782 3736 4838 decimi
3760 4785 4378 4843 mensisConsecratio
4394 4787 4588 4858 prima
4609 4789 4885 4848 celebra-

3193 4874 3291 4926 tur
3314 4869 3500 4941 primo
3523 4871 3776 4927 Sabbato
3799 4873 3973 4944 primi
4014 4875 4257 4942 mensis,
4287 4892 4414 4947 qua:
4454 4877 4625 4948 quasi
4649 4878 4714 4934 in
4739 4880 4878 4938 loco

3192 4958 3434 5014 Abraha:
3466 4965 3705 5030 generat
3734 4959 4052 5018 Christum.
4099 4962 4391 5019 Abraham
4437 4965 4881 5037 interpretatur

3188 5057 3345 5120 pater
3369 5049 3675 5104 multarum
3705 5052 3971 5120 gentium,
4005 5051 4098 5107 cui
4130 5051 4355 5108 dictum
4381 5058 4518 5109 est?
4550 5054 4614 5109 In
4646 5062 4882 5116 semina

3193 5141 3285 5192 tuo
3333 5137 3714 5192 benedicentur
3753 5155 3937 5195 omnes
3983 5148 4166 5210 gentes
4210 5140 4364 5210 (Gen.
4411 5142 4569 5214 xm).
4625 5145 4690 5199 Si
4723 5150 4876 5218 quis

3192 5229 3564 5281 consecratus
3585 5231 3700 5282 stat
3719 5227 3777 5281 in
3797 5227 4020 5284 semine
4041 5227 4362 5284 multorum
4381 5234 4872 5292 convertentium

3187 5332 3292 5387 per
3319 5331 3427 5370 sua
3456 5313 3719 5385 exempla
3753 5315 3823 5371 ad
3859 5315 4161 5380 Deum,est
4209 5333 4245 5372 a
4285 5317 4476 5390 primo
4517 5320 4876 5390 patriam-ha

3185 5403 3478 5458 Abraham
3513 5404 3864 5474 genitus,est
3897 5404 4090 5475 ipsum
4119 5421 4318 5459 semen
4350 5406 4716 5472 Christusjn
4745 5428 4874 5483 qun

3185 5493 3406 5548 semine
3441 5490 3795 5561 promissum
3819 5495 3907 5547 est
3925 5491 4168 5546 Abi-aha
4204 5493 4465 5549 benedici
4489 5511 4708 5552 omnes
4725 5515 4874 5569 gen-

1421 5599 1550 5654 qum
1581 5585 1670 5636 est
1698 5579 2020 5645 Dominica,
2045 5585 2102 5637 ct
2132 5580 2454 5636 Sabbatum
2485 5580 2699 5645 Nonis;
2733 5584 2834 5636 aut
2875 5581 2921 5635 si
2975 5581 3072 5636 ille
3181 5581 3426 5650 tos.lpsa
3457 5579 3814 5635 consecratio
3839 5597 4011 5635 verno
4037 5586 4295 5652 tempore
4323 5582 4870 5658 celebratur,quod

1421 5668 1563 5726 feria
1595 5669 2030 5737 secunda,istud
2057 5669 2340 5744 postridie
2370 5668 2760 5724 Nonarum.Si
2789 5685 2923 5724 vero
2955 5674 3068 5724 ter-

1421 5758 1528 5823 tio,
1558 5757 1712 5814 istud
1739 5759 1906 5817 tertio
1935 5761 2158 5829 Nonas;
2191 5763 2251 5815 at
2284 5760 2332 5813 si
2366 5757 2613 5814 Martius
2666 5756 2808 5811 feria
2839 5763 3067 5830 quarta,

3179 5675 3416 5740 tempus
3464 5667 3658 5722 habile
3704 5673 3791 5724 est
3839 5669 4357 5740 proereationibus.
4391 5671 4538 5726 Nam
4571 5677 4632 5728 et
4662 5677 4870 5733 Abra-

3179 5758 3316 5814 ham
3351 5757 3523 5814 tertia
3552 5761 3718 5814 aetate
3739 5757 3848 5813 fuit
3867 5757 4044 5829 hujus
4068 5758 4427 5833 mundique.-
4445 5765 4588 5817 aetas
4609 5779 4874 5838 compa-
