4984 6384
729 412 880 478 1077

2036 414 2137 476 DE
2181 412 2488 477 OFFICIO
2532 410 2814 478 MISSIE.

3960 409 3985 517 l
3997 405 4119 476 018

721 549 880 606 ratur
903 542 1324 617 adolescentiae,
1358 563 1485 621 quae
1517 544 1729 605 habilis
1769 551 1856 605 est
1905 548 2262 623 generationi
2294 550 2363 606 ﬁo
2392 548 2447 617 Α
2477 551 2741 605 cantetur
2799 552 2856 606 et
2910 547 3138 621 legatur
3186 542 3505 621 antiphona
3535 564 3547 604 :
3582 545 3798 605 Exaudi
3841 512 4069 606 Domine
4092 561 4117 605 .·

718 636 946 693 liorum.
978 636 1248 692 Secunda
1271 637 1628 694 consecratio
1687 642 1775 694 est
1804 638 1861 692 in
1895 643 2101 710 quarto
2141 656 2359 707 mense,

721 727 968 783 secundo
994 726 1433 798 Sabbato,quod
1466 731 1553 782 est
1582 726 1813 782 initium
1847 728 2085 783 secundi
2117 729 2361 801 catalogi

720 815 1157 888 quatuordecim
1208 815 1731 871 hebdomadarum.
1770 816 1898 871 Haec
1942 817 2254 888 deputatur
2302 818 2360 873 in

713 903 833 960 loco
864 902 1117 959 ﬁliorum
1151 904 1351 959 David.
1386 905 1561 959 David
1610 905 2024 976 interpretatur
2056 923 2225 960 manu
2253 909 2362 977 for-

713 993 931 1064 tis,ipse
962 992 1274 1064 prostravit
1305 991 1554 1059 Goliath,
1584 992 1641 1047 id
1668 996 1775 1059 est,
1813 993 2113 1049 humilitas
2160 1012 2364 1066 super-

715 1082 889 1137 biam.
917 1080 1022 1146 Qui
1056 1086 1493 1146 consecrantur,
1523 1086 1824 1153 propterea
1855 1088 2270 1139 consecrantur
2301 1088 2362 1138 ut

716 1170 886 1225 fortes
917 1169 1035 1224 sint
1062 1174 1120 1224 et
1146 1186 1249 1241 per
1278 1170 1670 1225 humilitatem
1702 1170 1977 1241 dejiciant
2006 1173 2357 1243 superbiam.

694 1254 843 1330 ipsa
871 1257 1201 1313 celebratur
1225 1259 1285 1313 in
1314 1259 1491 1314 Junio
1524 1261 1984 1331 mense,quando
2017 1262 2202 1316 fervor
2233 1279 2360 1317 ma-

716 1364 863 1420 gnus
895 1345 1034 1402 solis
1066 1350 1156 1401 est
1205 1364 1382 1419 super
1429 1351 1661 1402 terram.
1697 1348 1980 1403 Omnibus
2023 1353 2225 1404 notum
2275 1354 2362 1405 est

716 1435 887 1489 David
922 1434 1270 1490 bellicosum
1302 1434 1502 1491 fuisse.
1537 1437 1794 1508 Tempus
1831 1437 1991 1491 Junii
2042 1442 2240 1509 aptum
2275 1442 2363 1493 est

716 1522 896 1577 bellis.
930 1524 1131 1578 Tertia
1160 1524 1515 1579 consecratio
1554 1524 1878 1580 celebratur
1911 1526 1965 1580 in
1997 1526 2359 1597 Septembrio

717 1611 877 1667 tertio
908 1611 1354 1682 Sabbato,quod
1386 1618 1473 1667 est
1506 1613 1736 1667 initium
1766 1614 1916 1668 tertii
1950 1613 2359 1685 catalogi.lla30

714 1698 980 1769 deputatu
992 1717 1018 1752 r
1043 1699 1403 1771 generationi
1434 1700 1967 1756 JecboniteJcchou
1979 1701 2061 1756 ias
2084 1700 2360 1772 interpre-

710 1789 862 1842 tatur
886 1789 1226 1858 przeparatio
1260 1788 1780 1861 Domini.Nulliquc
1810 1790 2131 1857 dubium,si
2156 1808 2356 1845 omnes

2470 639 2653 693 missa
2684 639 2931 711 [oratio],
2955 656 3136 711 preces
3167 646 3374 694 nostras
3406 653 3716 710 quaesumus
3743 640 3984 694 Domine.
4010 639 4115 695 Re-

2470 725 2635 797 quire
2669 728 2725 781 in
2756 727 2944 799 prima
2974 728 3341 783 hebdomade
3367 726 4061 799 QuadragesimaaLectio
4096 744 4110 783 :

2468 816 2621 870 Dixit
2652 816 2925 872 Salomon.
2960 818 3101 873 Item
3134 817 3316 872 oratio
3350 834 3362 871 :
3395 817 3737 872 Devotionem
3760 816 4113 887 populi.Lec-

2469 902 2548 957 tio
2578 904 2738 958 Isaiae
2784 905 3077 977 prophetae
3115 922 3127 960 :
3161 906 3319 971 Audi,
3351 905 3529 960 Iacob.
3565 903 3811 959 Alleluia
3842 922 3854 960 :
3884 906 4114 960 Domine

2469 992 2608 1046 Deus
2637 994 2850 1048 salutis.
2881 993 3149 1065 Evangel.
3185 994 3509 1048 secundum
3543 993 3757 1048 Lucam
3791 1009 3804 1046 :
3840 994 4111 1049 Acceden-

2470 1089 2544 1136 tes
2575 1081 2850 1152 discipuli.
2885 1083 3062 1137 Oﬂ‘ert
3094 1100 3105 1137 :
3147 1084 3260 1137 Viri
3306 1082 3543 1138 Galilzei.
3580 1081 3924 1137 Communio
3953 1097 3966 1135 :
3999 1087 4113 1137 Pa-

2469 1178 2568 1237 ter,
2601 1186 2725 1225 cum
2754 1187 2938 1227 essem.
2973 1171 3135 1226 Feria
3162 1175 3321 1227 sexta
3350 1171 3671 1242 antiphona
3703 1188 3715 1226 :
3746 1170 3982 1237 Exaudi,
4008 1174 4111 1227 Do-

2468 1260 2615 1314 mine
2645 1278 2663 1314 :
2694 1259 2873 1315 missa
2903 1260 3132 1331 [oratio]
3168 1276 3179 1313 :
3214 1263 3357 1327 Esto,
3388 1262 3633 1325 Domine,
3662 1261 3956 1331 propitius.
3983 1261 4112 1315 Lec-

2468 1347 2548 1401 tio
2582 1365 2594 1402 :
2630 1350 2927 1416 Exsultate,
2977 1350 3113 1418 ﬁliae
3158 1349 3309 1404 Sion.
3358 1347 3642 1404 Alleluia:
3674 1349 3917 1416 Domine,
3958 1350 4111 1419 refu-

2467 1438 2616 1506 gium
2676 1438 2852 1507 factus
2909 1454 2983 1492 es.
3033 1437 3400 1509 Evangelium
3463 1438 3783 1492 secundum
3840 1437 4105 1492 Lucam:

2475 1526 2631 1579 Venit
2688 1526 2756 1579 ad
2811 1530 2995 1581 Jesum
3058 1528 3144 1580 vir
3198 1528 3416 1581 nomine
3468 1528 3679 1582 Jairus.
3735 1525 3911 1580 Oﬁ‘ert
3944 1541 3957 1581 :
3994 1525 4113 1580 Viri

2469 1614 2707 1669 Galileei.
2767 1615 3112 1669 Communio
3161 1633 3172 1669 :
3216 1616 3377 1669 Pater
3433 1631 3556 1668 eum
3610 1630 3794 1668 essem.
3856 1614 4107 1669 Sabbato

2469 1719 2673 1757 omnes
2722 1703 2904 1773 parati
2957 1704 3227 1774 primitus
3277 1706 3510 1758 cantent
3558 1702 3840 1758 litaniam.
3897 1702 4107 1757 Deinde

2465 1793 2638 1862 Kyrie
2661 1792 2892 1855 eleison;
2918 1794 3107 1847 Gloria
3138 1794 3192 1847 in
3227 1794 3449 1847 excelsis
3479 1794 3601 1847 Deo.
3635 1793 3838 1847 Postea
3873 1792 4055 1846 oratio
4091 1810 4102 1847 :

711 1879 927 1947 oportet
946 1876 1688 1980 praeparariinAdventu‘m
1712 1878 2108 1980 Domini,quin
2131 1880 2360 1978 potissi—
2389 1916 2436 1980 Β
2468 1881 2730 1980 Montium
2761 1882 2978 1980 nostris.
3012 1881 3138 1980 Alia
3172 1898 3183 1935 :
3219 1882 3317 1936 Illo
3348 1897 3460 1980 ἕως
3508 1884 3651 1953 igne.
3693 1880 3886 1936 Tertia
3919 1898 3931 1935 :
3964 1882 4105 1936 Deus

712 1980 869 2019 mum
899 1982 996 2020 eos
1027 1964 1133 2037 qui
1165 1970 1605 2021 consecrantur.
1623 1967 1816 2038 Neque
1846 1967 1954 2021 hoc
1984 1967 2109 2023 sine
2139 1968 2358 2022 ratione

711 2056 795 2107 est
823 2052 868 2108 si
901 2056 1277 2126 computetur
1316 2054 1615 2127 catalogus
1670 2055 1996 2110 novissimae
2048 2057 2361 2111 tesserade-

712 2141 947 2207 cadis,et
978 2142 1161 2197 semel
1195 2148 1564 2215 computetur
1586 2144 1916 2210 Jechonias,
1951 2162 2065 2199 non
2106 2145 2358 2216 amplius

715 2229 1084 2287 inveniuntur
1118 2248 1252 2287 cum
1286 2232 1411 2303 ipso
1447 2231 1673 2287 Christo
1701 2250 1875 2304 quam
1898 2233 2170 2289 tredecim
2194 2252 2360 2306 gene-

716 2317 992 2386 rationes;
1028 2319 1080 2374 si
1117 2319 1240 2392 ipse
1271 2320 1361 2375 bis
1394 2323 1781 2392 computetur,
1807 2322 2243 2394 quatuordecim
2274 2323 2357 2377 in—

714 2407 1297 2464 veniuntur.Sanctus
1327 2409 1693 2480 Augustinus
1721 2426 1897 2465 causa
1936 2409 2194 2482 mysterii
2229 2428 2343 2482 per

716 2493 867 2551 hibet
896 2496 1117 2551 factum
1150 2514 1276 2552 esse
1307 2498 1461 2569 quod
1483 2497 1917 2570 Jecbonias,qui
1948 2499 2358 2570 interpretatur

711 2588 1036 2655 praBparatio
1067 2586 1310 2653 Domini,
1336 2586 1426 2641 bis
1459 2592 1798 2642 numeretur
1826 2587 1883 2641 in
1920 2588 2030 2642 ﬁne
2062 2587 2269 2659 prioris
2301 2593 2355 2643 et

716 2671 767 2726 in
800 2672 978 2745 capite
1012 2672 1313 2745 sequentis
1339 2673 1610 2747 catalogi,
1645 2675 1880 2746 lapidem
1921 2677 2263 2746 angularem,
2296 2676 2354 2731 id

710 2765 810 2828 est,
844 2761 1145 2819 Christum
1177 2760 1516 2835 signiﬁcans
1551 2781 1562 2817 :
1597 2762 1655 2817 in
1686 2780 1800 2835 quo
1833 2765 2170 2835 praeparavit
2202 2766 2354 2821 Deus

704 2852 857 2920 pater
878 2850 1024 2906 duos
1071 2850 1318 2923 populos
1350 2850 1514 2922 quasi
1552 2851 1800 2923 parietes
1832 2852 1888 2906 in
1913 2854 2353 2926 unamjungere

703 2937 953 2994 domum.
986 2940 1027 3003 Ο
1053 2956 1346 3011 uauquam
1379 2940 1584 2994 beatus
1616 2940 2003 3012 Hieronymus
2041 2941 2178 2998 vitio
2209 2943 2352 2997 scri-

686 3023 925 3097 ptorum
956 3034 1012 3084 et
1058 3027 1421 3099 longitudine
1468 3032 1797 3100 temporum
1846 3030 1996 3085 inter
2043 3031 2266 3086 Graecos
2298 3036 2353 3086 et

711 3114 935 3172 Latinos
967 3135 1031 3173 eo
1050 3117 1287 3172 nfusum
1321 3133 1447 3172 esse
1478 3122 1693 3182 narret,
1717 3125 1771 3172 et
1800 3121 2020 3190 patrem
2046 3120 2144 3191 qui
2169 3120 2227 3174 in
2250 3121 2354 3175 He-

712 3200 857 3260 braeo
885 3204 1162 3261 Joachim
1193 3204 1529 3261 nominatus
1559 3210 1788 3272 cst,non
1821 3207 1877 3260 in
1903 3206 2228 3264 Chaldzeam
2253 3209 2353 3262 du-

2468 1971 2563 2040 qui
2587 1970 2655 2023 ad
2684 1971 3018 2024 animarum.
3052 1969 3264 2032 Quarta
3296 1986 3309 2024 :
3339 1972 3568 2037 Praesta,
3612 1985 3941 2041 quaesumus,
3992 1986 4111 2024 om.

2465 2060 2716 2128 nipolens
2739 2060 2896 2123 Deus,
2932 2062 2991 2113 ut
3018 2059 3353 2113 salutaribus
3372 2059 3629 2130 jejuniis.
3661 2057 3875 2122 Quinta
3907 2074 3919 2112 :
3953 2061 4106 2115 Prte-

2464 2151 2566 2211 sta,
2623 2163 2931 2217 queesumus
2985 2148 3324 2217 omnipotens
3381 2148 3539 2213 Deus,
3589 2149 3670 2202 sic
3722 2164 3838 2203 nos.
3889 2148 4107 2203 Subse-

2467 2240 2730 2305 quuntur
2784 2234 3063 2290 lectiones
3119 2252 3252 2290 cum
3310 2235 3688 2307 gradualibus
3739 2253 3753 2290 :
3806 2237 4104 2307 Propitius,

2466 2328 2758 2389 Proterlor,
2790 2324 2868 2379 Ad
2898 2326 3206 2389 Dominum,
3242 2326 3529 2393 Dirigatur
3572 2333 3621 2379 et
3666 2324 3986 2380 Benedicite.
4019 2325 4104 2379 Ad

2467 2411 2707 2466 missam
2744 2430 2755 2467 :
2791 2415 3022 2478 PrEL’stu,
3076 2428 3409 2482 qumsumus,
3453 2413 3788 2483 omnipotens
3835 2414 3996 2479 Deus,
4045 2420 4106 2467 ut

2463 2502 2755 2556 claritatis.
2792 2500 2978 2555 Lectio
3013 2517 3025 2554 ε
3061 2502 3193 2556 Cum
3240 2501 3427 2571 Apollo
3474 2508 3607 2555 esset
3654 2500 3918 2556 Corinthi.
3949 2499 4104 2556 Alle-

2466 2588 2585 2643 luia
2634 2606 2647 2642 :
2698 2589 3061 2660 Confitemini.
3122 2590 3368 2643 Tractus
3420 2605 3432 2643 :
3491 2589 3726 2644 Laudato
3787 2590 4102 2644 Dominum.

2465 2677 2838 2750 Evangelium
2878 2678 3201 2732 secundum
3249 2677 3534 2732 Joannem
3568 2694 3581 2732 :
3610 2680 3673 2733 Si
3719 2678 3954 2749 diligitis
3998 2694 4103 2733 me.

2464 2767 2658 2821 Olfert.
2696 2784 2708 2821 :
2758 2768 2954 2822 Emitte
3006 2768 3283 2837 Spiritum.
3318 2767 3542 2821 Comm.
3580 2782 3592 2821 :
3633 2767 3850 2823 Ultimo.
3901 2766 4109 2838 Utique

2464 2855 2785 2910 secundum
2847 2855 3329 2909 consuetudinem
3395 2854 3719 2926 antiquam.
3773 2854 4108 2922 Cradualia,

2464 2944 2613 2998 sicut
2640 2961 2753 2997 non
2785 2942 2973 2997 solum
3000 2943 3055 2997 in
3088 2942 3304 2999 nostris
3337 2942 3501 2998 libris
3530 2942 4101 3013 habeturinsertum,

2463 3033 2563 3088 sed
2597 3032 2793 3097 etiam,
2828 3036 2890 3087 ut
2920 3033 2977 3086 in
3011 3033 3263 3103 quodam
3294 3032 3498 3088 ordine
3543 3033 3867 3088 secundum
3915 3033 4103 3089 sancti

2459 3119 2669 3175 Gclasii
2735 3138 2894 3191 papre
2953 3120 3359 3175 auctoritatem
3417 3119 3602 3192 reperi
3660 3120 4100 3191 prmtitulatum.

2463 3209 2569 3272 Qui
2604 3225 2730 3263 mos
2764 3224 2947 3279 usque
2980 3208 3171 3273 hodie,
3206 3212 3269 3261 ut
3298 3212 3659 3280 compertum
3703 3208 4007 3274 habemus,
4043 3209 4103 3264 in

707 3295 985 3361 ctum,sed
1018 3292 1366 3349 defunctum
1400 3294 1457 3348 in
1490 3297 1643 3349 terra
1664 3298 1852 3361 sua,et
1879 3295 2064 3351 ﬁlium
2085 3296 2350 3352 Joachim
2384 3279 2424 3345 (ἶ
2467 3302 2665 3354 sancta
2696 3298 2957 3352 Romana
2998 3301 3259 3352 servatur
3282 3279 3553 3352 Ecclesia.
3586 3296 3827 3352 Videtur
3871 3313 4105 3369 quoque

710 3379 773 3433 dc
789 3381 1123 3452 captivitate
1144 3382 1479 3436 redeuntem
1498 3381 1775 3437 Salathiel
1793 3384 2063 3455 genuisse
2082 3386 2350 3440 afﬁrmet.

710 3468 884 3540 Igitur
913 3470 1296 3545 supradictus
1317 3470 1516 3526 doctor
1535 3469 1975 3545 voluitintelligi
1996 3478 2059 3528 ut
2076 3474 2351 3529 tredecim

712 3561 765 3612 et
793 3559 1237 3631 quatuordecim
1270 3559 1645 3615 hebdomadce
1678 3561 2119 3633 praeﬁgurarent
2146 3561 2203 3616 in
2237 3580 2356 3635 my-

715 3647 903 3714 sterio,
937 3649 1095 3721 quod
1127 3648 1436 3704 Jecbonias
1469 3647 1645 3703 semel
1677 3653 1777 3703 aut
1817 3650 1905 3703 bis
1958 3655 2264 3720 poneretur
2295 3652 2353 3705 in

714 3735 986 3811 catalogo.
1020 3736 1328 3808 Enimvero
1360 3736 1634 3793 omnibus
1666 3736 1834 3793 annis
1886 3738 2162 3793 tredecim
2199 3738 2353 3795 inve-

712 3824 1228 3899 niuntur,exceptis
1262 3825 1376 3894 his,
1403 3825 1512 3881 hoc
1543 3829 1649 3892 est,
1674 3826 1906 3898 quando
1940 3827 2184 3881 Martius
2214 3826 2357 3883 feria

711 3913 874 3969 tertia
903 3915 987 3971 vel
1021 3913 1545 3988 quarta,Nativitas
1578 3932 1709 3970 vero
1740 3914 1969 3970 Domini
2001 3917 2182 3970 nostri
2214 3917 2354 3971 Jesu

709 4000 914 4059 Christi
948 4004 1258 4059 Dominica
1288 4007 1389 4059 aut
1419 4004 1677 4059 secunda
1724 4003 1866 4058 feria
1913 4003 2247 4060 acciderint.
2277 4006 2356 4060 De

711 4089 815 4146 hoc
838 4093 1251 4165 jejunio,quod
1283 4092 1344 4147 in
1367 4093 1495 4164 ipsa
1511 4092 1983 4165 solebantvigilia
1999 4094 2355 4165 antiquiores

710 4178 1017 4251 celebrare,
1053 4199 1233 4255 supra
1283 4181 1620 4238 nominatus
1677 4174 1823 4238 dixit
1877 4179 2139 4237 Amulius
2175 4200 2186 4236 :
2221 4185 2356 4248 Qum

711 4272 1065 4327 consecratio
1090 4272 1266 4326 habet
1295 4271 1471 4326 ﬁnem
1503 4269 1562 4324 in
1596 4270 1724 4342 ipsa
1760 4269 2068 4325 Nativitate
2120 4270 2355 4337 Christi,

714 4357 861 4415 sicut
891 4361 1286 4433 quorumdam
1318 4358 1617 4427 Italorum,
1642 4358 1834 4415 nescio
1868 4376 1940 4414 an
1974 4360 2361 4428 omnium,ad-

716 4444 826 4502 huc
855 4466 984 4505 mos
1016 4455 1104 4506 est
1125 4464 1293 4521 agere
1314 4453 1379 4503 ut
1399 4464 1503 4521 ego
1526 4447 1648 4519 ipse
1670 4447 1886 4502 ibidem
1910 4448 2135 4519 positus
2157 4466 2361 4521 cogno-

714 4533 799 4602 vi;
832 4537 934 4592 sed
966 4554 1111 4593 usus
1143 4536 1202 4592 in
1238 4536 1453 4592 nostris
1496 4534 1743 4591 excrevit
1771 4534 2045 4591 Ecclesiis
2072 4541 2135 4590 ut
2166 4535 2224 4591 in
2257 4553 2358 4591 an-

2460 3386 2517 3441 id
2574 3385 2709 3439 huic
2768 3385 3081 3439 narrationi
3143 3401 3449 3440 assensum
3508 3385 3779 3456 praebere,
3831 3385 3985 3456 quod
4041 3385 4102 3440 in

2464 3473 2814 3530 authenticis
2844 3473 3283 3545 Antiphouuriis
3314 3475 3428 3528 duo
3477 3477 3705 3529 tantum
3753 3474 3982 3529 alleluia
4014 3474 4103 3529 in-

2463 3563 2775 3618 veniuntur
2806 3563 3130 3634 descripta;
3161 3563 3267 3617 hoc
3299 3567 3425 3618 est:
3460 3565 3681 3618 Emittes
3730 3564 4016 3634 Spiritum,
4049 3567 4106 3618 et

2464 3654 2719 3723 Spiritus
2760 3653 3017 3715 Domini;
3074 3657 3277 3706 (κει,ωά
3335 3668 3469 3707 vero
3530 3669 3563 3707 a
3620 3651 3916 3708 modernis
3969 3656 4108 3708 sunt

2464 3739 2805 3812 composita.
2839 3741 3200 3811 QuaprOpter
3246 3740 3593 3796 intuendum
3644 3745 3733 3796 est
3778 3740 3917 3813 quia
3962 3741 4012 3796 si
4045 3740 4105 3795 in

2465 3829 2836 3886 monasteriis
2865 3830 3096 3884 alleluia
3126 3834 3334 3884 cantus
3382 3830 3658 3897 abundat,
3691 3829 3832 3901 quid
3881 3828 4105 3901 simpli-

2466 3936 2559 3974 ces
2617 3917 2886 3971 villarum
2941 3917 3257 3989 presbyteri
3313 3920 3513 3988 agunt,
3558 3917 3657 3988 qui
3707 3917 3799 3971 vix
3854 3918 4105 3972 duorum

2464 4010 2693 4062 tantum
2727 4005 2989 4059 notitiam
3023 4004 3281 4060 habent?
3312 4004 3384 4059 Ut
3413 4004 3678 4059 omnium
3707 4004 3931 4078 vulgari
3974 4021 4108 4076 pro-

2463 4095 2658 4150 verbio
2704 4098 2854 4161 utar,
2888 4097 2989 4147 aut
3037 4096 3276 4147 cantant
3322 4093 3477 4163 quod
3525 4091 3737 4159 sciunt,
3771 4097 3872 4148 aut
3915 4096 4108 4148 tacere

2465 4181 2897 4254 compelluntur
2928 4181 3081 4251 quod
3116 4180 3403 4235 nesciunt.
3438 4180 3562 4235 Non
3594 4185 3786 4236 tamen
3818 4181 3940 4236 hinc
3969 4180 4110 4236 scri-

2465 4272 2629 4333 bens,
2699 4268 3203 4323 sanctissimorum
3271 4268 3674 4325 auctoritatem
3740 4269 4108 4326 sacerdotum

2466 4357 2802 4431 praejudico,
2853 4373 3000 4428 quos
3062 4356 3120 4410 in
3179 4360 3378 4411 sancto
3431 4357 3648 4428 Spiritu
3707 4361 4107 4430 congregatos,

2459 4447 2811 4519 jamdudum
2870 4443 3061 4500 audivi
3121 4444 3179 4499 in
3238 4443 3616 4516 synodalibus
3683 4445 3805 4501 suis
3862 4446 4111 4502 decretis

2469 4535 2744 4591 statuisse
2776 4538 2838 4588 ut
2870 4533 3055 4599 magis
3088 4534 3335 4588 debeant
3376 4534 3609 4588 alleluia
3650 4533 3980 4603 decantari;
4010 4534 4112 4590 sed

718 4624 910 4680 teriori
943 4625 1313 4682 hebdomade
1341 4625 1708 4696 anticipetur,
1734 4622 1872 4695 quia
1902 4622 2001 4680 illa
2026 4624 2140 4680 duo
2172 4625 2362 4680 ofﬁcia
2390 4645 2436 4708 Β
2469 4624 2810 4695 simpliciter
2841 4640 2966 4695 quae
2999 4623 3211 4677 sentire
3262 4622 3417 4692 potui
3474 4623 3547 4677 ad
3593 4622 3951 4695 interrogata
3990 4638 4111 4678 res—

709 4710 918 4781 jejunii
941 4717 996 4768 et
1017 4712 1239 4769 Natalis
1265 4713 1495 4768 Domini
1518 4730 1631 4767 non
1655 4711 2003 4767 conveniunt
2023 4712 2199 4768 simul
2222 4712 2364 4769 cele-

716 4797 886 4855 brari.
917 4802 1067 4858 Nam
1099 4806 1157 4858 et
1186 4802 1338 4857 sicut
1358 4800 1755 4873 przeveniendo
1773 4801 1929 4856 istud
1949 4801 2359 4873 anticipamus,

716 4885 794 4942 ita
818 4892 1145 4945 secundum
1177 4891 1496 4947 Sabbatum
1528 4889 1687 4944 Junii
1720 4889 1939 4945 mensis
1985 4906 2117 4945 cum
2166 4890 2364 4963 vigilia

713 4974 1081 5034 Pentecostcs
1105 4980 1154 5035 si
1177 4978 1929 5052 provenerit,prolungando
1952 4979 2008 5032 in
2032 4979 2362 5050 proximum

714 5062 862 5120 dill‘ex
881 5065 1198 5134 imus,licet
1214 5067 1395 5123 nostri
1415 5071 1810 5122 antecessores
1830 5071 2142 5139 utrumque
2162 5068 2219 5121 in
2238 5069 2365 5140 ipsa

711 5152 906 5224 vigilia
928 5161 1135 5212 sancta
1157 5154 1335 5211 simul
1359 5153 1895 5221 celebrarent,sicut
1917 5154 2362 5227 praetitulatione

713 5236 996 5298 librorum
1026 5245 1262 5299 evidens
1294 5243 1580 5297 habemus
1614 5243 2186 5307 testimonium.Quid
2222 5245 2362 5300 adeo

714 5344 858 5399 opus
897 5336 1008 5397 est,
1045 5348 1201 5387 nunc
1250 5330 1485 5402 inquiri,
1519 5332 1669 5401 quod
1722 5336 1841 5385 tam
1889 5331 2061 5403 longo
2108 5335 2365 5404 tempore

716 5419 885 5488 coepit
909 5420 1132 5476 dedisci
1150 5421 1178 5475 ‘l
1205 5423 1462 5476 attamen
1496 5435 1566 5474 ne
1591 5419 1929 5490 hujusmodi
1953 5420 2195 5474 scientia
2219 5422 2366 5476 frau—

719 5504 891 5575 deris,
925 5506 1064 5562 talis
1112 5506 1414 5580 inscriptio
1465 5524 1640 5577 super
1684 5507 1790 5562 hac
1838 5524 1897 5561 re
1928 5506 2175 5562 habetur
2209 5508 2265 5563 in
2297 5508 2363 5563 li-

718 5593 837 5650 bris
887 5596 1107 5653 nostris
1143 5614 1155 5651 :
1189 5595 1248 5651 Si
1296 5594 1590 5650 evenerint
1637 5594 1941 5650 duodecim
1991 5595 2266 5651 lectiones
2308 5597 2364 5651 iu

718 5683 970 5741 Sabbato
1020 5689 1222 5741 sancto
1261 5684 1644 5751 Pentecostes,
1680 5687 1815 5739 tunc
1867 5684 1926 5737 in
1976 5688 2180 5755 quarta
2230 5684 2370 5740 feria

2473 4713 2725 4784 pondere
2784 4710 2996 4776 curavi,
3031 4709 3336 4764 consulere
3394 4709 3594 4766 volens
3644 4710 3840 4779 etiam,
3874 4711 3923 4765 si
3980 4726 4111 4783 pos-

2472 4818 2625 4868 sum,
2662 4801 2773 4854 mci
2807 4799 3089 4853 similium
3121 4797 3579 4871 imperitize,'qui
3606 4802 3693 4855 tot
3723 4800 3951 4855 alleluia
3994 4816 4109 4855 non

2472 4894 2685 4944 norunt
2717 4893 2966 4943 cantare.
2999 4889 3089 4942 Sic
3118 4886 3174 4941 in
3207 4887 3459 4958 quodam
3507 4887 3701 4943 libello
3749 4888 3818 4943 de
3864 4888 3975 4944 hoc
4019 4905 4111 4944 or-

2471 4978 2604 5032 dine
2633 4977 2744 5049 lcgi
2779 4995 2879 5049 per
2916 4976 3178 5049 singulas
3227 4975 3537 5045 orationes,
3570 4977 3852 5033 debemus
3897 4978 4113 5033 mentis

2472 5065 2863 5121 humilitatem
2896 5083 2997 5136 per
3021 5082 3277 5137 genuum
3302 5065 3608 5120 ﬁcxionem
3631 5067 4115 5133 ostendere,exce-

2473 5159 2569 5227 pto
2603 5155 2750 5209 intra
2781 5154 3176 5209 Pentecosten.
3213 5153 3273 5208 In
3307 5153 3431 5208 sola
3470 5156 3728 5211 oratione
3769 5156 3841 5210 de
3888 5156 4115 5211 camino

2472 5242 2622 5315 ignis
2656 5260 2766 5297 non
2800 5242 3086 5295 ﬂectimus
3109 5244 3560 5314 genua,quando
3581 5243 4114 5299 Nabuchodonosor

2474 5331 2856 5402 compellebat
2870 5328 3149 5400 populum
3165 5331 3403 5385 adorare
3418 5335 3671 5386 statuam
3685 5348 3861 5402 quam
3881 5331 4116 5401 fecerat,

2476 5425 2538 5474 ut
2569 5424 2836 5490 separata
2886 5418 2962 5471 sit
3011 5423 3209 5473 nostra
3260 5419 3462 5485 oratio,
3496 5436 3622 5490 quae
3675 5423 3762 5474 est
3808 5419 3881 5472 ad
3932 5434 4116 5472 unum

2476 5507 2759 5574 Deum,ab
2793 5522 2983 5560 errore
3005 5506 3561 5577 gentium.Similem
3584 5508 3656 5561 ob
3678 5522 3912 5560 causam
3940 5505 4117 5558 etiam

2476 5596 2532 5649 in
2568 5597 2873 5649 Parasccvc
2902 5612 3093 5665 genua
3124 5612 3237 5649 non
3272 5595 3557 5650 flectimus
3596 5611 3697 5665 pro
3747 5591 3982 5663 perﬁdis
4007 5590 4115 5644 Ju-

2476 5684 2634 5749 daeis,
2665 5682 2761 5754 qui
2798 5681 3090 5738 illudcndo
3140 5699 3332 5755 genua
3380 5682 3685 5739 ﬂectebant
3730 5693 3921 5733 coram
3968 5675 4112 5731 Deo.
